4028 6174
174 226 274 274 ϐυΙ

171 344 478 399 mutabiles
506 359 801 412 numeros,
831 343 932 415 qui
950 345 1074 414 jam
1119 349 1252 398 sunt
1281 345 1341 399 in
1381 344 1505 416 ipsa
1534 345 1882 400 immutabili

172 432 433 497 veritate,
464 436 520 486 et
548 432 629 486 sic
658 431 974 486 invisibilia
1004 431 1125 498 Dei,
1168 448 1270 502 per
1299 449 1366 486 ea
1394 448 1524 503 quae
1555 434 1698 488 facta
1727 439 1880 499 sunt,

177 523 462 576 intellecta
482 520 924 591 conspiciantur.
956 521 1119 586 Quod
1146 521 1245 592 qui
1275 537 1392 575 non
1423 527 1683 592 possunt,
1715 527 1771 576 et
1800 526 1884 576 ta-

179 627 314 664 men
354 627 419 664 ex
457 609 570 663 ﬁde
603 609 814 664 Christi
840 609 1054 677 vivunt,
1084 610 1150 663 ad
1191 610 1289 664 illa
1318 611 1526 664 certius
1559 616 1728 681 atque
1761 611 1884 664 feli-

171 699 299 753 cius
329 698 727 769 conspicienda
750 704 878 768 post
904 698 1050 751 hanc
1075 698 1248 752 vitam
1273 698 1530 754 veniunt.
1551 698 1660 762 Qui
1693 703 1885 752 autem

165 791 436 858 possunt,
472 787 519 840 si
551 787 698 841 desit
728 787 810 841 eis
849 787 988 841 ﬁdes
1016 786 1248 856 Christi,
1278 788 1378 858 qui
1426 803 1572 841 unus
1598 787 1885 840 mediator

165 881 260 930 est
293 876 394 929 Dei
424 880 482 928 et
511 875 833 943 hominum,
866 892 998 930 cum
1030 880 1150 930 tota
1178 875 1460 946 sapientia
1487 892 1586 930 sua
1617 879 1882 945 pereunt.

242 976 299 1026 2.
345 974 412 1026 In
441 973 547 1026 hoc
578 973 724 1026 libro
755 973 897 1027 illud
937 974 1093 1044 quod
1124 973 1259 1037 dixi,
1291 976 1539 1043 Corpora
1564 974 1705 1026 enim
1735 976 1888 1026 tanto

162 1063 400 1115 meliora
449 1067 650 1130 quanto
705 1065 1074 1116 numerosiora
1126 1061 1326 1116 talibus
1381 1064 1666 1116 numeris:
1702 1061 1889 1114 anima

163 1166 304 1203 cera
328 1152 454 1204 istis
503 1167 622 1219 quae
669 1167 771 1220 per
809 1167 1000 1220 corpus
1031 1153 1252 1220 accipit,
1303 1151 1534 1205 carendo
1574 1153 1637 1218 ﬁt
1677 1150 1885 1214 melior,

160 1254 294 1292 cum
324 1254 437 1293 sese
466 1242 665 1293 avertit
694 1255 728 1292 a
757 1240 1070 1293 carnalibus
1091 1240 1356 1307 sensibus,
1382 1244 1432 1293 et
1452 1239 1656 1293 divinis
1677 1239 1890 1306 sapien-

162 1330 262 1380 tia
298 1329 538 1380 numeris
576 1330 911 1394 reformatur
960 1328 1106 1396 (Lib.
1153 1332 1206 1394 6,
1240 1345 1287 1382 c.
1321 1331 1374 1394 4,
1428 1345 1482 1381 n.
1537 1328 1615 1396 '7),
1661 1343 1778 1380 non
1810 1326 1890 1380 sic

162 1415 579 1486 accipiendum
609 1421 712 1481 est,
756 1417 918 1488 quasi
952 1433 1072 1470 non
1103 1417 1219 1470 sint
1243 1417 1419 1471 futuri
1444 1416 1672 1471 numeri
1691 1432 1892 1486 corpo-

160 1505 324 1558 rales
354 1505 414 1558 in
456 1505 790 1575 corporibus
823 1505 1351 1576 incorruptibilibus
1379 1511 1437 1559 et
1474 1505 1884 1575 spiritualibus;

163 1609 307 1646 cum
335 1592 522 1646 multo
563 1591 913 1662 speciosiora
936 1598 993 1647 et
1025 1592 1351 1646 decentiora
1379 1592 1570 1646 futura
1602 1591 1715 1646 sint
1747 1609 1758 1646 :
1791 1597 1889 1646 aut

163 1681 372 1735 anima
402 1697 501 1736 eos
541 1697 774 1735 sensura
803 1698 920 1735 non
934 1682 1027 1748 sit,
1047 1683 1278 1752 quando
1302 1681 1408 1736 erit
1431 1681 1671 1752 optima,
1694 1697 1888 1753 quem-

160 1770 493 1825 admodum
532 1771 621 1825 his
651 1772 733 1826 eis
772 1772 1018 1825 carendo
1065 1773 1131 1824 ﬁt
1174 1771 1395 1824 melior.
1431 1771 1530 1824 Hic
1560 1770 1715 1824 enim
1744 1786 1887 1841 opus

165 1861 353 1914 habet
381 1865 638 1914 avertere
689 1877 748 1914 se
771 1877 803 1913 a
833 1860 1166 1914 carnalibus
1215 1859 1472 1913 sensibus
1515 1860 1582 1914 ad
1612 1857 1884 1928 intelligi-

161 1949 309 2004 bilia
366 1949 665 2019 capienda,
728 1949 864 2020 quia
913 1948 1144 2002 inlirma
1191 1953 1294 2015 est,
1337 1952 1394 2002 et
1441 1947 1633 2002 minus
1679 1947 1888 2001 idonea

164 2037 440 2108 utrisque
472 2037 643 2091 simul
678 2037 951 2092 adhibere
978 2037 1357 2091 intentionem
1395 2053 1556 2090 suam
1587 2052 1599 2090 :
1631 2040 1687 2090 et
1719 2035 1779 2089 in
1801 2035 1888 2089 his

165 2127 576 2198 corporalibus
631 2142 785 2180 nunc
830 2126 1095 2180 illecebra
1142 2126 1393 2180 cavenda
1447 2128 1553 2193 est,
1613 2124 1888 2195 quamdiu

167 2215 379 2269 anima
432 2215 570 2269 illici
617 2215 682 2269 ad
741 2215 1176 2269 delectationem
1215 2219 1444 2284 turpem
1484 2217 1685 2284 potest.
1734 2214 1889 2266 Tunc

167 2309 378 2358 autem
407 2309 525 2358 tam
547 2303 714 2358 ﬁrma
735 2303 842 2357 erit
883 2307 1052 2374 atque
1077 2303 1350 2374 perfecta,
1386 2307 1445 2356 ut
1478 2301 1733 2356 numeris
1763 2318 1886 2356 cor-

169 2393 480 2462 poralibus
521 2409 640 2446 non
672 2397 960 2446 avertatur
988 2410 1019 2446 a
1050 2391 1530 2463 contemplatione
1571 2390 1885 2461 sapientiae,

169 2489 234 2536 et
262 2482 346 2536 ita
379 2481 588 2536 sentiat
615 2497 709 2536 eos
738 2486 802 2536 ut
826 2498 946 2535 non
987 2481 1260 2536 illiciatur
1299 2483 1368 2535 ab
1407 2481 1504 2546 eis,
1540 2497 1645 2535 nec
1685 2480 1766 2534 eis
1795 2496 1886 2534 ca-

168 2571 365 2626 rendo
391 2571 494 2625 ﬁat
523 2570 768 2637 melior;
817 2571 916 2625 sed
961 2570 1042 2624 ita
1073 2571 1146 2625 sit
1191 2571 1343 2626 bona
1382 2575 1438 2625 et
1480 2574 1652 2640 recta,
1684 2574 1748 2623 ut
1785 2585 1891 2624 nec

171 2662 362 2716 latere
400 2659 620 2731 possint
649 2675 774 2714 eam
804 2675 909 2714 nec
938 2676 1233 2731 occupare.

255 2763 307 2813 3.
335 2760 477 2813 Item
501 2758 654 2829 quod
672 2756 809 2826 dixi,
833 2760 956 2812 Haec
977 2763 1155 2812 autem
1189 2759 1399 2812 sanitas
1431 2761 1556 2810 tunc
1575 2757 1891 2826 ﬁrmissima

172 2851 288 2903 erit
313 2853 480 2916 atque
518 2849 838 2910 certissima,
870 2863 989 2901 cum
1025 2849 1278 2916 pristinae
1303 2847 1597 2900 stabilitati
1627 2851 1766 2900 certo
1795 2861 1890 2899 suo

176 2943 422 3006 tempore
444 2941 604 3004 atque
632 2936 822 2990 ordine
851 2937 944 2991 hoc
967 2951 1161 3006 corpus
1203 2938 1372 3003 fuerit
1411 2937 1721 2989 restitutum
1761 2933 1886 3004 (ld.,

176 3039 231 3077 c.
284 3026 338 3090 5,
372 3039 431 3090 τι,
486 3024 591 3093 13),
619 3039 736 3077 non
767 3023 845 3077 ita
899 3023 1115 3077 dictum
1162 3027 1412 3094 putetur,
1444 3023 1608 3094 quasi
1638 3039 1754 3076 non
1781 3021 1893 3077 sint

180 3112 387 3166 futura
438 3116 566 3181 post
613 3111 1085 3165 resurrectionem
1132 3128 1370 3182 corpora
1410 3111 1666 3177 meliora,
1718 3126 1890 3182 quam

177 3200 514 3271 primorum
543 3200 839 3254 hominum
867 3200 926 3254 in
950 3199 1213 3271 paradiso
1245 3201 1493 3265 fuerunt,
1515 3199 1754 3253 cumilla
1771 3200 1891 3269 jam

182 3305 311 3342 non
359 3289 475 3344 sint
522 3290 724 3343 alenda
761 3289 1149 3360 corporalibus
1203 3289 1509 3356 alimentis,
1549 3289 1755 3360 quibus
1785 3289 1894 3342 ale-

182 3379 405 3432 bantur
433 3377 540 3431 ista
571 3395 584 3431 :
613 3378 711 3432 sed
733 3378 976 3448 pristina
1015 3377 1288 3433 stabilitas
1309 3379 1580 3432 hactenus
1611 3377 1891 3449 accipien-

183 3467 261 3520 da
292 3472 398 3533 est,
423 3470 705 3538 quatenus
734 3466 1137 3538 aegritudinem
1176 3467 1255 3521 ita
1283 3468 1503 3522 nullam
1530 3483 1770 3539 corpora
1798 3466 1896 3520 illa

185 3555 504 3626 patientur,
537 3556 682 3610 sicut
709 3573 813 3611 nec
842 3556 951 3610 ista
988 3557 1104 3626 pati
1137 3561 1368 3628 possent
1393 3562 1525 3611 ante
1573 3561 1890 3627 peccatum.

258 3655 318 3708 4.
357 3654 484 3708 Alio
516 3655 674 3708 loco:
725 3655 1068 3708 Laboriosior
1098 3659 1196 3719 est,
1231 3657 1477 3724 inquam,
1511 3655 1675 3724 hujus
1704 3653 1896 3707 mundi

184 3759 368 3800 amor.
427 3743 584 3808 Quod
625 3746 765 3798 enim
813 3745 872 3796 in
919 3744 1012 3796 illo
1059 3746 1244 3797 anima
1276 3745 1492 3812 quaerit,
1538 3745 1895 3797 constantiam

185 3834 396 3887 scilicet
418 3834 912 3902 fwterm'tatemque,
957 3847 1062 3886 non
1106 3833 1312 3886 invenit
1355 3849 1367 3886 :
1415 3835 1669 3902 quoniam
1715 3847 1896 3885 rerum

190 3923 434 3975 transitu
462 3922 755 3989 completur
807 3923 1027 3989 inﬁrma
1055 3922 1423 3990 pulchritudo,
1452 3926 1502 3976 et
1531 3921 1676 3989 quod
1712 3923 1769 3974 in
1798 3921 1897 3974 illa

190 4013 448 4065 imitatur
479 4012 857 4076 constantiam,
891 4025 924 4063 α
957 4025 1160 4064 summo
1192 4013 1295 4064 Deo
1319 4026 1419 4079 per
1446 4011 1686 4064 animam
1727 4009 1892 4077 traji-

191 4103 374 4154 citur:
406 4102 662 4170 quoniam
708 4101 863 4168 prior
899 4105 978 4154 est
1019 4101 1218 4168 species
1262 4099 1628 4153 tantummodo
1666 4103 1898 4167 tempore

191 4188 606 4251 commutabilis,
636 4204 798 4255 quam
828 4193 905 4242 est
935 4204 1017 4254 ea,
1049 4203 1168 4257 quae
1196 4193 1246 4242 et
1279 4193 1512 4257 tempore
1533 4193 1582 4240 et
1608 4188 1734 4240 locis
1761 4188 1893 4255 (lcl.,

189 4294 241 4332 c.
289 4279 372 4344 14,
424 4292 479 4332 n.
512 4276 620 4347 43).
667 4279 794 4331 Haec
823 4277 993 4331 verba
1022 4277 1070 4330 si
1119 4292 1185 4330 eo
1218 4276 1386 4329 modo
1419 4275 1597 4346 accipi
1628 4281 1891 4346 possunt,

193 4371 256 4422 ut
283 4382 405 4420 non
435 4365 792 4436 intelligatur
821 4365 1019 4420 inﬁma
1051 4364 1438 4436 pulchritudo,
1483 4364 1594 4418 nisi
1612 4364 1672 4418 in
1702 4380 1897 4434 corpo-

195 4455 355 4509 ribus
413 4454 736 4522 hominum,
794 4455 1171 4526 omniumque
1219 4453 1576 4519 animalium,
1608 4469 1737 4524 quae
1768 4468 1896 4506 cum

192 4561 366 4599 sensu
414 4543 670 4614 corporis
699 4543 912 4610 vivunt,
955 4543 1099 4597 ratio
1149 4542 1450 4597 manifesta
1481 4543 1750 4597 defendit.
1785 4544 1899 4596 Hoc

191 4634 411 4706 quippe
440 4633 500 4687 in
514 4632 1014 4704 eapulchritudine
1043 4631 1301 4686 imitatur
1321 4631 1719 4694 constantiam,
1747 4631 1898 4702 quod

191 4725 250 4778 in
289 4738 572 4794 compage
603 4738 706 4776 sua
730 4725 964 4776 manent
993 4721 1194 4775 eadem
1223 4737 1484 4791 corpora,
1526 4720 1586 4774 in
1616 4725 1892 4792 quantum

189 4816 430 4866 manent
455 4827 467 4864 :
493 4811 547 4865 id
570 4814 762 4864 autem
792 4827 822 4864 a
844 4825 1069 4864 summo
1095 4811 1206 4864 Deo
1229 4809 1290 4862 in
1320 4825 1386 4863 ea
1405 4825 1508 4879 per
1522 4810 1774 4864 animam
1788 4815 1896 4863 tra-

183 4901 401 4971 jicitur.
426 4899 633 4953 Anima
663 4898 876 4970 quippe
914 4899 1098 4969 ipsam
1124 4913 1459 4968 compagem
1475 4902 1648 4966 tenet,
1679 4915 1750 4952 ne
1781 4897 1897 4952 dis-

189 4992 464 5056 solvatur,
495 4993 550 5042 et
578 4987 834 5054 difﬂuat;
860 4987 1015 5058 quod
1036 4987 1295 5042 videmus
1325 4987 1385 5041 in
1411 4987 1744 5058 corporibus
1774 4987 1896 5041 ani-

190 5076 433 5131 malium
452 5075 645 5130 anima
663 5075 990 5130 discedente
1015 5075 1364 5146 contingere.
1399 5074 1456 5130 Si
1477 5080 1670 5130 autem
1699 5074 1899 5128 inﬁma

189 5163 561 5236 pulchritudo
592 5163 653 5216 in
683 5162 950 5217 omnibus
980 5162 1318 5234 corporibus
1346 5161 1718 5234 intelligatur,
1751 5163 1900 5232 cogit

191 5252 298 5307 ista
315 5252 602 5307 sententia
622 5251 794 5306 etiam
816 5251 1004 5322 ipsum
1026 5251 1308 5306 mundum
1335 5251 1548 5305 animal
1565 5251 1814 5318 credere,
1837 5256 1899 5304 ut

193 5339 370 5394 etiam
401 5338 463 5393 in
491 5338 683 5410 ipsum
702 5338 745 5406 ⁸,
769 5339 922 5410 quod
942 5339 1003 5393 in
1043 5339 1141 5394 illo
1161 5339 1422 5393 imitatur
1451 5337 1846 5406 constantiam,
1865 5355 1899 5392 a

257 5528 273 5560 ι
308 5527 454 5584 Lov.,
485 5525 743 5589 ldipsum.
777 5524 882 5574 Alii
909 5523 1038 5574 Edd.
1065 5527 1125 5576 in
1152 5497 1378 5588 ipsum:

1661 222 1874 280 LIBER
1913 182 2210 280 ramus.

3591 229 3693 280 602

1992 362 2217 400 summo
2246 347 2358 400 Deo
2373 361 2476 416 per
2487 343 2737 399 animam
2757 344 3072 416 trajiciatur
3091 349 3186 414 (α).
3207 347 3315 401 Sed
3336 347 3546 400 animal
3571 364 3693 402 esse

1993 434 2170 490 istum
2191 435 2490 502 mundum,
2528 434 2671 488 sicut
2703 435 2861 488 Plato
2894 433 3088 499 sensit,
3123 434 3334 506 aliique
3365 435 3694 506 philosophi

1995 522 2545 596 quamplurimi,nec
2570 523 2792 577 ratione
2805 527 2958 577 certa
2986 522 3260 593 indagare
3283 522 3467 592 potui,
3499 539 3601 576 nec
3614 523 3698 575 di-

1994 611 2257 665 vinarum
2309 611 2731 682 Scripturarum
2781 611 3117 666 auctoritate
3163 610 3491 682 persuaderi
3533 627 3696 680 posse

1995 699 2252 770 cognovi.
2299 699 2456 753 Unde
2485 700 2598 753 tale
2618 699 2835 770 aliquid
2867 717 2897 752 a
2926 716 3017 753 me
3047 699 3262 752 dictum
3295 715 3407 769 quo
3432 698 3491 752 id
3519 698 3696 768 accipi

1994 788 2192 859 possit,
2223 789 2394 844 etiam
2423 789 2483 843 in
2513 789 2658 844 libro
2690 790 2757 844 de
2790 789 3221 843 Immortalitate
3241 787 3461 842 Animae
3483 791 3696 841 temere

1996 877 2208 935 dictum
2250 877 2440 931 notavi
2481 877 2619 946 (Lib.
2659 882 2677 931 l
2715 881 2979 945 Πρω-εισι,
3010 893 3054 931 c.
3090 881 3143 942 5,
3186 894 3239 929 n.
3284 880 3375 944 3);
3413 891 3529 928 non
3559 874 3696 946 quia

1999 965 2103 1018 hoc
2132 964 2338 1019 falsum
2378 982 2498 1019 esse
2530 965 2831 1029 conﬁrmo,
2873 965 2970 1020 sed
3017 964 3153 1035 quia
3197 979 3301 1018 nec
3345 979 3542 1016 verum
3573 979 3694 1017 esse

1996 1053 2440 1123 comprehendo,
2472 1055 2621 1124 quod
2659 1056 2731 1108 sit
2753 1054 2966 1108 animal
2993 1053 3261 1108 mundus.
3300 1054 3414 1106 Iloc
3458 1050 3697 1104 saueiu-

1996 1157 2264 1195 concusse
2321 1141 2688 1196 retinendum
2719 1158 2840 1196 esse
2881 1159 2995 1196 non
3042 1141 3262 1206 dubito,
3307 1142 3486 1194 Deum
3531 1139 3697 1192 nobis

1997 1246 2110 1284 non
2150 1246 2271 1284 esse
2303 1231 2476 1284 istum
2518 1232 2821 1298 mundum,
2871 1230 2987 1284 sive
3020 1230 3211 1284 anima
3256 1231 3378 1300 ejus
3407 1231 3544 1294 ulla,
3579 1228 3694 1282 sive

1996 1318 2155 1372 nulla
2183 1317 2274 1372 sit.
2299 1317 2451 1395 ‘Quia
2478 1316 2524 1370 si
2555 1318 2672 1371 ulla
2703 1323 2807 1382 est,
2839 1317 2932 1370 ille
2962 1317 3060 1387 qui
3092 1333 3218 1370 eam
3248 1317 3400 1382 fecit,
3435 1322 3520 1371 est
3550 1318 3695 1370 Deus

1997 1411 2192 1460 noster
2218 1422 2230 1460 :
2266 1406 2312 1460 si
2342 1412 2534 1460 autem
2564 1407 2722 1460 nulla
2745 1411 2847 1471 est,
2878 1406 3173 1460 nullorum
3196 1407 3343 1459 Deus
3370 1408 3553 1475 potest
3575 1419 3697 1459 esse

1997 1495 2142 1562 iste;
2177 1501 2392 1567 quanto
2423 1495 2611 1548 minus
2643 1497 2876 1549 noster?
2928 1495 3056 1547 Esse
3098 1499 3290 1548 tamen
3339 1493 3696 1563 spiritualem

1995 1584 2342 1656 vitalemque
2372 1584 2662 1650 virtutem,
2688 1583 2859 1638 etiam
2884 1583 2929 1636 si
2951 1599 3066 1636 non
3099 1583 3171 1636 sit
3193 1583 3402 1636 animal
3427 1581 3694 1647 mundus;

1997 1689 2126 1744 qua:
2156 1673 2333 1726 virtus
2364 1672 2422 1726 in
2453 1673 2684 1743 Angelis
2734 1672 2943 1726 sanctis
2975 1671 3044 1726 ad
3089 1671 3481 1725 decorandum
3527 1673 3698 1740 atque

1996 1760 2512 1816 administrandum
2534 1760 2817 1814 mundum
2850 1761 2963 1814 Deo
2989 1759 3180 1828 servit,
3213 1763 3267 1813 et
3299 1776 3329 1812 a
3353 1759 3559 1829 quibus
3582 1774 3698 1812 non

1995 1849 2374 1920 intelligitur;
2434 1849 2746 1902 rectissime
2793 1847 3068 1902 creditur.
3125 1848 3477 1918 Angelorum
3506 1850 3700 1900 autem

1996 1943 2324 1992 sanctorum
2353 1937 2607 2002 nomine,
2637 1953 2866 1991 omnem
2906 1941 3159 1990 sanctam
3189 1941 3504 1990 creaturam
3528 1933 3696 2004 spiri-

1997 2028 2229 2093 tualem,
2269 2025 2331 2081 in
2367 2025 2467 2080 Dei
2511 2031 2725 2080 secreto
2747 2030 2916 2096 atquc
2937 2026 3158 2080 occulto
3203 2023 3518 2078 ministerio
3563 2037 3698 2076 con-

1997 2116 2255 2170 stitutam
2307 2131 2460 2169 nunc
2489 2114 2940 2186 appellaverim;
2983 2114 3081 2167 sed
3131 2113 3361 2184 spiritus
3409 2112 3697 2183 angelicos

1997 2209 2189 2258 sancta
2226 2204 2517 2274 Scriptura
2571 2203 2804 2257 nomine
2857 2203 3182 2256 animarum
3226 2201 3545 2272 signiﬁcare
3577 2218 3694 2255 non

1997 2294 2159 2348 solet.
2195 2292 2439 2347 Proinde
2469 2291 2527 2346 in
2550 2309 2616 2346 eo
2643 2293 2791 2362 quod
2823 2291 2972 2345 circa
2993 2293 3167 2345 linem
3199 2289 3330 2344 libri
3360 2289 3531 2360 hujus
3561 2289 3697 2355 dixi,

1996 2383 2306 2436 Rationales
2337 2385 2384 2434 et
2418 2382 2799 2435 intellectuales
2831 2383 3041 2434 numeri
3083 2381 3361 2434 beatorum
3392 2381 3701 2433 animarum

1997 2475 2159 2537 atque
2183 2474 2500 2524 sanctarum
2531 2471 2694 2538 legem
2725 2472 2904 2538 ipsam
2954 2470 3071 2536 Dei,
3111 2471 3225 2522 sine
3271 2483 3380 2536 qua
3410 2469 3605 2534 folium
3634 2466 3698 2520 de

1997 2559 2188 2612 arbore
2219 2575 2321 2612 non
2353 2559 2524 2627 cadit,
2567 2563 2617 2612 et
2661 2561 2749 2612 cui
2795 2560 2970 2612 nostri
3018 2558 3206 2626 cap-illi
3240 2557 3512 2610 numerati
3554 2560 3700 2620 sunt,

1992 2648 2145 2701 nulla
2166 2649 2487 2715 interposita
2510 2649 3068 2714 naturaemcipientes,
3104 2661 3275 2713 usque
3307 2645 3380 2697 ad
3405 2650 3616 2698 terrena
3645 2649 3694 2696 et

1998 2737 2218 2801 inferna.
2249 2735 2385 2803 jura
2414 2737 2794 2788 transmittunt
2820 2734 2952 2802 (Lib.
2988 2736 3042 2802 6,
3083 2749 3128 2787 c.
3177 2736 3262 2798 l7,
3297 2749 3357 2787 η.
3419 2731 3524 2800 58),
3587 2748 3701 2784 non

1997 2824 2158 2878 video
2177 2823 2664 2894 quemadmodum
2687 2822 3026 2875 vocabulum
3048 2821 3368 2874 animarum
3388 2819 3700 2872 secundum

1999 2913 2316 2982 Scripturas
2359 2915 2577 2966 sanctas
2624 2911 2875 2982 positum
2904 2909 3084 2980 possit
3128 2907 3396 2973 ostendi;
3451 2907 3701 2977 quando-

2000 3001 2232 3073 quidem
2259 3001 2350 3055 hic
2379 3017 2495 3054 non
2526 2999 2636 3053 nisi
2683 2999 2931 3070 Angelos
2971 3001 3193 3052 sanctos
3237 2995 3483 3066 intelligi
3521 2995 3698 3062 volui,

2001 3108 2144 3164 quos
2195 3091 2408 3146 habere
2447 3089 2668 3144 animas
2707 3097 2992 3160 nusquam
3044 3103 3137 3142 me
3168 3085 3371 3157 legisse
3401 3085 3461 3139 in
3491 3084 3696 3138 divinis

2001 3180 2245 3252 eloquiis
2275 3179 2562 3234 canonicis
2603 3179 2788 3234 recolo
2826 3180 2863 3233 ¹.
2900 3179 3015 3232 Hoc
3040 3176 3185 3231 liber
3214 3174 3294 3229 sic
3321 3173 3524 3245 incipit
3555 3190 3568 3228 :
3598 3176 3699 3229 Sa-

2006 3273 2074 3327 tis
2097 3271 2195 3325 diu
2222 3285 2353 3340 pene
2383 3267 2424 3323 ².

2669 3356 2896 3411 CAPUT
2928 3355 3040 3410 XII.

2488 3459 2561 3510 De
2589 3457 2873 3523 Magistro,
2895 3454 3030 3507 liber
3054 3466 3212 3506 unus.

2077 3556 2182 3608 Per
2209 3553 2362 3608 idem
2391 3556 2620 3621 tempus
2658 3551 2860 3621 scripsi
2905 3550 3117 3604 librum
3167 3548 3328 3618 cujus
3357 3550 3441 3601 est
3472 3546 3693 3610 titulus,

2003 3643 2072 3696 de
2099 3642 2362 3712 Magistro
2397 3657 2410 3694 :
2443 3639 2505 3694 in
2533 3656 2646 3711 quo
2678 3639 3002 3710 disputatur
3034 3641 3090 3692 et
3119 3635 3418 3708 quaeritur,
3451 3641 3508 3689 et
3544 3634 3700 3688 inve-

2003 3732 2182 3800 nitur,
2215 3731 2554 3801 magistrum
2575 3745 2692 3784 non
2719 3745 2857 3794 esse,
2891 3727 2991 3800 qui
3019 3727 3183 3781 docet
3203 3725 3495 3780 hominem
3526 3722 3706 3778 scien-

2002 3822 2163 3888 tiam,
2195 3819 2308 3875 nisi
2340 3821 2540 3886 Deum,
2564 3818 2877 3874 secundum
2907 3817 3049 3872 illud
3071 3816 3241 3870 etiam
3273 3815 3427 3886 quod
3447 3812 3509 3867 in
3535 3813 3706 3867 Evan-

2003 3909 2154 3981 gelio
2187 3908 2463 3978 scriptum
2504 3910 2589 3960 est
2621 3923 2633 3960 :
2673 3909 2818 3960 Unus
2846 3910 2924 3960 est
2968 3906 3231 3972 Magister
3253 3907 3428 3958 vester
3457 3901 3703 3957 Christus

2005 3999 2217 4066 (Matth.
2251 4014 2404 4063 xxui,
2440 3998 2545 4063 l0).
2580 3994 2680 4049 Hic
2710 3994 2853 4048 liber
2885 3994 2965 4047 sic
3005 3992 3209 4063 incipit
3241 4006 3256 4046 :
3301 3990 3448 4057 Quid
3494 3989 3703 4042 tibici—

2004 4087 2192 4142 demur
2227 4089 2437 4154 efﬁcere
2460 4085 2590 4138 velle
2619 4099 2740 4138 cum
2769 4085 3040 4151 loquimur
3057 4085 3084 4135 ?

2661 4191 2884 4245 CAPUT
2916 4191 3053 4246 XIII.

2394 4292 2469 4343 De
2508 4290 2648 4344 Vera
2674 4289 2970 4357 Religione,
2995 4289 3130 4342 liber
3153 4301 3309 4341 unus.

2078 4393 2126 4444 l.
2159 4389 2315 4442 Tunc
2345 4386 2517 4440 etiam
2557 4387 2625 4440 de
2674 4387 2817 4440 Vera
2871 4384 3168 4456 Religione
3219 4383 3427 4437 librum
3457 4379 3656 4452 scripsi
3686 4397 3698 4446 ;

2004 4476 2064 4531 in
2095 4493 2207 4548 quo
2229 4475 2618 4546 multipliciter
2647 4478 2703 4529 et
2731 4473 3120 4545 copiosissime
3146 4471 3488 4542 disputatur,
3524 4485 3702 4524 unum

2002 4582 2204 4621 verum
2237 4567 2437 4632 Deum,
2471 4564 2528 4619 id
2560 4569 2646 4619 est
2675 4563 3037 4630 Trinitatem,
3063 4563 3288 4614 Patrem
3319 4565 3376 4613 et
3405 4559 3608 4614 Filium
3649 4562 3706 4613 et

2004 4655 2280 4726 Spiritum
2310 4659 2567 4708 sanctum
2583 4652 2860 4723 religione
2889 4667 3022 4704 vera
3047 4649 3348 4704 colendum
3375 4653 3462 4702 :et
3493 4652 3706 4720 quanta

2004 4743 2395 4798 misericordia
2443 4743 2585 4814 ejus,
2641 4757 2744 4811 per
2789 4740 3166 4808 temporalem
3223 4738 3702 4810 dispensationem

2004 4849 2270 4888 concessa
2314 4832 2386 4886 sit
2433 4829 2760 4904 hominibus
2816 4827 3124 4881 christiana
3171 4827 3394 4899 religio,
3422 4843 3704 4899 quaevera

2004 4921 2206 4993 religio
2231 4926 2332 4989 est,
2366 4925 2422 4974 et
2451 4919 2519 4973 ad
2553 4918 2819 4972 eumdem
2840 4917 3057 4972 cultum
3088 4916 3189 4972 Dei
3215 4915 3700 4988 quemadmodum

2005 5012 2076 5068 sit
2112 5012 2283 5066 homo
2330 5009 2575 5082 quadam
2631 5005 2746 5062 vita
2801 5023 2906 5060 sua
2955 5006 3305 5077 coaptandus
3360 5010 3402 5060 ³.
3463 5003 3698 5058 Maxime

2071 5129 2084 5161 ι
2117 5127 2262 5182 Lov.,
2291 5123 2662 5186 canonicisque
2691 5123 2879 5186 recolo.
2904 5123 3245 5186 Aliiicodices
3274 5123 3471 5186 carent,
3495 5131 3619 5186 q_u_e.

2065 5191 2086 5224 2
2113 5189 2172 5236 In
2203 5179 2332 5236 Edd.
2364 5179 2589 5235 habetur
2619 5200 2630 5233 :
2663 5185 2914 5236 Hicliber
2934 5185 3149 5248 primus
3171 5179 3702 5248 sicinciptthqdus

2006 5253 2121 5314 quis
2139 5263 2230 5312 pes
2244 5253 2335 5314 est;
2367 5251 2570 5314 Serius
2585 5252 2769 5298 autem
2779 5263 2796 5296 :
2810 5241 2958 5299 Salis
2975 5248 3071 5314 diu
3085 5258 3254 5314 pene.
3271 5241 3386 5292 Non
3413 5241 3698 5314 admodum

2005 5308 2235 5361 cohaeret
2253 5312 2433 5360 isthaac
2457 5309 2609 5359 lectio
2629 5327 2642 5368 ;
2663 5315 2898 5359 nostram
2913 5325 2944 5358 a
2959 5308 3164 5373 scriptis
3184 5308 3533 5368 integerrimis
3556 5316 3703 5351 usur-

2008 5377 2379 5484 ρηέἰὶῧέἐῗήου
2410 5434 2630 5498 pejores,
2656 5434 2881 5498 quadam
2906 5435 3173 5484 suavitate
3204 5427 3560 5494 coaptandus.

2070 5513 2147 5576 (α)
2181 5513 2295 5562 Vid.
2323 5513 2411 5563 lib.
2443 5518 2470 5563 Ἰ
2498 5514 2562 5564 de
2592 5515 2743 5563 Civit.
2776 5513 2889 5571 Dei,
2916 5529 2958 5562 c.
2988 5515 3066 5561 23.
