4026 6180
411 235 515 288 603

411 357 609 408 tamen
639 358 835 408 contra
867 354 1007 409 duas
1048 361 1281 413 naturas
1337 358 1781 414 Manichaeorum
1834 360 1983 414 liber
2029 360 2122 415 hic

411 442 688 515 loquitur.

480 546 536 597 2.
570 542 636 595 In
664 542 772 596 hoc
811 542 958 596 libro
992 545 1241 615 quodam
1261 545 1420 600 loco:
1456 548 1558 611 Sit,
1594 549 1839 616 inquam,
1872 549 1975 603 tibi
2003 565 2117 603 ma-

411 633 670 699 nifestum
701 636 864 700 atque
888 639 1218 703 perceptum,
1258 636 1467 689 nullum
1497 651 1729 691 errorem
1757 639 1815 690 in
1864 639 2121 704 religione

413 734 524 775 esse
548 721 811 789 potuisse,
854 722 906 774 si
936 724 1123 775 anima
1140 738 1243 791 pro
1276 725 1381 777 Deo
1408 738 1504 778 suo
1518 739 1625 778 non
1642 726 1830 780 coleret
1856 727 2117 792 animam,

412 812 509 863 aut
535 822 750 877 corpus,
773 813 869 862 aut
889 810 1287 878 phantasmata
1314 826 1434 866 sua.
1460 812 1559 866 Hic
1580 812 1830 868 animam
1864 831 1966 885 pro
1997 815 2120 869 uni-

416 913 578 951 verso
606 900 869 950 creatura
914 895 1261 968 incorporali
1306 899 1477 970 posui
1517 916 1635 955 non
1672 902 1911 973 loquens
1963 919 2125 958 more

411 984 859 1055 Scripturarum,
910 1001 1040 1055 quae
1100 985 1351 1041 animam
1407 989 1636 1058 quando
1689 1006 1805 1043 non
1844 992 2118 1045 translato

411 1074 582 1127 verbo
611 1077 876 1139 utuntur,
909 1074 1101 1127 nescio
1135 1078 1326 1129 utrum
1357 1075 1535 1131 velint
1565 1077 1808 1148 intelligi
1855 1078 1966 1132 nisi
1992 1096 2117 1133 eam

411 1178 525 1232 qua
555 1160 757 1214 vivunt
783 1160 1057 1215 animalia
1088 1163 1373 1229 mortalia,
1408 1164 1469 1218 in
1499 1164 1708 1236 quibus
1748 1170 1806 1221 et
1856 1167 2118 1221 homines

411 1253 565 1317 sunt,
597 1250 869 1320 quamdiu
906 1251 1175 1305 mortales
1204 1257 1355 1307 sunt.
1390 1254 1566 1308 Paulo
1588 1258 1719 1325 post
1744 1260 1933 1310 autem
1957 1272 2116 1310 eum-

413 1339 543 1394 dem
576 1354 808 1393 sensum
842 1339 1045 1393 melius
1089 1356 1213 1412 sum
1256 1340 1600 1414 breviusque
1640 1345 1986 1414 complexus,
2019 1345 2116 1399 ubi

409 1427 528 1483 dixi
556 1444 569 1482 :
603 1430 723 1485 Non
748 1443 875 1495 ergo
912 1433 1175 1484 creaturae
1216 1433 1400 1499 potius
1433 1448 1595 1501 quam
1625 1434 1871 1488 Creatori
1907 1437 2115 1488 servia-

412 1531 549 1583 mus,
572 1532 666 1570 nec
693 1532 1070 1571 evanescamus
1100 1519 1159 1571 in
1189 1520 1607 1585 cogitationibus
1644 1524 1865 1587 nostris,
1905 1526 1957 1576 et
1988 1538 2115 1592 per-

408 1606 554 1671 fecta
578 1606 767 1673 religio
794 1610 889 1660 est.
921 1607 1252 1661 Creaturam
1274 1608 1487 1678 quippe
1517 1626 1628 1663 uno
1648 1610 1879 1664 nomine
1899 1616 2112 1665 utram-

411 1709 543 1764 que,
594 1693 653 1748 id
700 1698 783 1747 est
841 1693 1198 1764 spiritualem
1254 1699 1724 1770 corporalemque
1777 1699 2109 1771 signiﬁcavi.

413 1784 606 1837 Restat
661 1783 815 1854 quod
846 1783 926 1838 ibi
983 1783 1118 1851 dixi,
1176 1789 1273 1839 aut
1330 1787 1726 1856 phantasmata
1770 1804 1871 1843 sua
1914 1805 1927 1843 :
1976 1805 2113 1860 pro-

407 1875 536 1942 pter
563 1871 715 1942 quod
746 1871 837 1927 hic
870 1872 1007 1939 dixi,
1059 1889 1152 1929 nec
1188 1889 1565 1931 evanescamus
1613 1879 1667 1931 in
1698 1879 2113 1945 cogitationibus

407 1962 629 2015 nostris.

480 2061 530 2113 3.
560 2059 703 2113 Item
732 2058 887 2130 quod
918 2058 1054 2127 dixi,
1102 2063 1184 2116 Ea
1229 2066 1309 2117 est
1351 2066 1550 2119 nostris
1599 2064 1921 2133 temporibus
1959 2066 2108 2120 chri-

406 2149 592 2203 stiana
616 2149 828 2217 religio,
862 2165 1027 2219 quam
1057 2166 1365 2220 cognoscere
1411 2168 1473 2207 ac
1502 2155 1656 2221 sequi
1692 2155 2034 2209 securissima
2061 2158 2111 2209 ct

407 2237 709 2292 certissima
735 2237 884 2291 salus
903 2241 1016 2304 est,
1030 2238 1341 2293 secundum
1372 2240 1479 2295 hoc
1507 2256 1721 2295 nomen
1758 2240 1971 2296 dictum
2003 2248 2106 2310 est,

409 2338 527 2377 non
550 2324 864 2379 secundum
896 2324 1079 2396 ipsam
1104 2342 1254 2394 rem,
1287 2328 1447 2399 cujus
1474 2328 1580 2383 hoc
1608 2345 1818 2384 nomen
1841 2333 1943 2384 est.
1966 2331 2107 2385 Nam

407 2427 498 2465 res
528 2411 653 2482 ipsa
682 2429 811 2483 quae
831 2430 984 2468 nunc
1005 2414 1312 2469 christiana
1346 2416 1546 2488 religio
1576 2421 1962 2488 nuncupatur,
1990 2422 2110 2474 erat

408 2499 559 2571 apud
609 2500 893 2573 antiquos,
928 2518 1032 2556 nec
1060 2503 1242 2558 defuit
1280 2504 1350 2559 ab
1381 2504 1547 2560 initio
1590 2506 1818 2576 generis
1844 2506 2106 2574 humani,

406 2603 708 2659 quousque
740 2589 861 2660 ipse
901 2590 1153 2646 Christus
1183 2592 1401 2648 veniret
1450 2593 1525 2648 in.
1556 2610 1747 2661 carne,
1787 2595 1939 2650 unde
1976 2612 2109 2651 vera

408 2677 613 2749 religio
640 2697 768 2751 quae
793 2681 915 2752 jam
935 2685 1077 2746 erat,
1111 2682 1282 2753 coepit
1310 2683 1585 2754 appellari
1606 2682 1931 2739 christiana.
1965 2685 2106 2739 Cum
2143 2734 2155 2741 .

407 2767 563 2821 enim
613 2784 748 2823 eum
793 2773 921 2841 post
975 2771 1456 2827 resurrectionem
1501 2772 2009 2845 ascensionemque
2047 2773 2109 2829 in

409 2856 616 2911 cmlum
647 2857 949 2930 ccepissent
977 2860 1237 2931 Apostoli
1265 2861 1594 2933 praedicare,
1626 2865 1683 2916 et
1709 2862 1947 2933 plurimi
1985 2879 2104 2916 cre-

402 2942 622 3010 derent,
648 2946 902 3014 primum
930 2948 1083 3019 apud
1112 2948 1498 3017 Antiochiam,
1530 2950 1675 3005 sicut
1704 2950 1980 3022 scriptum
2001 2954 2102 3013 est,

401 3032 674 3102 appellati
704 3038 837 3088 sunt
865 3035 1128 3107 discipuli
1175 3037 1481 3092 Christiani
1511 3038 1655 3109 (Act.
1708 3056 1786 3108 x1,
1824 3039 1932 3108 26).
1967 3040 2107 3094 Pro»

403 3123 599 3188 pterea
628 3120 765 3182 dixi,
792 3124 914 3176 Hec
941 3128 1019 3178 cst
1045 3127 1245 3180 nostris
1277 3128 1603 3195 temporibus
1634 3129 1940 3183 christiana
1970 3130 2103 3182 reli-

400 3210 528 3273 gio;
580 3223 697 3262 non
745 3209 882 3279 quia
928 3211 1219 3280 prioribus
1272 3215 1629 3285 temporibus
1674 3232 1794 3271 non
1835 3216 1960 3283 fuit,
2008 3217 2104 3271 sed

403 3295 541 3366 quia
569 3297 984 3366 posterioribus
1008 3299 1116 3354 hoc
1145 3317 1360 3356 nomen
1389 3303 1620 3374 accepit.

474 3396 524 3449 4.
568 3394 693 3448 Alio
723 3396 848 3450 loco
882 3413 894 3450 :
927 3398 1149 3453 Intende
1192 3401 1383 3467 igitur,
1424 3404 1672 3471 inquam,
1716 3404 1775 3457 in
1826 3404 1934 3457 hac
1987 3419 2107 3472 qua

399 3487 718 3553 sequuntur,
742 3484 1030 3554 diligenter
1060 3492 1111 3541 et
1141 3489 1254 3557 pie,
1288 3494 1551 3557 quantum
1578 3494 1732 3560 potes
1757 3510 1772 3557 ;
1801 3492 1935 3545 tales
1964 3493 2106 3546 enim

400 3571 634 3641 adjuvat
669 3575 802 3628 Deus
835 3574 997 3646 (Cap.
1062 3579 1149 3643 10,
1180 3592 1237 3631 n.
1293 3580 1495 3647 18-20).
1544 3578 1703 3643 Quod
1733 3595 1848 3634 non
1889 3579 1967 3633 ita
2013 3579 2103 3634 in-

399 3660 775 3731 telligendum
832 3669 939 3732 est,
993 3664 1158 3735 quasi
1209 3667 1611 3722 tantummodo
1663 3667 1805 3722 tales
1856 3668 2101 3739 adjuvet,

400 3764 529 3802 eum
585 3748 816 3819 adjuvet
869 3751 1043 3806 etiam
1090 3769 1210 3807 non
1252 3754 1392 3808 tales
1432 3760 1495 3808 ut
1548 3755 1660 3809 sint
1705 3757 1865 3823 tales,
1897 3756 1955 3812 id
1999 3760 2102 3823 est,

403 3838 465 3889 ut
519 3836 826 3905 diligenter
877 3843 932 3893 et
968 3840 1060 3909 pie
1100 3847 1362 3911 quaerant
1397 3858 1410 3895 :
1442 3843 1583 3896 tales
1630 3847 1823 3897 autem
1873 3845 2106 3915 adjuvat

401 3926 465 3976 ut
527 3921 841 3978 inveniant.
899 3928 1159 3997 Itemque
1215 3928 1388 3983 alibi:
1424 3931 1641 3997 Deinde,
1698 3933 1941 4001 inquam,
1983 3934 2104 4002 jam

399 4013 502 4081 erit
531 4026 851 4080 consequens
893 4019 953 4068 ut
990 4021 1116 4084 post
1160 4021 1383 4071 mortem
1425 4020 1754 4087 corporalem
1800 4037 1964 4089 quam
2011 4022 2102 4076 de-

402 4098 582 4154 bemus
615 4102 795 4169 prime
848 4107 1084 4173 peccato,
1148 4108 1380 4173 tempore
1429 4120 1525 4160 suo
1571 4111 1733 4177 atque
1778 4109 1967 4164 ordine
2008 4125 2104 4165 suo

399 4188 493 4243 hoc
540 4204 734 4259 corpus
786 4194 1111 4246 restituatur
1144 4194 1704 4263 pristinae:stabilitati
1742 4197 1891 4267 (Cap.
1929 4201 2012 4266 12,
2045 4215 2099 4253 n.

400 4278 508 4347 25).
541 4277 705 4342 Quod
760 4278 838 4333 sic
893 4279 1288 4351 accipiendum
1342 4288 1445 4350 est,
1499 4283 1633 4355 quia
1662 4284 1834 4340 etiam
1862 4286 2103 4356 pristina

397 4356 678 4420 stabilitas
704 4366 958 4438 corporis
982 4384 1156 4439 quam
1176 4372 1467 4440 peccando
1516 4372 1833 4440 amisimus,
1858 4375 2106 4430 habebat

400 4457 619 4509 tantam
648 4454 997 4523 felicitatem,
1041 4461 1106 4512 ut
1148 4457 1207 4512 in
1236 4458 1516 4514 defectum
1570 4477 1687 4515 non
1715 4468 1976 4533 vergeret
2016 4480 2102 4517 se-

399 4543 662 4599 nectutis.
697 4545 837 4600 Huic
865 4562 1002 4617 ergo
1031 4546 1286 4618 pristinae
1317 4547 1609 4603 stabilitati
1636 4549 1970 4605 restituetur
1997 4552 2105 4607 hoc

400 4645 605 4699 corpus
635 4630 693 4685 in
724 4635 1139 4689 resurrectione
1171 4640 1554 4691 mortuorum.
1587 4637 1695 4693 Sed
1726 4639 1957 4694 habebit
1979 4657 2101 4695 am-

401 4717 573 4787 plius,
605 4722 669 4772 ut
694 4736 798 4774 nec
826 4722 1112 4778 alimentis
1140 4725 1534 4796 corporalibus
1574 4730 1957 4799 sustentetur;
2008 4730 2104 4785 sed

401 4806 470 4860 ad
501 4805 901 4864 sufﬁcientiam
958 4811 1274 4868 viviﬁcetur
1313 4815 1433 4868 solo
1478 4813 1707 4885 spiritu,
1746 4830 1877 4870 cum
1913 4832 2098 4871 resur-

400 4895 608 4950 rexerit
639 4894 700 4950 in
730 4898 994 4967 spiritum
1023 4901 1426 4971 viviﬁcantem,
1459 4920 1573 4975 qua
1602 4920 1772 4958 causa
1800 4905 1970 4960 etiam
1995 4906 2104 4977 spi-

398 4983 604 5038 rituale
633 4984 764 5039 erit.
799 4987 944 5042 Illud
976 4994 1165 5044 autem
1196 4992 1349 5062 quod
1387 4992 1643 5063 primum
1665 4993 1794 5060 fuit,
1845 4996 2103 5065 quamvis

399 5087 518 5126 non
548 5071 916 5143 moriturum,
944 5076 1052 5131 nisi
1079 5078 1253 5133 homo
1282 5085 1589 5151 peccasset,
1634 5085 1831 5137 tamen
1859 5082 2103 5137 animale

395 5160 611 5215 factum
643 5165 728 5217 est
757 5161 819 5216 in
850 5163 1102 5219 animam
1131 5165 1437 5224 viventem.

468 5262 521 5315 5.
556 5260 621 5315 Et
649 5259 787 5315 alibi
820 5276 833 5315 :
870 5263 1045 5332 Usque
1092 5262 1225 5318 adeo
1261 5267 1507 5335 inquam,
1530 5273 1813 5338 peccatum
1856 5271 2101 5324 volunta-

397 5350 540 5402 rium
568 5352 771 5406 malum
812 5354 906 5416 est,
962 5355 1024 5406 ut
1042 5352 1193 5407 nullo
1235 5354 1392 5409 modo
1412 5358 1485 5410 sit
1502 5362 1805 5427 peccatum,
1833 5361 1885 5414 si
1899 5374 2004 5413 non
2030 5360 2104 5413 sit

396 5437 765 5494 voluntarium
794 5440 947 5510 (Cap.
984 5441 1071 5507 14,
1120 5456 1173 5495 n.
1201 5441 1312 5512 27).
1344 5444 1537 5498 Potest
1582 5446 1764 5500 videri
1809 5447 1949 5501 falsa
1978 5447 2099 5502 haec

393 5521 650 5579 definitio
676 5542 689 5591 ;
718 5527 811 5581 sed
845 5527 892 5582 si
912 5527 1219 5599 diligenter
1246 5528 1604 5598 discutiatur,
1626 5533 1951 5589 invenietur
1979 5550 2101 5589 esse

1588 238 2247 295 BETRACTATIONUM
2288 238 2341 294 s.
2384 240 2792 298 AUGUSTINI.
3338 237 3351 244 ’
3752 265 3828 317 ea

2229 360 2540 418 verissima.
2594 365 2893 453 Peccatum
2949 369 3164 439 quippe
3211 368 3348 425 illud
3399 374 3718 444 cogitandum
3754 390 3831 453 est,

2231 449 2386 521 quod
2413 452 2813 507 tantummodo
2844 458 3139 523 peccatum
3170 460 3273 521 est,
3312 473 3420 513 non
3446 464 3579 533 quod
3607 471 3680 520 est
3704 449 3833 527 etiam

2228 554 2399 609 paena
2426 539 2661 608 peccati,
2696 540 2840 594 sicut
2881 543 3145 612 superius
3197 546 3428 613 ostendi,
3472 566 3586 605 cum
3626 557 3836 625 quaedam

2229 642 2738 682 commemorarem
2777 644 2844 683 ex
2897 628 3048 684 libro
3093 632 3262 686 tertio
3318 633 3383 687 de
3431 636 3608 692 Libero
3652 642 3837 699 arbitrio

2232 715 2369 778 (Lib.
2398 720 2417 769 1
2453 718 2711 784 Retract.,
2745 734 2790 772 c.
2833 721 2887 786 9,
2932 734 2988 773 η.
3033 722 3111 789 5).
3153 722 3413 786 Quamvis
3433 728 3484 778 et
3508 726 3592 781 illa
3616 745 3727 799 quas
3749 748 3837 786 non

2228 803 2516 859 immerito
2549 822 2661 860 non
2693 806 3011 861 voluntaria
3041 814 3272 878 peccata
3295 809 3559 880 dicuntur,
3586 817 3703 885 quia
3724 820 3840 874 vela

2229 893 2615 948 nescientibus
2650 895 2738 949 vel
2778 912 2811 948 a
2863 895 3070 950 coactis
3120 903 3516 968 perpetrantur,
3567 919 3668 957 non
3693 908 3839 961 omni-

2228 982 2402 1036 modo
2435 988 2673 1053 possunt
2705 982 2826 1037 sine
2884 985 3174 1039 voluntate
3203 987 3472 1042 committi
3503 1006 3515 1043 :
3546 993 3779 1060 quoniam
3802 1002 3842 1049 et

2228 1070 2324 1124 ille
2354 1070 2454 1141 qui
2478 1075 2676 1142 peccat
2693 1072 2985 1142 ignorans,
3010 1074 3300 1129 voluntate
3329 1076 3515 1147 utique
3531 1078 3647 1132 facit
3670 1078 3703 1142 ‘,
3723 1084 3839 1152 quod

2227 1173 2360 1214 cum
2389 1159 2710 1215 faciendum
2744 1177 2860 1215 non
2890 1161 2981 1229 sit,
3012 1167 3177 1233 putat
3205 1180 3323 1218 esse
3353 1164 3662 1222 faciendum.
3691 1171 3744 1223 Et
3773 1172 3842 1225 illo

2228 1247 2328 1318 qui
2356 1248 2784 1320 concupiscente
2832 1250 3101 1304 adversus
3148 1252 3407 1323 spiritum
3448 1270 3619 1321 carne,
3666 1274 3760 1312 non
3795 1277 3842 1314 ea

2226 1354 2356 1409 quae
2411 1339 2532 1393 vult
2584 1338 2737 1405 facit,
2770 1339 3123 1410 concupiscit
3167 1341 3397 1412 quidem
3428 1344 3628 1411 nolens,
3656 1347 3773 1401 etin
3795 1364 3842 1401 eo

2226 1442 2344 1482 non
2369 1425 2504 1482 facit
2531 1427 2687 1498 quod
2740 1429 2861 1482 vult
2894 1444 2907 1482 :
2941 1428 3041 1482 sed
3071 1429 3118 1482 si
3147 1429 3407 1497 vincitur,
3446 1434 3844 1503 concupiscentia

2224 1515 2509 1570 consentit
2526 1516 2742 1583 volens,
2771 1521 2827 1571 et
2851 1516 2911 1570 in
2942 1532 3010 1572 eo
3041 1534 3159 1572 non
3187 1518 3323 1574 facit
3351 1520 3456 1574 nisi
3478 1522 3620 1592 quod
3644 1524 3761 1589 vult,
3790 1525 3842 1577 li-
3950 1548 3951 1563 ι

2223 1605 2327 1659 her
2354 1604 2566 1659 scilicet
2589 1604 2847 1675 justitim,
2879 1622 3187 1679 servusque
3219 1608 3453 1678 peccati.
3493 1611 3553 1665 Et
3581 1609 3705 1665 illud
3729 1613 3841 1681 quod

2223 1694 2283 1748 in
2312 1693 2565 1765 parvulis
2595 1693 2805 1749 dicitur
2853 1694 3133 1765 originale
3191 1702 3500 1767 peccatum,
3546 1715 3664 1753 cum
3708 1700 3842 1755 adhuc

2221 1798 2337 1837 non
2367 1786 2604 1837 utantur
2631 1782 2871 1837 arbitrio
2900 1784 3228 1852 voluntatis,
3273 1803 3389 1841 non
3419 1788 3642 1841 absurde
3668 1792 3844 1841 vocatur

2223 1872 2393 1926 etiam
2425 1871 2830 1934 voluntarium,
2874 1872 3011 1943 quia
3048 1890 3117 1927 ex
3144 1874 3333 1945 prima
3370 1876 3603 1929 hominis
3630 1877 3756 1929 mala
3774 1892 3842 1929 vo-

2221 1960 2437 2014 luntate
2475 1963 2853 2027 contractum,
2880 1961 3094 2016 factum
3118 1967 3203 2015 est
3227 1962 3637 2033 quodammodo
3664 1962 3845 2017 basi-edi-

2219 2047 2450 2103 tarium.
2487 2049 2615 2102 Non
2645 2048 2837 2119 itaque
2866 2048 3073 2104 falsum
3127 2054 3213 2104 est
3237 2051 3389 2122 quod
3419 2050 3545 2115 dixi,
3578 2053 3729 2120 Usque
3749 2050 3845 2103 adeo

2218 2140 2494 2206 peccatum
2541 2139 2909 2192 uoluntarium
2957 2139 3164 2193 malum
3218 2143 3317 2208 est,
3356 2142 3419 2193 ut
3465 2140 3603 2193 nullo
3630 2139 3759 2193 modo
3794 2140 3844 2191 sit

2212 2229 2513 2295 peccatum,
2543 2227 2594 2280 si
2620 2241 2727 2280 non
2753 2228 2826 2280 sit
2851 2227 3240 2281 voluntarium.
3272 2227 3406 2282 Ideo
3437 2227 3609 2297 gratia
3651 2226 3736 2280 Dei
3761 2241 3841 2279 non

2217 2314 2403 2368 solum
2432 2317 2624 2368 reatus
2654 2314 2914 2368 omnium
2937 2314 3363 2384 praeteritorum
3392 2316 3616 2370 solvitur
3634 2314 3686 2368 in
3710 2313 3843 2368 omni-

2215 2403 2321 2457 bus
2348 2403 2446 2474 qui
2478 2402 2842 2473 haptizantur
2868 2403 2928 2457 in
2960 2402 3197 2470 Christo,
3228 2406 3382 2475 quod
3420 2405 3483 2458 tit
3506 2403 3700 2474 Spiritu
3721 2416 3840 2471 rege-

2217 2491 2566 2559 nerationis;
2598 2507 2799 2545 verum
2829 2491 3003 2546 etiam
3040 2492 3100 2546 in
3130 2493 3445 2562 grandibus
3497 2492 3729 2546 voluntas
3752 2490 3841 2560 ipsa

2217 2584 2471 2643 sanatur,
2501 2584 2556 2634 et
2576 2586 2934 2651 praeparatur
2957 2597 2990 2635 a
3020 2581 3286 2650 Domino,
3301 2582 3453 2654 quod
3469 2582 3531 2636 ﬁt
3548 2579 3727 2652 spiritu
3745 2577 3841 2632 ﬁdei

2217 2672 2275 2722 et
2301 2667 2614 2721 charitatis.

2286 2758 2338 2811 6.
2371 2755 2497 2810 Alio
2524 2756 2649 2811 loco
2678 2756 2738 2810 in
2760 2772 2827 2811 eo
2850 2757 3006 2828 quod
3028 2756 3142 2811 dixi
3165 2757 3235 2811 de
3259 2757 3537 2812 Dominol
3544 2772 3635 2810 esu
3654 2753 3842 2813 Christo,

2215 2845 2371 2902 Nihil
2388 2847 2499 2912 egit
2523 2846 2601 2912 ui,
2631 2845 2727 2899 sed
2755 2847 2937 2900 omnia
2964 2845 3242 2899 suadendo
3272 2851 3324 2901 et
3352 2845 3600 2900 monendo
3627 2844 3754 2913 (Cap.
3784 2842 3842 2901 16,

2213 2950 2277 2989 n.
2313 2934 2422 3002 3t),
2452 2950 2570 2988 non
2601 2933 2741 2988 mihi
2772 2937 3096 2987 occurrerat
3123 2934 3281 3005 quod
3312 2934 3609 2988 vendentes
3635 2936 3684 2985 et
3700 2944 3844 2983 emen-

2214 3026 2298 3077 tes
2353 3022 2696 3094 ﬂagellando
2750 3022 2917 3092 ejecit
2955 3022 3025 3077 de
3053 3023 3299 3092 templo.
3348 3023 3453 3078 Sed
3487 3020 3613 3092 quid
3643 3019 3748 3080 hoc,
3778 3018 3845 3069 aut

2217 3115 2495 3183 quantum
2509 3114 2593 3164 est
2610 3112 2640 3164 ?
2663 3109 2929 3175 Quamvis
2956 3114 3014 3163 et
3043 3110 3339 3165 daemones
3360 3111 3608 3165 nolentes
3626 3108 3689 3162 ab
3710 3101 3846 3160 homi-

2215 3200 2407 3269 nibus,
2438 3215 2556 3253 non
2586 3214 2850 3253 sermone
2894 3198 3198 3269 suasionis,
3250 3200 3350 3255 sed
3399 3199 3453 3253 vi
3480 3194 3744 3270 potestatis
3764 3192 3845 3260 eje-

2214 3288 2371 3343 cerit.
2406 3290 2547 3342 Item
2565 3288 2678 3342 alio
2709 3288 2832 3342 loco
2856 3290 3067 3355 :Prius,
3098 3290 3351 3358 inquam,
3375 3291 3470 3343 isti
3493 3284 3725 3356 sequendi
3740 3284 3844 3341 sunt,

2215 3379 2313 3447 qui
2338 3392 2503 3431 unum
2532 3379 2697 3431 Deum
2724 3392 3009 3443 summum,
3040 3378 3209 3432 solum
3255 3393 3444 3432 verum
3471 3380 3625 3431 Deum
3650 3379 3695 3427 et
3721 3371 3844 3424 solum

2215 3465 2490 3521 colendum
2519 3480 2631 3520 esse
2658 3465 2849 3519 dicunt
2876 3481 2889 3519 :
2924 3468 2976 3519 si
2995 3465 3147 3534 apud
3177 3466 3273 3520 hos
3302 3469 3503 3520 ueritas
3530 3479 3630 3520 non
3653 3458 3844 3522 elaterii:

2215 3558 2329 3609 tum
2370 3554 2583 3608 demum
2609 3553 2962 3623 migrandum
3003 3558 3099 3608 est.
3152 3553 3321 3618 Quod
3373 3554 3454 3608 ita
3506 3555 3676 3624 potest
3713 3542 3845 3600 videri

2213 3643 2449 3709 dictum,
2472 3643 2634 3714 quasi
2653 3642 2723 3698 de
2748 3642 2919 3713 hujus
2940 3642 3238 3712 religionis
3260 3642 3496 3698 veritate
3519 3634 3843 3696 dubitaverim.

2214 3732 2340 3787 Dixi
2370 3735 2559 3786 autem
2591 3732 2736 3786 sicut
2768 3732 2819 3786 ei
2849 3732 3203 3803 congruebat
3252 3733 3325 3787 ad
3364 3747 3535 3804 quem
3571 3725 3841 3783 scribebam.
3950 3776 3951 3779 η

2213 3821 2301 3876 Sic
2328 3820 2485 3875 enim
2518 3820 2658 3887 dixi,
2684 3823 2734 3875 si
2758 3821 2909 3890 apud
2965 3821 3057 3875 hos
3082 3822 3291 3876 veritas
3344 3837 3451 3875 non
3489 3819 3716 3880 elumerit,
3742 3807 3841 3866 nihil

2212 3910 2477 3965 dubitans
2504 3909 2661 3980 quod
2689 3909 2841 3979 apud
2882 3924 2980 3964 eos
3026 3910 3405 3975 elucesseret;
3439 3901 3843 3981 quemadmodum

2211 3998 2291 4053 ait
2317 3999 2642 4070 Apostolus,
2675 3999 2737 4054 Si
2757 4000 3003 4055 Christus
3016 4015 3120 4054 non
3135 4002 3444 4054 resurrexit
3473 3999 3519 4068 (Ι
3540 3999 3649 4054 Cor.
3667 4008 3741 4054 xv,
3768 3987 3841 4055 14),

2211 4104 2330 4143 non
2360 4086 2558 4158 utique
2583 4087 2848 4142 dubitans
2873 4088 3024 4158 quod
3052 4088 3450 4143 resurrexerit.

2280 4181 2333 4230 7.
2366 4177 2508 4230 Item
2540 4176 2696 4247 quod
2725 4175 2858 4242 dixi,
2890 4178 2997 4232 Nec
3025 4178 3295 4231 miracula
3325 4178 3426 4232 illa
3465 4177 3521 4229 in
3547 4175 3713 4227 nostra
3752 4170 3842 4218 tem-

2210 4281 2347 4335 pora
2374 4265 2575 4321 durare
2597 4266 2862 4334 permissa
2889 4268 3037 4328 sunt,
3082 4280 3149 4318 ne
3189 4267 3382 4320 anima
3426 4277 3624 4332 semper
3662 4253 3844 4312 visibilis

2212 4357 2492 4424 quaereret,
2524 4357 2575 4407 et
2604 4368 2782 4408 eorum
2818 4353 3200 4407 consuetudine
3246 4356 3559 4421 frigesceret
3599 4359 3741 4417 genus
3770 4342 3844 4394 hu-

2211 4458 2452 4508 manum,
2475 4457 2703 4512 quorum
2730 4440 2970 4495 nouitate
2987 4443 3249 4510 ﬂagravit
3279 4443 3437 4512 (Cap.
3457 4443 3545 4505 25,
3566 4454 3650 4491 nn.
3670 4436 3744 4491 46,
3763 4426 3845 4493 47)ν

2212 4546 2411 4585 verum
2441 4534 2525 4584 est
2550 4529 2820 4601 quidem:
2842 4546 2960 4585 non
2991 4530 3142 4583 enim
3174 4546 3334 4583 nunc
3353 4545 3534 4599 usque
3552 4540 3670 4580 cum
3695 4529 3847 4575 manus

2210 4618 2529 4690 imponitur
2554 4618 2874 4689 baptizatis,
2908 4617 2987 4672 sic
3016 4617 3308 4689 accipiunt
3335 4617 3605 4689 Spiritum
3628 4612 3846 4667 sanctum,

2209 4714 2276 4763 ut
2332 4709 2640 4779 loquantur
2698 4706 2912 4778 linguis
2966 4706 3231 4762 omnium
3282 4707 3587 4778 gentium;
3632 4705 3846 4791 autnunf

2210 4813 2392 4869 usque
2404 4797 2472 4851 ad
2489 4796 2755 4851 umbram
2786 4784 3206 4851 transeuntium
3232 4795 3667 4867 praedicatorum
3693 4784 3846 4841 Christi

2212 4888 2486 4939 sanantur
2516 4884 2763 4951 inﬁrmi;
2797 4888 2852 4938 et
2879 4884 2927 4938 si
2957 4900 3071 4955 qua
3095 4884 3233 4939 talia
3259 4889 3402 4939 tunc
3430 4884 3574 4938 facta
3600 4880 3729 4967 sunt,
3755 4882 3845 4967 qua?

2208 4978 2407 5045 postea
2432 4990 2675 5029 cessasse
2709 4972 3074 5027 manifestum
3104 4976 3204 5027 est.
3242 4973 3357 5028 Sed
3379 4987 3494 5027 non
3524 4969 3599 5023 sic
3623 4962 3843 5050 accipient

2210 5065 2348 5119 dum
2380 5068 2465 5118 est
2494 5063 2650 5135 quod
2679 5061 2816 5127 dixi,
2863 5066 2945 5137 ut,
2975 5078 3129 5116 nunc
3170 5060 3231 5115 in
3264 5060 3477 5117 Christi
3515 5055 3721 5113 nomine
3756 5047 3844 5102 ﬁeri

2210 5152 2486 5209 miracula
2505 5152 2664 5207 nulla
2683 5150 3004 5205 credantur.
3030 5151 3171 5205 Nam
3193 5166 3301 5221 ego
3334 5150 3455 5221 ipse
3488 5142 3694 5217 quando
3718 5139 3844 5192 istum

2210 5242 2398 5312 ipsum
2453 5241 2660 5295 librum
2694 5238 2915 5311 scripsi,
2973 5239 3044 5293 ad
3119 5237 3624 5294 Mediolanensium
3663 5235 3845 5295 corimra

2208 5334 2529 5401 martyrum
2562 5329 2635 5401 (a)
2665 5328 2724 5383 in
2756 5329 2958 5384 eadem
2986 5327 3211 5383 civitate
3256 5342 3475 5382 caecum
3524 5319 3842 5377 illuminatum

2275 5421 2291 5454 ¹
2312 5418 2463 5482 Apud
2486 5419 2607 5482 Am.
2622 5421 2675 5467 et
2693 5417 2800 5476 Er.,
2820 5416 3118 5467 voluntarie
3129 5418 3312 5480 utique
3335 5418 3531 5478 peccat.
3556 5413 3611 5461 In
3629 5408 3749 5457 miss.
3767 5410 3843 5448 sex.
3950 5444 3951 5463 η

2212 5480 2492 5545 voluntate
2519 5480 2939 5545 utiquepeccai.
3118 5542 3133 5545 Α
3177 5540 3205 5545 ὰ
3286 5537 3305 5545 _
3447 5540 3475 5545 _

2272 5543 2347 5605 (a)
2376 5542 2593 5593 Protasii
2616 5536 2672 5592 ct
2701 5536 2930 5592 G'ervasii
2956 5556 2967 5589 :
2990 5540 3083 5591 lib.
3112 5542 3142 5589 9
3170 5537 3341 5597 Genti,
3373 5552 3421 5588 c.
3447 5540 3496 5597 Ἰ,
3528 5550 3578 5593 n,
3610 5536 3675 5581 16.
