4028 6174
160 269 268 321 605

154 387 337 442 fuisse
387 389 503 459 jam
556 405 853 458 noveram,
915 397 972 446 et
1026 392 1137 447 alia
1186 396 1479 462 nonnulla,
1515 399 1710 470 qualia
1754 405 1871 457 tam

157 477 348 532 multa
395 476 569 532 etiam
619 478 744 534 istis
792 481 1146 551 temporibus
1191 482 1358 546 ﬁunt,
1408 489 1475 539 ut
1520 502 1624 541 nec
1673 490 1870 544 omnia

161 581 524 637 cognoscere,
591 582 698 621 nec
744 583 809 621 ea
863 584 992 639 quae
1056 570 1472 641 cognoscimus,
1529 589 1868 633 enumerare

158 655 471 724 possimus.

230 745 287 797 8.
323 743 389 795 Et
418 741 531 796 alio
562 743 684 797 loco
716 743 854 798 illud
885 744 1042 815 quod
1071 744 1206 813 dixi,
1239 749 1391 803 Sicut
1421 752 1503 804 ait
1550 752 1866 824 Apostolus,

154 850 183 881 α
210 831 403 885 Omnis
441 831 572 885 ordo
600 847 633 885 a
668 835 769 886 Deo
792 836 890 901 est,
923 852 950 884 »
983 849 1101 888 non
1132 834 1345 890 eisdem
1378 838 1564 893 verbis
1591 840 1697 895 hoc
1726 842 1868 898 dixit

146 919 491 989 Apostolus,
524 920 783 990 quamvis
825 920 1023 976 eadem
1078 922 1334 978 videatur
1389 942 1507 981 esse
1558 932 1859 990 sententia.

144 1007 250 1062 Ait
278 1006 496 1079 quippe
519 1008 613 1062 ille
643 1025 656 1063 :
691 1008 817 1075 Quae
844 1014 1023 1064 autem
1051 1017 1198 1079 sunt,
1225 1027 1258 1066 a
1277 1016 1380 1068 Deo
1409 1016 1675 1072 ordinatae
1699 1023 1863 1075 sunt1

146 1098 329 1163 (Rom.
364 1113 481 1163 xm,
519 1097 593 1168 l).
630 1098 693 1151 Et
741 1098 923 1153 alibi:
981 1102 1225 1168 Prorsus,
1280 1104 1526 1173 inquam,
1575 1122 1725 1162 nemo
1766 1124 1861 1164 nos

143 1186 323 1250 fallat
357 1201 371 1238 :
404 1185 675 1254 quidquid
701 1191 841 1241 recte
868 1190 1225 1258 vituperetur,
1274 1192 1333 1245 in
1378 1194 1616 1249 melioris
1646 1210 1860 1266 compa-

146 1275 367 1327 ratione
396 1275 677 1342 respuitur
707 1275 856 1344 (Cap.
887 1278 976 1343 41,
1029 1292 1123 1331 ηη.
1171 1282 1261 1345 7'7,
1304 1282 1416 1349 78).
1464 1282 1579 1336 Hoc
1629 1282 1699 1338 de
1729 1286 1860 1340 sub-

148 1360 380 1415 stantiis
409 1366 581 1432 atque
607 1362 826 1416 naturis
856 1363 1072 1418 dictum
1104 1369 1186 1420 est
1218 1383 1230 1433 ;
1262 1366 1395 1422 inde
1426 1369 1581 1424 enim
1609 1371 1860 1442 disputa-

148 1449 345 1519 batur,
364 1466 482 1504 non
510 1450 579 1504 de
602 1450 767 1505 bonis
792 1452 1112 1508 actionibus
1129 1458 1299 1526 atque
1315 1459 1579 1528 peccatis.
1608 1461 1859 1534 Itemque

149 1537 286 1592 alibi
320 1555 337 1591 :
371 1538 479 1593 Sed
504 1555 597 1592 nec
639 1542 716 1594 sic
762 1541 999 1609 quidem,
1045 1545 1292 1614 inquam,
1336 1545 1404 1599 ab
1444 1547 1654 1603 homine
1710 1552 1861 1607 homo

149 1627 471 1694 diligendus
490 1632 589 1697 est,
621 1633 679 1683 ut
698 1629 1008 1699 diliguntur
1041 1634 1286 1688 carnales
1333 1636 1559 1704 fratres,
1604 1639 1706 1714 vel_
1731 1640 1859 1711 ﬁlii,

148 1716 230 1770 vel
259 1716 538 1785 conjuges,
570 1718 654 1771 vel
680 1719 880 1786 quique
902 1723 1120 1786 cognati
1146 1736 1158 1774 :
1191 1727 1288 1775 aut
1323 1723 1542 1793 afﬁnes,
1575 1731 1670 1781 aut
1699 1731 1855 1794 cives,

142 1820 277 1858 nam
295 1809 352 1858 et
375 1807 485 1859 ista
515 1805 730 1860 dilectio
752 1809 1066 1877 temporalis
1093 1813 1190 1863 est.
1236 1811 1356 1867 Non
1385 1814 1527 1866 enim
1558 1814 1698 1869 ullas
1728 1818 1861 1871 tales

136 1893 570 1950 necessitudines
619 1894 951 1964 haberemus,
1006 1912 1124 1966 quae
1169 1899 1435 1953 nascendo
1488 1906 1541 1955 et
1587 1904 1861 1959 moriendo

139 1986 494 2052 contingunt,
515 1985 567 2037 si
591 1987 793 2037 natura
820 1988 1008 2039 nostra
1032 1988 1090 2039 in
1115 1990 1401 2058 praeceptis
1430 1994 1482 2043 et
1505 1988 1747 2058 imagine
1764 1995 1863 2047 Dei

141 2087 398 2141 manens,
428 2072 486 2124 in
514 2074 677 2126 istam
688 2075 1080 2142 corruptionem
1106 2090 1212 2129 non
1239 2077 1569 2144 relegaretur
1588 2080 1743 2150 (Cap.
1768 2083 1857 2146 46,

142 2178 199 2215 n.
228 2160 340 2229 88).
389 2162 548 2214 Hunc
578 2176 809 2215 sensum
858 2177 1094 2232 prorsus
1136 2162 1420 2235 improbo,
1456 2181 1628 2237 quem
1652 2169 1775 2239 jam
1807 2172 1862 2223 et

143 2247 423 2320 superius
452 2248 771 2320 improbavi
827 2249 887 2303 in
942 2250 1131 2321 primo
1164 2251 1310 2306 libro
1338 2252 1406 2307 de
1437 2255 1641 2309 Genesi
1666 2262 1863 2312 contra

146 2336 504 2393 Manichaeos
538 2338 675 2402 (Lib.
708 2340 728 2392 t
764 2339 1025 2407 Retract,
1055 2355 1102 2397 c.
1141 2342 1226 2408 10,
1256 2357 1312 2395 n.
1341 2342 1414 2410 2).
1446 2343 1529 2398 Ad
1561 2344 1667 2399 hoc
1706 2345 1861 2401 enim

146 2426 335 2495 ducit,
366 2430 429 2480 ut
456 2426 761 2480 credantur
783 2425 868 2480 illi
888 2427 1158 2499 conjuges
1180 2428 1357 2500 primi
1387 2447 1500 2485 non
1530 2435 1861 2504 generaturi

148 2517 417 2583 posteros
446 2511 731 2581 homines,
764 2513 873 2566 nisi
920 2519 1583 2588 peccassent;tanquam
1631 2535 1859 2575 necesse

148 2600 333 2655 fuerit
362 2605 431 2655 ut
460 2600 721 2654 morituri
752 2600 1149 2673 gignerentur,
1191 2603 1237 2657 si
1264 2603 1333 2659 de
1360 2606 1663 2661 concubitu
1689 2608 1861 2663 maris

146 2694 207 2744 et
234 2689 467 2743 feminae
498 2689 889 2761 gignerentur.
942 2691 1207 2746 Nondum
1252 2693 1406 2747 enim
1439 2695 1691 2750 videram
1733 2696 1859 2752 ﬁeri

143 2777 405 2849 potuisse
432 2783 493 2832 ut
511 2794 623 2832 non
647 2778 911 2832 morituri
928 2778 997 2833 de
1018 2796 1133 2834 non
1149 2780 1446 2834 morituris
1466 2788 1855 2852 nascerentur,

144 2867 195 2922 si
218 2871 458 2938 peccato
488 2866 585 2921 illo
616 2883 826 2938 magno
858 2884 977 2922 non
1007 2873 1327 2923 mutaretur
1363 2870 1422 2924 in
1452 2871 1701 2926 deterius
1742 2873 1857 2927 hu-

142 2973 321 3011 mana
350 2960 592 3011 natura:
627 2973 691 3012 ac
720 2973 821 3028 per
867 2957 995 3025 hoc,
1047 2957 1176 3012 siet
1221 2958 1283 3012 in
1326 2960 1664 3029 parentibus
1712 2966 1771 3017 et
1793 2962 1855 3017 in

142 3045 282 3099 ﬁliis
313 3044 630 3099 fecunditas
658 3044 1013 3117 felicitasque
1058 3046 1379 3114 mansisset,
1409 3064 1593 3119 usque
1635 3051 1703 3104 ad
1732 3067 1853 3105 cer-

143 3138 272 3189 tum
304 3137 631 3188 sanctorum
662 3150 992 3203 numerum,
1023 3150 1196 3205 quem
1228 3136 1655 3205 praedestinavit
1686 3140 1852 3207 Deus,

143 3228 521 3278 nascerentur
548 3222 815 3277 homines
845 3239 960 3277 non
1008 3223 1345 3293 parentibus
1392 3226 1705 3281 successuri
1733 3244 1855 3282 mo-

144 3310 453 3378 rientibus,
486 3311 584 3365 sed
613 3326 741 3365 cum
771 3310 1089 3366 viventibus
1120 3311 1428 3381 regnaturi.
1484 3313 1685 3366 Essent
1716 3329 1852 3385 ergo

143 3400 322 3456 etiam
352 3400 475 3454 ista:
505 3399 875 3470 cognationes
903 3403 1076 3471 atque
1106 3399 1429 3465 afﬁnitates,
1467 3400 1513 3453 si
1538 3401 1736 3455 nullus
1769 3402 1854 3455 de.

145 3488 459 3559 linqueret,
495 3488 802 3559 nullusque
831 3491 1175 3542 moreretur.

219 3580 274 3630 9.
307 3576 451 3630 Item
464 3575 575 3629 alio
598 3576 720 3629 loco
744 3592 756 3629 :
782 3576 876 3630 Ad
900 3591 1067 3631 unum
1095 3579 1261 3631 Deum
1284 3577 1575 3643 tendentes,
1604 3579 1850 3647 inquam,

145 3669 195 3719 et
226 3666 281 3718 ei
308 3666 407 3718 uni
426 3665 715 3732 religantes
765 3666 977 3718 animas
1024 3669 1260 3728 nostras,
1293 3666 1436 3719 unde
1480 3666 1672 3733 religio
1704 3666 1855 3721 dicta

146 3753 411 3821 creditur,
438 3755 582 3807 omni
601 3756 979 3821 superstitione
1007 3768 1284 3807 careamus
1315 3753 1471 3825 (Cap.
1495 3758 1583 3821 55,
1614 3770 1671 3808 η.
1706 3756 1851 3815 111).

144 3845 215 3897 In
242 3842 336 3896 his
380 3841 563 3895 verbis
611 3841 755 3896 meis
802 3841 947 3896 ratio
998 3857 1129 3912 quin
1186 3840 1407 3898 reddita
1453 3847 1557 3910 est,
1598 3843 1752 3898 unde
1783 3844 1854 3898 sit

146 3931 300 3986 dicta
328 3929 554 4000 religio,
609 3930 738 4000 plus
777 3929 917 3983 mihi
968 3929 1210 3999 placuit.
1267 3931 1410 3985 Nam
1443 3947 1558 3986 non
1588 3948 1679 3986 me
1708 3933 1854 4003 fugit

144 4019 319 4074 aliam
346 4017 598 4071 nominis
643 4017 816 4087 hujus
862 4016 1146 4087 originem
1186 4019 1516 4089 exposuisse
1538 4020 1704 4074 latini
1734 4037 1854 4075 ser-

144 4107 333 4163 monis
363 4111 640 4173 auctores,
671 4106 825 4177 quod
856 4104 988 4159 inde
1019 4106 1092 4160 sit
1120 4107 1409 4178 appellata
1434 4108 1663 4180 religio,
1694 4110 1849 4181 quod

144 4195 414 4267 religitur
445 4213 459 4250 :
490 4196 643 4267 quod
693 4194 933 4263 verbum
963 4197 1345 4266 compositum
1392 4200 1475 4250 est
1504 4214 1537 4251 a
1582 4198 1849 4268 legendo,

141 4285 200 4340 id
229 4289 318 4339 est
347 4284 632 4356 eligendo,
685 4288 752 4338 ut
781 4283 862 4338 ita
890 4283 1136 4339 latinum
1187 4283 1447 4338 videatur
1500 4286 1679 4357 religo
1709 4287 1851 4341 sicut

142 4374 315 4445 eligo.
350 4374 452 4428 Hic
478 4373 624 4427 liber
666 4373 743 4427 sic
784 4372 1027 4444 incipit:
1076 4373 1208 4430 Cum
1250 4375 1421 4428 omnis
1449 4376 1575 4429 vitae
1614 4375 1761 4430 bona
1788 4391 1850 4431 ac

142 4463 313 4517 beata
341 4463 464 4518 via.

803 4566 1027 4622 CAPUT
1056 4566 1195 4621 XIV.

245 4678 321 4731 De
357 4676 599 4732 Utilitate
626 4674 900 4743 credendi,
932 4673 1007 4729 ad
1034 4675 1370 4729 Honoratum
1412 4674 1547 4728 liber
1580 4689 1738 4729 unus.

216 4796 265 4847 1.
316 4792 444 4846 lam
499 4806 632 4845 vero
688 4789 843 4860 apud
903 4788 1495 4861 Hipponem-regium
1550 4790 1850 4863 presbyter

142 4880 345 4952 scripsi
364 4879 578 4935 librum
593 4880 662 4934 de
682 4879 929 4935 Utilitate
958 4878 1246 4943 credendi,
1281 4878 1351 4933 ad
1373 4878 1622 4934 amicum
1652 4895 1847 4934 meum

140 4985 314 5040 quem
346 4968 649 5039 deceptum
694 4984 728 5021 a
758 4966 1098 5031 Manichaeis,
1154 4966 1341 5021 adhuc
1387 4982 1454 5020 eo
1503 4982 1695 5021 errore
1749 4982 1847 5021 no-

137 5072 337 5111 veram
366 5056 630 5126 detineri,
657 5061 714 5111 et
737 5055 974 5111 irridere
989 5056 1052 5111 in
1066 5056 1359 5111 catholicae
1374 5054 1508 5110 ﬁdei
1519 5055 1842 5127 disciplina,

137 5145 293 5216 quod
333 5145 677 5215 juberentur
730 5144 994 5200 homines
1039 5132 1289 5212 credere,
1337 5159 1457 5199 non
1486 5147 1676 5198 autem
1708 5143 1843 5216 quid

136 5238 289 5288 esset
335 5249 534 5288 verum
581 5231 899 5289 certissima
953 5233 1175 5289 ratione
1228 5234 1588 5296 docerentur,
1642 5233 1707 5286 In
1734 5233 1843 5287 hoc

138 5322 286 5377 libro
318 5321 435 5377 dixi
465 5324 616 5394 (Cap.
650 5327 700 5388 3,
724 5336 780 5376 n.
826 5324 877 5393 9)
926 5338 941 5377 :
982 5325 1047 5379 In
1085 5322 1282 5394 quibus
1332 5325 1509 5376 tamen
1539 5323 1672 5389 legis
1697 5336 1839 5391 prae-

139 5557 151 5567 .
203 5498 423 5567 [Levat
445 5500 555 5567 Deo
572 5497 833 5567 ordinata
842 5496 1342 5567 sunt.Reposuimus
1352 5510 1419 5547 ex
1430 5495 1835 5555 Mss.ordtnata:,

130 5561 291 5621 juxta
318 5573 475 5624 graec.
516 5561 826 5622 tetagmenai
849 5561 994 5609 eisin.

1654 277 1868 335 LIBER
1906 279 2190 340 PRIMUS.

3577 298 3679 349 606

1980 411 2148 477 ceptis
2176 412 2340 481 atque
2377 412 2673 481 mandatis,
2715 416 2909 483 quibus
2955 431 3095 470 nunc
3132 419 3430 473 christiano
3468 422 3551 473 uti
3585 423 3677 486 fas

1977 513 2085 553 non
2106 504 2212 566 est;
2245 502 2403 569 quale
2452 504 2536 557 vel
2587 503 2872 558 sabbatum
2918 511 3015 571 est,
3065 507 3148 560 vel
3194 508 3548 575 circumcisio,
3595 512 3678 563 vel

1978 591 2271 658 sacriﬁcia,
2301 594 2352 644 et
2379 592 2430 644 si
2458 592 2595 659 quid
2615 593 2930 659 hujusmodi
2949 599 3025 648 est
3041 610 3057 665 ;
3091 598 3246 648 tanta
3262 599 3524 663 mysteria
3551 613 3677 651 con-

1979 679 2240 746 tinentur,
2262 682 2323 733 ut
2346 681 2516 734 omnis
2536 683 2660 750 pius
2683 683 2976 750 intelligat,
2998 684 3142 737 nihil
3161 700 3272 739 esse
3288 688 3669 752 perniciosius,

1977 780 2141 833 quam
2166 766 2437 835 quidquid
2456 768 2534 821 ibi
2560 773 2658 828 est,
2685 772 2860 839 accipi
2888 770 2962 824 ad
2988 774 3247 840 litteram,
3278 773 3338 826 id
3366 777 3445 827 est
3464 774 3539 827 ad
3560 789 3677 828 ver-

1977 853 2132 909 bum:
2163 856 2305 910 nihil
2330 861 2508 910 autem
2528 858 2822 925 salubrius,
2854 874 3019 928 quam
3044 862 3245 928 spiritu
3263 862 3509 915 revelari.
3543 863 3677 916 Inde

1974 947 2069 1007 est,
2101 963 2127 991 <<
2161 945 2365 997 Littera
2394 945 2621 1011 occidit;
2652 948 2882 1015 spiritus
2914 952 3091 1001 autem
3124 950 3363 1016 viviﬁcat
3397 969 3423 999 »
3453 950 3517 1016 (ΙΙ
3551 949 3670 1005 Cor.

1974 1048 2054 1096 III,
2087 1032 2163 1099 6).
2203 1030 2309 1087 Sed
2342 1032 2507 1086 aliter
2536 1035 2773 1103 exposui
2805 1035 2976 1089 verba
3007 1035 3114 1089 ista
3144 1036 3385 1105 apostoli
3411 1037 3596 1105 Pauli,
3620 1043 3677 1091 et

1972 1123 2253 1189 quantum
2283 1119 2424 1173 mihi
2449 1120 2688 1187 videtur,
2721 1122 2805 1175 vel
2838 1122 3028 1192 potius
3056 1123 3194 1194 ipsis
3219 1124 3388 1178 rebus
3415 1129 3670 1194 apparet,

1972 1207 2155 1260 multo
2202 1207 2630 1261 convenientius
2682 1207 2741 1261 in
2791 1224 2857 1262 eo
2889 1209 3034 1263 libro
3085 1210 3186 1280 qui
3234 1210 3564 1265 inscribitur
3602 1211 3672 1265 de

1970 1294 2187 1365 Spiritu
2244 1299 2301 1349 et
2356 1294 2611 1350 Littera:
2646 1296 2906 1367 quamvis
2948 1312 3065 1351 non
3120 1297 3192 1353 sit
3240 1303 3299 1353 et
3329 1298 3436 1353 iste
3471 1314 3672 1353 sensus

1971 1384 2346 1455 respuendus.

2042 1478 2095 1528 2.
2130 1475 2272 1528 Item
2317 1473 2451 1533 dixi,
2506 1476 2636 1529 Duae
2663 1480 2791 1530 sunt
2840 1477 2981 1531 enim
3028 1491 3273 1545 persona
3326 1479 3384 1530 in
3414 1478 3673 1545 religione

1971 1562 2293 1617 laudabiles.
2328 1565 2446 1619 Una
2465 1578 2646 1618 eorum
2676 1566 2773 1633 qui
2793 1564 2912 1633 jam
2959 1567 3313 1631 invenerunt;
3355 1581 3486 1635 quos
3512 1567 3675 1619 etiam

1972 1651 2305 1706 beatissimos
2327 1652 2577 1721 judicari
2602 1666 2807 1707 necesse
2830 1656 2907 1707 est
2936 1671 2952 1706 :
2987 1653 3102 1706 alia
3131 1667 3310 1706 eorum
3342 1654 3440 1721 qui
3465 1651 3673 1706 studio-

1970 1742 2182 1794 sissime
2209 1745 2258 1793 et
2283 1742 2575 1794 rectissime
2603 1742 2918 1808 inquirunt.
2950 1738 3126 1795 Primi
3155 1756 3280 1808 ergo
3303 1745 3429 1794 sunt
3461 1740 3586 1809 jam
3618 1743 3675 1794 in

1970 1829 2096 1898 ipsa
2137 1830 2501 1897 possessione;
2547 1828 2709 1882 alteri
2741 1830 2799 1882 in
2838 1830 2951 1893 via,
3013 1844 3124 1896 qua
3166 1832 3343 1882 tamen
3384 1830 3675 1883 certissime

1964 1919 2299 1985 pervenitur.
2324 1918 2389 1970 Iu
2416 1916 2504 1969 his
2531 1915 2717 1969 verbis
2747 1916 2909 1981 meis,
2943 1915 2989 1969 si
3018 1916 3105 1969 illi
3154 1917 3253 1986 qui
3278 1916 3400 1986 jam
3430 1915 3672 1970 invene-

1970 2012 2127 2071 runt,
2161 2020 2305 2075 quos
2334 2004 2395 2058 in
2424 2004 2549 2075 ipsa
2590 2004 2947 2075 possessione
2979 2019 3099 2058 esse
3141 2004 3261 2074 jam
3294 2004 3561 2070 diximus,
3595 2002 3674 2057 sic

1971 2092 2327 2164 accipiantur
2352 2092 2689 2159 beatissimi,
2724 2096 2786 2145 ut
2810 2108 2926 2147 non
2955 2092 3015 2146 in
3053 2093 3160 2146 hac
3188 2093 3322 2158 vita,
3368 2092 3469 2146 sed
3516 2092 3577 2145 in
3607 2107 3673 2145 ea

1972 2196 2146 2252 quam
2177 2196 2474 2251 speramus
2500 2185 2556 2235 et
2581 2184 2651 2236 ad
2681 2197 2856 2252 quam
2883 2197 2987 2251 per
3015 2180 3149 2235 ﬁdei
3178 2180 3329 2234 viam
3357 2180 3672 2246 tendimus,

1971 2268 2086 2323 sint
2114 2286 2127 2335 ;
2160 2284 2276 2324 non
2305 2270 2482 2325 habet
2504 2270 2612 2325 iste
2642 2286 2839 2324 sensus
2868 2285 3122 2323 errorem
3152 2284 3165 2324 :
3198 2268 3307 2340 ipsi
3337 2268 3489 2323 enim
3515 2268 3673 2339 judi-

1971 2357 2137 2413 candi
2166 2364 2299 2412 sunt
2340 2359 2495 2430 quod
2540 2359 2915 2429 quaerendum
2961 2361 3046 2411 est
3090 2357 3397 2425 invenisse,
3428 2358 3528 2429 qui
3550 2358 3673 2429 jam

1971 2446 2053 2501 ibi
2082 2451 2217 2501 sunt
2240 2462 2355 2518 quo
2383 2463 2487 2501 nos
2516 2447 2848 2518 quaarendo,
2900 2436 2955 2500 et
2984 2445 3288 2512 credendo,
3328 2445 3386 2501 id
3414 2450 3499 2500 est
3521 2446 3695 2501 viam-

1970 2534 2107 2589 ﬁdei
2125 2535 2393 2601 tenendo,
2416 2535 2677 2605 cupimus
2695 2534 3009 2606 pervenire.
3039 2533 3095 2589 Si
3126 2539 3316 2589 autem
3347 2534 3407 2588 in
3432 2535 3538 2589 hac
3559 2534 3674 2589 vita

1969 2627 2245 2692 putantur
2272 2622 2367 2677 isti
2399 2638 2519 2677 esse
2542 2624 2631 2677 vel
2658 2623 2853 2691 fuisse,
2883 2622 2943 2675 id
2989 2639 3185 2676 verum
3220 2638 3339 2676 esse
3385 2639 3499 2677 non
3530 2623 3673 2678 mihi

1968 2711 2193 2766 videtur
2226 2726 2387 2765 :non
2412 2711 2546 2781 quia
2592 2711 2655 2765 in
2698 2711 2803 2765 hac
2830 2709 2945 2764 vita
2983 2710 3125 2764 nihil
3167 2710 3284 2763 veri
3313 2711 3548 2765 omnino
3589 2711 3672 2766 in-

1967 2799 2149 2853 veniri
2177 2804 2364 2868 potest
2392 2799 2548 2869 quod
2575 2804 2766 2853 mente
2789 2802 3207 2865 cernatur,non
3235 2797 3348 2852 ﬁde
3375 2799 3669 2865 credatur;

1967 2888 2065 2942 sed
2094 2888 2228 2959 quia
2250 2891 2474 2942 tantum
2495 2892 2579 2941 est
2607 2887 2888 2959 quidquid
2911 2891 3015 2954 est,
3047 2891 3107 2940 ut
3131 2902 3246 2939 non
3277 2884 3444 2939 faciat
3467 2887 3671 2941 beatis-

1968 2976 2143 3030 simos
2176 2975 2217 3030 ¹.
2252 2977 2445 3046 Neque
2496 2974 2651 3030 enim
2709 2974 2863 3046 quod
2903 2974 2982 3029 ait
3029 2974 3360 3044 Apostolus,
3416 2974 3669 3030 Videmus

1964 3078 2106 3117 nunc
2131 3079 2230 3132 per
2247 3064 2521 3132 speculum
2540 3066 2599 3117 in
2624 3062 2928 3131 mnigmate,
2958 3067 3033 3128 et,
3058 3065 3213 3120 Nunc
3227 3064 3337 3117 scio
3357 3077 3424 3116 ea:
3446 3068 3604 3131 parte
3625 3062 3669 3133 ³,

1964 3166 2081 3204 non
2110 3151 2364 3206 cernitur
2388 3157 2581 3206 mente
2614 3168 2627 3205 :
2661 3150 2916 3206 cernitur
2960 3152 3150 3222 plane,
3185 3149 3281 3204 sed
3311 3148 3671 3205 beatissimos

1965 3239 2224 3293 nondum
2253 3239 2403 3294 facit.
2437 3240 2581 3294 Illud
2612 3239 2766 3295 enim
2798 3238 3160 3295 beatissimos
3188 3238 3322 3294 facit
3352 3238 3508 3310 quod
3538 3239 3619 3294 ait
3653 3257 3666 3294 :

1969 3329 2114 3382 Tunc
2142 3334 2321 3384 autem
2348 3328 2492 3396 facie
2519 3329 2593 3383 ad
2619 3332 2854 3397 faciem;
2897 3333 2971 3396 et,
3007 3331 3152 3383 Tunc
3182 3342 3493 3394 cognoscam
3530 3329 3671 3381 sicut

1964 3421 2013 3471 et
2041 3419 2284 3486 cognitas
2304 3433 2422 3473 sum
2451 3419 2491 3489 (Ι
2522 3420 2641 3475 Cor.
2696 3435 2818 3487 xm,
2874 3418 2972 3486 l2).
3010 3417 3118 3481 Qui
3154 3417 3264 3471 hoc
3295 3416 3667 3483 invenerunt,

1963 3504 2074 3575 ipsi
2091 3505 2317 3560 dicendi
2334 3510 2468 3561 sunt
2479 3506 2540 3560 in
2564 3504 2935 3560 beatitudinis
2962 3503 3321 3575 possessione
3335 3502 3667 3569 consistere,

1963 3592 2034 3647 ad
2063 3609 2237 3664 quam
2269 3593 2423 3649 ducit
2469 3593 2558 3646 via
2602 3592 2737 3647 ﬁdei
2786 3608 2960 3662 quam
2989 3597 3273 3658 tenemus,
3304 3595 3362 3644 et
3390 3606 3505 3661 quo
3547 3605 3667 3644 cre-

1965 3681 2150 3736 dendo
2179 3684 2440 3752 cupimus
2470 3679 2785 3752 pervenire.
2819 3680 2928 3734 Sed
2949 3678 3187 3750 quinam
3217 3678 3331 3733 sint
3350 3678 3436 3732 illi
3462 3677 3666 3732 beatis-

1965 3768 2116 3837 simi,
2150 3769 2249 3842 qui
2270 3770 2392 3841 jam
2423 3774 2556 3823 sunt
2582 3769 2641 3824 in
2672 3784 2738 3823 ea
2789 3768 3146 3839 possessione
3197 3783 3312 3838 quo
3340 3766 3495 3821 ducit
3541 3767 3667 3822 haec

1963 3859 2073 3927 via,
2102 3875 2314 3931 magna
2338 3857 2579 3930 quaestio
2604 3861 2706 3913 est.
2732 3859 2798 3912 Et
2824 3856 3029 3927 Angeli
3057 3855 3290 3928 quidem
3312 3855 3491 3910 sancti
3511 3854 3665 3927 quod

1962 3947 2042 4003 ibi
2072 3948 2209 4016 sint,
2236 3948 2395 4002 nulla
2424 3947 2664 4019 quaestio
2696 3949 2801 4001 est.
2846 3946 2956 4001 Sed
2987 3945 3057 4000 de
3096 3944 3304 4000 sanctis
3334 3943 3666 3999 hominibus

1955 4036 2079 4106 jam
2107 4035 2405 4102 defunctis,
2440 4040 2633 4089 utrum
2662 4034 2772 4106 ipsi
2800 4035 3001 4088 saltem
3039 4028 3267 4090 dicendi
3299 4032 3413 4087 sint
3448 4033 3570 4103 jam
3602 4031 3666 4086 in

1962 4124 2059 4178 illa
2079 4124 2435 4195 possessione
2456 4123 2763 4178 consistere
2794 4124 3000 4183 merito
3023 4123 3320 4193 quaeritur.
3352 4123 3476 4177 lam
3508 4120 3664 4174 enim

1961 4228 2195 4285 corpore
2244 4212 2479 4284 quidem
2527 4211 2907 4283 corruptibili,
2936 4228 3050 4282 quo
3081 4211 3274 4265 anima
3297 4214 3658 4280 aggravatur,

1962 4300 2119 4356 exuti
2147 4305 2279 4356 sunt
2307 4321 2323 4369 ;
2353 4300 2448 4355 sed
2500 4300 2683 4355 adhuc
2720 4303 3045 4371 exspectant
3097 4298 3267 4352 etiam
3295 4297 3405 4367 ipsi
3432 4296 3658 4351 redem-

1959 4388 2213 4458 ptionem
2244 4388 2497 4460 corporis
2514 4387 2622 4454 sui,
2648 4391 2704 4442 et
2729 4404 2858 4443 caro
2883 4402 3082 4443 eorum
3112 4384 3419 4456 requiescit
3446 4384 3507 4438 in
3538 4401 3659 4456 spe,

1962 4476 2219 4530 nondum
2248 4476 2308 4531 in
2336 4476 2529 4531 futura
2557 4476 2984 4547 incorruptione
3012 4473 3287 4529 clarescit.
3323 4472 3432 4528 Sed
3462 4478 3659 4528 utrum
3692 4488 3701 4491 '

1962 4564 2033 4618 ad
2085 4564 2586 4635 contemplandam
2650 4563 2838 4618 cordis
2900 4561 3077 4616 oculis
3133 4560 3450 4626 veritatem,
3515 4562 3662 4617 sicut

1962 4652 2177 4708 dictum
2191 4658 2293 4719 est,
2311 4655 2454 4719 facie
2476 4653 2550 4707 ad
2567 4650 2937 4721 faciem,nihil
2959 4664 3025 4702 ex
3046 4648 3154 4703 hoc
3177 4647 3367 4701 minus
3387 4648 3657 4715 habeant,

1959 4757 2075 4796 non
2124 4742 2216 4797 hic
2264 4743 2419 4797 locus
2449 4746 2535 4797 est
2564 4740 2904 4812 disputando
2953 4736 3266 4809 inquirere.
3317 4739 3461 4792 Item
3507 4740 3657 4810 quod

1958 4830 2095 4898 dixi,
2126 4833 2267 4889 Nam
2297 4833 2433 4887 scire
2458 4845 2662 4898 magna
2688 4834 2739 4883 et
2758 4829 2979 4882 honesta
3004 4827 3085 4880 vel
3110 4828 3274 4881 etiam
3303 4826 3513 4893 divina,
3538 4828 3657 4882 bea-

1959 4921 2226 4975 tissimum
2256 4925 2352 4987 est,
2389 4918 2460 4973 ad
2489 4917 2748 4972 eamdem
2776 4915 3187 4971 beatitudinem
3226 4915 3439 4970 referre
3482 4908 3656 4971 debe-

1958 5023 2104 5062 mus.
2163 5009 2228 5062 In
2280 5007 2387 5061 hac
2443 5006 2597 5061 enim
2633 5005 2748 5058 vita
2776 5008 3306 5076 quantumcumque
3333 5004 3391 5060 id
3421 5004 3653 5070 sciatur,

1952 5095 2210 5151 nondum
2239 5100 2324 5150 est
2350 5093 2743 5150 beatissimum
2768 5111 2782 5160 ;
2816 5093 3088 5165 quoniam
3120 5092 3652 5164 incomparabiliter

1953 5184 2123 5255 longe
2153 5188 2237 5239 est
2262 5182 2507 5254 amplius
2536 5181 2691 5253 quod
2724 5182 2856 5237 inde
2882 5182 3150 5237 nescitur.

2025 5275 2071 5326 3.
2115 5273 2183 5326 Et
2232 5271 2385 5343 quod
2430 5268 2567 5337 dixi,
2612 5271 2844 5325 Multum
2899 5273 3156 5326 interesse
3200 5273 3382 5323 utrum
3439 5265 3657 5335 aliquid

2016 5378 2029 5411 ι
2062 5376 2145 5440 Er.
2163 5375 2325 5440 Lugd.
2340 5375 2491 5440 Ven;
2507 5375 2750 5440 Sedquia
2763 5378 2973 5428 tantum
2994 5389 3099 5427 non
3123 5377 3196 5426 est
3208 5372 3457 5438 quidquid
3477 5377 3569 5432 est,
3590 5376 3653 5423 ut

1949 5451 2047 5489 nos
2066 5437 2244 5497 faciat
2262 5437 2607 5488 beatissimos.
2620 5437 2711 5489 ‘M.

2012 5502 2034 5536 ²
2056 5496 2124 5564 Et
2136 5502 2392 5564 nuncscio
2417 5512 2486 5551 ea:
2504 5505 2675 5562 parte,
2698 5502 3031 5564 reposuimus
3043 5513 3108 5550 ex
3129 5498 3272 5558 Mss.;
3292 5510 3415 5545 nam
3433 5496 3487 5546 in
3505 5496 3651 5560 prius

1950 5562 2157 5612 excusis
2182 5562 2448 5621 mendose,
2484 5568 2535 5613 et
2553 5576 2693 5614 nunc
2714 5562 2959 5612 cernitur.
