4028 6174
391 246 492 296 60⁸7

393 365 587 419 mentis
633 367 779 419 certa.
826 364 1036 418 ratione
1072 367 1335 430 teneatur,
1369 363 1515 432 quod
1544 366 1683 418 scire
1718 363 1986 429 dicimus;
2025 376 2099 416 an

393 453 559 519 fama
586 453 670 505 vel
702 452 895 506 litteris
917 452 1240 507 credendum
1262 453 1494 522 posteris
1532 452 1744 505 utiliter
1771 449 2096 504 commende-

398 545 525 606 tur;
550 545 606 595 et
628 540 800 611 paulo
820 544 969 612 post,
985 540 1139 607 Quod
1165 544 1362 596 scimus
1382 542 1577 610 igitur,
1595 539 1841 594 debemus
1854 540 2058 593 rationi
2083 554 2096 592 :

399 629 546 699 quod
597 629 884 696 credimus,
944 632 1261 685 auctoritati
1312 630 1468 699 (Cap.
1512 632 1595 696 ll,
1635 644 1691 683 n.
1724 628 1834 699 25),
1878 644 1995 681 non
2023 627 2101 680 sic

396 717 794 789 accipiendum
823 722 925 784 est,
957 721 1023 771 ut
1068 718 1131 771 in
1161 733 1424 771 sermone
1459 716 1751 770 usitatiore
1796 731 2097 770 vereamur

402 823 511 862 nos
542 806 729 861 dicere
760 806 901 860 scire
926 807 1079 878 quod
1104 806 1324 861 idoneis
1354 804 1591 860 testibus
1615 804 1925 860 credimus.
1963 806 2102 859 Pro-

400 895 526 967 prie
555 895 770 967 quippe
817 912 943 950 cum
992 894 1301 966 loquimur,
1334 893 1392 949 id
1437 895 1620 949 solum
1672 894 1811 947 scire
1840 892 2101 959 dicimus,

404 985 557 1056 quod
601 984 808 1038 mentis
858 984 1024 1037 ﬁrma
1079 982 1299 1037 ratione
1351 982 1906 1053 comprehendimus.
1962 983 2104 1036 Cum

403 1088 539 1127 vero
569 1072 861 1144 loquimur
901 1070 1084 1125 verbis
1129 1070 1526 1125 consuetudini
1576 1070 1913 1141 aptioribus,
1962 1070 2105 1123 sicut

400 1160 656 1232 loquitur
685 1159 856 1214 etiam
899 1159 1091 1214 divina
1141 1158 1447 1229 Scriptura,
1492 1174 1609 1213 non
1657 1158 1983 1212 dubitemus
2023 1157 2107 1211 di-

406 1265 534 1303 cere
583 1249 724 1302 scire
769 1264 896 1317 nos,
946 1252 1001 1302 et
1041 1248 1189 1319 quod
1236 1246 1586 1318 percipimus
1630 1246 2106 1316 nostrieorporis

408 1336 690 1395 sensibus,
724 1340 780 1390 et
808 1335 959 1406 quod
987 1334 1099 1390 ﬁde
1128 1334 1316 1406 dignis
1345 1335 1629 1389 credimus
1656 1334 1895 1388 testibus
1920 1350 1933 1401 ;
1966 1333 2105 1388 dum

406 1430 601 1480 tamen
627 1424 778 1478 inter
806 1425 928 1478 hinc
955 1428 1013 1478 et
1039 1424 1183 1478 illud
1212 1423 1352 1495 quid
1381 1423 1551 1478 distet
1573 1422 1978 1494 intelligamus.

476 1515 532 1567 4.
564 1513 705 1566 Item
737 1511 888 1583 quod
939 1511 1078 1578 dixi,
1126 1513 1346 1567 Nemini
1374 1512 1599 1566 dubium
1642 1517 1742 1580 est,
1781 1526 1959 1566 omnes
2013 1511 2107 1565 ho-

405 1602 577 1655 mines
612 1604 706 1653 aut
735 1599 929 1654 stultos
957 1614 1067 1654 esse
1099 1604 1195 1653 aut
1240 1601 1507 1669 sapientes
1552 1599 1710 1669 (Cap.
1764 1601 1845 1666 l2,
1892 1615 1948 1652 n.
1987 1597 2106 1669 27),

407 1692 595 1760 potest
620 1687 802 1742 videri
830 1703 948 1742 esse
979 1688 1329 1743 contrarium
1354 1687 1437 1741 illi
1465 1688 1618 1759 quod
1647 1686 1856 1758 legitur
1883 1687 1944 1741 in
1964 1687 2109 1741 libro

404 1777 572 1833 tertio
601 1776 670 1832 de
708 1777 912 1832 Libero
940 1777 1215 1845 Arbitrio,
1272 1778 1443 1843 Quasi
1487 1792 1610 1831 vero
1639 1782 1842 1831 natura
1872 1776 2111 1830 humana

402 1871 605 1938 praeter
632 1868 927 1921 stultitiam
957 1871 1007 1921 et
1034 1869 1363 1936 sapientiam
1388 1866 1593 1920 nullam
1622 1866 1855 1920 mediam
1883 1866 2111 1934 recipiat

408 1956 739 2025 affectionem
776 1956 936 2026 (Cap.
961 1957 1051 2023 24,
1093 1971 1148 2009 n.
1172 1953 1292 2025 7t).
1330 1954 1440 2009 Sed
1470 1953 1611 2009 illud
1650 1953 1732 2007 ibi
1759 1954 1975 2009 dictum
2006 1956 2109 2019 est,

407 2043 509 2099 ubi
530 2043 599 2098 de
627 2042 820 2114 primo
852 2042 1090 2097 homine
1119 2043 1482 2115 quaerebatur
1507 2046 1704 2097 utrum
1733 2042 1960 2113 sapiens
1989 2042 2111 2096 fue-

408 2133 487 2188 rit
514 2133 717 2195 factus,
772 2148 844 2185 an
894 2133 1123 2198 stultus,
1166 2147 1240 2185 an
1280 2135 1586 2185 neutrum:
1635 2129 1909 2202 quoniam
1956 2128 2113 2184 nullo

410 2220 581 2275 modo
613 2220 854 2274 stultum
888 2219 1077 2273 dicere
1106 2223 1436 2289 poteramus
1463 2218 1562 2290 qui
1610 2218 1731 2273 sine
1764 2218 1897 2272 vitio
1936 2218 2116 2272 factus

413 2313 516 2377 est,
549 2324 679 2362 cum
737 2307 811 2362 sit
862 2306 1104 2361 stultitia
1134 2323 1410 2377 magnum
1443 2306 1682 2362 vitium!
1716 2314 1772 2361 et
1800 2306 2118 2377 sapientem

414 2396 702 2469 quomodo
735 2394 1057 2449 diceremus
1086 2395 1185 2466 qui
1213 2395 1405 2466 potuit
1450 2395 1660 2461 seduci,
1703 2412 1820 2449 non
1851 2394 1986 2450 satis
2016 2411 2117 2465 ap-

413 2484 668 2556 parebat.
703 2483 954 2555 Ideoque
983 2483 1053 2537 ad
1086 2482 1486 2554 compendium
1527 2482 1711 2537 dicere
1739 2482 1917 2553 volui,
1956 2482 2120 2554 quasi

414 2587 549 2627 vero
573 2574 777 2625 natura
810 2570 1069 2625 humana
1096 2575 1306 2641 praeter
1333 2569 1630 2625 stultitiam
1680 2574 1737 2624 et
1781 2570 2119 2642 sapientiam

414 2660 635 2716 nullam
665 2660 918 2715 mediam
938 2659 1180 2731 recipiat
1205 2659 1582 2715 affectionem.
1608 2659 1879 2714 Intuebar
1901 2659 2118 2730 quippe

416 2750 594 2805 etiam
623 2750 894 2821 parvulos
916 2745 958 2817 ί,
992 2765 1135 2821 quos
1164 2748 1297 2804 licet
1325 2748 1701 2803 conﬁteamur
1740 2749 1968 2803 trahere
2006 2748 2121 2803 ori-

418 2840 607 2911 ginale
638 2842 958 2909 peccatum,
986 2843 1180 2893 tamen
1210 2854 1313 2892 nec
1324 2837 1608 2909 sapientes
1633 2854 1736 2891 nec
1762 2838 1964 2893 stultos
1992 2853 2123 2908 pos-

422 2945 622 2984 sumus
650 2926 883 2999 proprie
896 2927 1105 2995 dicere,
1128 2926 1391 2982 nondum
1414 2930 1640 2981 utentes
1664 2926 1843 2981 libero
1865 2925 2120 2993 arbitrio,

421 3034 522 3073 seu
550 3018 699 3072 bene
745 3032 847 3071 seu
891 3016 1061 3071 male.
1115 3017 1275 3071 Nunc
1323 3018 1516 3071 autem
1557 3018 1656 3070 aut
1701 3015 1983 3087 sapientes
2027 3017 2126 3069 aut

421 3106 623 3160 stultos
650 3120 772 3158 esse
805 3120 1006 3158 omnes
1035 3104 1294 3159 homines
1325 3103 1462 3171 dixi,
1512 3120 1609 3158 eos
1654 3104 1850 3159 volens
1880 3103 2126 3175 intelligi

422 3194 523 3265 qui
546 3194 668 3264 jam
693 3192 914 3248 ratione
952 3197 1215 3262 utuntur,
1269 3210 1384 3265 qua
1421 3194 1797 3249 dicernuntur
1825 3211 1858 3248 a
1899 3193 2126 3265 pecori-

422 3283 553 3350 bus,
620 3284 687 3336 ut
752 3280 1015 3336 homines
1088 3281 1224 3341 sint.
1280 3282 1425 3338 sicut
1474 3282 1715 3337 dicimus
1774 3283 1968 3337 beatos
2005 3298 2125 3337 esse

425 3386 628 3425 omnes
656 3369 922 3425 homines
952 3369 1098 3425 velle
1124 3371 1415 3441 Numquid
1446 3370 1600 3425 enim
1623 3370 1684 3425 in
1710 3371 1815 3425 hac
1844 3370 2129 3425 sententia

424 3464 543 3514 tam
572 3474 706 3513 vera
731 3462 907 3530 atque
944 3458 1248 3514 manifesta
1295 3459 1606 3514 metuimus
1634 3476 1705 3514 ne
1733 3458 2131 3530 intelligantur

424 3551 482 3603 et
506 3547 746 3619 parvuli,
784 3546 884 3619 qui
908 3548 1015 3603 hoc
1044 3547 1225 3603 adhuc
1266 3549 1404 3603 velle
1435 3565 1552 3604 non
1581 3550 1864 3619 possunt?

497 3639 546 3690 5.
580 3635 708 3691 Alio
742 3638 868 3692 loco
919 3652 1048 3691 cum
1088 3653 1654 3707 commemorassem,
1697 3653 1827 3709 quae
1855 3637 2131 3693 Dominus

426 3727 587 3781 Jesus
612 3725 742 3780 fecit
790 3741 922 3780 cum
968 3725 1061 3781 hic
1091 3730 1239 3781 esset
1284 3725 1349 3780 in
1376 3742 1565 3793 carne,
1599 3726 1857 3798 adjunxi,
1891 3725 2084 3781 dicens
2114 3741 2127 3779 :

430 3816 568 3880 Cur,
616 3816 821 3883 inquis,
887 3816 996 3869 ista
1059 3816 1213 3870 modo
1251 3831 1357 3870 non
1384 3817 1560 3884 ﬁunt?
1588 3818 1773 3886 Atque
1810 3814 2083 3885 respondi
2115 3830 2130 3868 :

432 3902 577 3966 Quia
603 3917 711 3956 non
730 3907 997 3956 moverent
1022 3904 1136 3957 nisi
1160 3906 1302 3957 mira
1329 3908 1502 3957 essent
1527 3920 1540 3969 ;
1566 3906 1617 3958 si
1645 3908 1824 3957 autem
1864 3905 2026 3958 solita
2052 3917 2133 3957 es-

434 3995 573 4056 sent,
622 3991 767 4043 mira
802 4004 909 4044 non
956 3995 1128 4045 essent
1190 3992 1343 4061 (Cap.
1380 3993 1464 4058 16,
1496 4007 1550 4045 n.
1613 3992 1718 4059 34).
1775 3992 1889 4045 Hoc
1941 3994 2134 4045 autem

434 4077 571 4145 dixi,
607 4077 744 4150 quia
769 4094 883 4132 non
910 4081 1067 4133 tanta
1095 4094 1201 4134 nec
1231 4078 1422 4133 omnia
1452 4079 1644 4149 modo,
1674 4095 1792 4133 non
1822 4078 1958 4150 quia
1982 4079 2136 4133 nulla

438 4168 586 4222 ﬁunt
613 4166 784 4221 etiam
814 4156 1029 4221 modo.‘

502 4259 554 4311 6.
589 4257 654 4311 In
690 4255 805 4311 ﬁne
834 4259 1027 4310 autem
1065 4254 1197 4310 libri
1230 4271 1242 4310 :
1277 4256 1385 4313 Sed
1412 4258 1668 4326 quoniam
1696 4272 1866 4311 sermo
1898 4259 1999 4312 iste
2041 4272 2138 4310 no-

433 4351 561 4413 ster,
593 4347 837 4415 inquam,
888 4345 1055 4399 multo
1100 4346 1360 4415 processit
1410 4347 1622 4413 longius
1664 4361 1828 4415 quam
1853 4346 2135 4415 putabam,

440 4436 527 4490 hic
556 4437 714 4505 ﬁnem
744 4434 883 4491 libro
915 4431 1209 4503 faciamus,
1255 4436 1315 4488 in
1346 4450 1450 4504 quo
1491 4436 1794 4489 memineris
1839 4435 1977 4501 uolo,
2008 4449 2141 4487 non-

441 4524 569 4577 dum
624 4526 950 4579 Manichzos
993 4538 1076 4579 me
1125 4524 1341 4594 cwpisse
1395 4523 1661 4591 refellere,
1711 4528 1761 4579 et
1810 4524 1935 4578 illas
1964 4539 2140 4589 nugas

440 4610 676 4665 nondum
705 4614 993 4680 invasisse,
1019 4629 1189 4682 neque
1214 4613 1278 4667 de
1308 4616 1431 4683 ipsa
1459 4613 1735 4669 Catholica
1758 4627 2014 4679 magnum
2044 4613 2142 4665 ali-

440 4698 575 4768 quid
621 4703 896 4768 aperuisse
929 4717 943 4755 :
974 4702 1068 4755 sed
1102 4703 1332 4756 voluisse
1376 4699 1743 4757 tantummodo
1791 4715 1972 4754 eruere
2019 4702 2140 4767 tibi,

442 4788 493 4841 si
512 4800 740 4856 possem,
775 4788 981 4854 falsam
1009 4790 1315 4858 opinionem
1356 4788 1421 4843 de
1446 4790 1593 4844 ueris
1622 4788 1947 4844 Christianis
1978 4789 2143 4841 mali—

442 4875 572 4929 tiose
592 4878 688 4926 aut
715 4875 961 4943 imperite
988 4875 1139 4931 nobis
1174 4879 1511 4931 insinuatam
1530 4873 1573 4939 ²,
1606 4880 1655 4930 et
1684 4877 1888 4944 erigere
1916 4876 1990 4929 ad
2026 4892 2142 4931 ma-

438 4978 549 5033 gna
569 4960 816 5031 quaedam
839 4967 889 5017 et
918 4962 1110 5018 divina
1141 4964 1418 5022 discenda.
1452 4966 1629 5032 Quare
1657 4965 1752 5019 hoc
1778 4964 2022 5019 volumen
2064 4966 2144 5019 ita

439 5066 551 5108 sese
575 5049 807 5106 habeat:
835 5050 1137 5122 placatiore
1160 5059 1337 5110 autem
1366 5057 1545 5110 animo
1574 5059 1665 5110 tuo
1692 5055 1859 5122 facto,
1891 5067 1979 5108 ero
2020 5054 2144 5120 for-

512 5222 528 5253 ι
561 5217 913 5269 Lovanienses
941 5216 1374 5282 coniunctionem
1398 5221 1575 5280 etiam,
1598 5233 1715 5282 quas
1736 5218 1819 5282 hic
1836 5216 2053 5280 perinde
2069 5230 2146 5264 so-

446 5286 539 5331 nat
551 5296 612 5344 ac
625 5284 885 5344 pratterea
903 5279 1075 5344 omitti
1094 5293 1233 5342 passi
1247 5284 1389 5344 sunt.
1406 5281 1511 5330 Nos
1531 5282 1584 5330 in
1603 5279 1851 5331 omnibus
1865 5283 2144 5343 repertam.

445 5344 577 5394 Edd.
600 5341 705 5393 huc
729 5341 1081 5393 revocandam
1096 5341 1221 5390 esse
1246 5341 1509 5392 duximus.

506 5407 528 5441 ²
541 5407 664 5454 Lov.
683 5409 736 5456 et
748 5406 853 5465 Er.,
884 5403 1028 5455 vobis
1056 5402 1411 5453 insinuatam.
1430 5406 1551 5455 Mss.
1578 5408 1631 5454 et
1650 5405 1788 5463 Am.,
1805 5403 1967 5453 nobis.
1980 5402 2149 5465 Signi-

448 5466 569 5532 ﬁcat
588 5466 913 5532 Augustinus
934 5480 990 5515 se
1020 5479 1142 5532 eum
1173 5465 1439 5515 Honorato
1464 5480 1620 5529 quem
1653 5466 1959 5529 alloquitur,
1993 5478 2024 5513 a
2047 5465 2152 5513 Ma-

446 5526 809 5579 nichaeis'olim
836 5529 996 5579 fuisse
1020 5526 1284 5577 delusum.
1480 5526 1497 5529 ⁷
1553 5542 1557 5547 ·

1542 239 2200 296 RETRACTATIONUM
2241 236 2304 293 S.
2352 232 2711 293 AUGUSTIN
2718 233 2759 287 Ι.
3746 237 3821 287 608

2209 361 2373 415 tassis
2418 361 2478 412 in
2506 358 2711 411 caeteris
2744 354 3050 424 promptior
3083 352 3231 421 (Cap.
3271 353 3354 415 18,
3383 366 3432 404 n.
3470 350 3575 421 36).
3609 353 3719 407 Hec
3740 372 3827 410 non

2209 448 2288 503 ita
2318 446 2453 516 dixi,
2487 444 2649 517 quasi
2681 442 2825 497 nihil
2857 442 3137 496 adversus
3168 438 3498 494 Manichasos
3538 440 3702 494 adhuc
3725 443 3828 496 scri~

2210 536 2469 608 psisscm,
2498 533 2585 586 vel
2627 532 2772 587 nihil
2826 530 2896 585 de
2944 529 3203 583 doctrina
3245 527 3510 585 catholica
3537 529 3833 586 mandassem

2210 625 2432 691 litteris,
2464 638 2595 677 cum
2637 625 2722 675 tot
2745 618 3009 690 superius
3051 617 3198 672 edita
3228 616 3510 670 volumina
3550 617 3611 670 de
3644 622 3836 689 utraque

2211 732 2274 771 re
2302 730 2419 768 non
2444 728 2536 766 me
2566 710 2808 765 tacuisse
2850 709 3132 762 testentur
3164 722 3177 760 :
3212 704 3310 759 sed
3336 704 3397 758 iri
3423 705 3523 758 hoc
3548 704 3677 759 libro
3712 706 3769 761 ad
3790 707 3836 760 il-

2209 805 2331 860 lum
2360 802 2567 873 scripto
2610 799 2865 854 nondum
2922 794 3262 852 Manichaeos
3312 794 3553 848 refellere
3579 810 3833 864 ceperam,

2215 897 2272 948 et
2299 892 2424 946 illas
2450 905 2631 959 nugas
2662 887 2921 951 nondum
2952 885 3295 949 invaseram,
3326 897 3507 951 neque
3551 881 3615 935 de
3642 880 3745 952 ipsa
3767 884 3841 937 Ca-

2212 980 2424 1035 tholica
2449 992 2724 1049 magnum
2757 974 2974 1045 aliquid
3005 987 3343 1043 aperueram
3374 986 3389 1036 ;
3417 970 3662 1042 quoniam
3694 987 3841 1041 spera-

2214 1070 2367 1135 bam,
2398 1069 2506 1122 hoc
2534 1065 2699 1121 initio
2730 1064 2901 1129 facto,
2934 1062 3004 1116 ad
3035 1076 3169 1116 eum
3218 1059 3406 1131 ipsum
3449 1074 3535 1112 me
3562 1058 3844 1128 scripturum

2216 1157 2391 1212 fuisse
2421 1172 2550 1226 quae
2579 1154 2671 1209 hic
2694 1152 2955 1207 nondum
2995 1150 3354 1221 scripseram.
3403 1147 3500 1202 Hic
3543 1148 3672 1201 liber
3696 1148 3759 1201 sic
3779 1147 3844 1201 in-

2217 1246 2398 1318 cipit:
2434 1247 2495 1301 Si
2523 1245 2680 1305 mihi,
2732 1244 3026 1307 Honoratc,
3074 1254 3241 1293 unum
3270 1241 3432 1305 atque
3466 1236 3598 1290 idem
3629 1235 3847 1290 videretur

2217 1350 2327 1391 esse
2335 1377 2347 1391 .

2881 1444 3107 1501 CAPUT
3152 1443 3260 1497 XV.

2220 1577 2420 1632 Contra
2465 1573 2808 1638 Maniehwos,
2849 1569 2915 1623 de
2957 1568 3177 1624 Duabus
3227 1565 3531 1620 Animabus
3576 1565 3697 1618 liber
3734 1580 3848 1617 iuius.

2294 1701 2342 1751 l.
2376 1698 2510 1750 Post
2534 1695 2688 1749 hunc
2712 1692 2925 1747 librum
2954 1688 3154 1760 scripsi
3183 1687 3373 1742 adhuc
3399 1686 3676 1757 presbyter
3706 1689 3854 1739 contra

2222 1783 2560 1840 Manichaeos
2613 1783 2685 1837 de
2740 1780 2970 1835 Duabus
3025 1777 3362 1842 Animabus,
3430 1789 3660 1845 quarum
3708 1773 3853 1827 dicunt

2221 1888 2399 1929 unam
2426 1874 2651 1942 partem
2678 1869 2777 1924 Dei
2808 1884 2948 1934 esse,
2977 1868 3214 1921 alteram
3241 1866 3313 1919 de
3347 1867 3517 1935 gente
3535 1862 3852 1927 tenebrarum,

2224 1977 2397 2034 quam
2428 1976 2543 2014 non
2574 1957 2890 2014 condiderit
2918 1958 3089 2021 Deus,
3120 1958 3177 2009 et
3207 1970 3340 2025 qua:
3372 1952 3445 2007 sit
3467 1953 3575 2007 Deo
3599 1954 3852 2015 coaeterni;

2225 2054 2281 2105 et
2309 2050 2412 2104 has
2440 2049 2637 2103 ambas
2665 2047 2908 2112 animas,
2939 2060 3115 2099 unam
3142 2043 3387 2109 bonam,
3431 2041 3652 2095 alteram
3677 2038 3854 2104 malam,

2226 2139 2288 2193 in
2318 2154 2430 2193 uno
2459 2136 2694 2191 homine
2732 2150 2856 2190 esse
2895 2133 3141 2188 delirant
3171 2148 3186 2185 :
3219 2131 3392 2186 istam
3441 2129 3639 2183 scilicet
3677 2127 3852 2187 malam,

2228 2226 2520 2299 propriam
2549 2224 2735 2279 carnis
2766 2240 2885 2278 esse
2937 2222 3210 2303 dicentes,
3265 2234 3443 2290 quam
3486 2232 3694 2271 carnem
3726 2215 3852 2268 etiam

2229 2315 2427 2369 dicunt
2455 2312 2644 2383 gentis
2673 2327 2794 2365 esse
2825 2310 3229 2365 tenebrarum:
3265 2307 3424 2361 illam
3451 2321 3578 2360 vero
3605 2304 3853 2367 bonam,ex

2231 2400 2540 2457 adventitia
2563 2401 2665 2455 Dei
2688 2404 2871 2471 parte,
2906 2415 3035 2470 quae
3054 2414 3185 2451 eum
3218 2396 3581 2451 tenebrarum
3604 2395 3749 2464 gente
3764 2406 3857 2443 con-

2231 2490 2461 2558 ﬂixerit,
2492 2494 2662 2560 atque
2694 2492 2993 2559 utramque
3017 2485 3321 2541 miscuerit
3351 2502 3364 2539 :
3392 2488 3446 2537 et
3474 2480 3654 2537 omnia
3678 2478 3855 2551 quidem

2228 2580 2382 2635 bona
2410 2577 2661 2633 hominis
2692 2577 2774 2631 illi
2804 2577 2968 2631 bona:
2998 2574 3208 2629 animae
3233 2594 3249 2641 ;
3282 2573 3479 2628 omnia
3500 2587 3626 2624 vero
3658 2568 3781 2622 mala
3800 2566 3857 2619 illi

2232 2670 2400 2723 malas
2430 2667 2640 2721 animus
2670 2665 2947 2719 tribuunt.
2983 2665 3048 2718 In
3075 2664 3185 2717 hoc
3214 2662 3365 2717 libro
3409 2659 3547 2715 illud
3589 2656 3722 2730 quod
3759 2651 3854 2716 dixi,

2232 2758 2453 2815 Nullam
2480 2771 2591 2811 esse
2620 2755 3059 2824 qualemcumque
3085 2754 3284 2818 vitam,
3308 2765 3428 2820 qua
3446 2764 3549 2802 non
3582 2762 3634 2801 eo
3666 2748 3764 2815 ipso
3786 2755 3857 2809 quo

2232 2850 2348 2902 vita
2372 2850 2473 2913 est,
2502 2849 2553 2899 et
2594 2846 2653 2896 in
2687 2846 2951 2912 quantum
2992 2842 3205 2896 omnino
3252 2842 3373 2893 vita
3421 2841 3515 2903 est,
3556 2835 3625 2889 ad
3659 2844 3857 2887 summum

2232 2938 2359 2991 vitae
2386 2937 2589 3002 fontem
2612 2932 3053 3003 principiumque
3092 2930 3368 2998 pertineat
3399 2925 3548 2995 (Cap.
3581 2926 3627 2987 l,
3653 2938 3702 2974 η.
3727 2916 3781 2986 l),
3803 2915 3857 2968 ita

2234 3023 2370 3090 dixi,
2404 3027 2469 3077 ut
2497 3027 2771 3093 tanquam
2801 3024 3060 3073 creatura
3091 3017 3163 3071 ad
3192 3016 3518 3071 Creatorem
3546 3009 3786 3083 pertinere
3801 3003 3859 3057 in-

2235 3113 2548 3183 telligatur,
2579 3126 2696 3164 non
2726 3112 2917 3164 autem
2951 3107 3020 3162 de
3049 3106 3148 3161 illo
3179 3122 3306 3160 esse
3333 3109 3599 3175 tanquam
3639 3112 3751 3170 pars
3773 3093 3858 3162 ejus

2237 3200 2612 3255 existimetur.

2307 3292 2362 3343 2.
2396 3289 2541 3342 Item
2567 3283 2720 3357 quod
2749 3281 2889 3351 dixi,
2935 3296 3207 3351 nusquam
3257 3278 3486 3344 scilicet,
3531 3276 3635 3330 nisi
3652 3276 3703 3328 in
3724 3269 3858 3325 uolum-

2240 3382 2350 3432 tate
2375 3391 2484 3432 esse
2516 3377 2818 3446 peccatum,
2870 3374 3114 3441 possunt
3139 3365 3436 3438 Pelagiani
3486 3380 3583 3437 pro
3629 3377 3681 3415 se
3706 3358 3861 3446 dictum

2239 3469 2464 3537 putare,
2497 3444 2735 3534 propter
2761 3460 3053 3531 parvulos,
3097 3473 3245 3528 quos
3284 3455 3414 3510 ideo
3464 3454 3662 3522 negant
3706 3444 3862 3537 habere

2241 3535 2535 3627 peccatum
2555 3549 2712 3622 quod
2734 3549 2815 3603 eis
2835 3548 2896 3602 in
2920 3546 3268 3617 Baptismate
3282 3542 3618 3606 remittatur,
3641 3535 3753 3609 quia
3769 3545 3863 3627 aon-

2242 3625 2382 3698 dum
2413 3638 2646 3696 arbitrio
2669 3636 2976 3691 voluntatis
3005 3638 3272 3688 utuntur.
3306 3630 3476 3696 Quasi
3502 3643 3625 3684 vero
3638 3625 3862 3697 peccatum

2243 3732 2396 3804 quod
2425 3746 2520 3784 eos
2550 3744 2618 3782 ex
2649 3726 2830 3781 Adam
2854 3723 3097 3779 dicimus
3132 3720 3490 3792 originaliter
3503 3717 3722 3804 trahere,
3745 3708 3789 3763 id
3808 3709 3865 3804 esi

2243 3794 2406 3874 reatu
2437 3818 2559 3890 ejus
2596 3815 2934 3887 implicatos,
2968 3818 3024 3869 et
3053 3813 3126 3867 ob
3156 3812 3269 3867 hoc
3295 3824 3480 3881 ptume
3530 3801 3767 3861 obnoxios
3796 3794 3866 3849 dev

2246 3907 2437 3975 tineri,
2469 3921 2713 3976 usquam
2735 3920 2856 3959 esse
2885 3901 3078 3974 potuit
3108 3898 3218 3955 nisi
3240 3900 3303 3954 in
3322 3898 3604 3952 voluntate
3631 3893 3666 3957 ί,
3694 3902 3786 3976 qua
3802 3897 3864 3976 νος

2245 3971 2466 4052 luntate
2491 3971 2861 4049 commissum
2887 3971 3012 4058 est,
3054 3988 3289 4060 quando
3322 3984 3497 4043 divini
3540 3973 3773 4054 prmeepti
3799 3971 3868 4070 est

2246 4086 2395 4141 facta
2416 4082 2812 4155 transgressio.
2846 4082 3035 4135 Potest
3065 4077 3237 4132 etiam
3268 4074 3461 4147 putari
3489 4073 3621 4127 falsa
3660 4079 3759 4120 esse
3796 4062 3868 4112 ista

2248 4171 2531 4229 sententia
2560 4188 2674 4243 qua
2701 4169 2970 4236 diximus,
3003 4170 3292 4237 Nusquam
3320 4166 3433 4220 nisi
3461 4165 3520 4216 in
3542 4155 3776 4243 uoluntate
3796 4160 3870 4243 cf“

2245 4266 2544 4333 peccatum,
2575 4235 2723 4331 quia
2772 4257 2915 4313 dixit
2956 4235 3273 4327 Apostolus
3303 4270 3316 4307 :
3348 4255 3411 4309 Si
3439 4253 3607 4304 autem

2251 4324 2346 4406 hoc
2384 4324 2552 4419 facio,
2572 4324 2697 4418 jam
2736 4363 2844 4401 non
2895 4360 2990 4415 ego
3017 4324 3218 4414 bperor
3247 4342 3413 4403 illud,
3451 4338 3543 4394 sed
3566 4324 3872 4419 quodth

2250 4443 2309 4494 in
2337 4415 2420 4494 me
2441 4415 2736 4509 peccatum.
2766 4436 2884 4489 Hoc
2916 4432 3071 4487 enim
3108 4434 3405 4501 peccatum
3459 4436 3628 4495 usque
3655 4415 3873 4509 adeoﬁnon

2253 4532 2337 4582 est
2364 4528 2425 4582 in
2441 4500 2763 4591 .voluntate,
2806 4527 2873 4578 ut
2900 4522 3049 4577 dicat
3080 4500 3279 4587 {Quod
3317 4518 3459 4584 nolo,
3487 4516 3578 4568 hoc
3603 4508 3745 4577 facio.
3767 4500 3874 4591 000:

2254 4615 2426 4670 modo
2456 4629 2593 4684 ergo
2620 4628 2903 4684 nusquam
2944 4614 3031 4666 est
3059 4608 3169 4663 nisi
3196 4607 3256 4661 in
3286 4605 3573 4660 voluntate
3603 4580 3875 4684 peccatum?

2254 4704 2365 4759 Sed
2385 4704 2493 4757 hoc
2521 4674 2819 4772 peccatum
2859 4700 2929 4755 de
2969 4714 3084 4770 quo
3133 4697 3212 4751 sic
3241 4700 3329 4749 est
3357 4694 3573 4747 locutus
3619 4674 3872 4772 Apostolus:

2255 4792 2382 4846 ideo
2422 4794 2720 4862 peccatum
2748 4793 3000 4857 vocatur,
3046 4785 3181 4858 quia
3232 4786 3465 4855 peccato
3518 4778 3710 4833 factum
3735 4768 3815 4863 ἑξεῖ,
3837 4760 3873 4809 εί

2254 4895 2423 4953 pcena
2451 4877 2667 4951 peccati
2686 4884 2805 4946 est;
2834 4873 3303 4949 quandoquidem
3324 4872 3429 4925 hoc
3460 4868 3529 4923 de
3556 4862 3875 4953 concupisti?

2207 5030 2211 5035 ,
2254 4933 2335 5023 {ia
2363 4967 2548 5023 carnis
2579 4967 2807 5035 dicitur,
2838 4965 2993 5037 quod
3019 4963 3205 5034 aperit
3248 4961 3310 5014 in
3339 4945 3778 5025 consequentibus
3814 4934 3873 5037 di:

2256 5074 2389 5112 cens
2417 5074 2431 5112 :
2465 5058 2584 5113 Scio
2614 5058 2749 5126 quia
2775 5035 2881 5110 non
2901 5053 3116 5108 habitat
3143 5053 3202 5105 in
3218 5065 3318 5116 me,
3350 5049 3444 5102 hoc
3471 5047 3544 5098 est
3561 5042 3615 5094 in
3640 5044 3774 5091 carne

2516 5111 2655 5202 rvell‘e
2696 5147 2836 5199 enim
2881 5142 3099 5211 adjacet
3146 5111 3314 5203 mihi,
3349 5132 3596 5206 perficere
3635 5126 3794 5211 dum.
3817 5111 3877 5202 δοῖ

2256 5201 2406 5305 num,
2464 5201 2569 5290 non
2614 5235 2784 5306 (Rom.
2831 5201 3196 5301 vu,'16-l8).
3254 5201 3526 5281 Plerfectio
3562 5212 3747 5287 quippe
3781 5201 3877 5256 hom

2323 5406 2336 5439 ί
2370 5402 2485 5453 Am.
2505 5402 2647 5450 Er.et
2666 5398 2854 5448 Pratel.
2878 5395 3016 5451 cod.,
3037 5403 3307 5455 nusquam
3325 5402 3443 5455 esse.
3459 5381 3686 5455 ρρηιενίξ·
3699 5368 3876 5455 ἓῗξξθξέ

2325 5426 2336 5439 ⁸
2370 5426 2485 5453 λειω.
2505 5426 2647 5450 DLUI.
2668 5426 2854 5470 ι-ιξιισι.
2878 5426 3016 5451 νυν-ν
3040 5426 3307 5455 υῠωσνισυιιν
3325 5426 3443 5440 νυννω
3459 5426 3530 5450 ιν-.
3546 5426 3620 5435 ..ν-
3640 5426 3663 5427 η
3780 5431 3807 5477 b
3842 5426 3878 5471 et

2258 5469 2311 5515 et
2333 5464 2794 5520 Regio-motansns.
2825 5469 3086 5520 nusquam
3108 5468 3213 5520 esse
3236 5453 3449 5520 constet.
3470 5436 3874 5520 Moxque‘l'lgflgn

2262 5488 2407 5537 υιὲὶυ
2448 5488 2794 5517 ιυοωυιυιιθιθ,
2825 5488 3086 5531 ιιξιοιιιηιιη
3108 5488 3211 5504 νοῦν
3236 5488 3449 5504 wn..-"
3470 5488 3631 5518 ..-ιν-τ
3828 5488 3875 5538 ιε.

2262 5527 2352 5576 alii
2380 5488 2555 5576 οδΜεε.
2581 5537 2690 5573 non
2721 5522 2995 5572 deterioris
3023 5521 3165 5568 nota
3194 5516 3404 5573 habent,
3428 5513 3527 5561 nisi
3557 5517 3619 5557 ea:
3649 5494 3824 5552 νοιακια
