4026 6180
155 327 243 372 «an
1621 309 1828 363 LIBER
1872 308 2153 366 PRIMUS.

164 445 252 503 est,
278 441 334 488 ut
355 449 456 487 nec
494 431 616 500 ipsa
644 427 1103 498 concupiscentia
1131 428 1346 498 peccati
1375 429 1447 482 sit
1479 429 1537 483 in
1569 430 1824 495 homine,

175 527 251 579 cui
271 523 484 594 quidem
511 517 736 589 quando
759 519 902 570 bene
925 515 1154 583 vivitur,
1191 533 1309 571 non
1331 518 1613 572 consentit
1633 519 1830 571 volun-

176 620 272 669 tas:
301 613 676 664 verumtamen
705 622 821 659 non
849 605 1074 674 perﬁcit
1099 605 1338 671 bonum,
1382 605 1516 676 quia
1554 605 1701 659 inest
1730 606 1829 660 ad—

169 706 266 758 huc
292 696 729 768 concupiscentia
757 694 848 748 cui
870 701 1155 764 repugnat
1178 695 1472 760 voluntas;
1506 696 1666 765 cujus
1696 711 1829 748 con-

167 787 496 861 cupiscentia
539 790 729 839 reatus
779 783 839 837 in
870 784 1217 852 Baptismate
1249 783 1504 844 solvitur,
1538 784 1634 837 sed
1666 782 1830 836 inﬁr-

163 879 308 933 mitas
365 878 573 940 manet,
614 873 704 926 cui
748 872 929 925 donec
970 877 1222 938 sanetur,
1271 871 1458 925 omnis
1511 871 1693 925 ﬁdelis
1733 871 1831 942 qui

164 969 288 1028 bene
313 962 553 1035 proﬁcit,
597 961 1007 1015 studiosissime
1040 963 1367 1014 reluctatur.
1401 963 1699 1014 Peccatum
1731 977 1831 1013 au-

161 1062 260 1110 tem
289 1054 437 1125 quod
465 1067 765 1122 (nusquam
796 1055 880 1103 est
917 1050 1028 1102 nisi
1058 1050 1118 1103 in
1147 1051 1458 1114 voluntate,
1489 1050 1629 1103 illud
1678 1066 1832 1120 prm-

160 1145 304 1214 cipue
349 1139 783 1210 intelligendum
815 1143 921 1208 est,
971 1139 1125 1209 quod
1165 1140 1318 1208 justa
1348 1139 1597 1192 damatio
1641 1155 1833 1192 conse-

158 1238 271 1286 cuta
308 1235 406 1283 est.
442 1230 555 1282 Hoc
584 1227 737 1281 enim
777 1243 880 1297 per
928 1242 1110 1280 unum
1145 1226 1440 1280 hominem
1489 1226 1743 1280 introivit
1774 1227 1832 1280 in

158 1319 442 1373 mundum:
465 1332 797 1388 quanquam
829 1320 884 1369 et
902 1315 1006 1369 hoc
1024 1320 1323 1384 peccatum
1345 1332 1458 1386 quo
1482 1315 1835 1376 consentitur

158 1407 350 1478 peccati
382 1403 859 1474 concupiscentia:
891 1405 928 1471 1,
961 1419 1076 1456 non
1101 1402 1212 1456 nisi
1258 1404 1548 1457 voluntate
1579 1404 1834 1457 commit-

157 1494 288 1547 titur.
317 1495 556 1562 Propter
576 1495 682 1545 lioc
711 1497 768 1545 et
797 1491 909 1544 alio
940 1491 1060 1544 loco
1082 1491 1226 1545 dixi:
1261 1493 1380 1547 Non
1410 1494 1582 1559 igitur
1610 1495 1722 1546 nisi
1749 1509 1837 1547 υο-

161 1584 341 1635 luntate
360 1587 620 1651 peccatur
651 1580 810 1650 (Cap.
838 1585 890 1646 9,
921 1596 982 1635 η.
1020 1583 1124 1646 12).

218 1673 262 1726 3.
298 1671 554 1739 Itemque
587 1668 697 1722 alio
729 1669 849 1721 loco
880 1668 1066 1737 ipsam
1094 1667 1447 1721 voluntatem
1487 1664 1718 1720 deﬁnivi
1755 1663 1837 1717 di-

159 1775 311 1813 cens:
364 1760 629 1814 Voluntas
694 1762 772 1810 est
816 1759 989 1810 ani-mi
1034 1761 1230 1822 motus,
1283 1761 1494 1821 cogente
1546 1756 1712 1820 nullo,
1764 1755 1837 1808 ad

158 1848 348 1915 aliquid
383 1848 470 1900 vel
511 1862 614 1900 non
643 1845 1000 1899 amittendum
1037 1846 1120 1898 vel
1151 1845 1562 1913 adipiscendum
1604 1844 1729 1913 (ld.,
1778 1860 1831 1898 n.

165 1938 250 1999 14).
285 1936 438 1999 Quod
492 1939 798 2005 propterea
837 1934 1050 1987 dictum
1095 1938 1198 1995 est,
1245 1938 1308 1987 ut
1348 1934 1452 1987 hac
1503 1932 1837 1986 deﬁnitione

159 2026 329 2078 volens
356 2041 388 2079 a
417 2026 649 2078 nolente
680 2024 1118 2091 discerneretur,
1152 2027 1203 2076 et
1228 2022 1306 2075 sic
1333 2023 1402 2075 ad
1431 2021 1558 2074 illos
1597 2021 1836 2076 referre-

160 2119 237 2166 tur
262 2113 523 2180 intentio,
570 2112 668 2183 qui
706 2111 881 2183 primi
924 2111 983 2164 in
1012 2111 1274 2182 paradiso
1303 2111 1538 2165 fuerunt
1583 2110 1837 2163 humano

159 2203 330 2271 generi
353 2204 521 2273 origo
553 2202 688 2255 mali
720 2206 760 2270 ³,
793 2202 952 2254 nullo
983 2206 1222 2270 cogente
1265 2199 1570 2271 peccando,
1603 2201 1710 2252 hoc
1758 2203 1841 2252 est

159 2291 316 2344 libera
331 2292 627 2345 voluntate
648 2291 957 2360 peccando,
985 2290 1120 2360 quia
1139 2294 1194 2342 et
1211 2289 1450 2342 scientes
1467 2293 1664 2341 contra
1693 2303 1838 2358 prae-

160 2386 361 2450 ceptum
397 2382 681 2448 fecerunt,
715 2385 771 2434 et
802 2380 896 2432 ille
929 2382 1176 2433 tentator
1207 2379 1384 2432 suasit
1415 2383 1476 2432 ut
1505 2377 1610 2430 hoc
1654 2378 1839 2446 ﬁeret,

162 2486 259 2522 non
285 2471 490 2541 coegit.
519 2471 660 2524 Nam
686 2474 742 2522 et
772 2468 872 2539 qui
898 2468 1153 2522 nesciens
1187 2466 1456 2538 peccavit,
1491 2482 1607 2519 non
1638 2465 1840 2519 incon-

161 2564 406 2627 gruenter
436 2559 643 2612 nolens
672 2573 930 2628 peccasse
956 2557 1068 2611 dici
1095 2561 1306 2626 potest,
1338 2555 1598 2626 quamvis
1640 2559 1695 2608 et
1720 2555 1841 2624 ipse

161 2649 291 2716 quod
319 2649 579 2702 nesciens
621 2647 774 2713 fecit,
808 2647 1004 2700 volens
1054 2650 1248 2699 tamen
1301 2644 1464 2711 fecit;
1519 2644 1595 2697 ita
1623 2660 1726 2698 nec
1756 2644 1842 2714 ip-

159 2735 256 2786 sius
283 2752 395 2790 esse
425 2736 620 2806 potuit
650 2735 772 2788 sine
803 2735 1093 2788 voluntate
1122 2736 1438 2802 peccatum.
1476 2733 1611 2796 Quae
1644 2732 1843 2785 volun—

159 2826 229 2875 tas
259 2825 448 2895 utique
497 2824 643 2877 sicut
673 2823 909 2876 deﬁnita
939 2827 1044 2890 est,
1074 2821 1250 2875 animi
1285 2827 1476 2875 motus
1506 2821 1636 2886 fuit,
1681 2821 1842 2873 nullo

157 2920 383 2980 cogente,
433 2913 514 2966 ad
544 2911 764 2983 aliquid
809 2913 899 2966 vel
929 2927 1045 2964 non
1085 2911 1489 2978 amittendum,
1539 2910 1626 2962 vel
1658 2908 1842 2978 adipi-

159 3001 423 3055 scendum.
477 3001 660 3064 Quod,
689 3000 843 3054 enim
875 3000 923 3053 si
951 2999 1242 3065 noluisset,
1283 3015 1402 3052 non
1451 2998 1695 3064 fecisset,
1730 3013 1846 3050 non

159 3095 360 3143 coactus
388 3094 479 3143 est
507 3090 718 3143 facere.
753 3089 898 3152 Quia
924 3089 1104 3142 voluit
1134 3104 1271 3158 ergo
1302 3087 1454 3153 fecit,
1488 3086 1710 3140 etiamsi
1732 3102 1848 3140 non

161 3178 276 3246 quia
319 3179 504 3249 voluit
558 3179 832 3249 peccavit,
891 3178 1148 3232 nesciens
1195 3181 1491 3248 peccatum
1522 3191 1641 3229 esse
1693 3175 1847 3246 quod

161 3266 297 3320 fecit:
326 3267 402 3321 ita
424 3283 536 3320 nec
567 3269 676 3320 tale
699 3271 994 3337 peccatum
1018 3265 1140 3319 sine
1162 3266 1454 3319 voluntate
1485 3280 1606 3317 esse
1636 3263 1845 3334 potuit,

161 3354 242 3406 sed
288 3357 582 3409 voluntate
614 3354 768 3421 facti,
811 3370 922 3407 non
953 3355 1244 3406 voluntate
1294 3351 1530 3422 peccati,
1577 3351 1731 3422 quod
1760 3356 1846 3404 ta-

160 3457 276 3496 men
295 3444 506 3497 factum
536 3449 833 3513 peccatum
856 3441 994 3509 fuit;
1024 3441 1131 3495 hoc
1157 3441 1311 3494 enim
1341 3441 1556 3494 factum
1581 3445 1669 3493 est
1690 3440 1846 3510 quod

162 3530 269 3584 lieri
303 3549 416 3586 non
480 3532 703 3587 debuit.
735 3531 1005 3602 Quisquis
1055 3537 1248 3584 autem
1295 3530 1475 3584 sciens
1523 3534 1742 3600 peccat,
1801 3529 1847 3583 si

160 3625 325 3687 potest
371 3620 604 3692 cogenti
646 3621 711 3674 ad
761 3625 1058 3690 peccatum
1110 3619 1230 3673 sine
1272 3623 1502 3690 peccato
1561 3619 1846 3678 resistere,

161 3722 250 3761 nec
277 3714 466 3764 tamen
511 3709 666 3775 facit,
694 3709 892 3779 utique
929 3709 1124 3762 volens
1154 3713 1376 3778 peccat;
1429 3707 1701 3778 quoniam
1749 3708 1851 3777 qui

163 3802 330 3864 potest
346 3800 634 3863 resistere,
658 3814 774 3851 non
796 3797 1020 3867 cogitur
1042 3798 1262 3853 cedere.
1289 3796 1397 3860 Qui
1416 3813 1549 3850 vero
1590 3797 1815 3867 cogenti
1830 3794 1853 3829 ³

162 3885 438 3955 cupiditati
470 3888 623 3940 bona
651 3889 937 3940 voluntate
967 3886 1224 3940 resistere
1253 3902 1368 3940 non
1398 3889 1604 3957 potest,
1639 3891 1696 3940 et
1724 3885 1850 3940 ideo

163 3974 280 4028 facit
307 3982 510 4032 contra
551 3982 842 4046 praecepta
872 3976 1135 4046 justitiee,
1159 3977 1280 4046 jam
1313 3976 1420 4028 hoc
1450 3976 1528 4028 ita
1555 3980 1850 4045 peccatum

163 4067 253 4127 est,
285 4069 342 4118 ut
368 4065 440 4118 sit
475 4064 650 4118 etiam
681 4081 852 4135 poena
888 4065 1122 4135 peccati.
1161 4065 1518 4134 Quapropter
1555 4069 1851 4134 peccatum

164 4150 270 4205 sinc
292 4155 580 4208 voluntate
611 4169 730 4207 esse
760 4169 880 4206 non
909 4169 1076 4223 posse
1107 4154 1469 4207 verissimum
1499 4157 1604 4206 est.

224 4242 274 4295 4.
303 4243 561 4315 Itemque
594 4244 850 4298 deﬁnitio
881 4243 1096 4314 peccati
1123 4259 1235 4313 qua
1267 4242 1533 4308 diximus,
1572 4245 1852 4296 Peccatum

164 4334 231 4381 est
256 4333 501 4386 voluntas
530 4333 799 4386 retinendi
827 4334 910 4386 vel
939 4331 1297 4401 consequendi
1326 4331 1470 4400 quod
1505 4332 1731 4400 justitia
1762 4348 1853 4384 ve-

165 4423 253 4488 tat,
281 4428 326 4476 et
371 4422 516 4476 unde
563 4423 790 4476 liberum
832 4427 910 4475 est
962 4423 1231 4475 abstinere
1276 4416 1440 4489 (Cap.
1487 4423 1571 4484 11,
1622 4436 1678 4474 n.
1737 4419 1850 4490 15),

163 4515 449 4579 propterea
491 4526 624 4564 vera
655 4515 758 4577 est,
809 4509 946 4580 quia
983 4511 1039 4564 id
1071 4508 1374 4562 delinitum
1420 4509 1684 4578 estquod
1727 4512 1851 4561 tau-

167 4600 446 4654 tummodo
477 4603 778 4669 peccatum
808 4604 910 4660 est,
946 4614 1063 4652 non
1095 4597 1250 4668 quod
1298 4596 1472 4650 etiam
1502 4612 1671 4666 pcena
1718 4613 1851 4666 pec-

167 4686 278 4741 cati.
321 4689 462 4741 Nam
508 4687 736 4756 quando
781 4686 892 4739 tale
936 4690 1022 4738 est
1064 4691 1130 4738 ut
1173 4684 1231 4738 id
1289 4683 1360 4737 sit
1419 4689 1474 4737 et
1523 4699 1690 4753 paena
1729 4699 1855 4752 pec-

167 4773 282 4839 cati,
306 4781 588 4846 quantum
613 4779 696 4828 est
721 4774 873 4843 quod
902 4773 1053 4826 valet
1083 4773 1345 4825 voluntas
1377 4773 1480 4825 sub
1518 4771 1851 4825 dominante

165 4863 484 4933 cupiditate,
529 4863 641 4917 nisi
670 4863 837 4929 forte,
889 4863 936 4915 si
966 4863 1062 4932 pia
1107 4866 1212 4927 est,
1243 4864 1307 4914 ut
1355 4865 1481 4915 oret
1529 4860 1854 4914 auxilium?

163 4948 220 5001 In
255 4955 474 5007 tantum
504 4953 660 5006 enim
691 4952 870 5006 libera
900 4957 1002 5017 est,
1036 4951 1096 5004 in
1125 4949 1676 5021 quantumﬂiberata
1705 4953 1789 5002 est
1812 4953 1853 5018 ι,

165 5039 296 5094 etin
333 5047 558 5096 tantum
598 5043 918 5114 appellatur
963 5041 1240 5094 voluntas.
1292 5039 1563 5109 Alioquin
1594 5043 1712 5093 tota
1753 5053 1855 5091 cu-

167 5127 382 5200 piditas,
413 5129 455 5198 5,
503 5147 675 5203 quam
726 5133 986 5186 voluntas
1030 5128 1260 5200 proprie
1310 5127 1695 5199 nuncupanda
1742 5131 1851 5180 est:

224 5299 239 5330 ι
266 5298 368 5361 Mss
397 5303 639 5361 quatuor.
661 5301 1003 5349 consentitur
1022 5301 1229 5359 peccato
1254 5295 1709 5361 concupiscentiw,

222 5361 242 5393 ²
267 5360 324 5425 l_n
348 5357 550 5425 scriptis
562 5375 670 5420 sex,
686 5361 936 5425 fecerunt
961 5357 1206 5410 humano
1228 5357 1677 5422 geneeriginem
1702 5357 1852 5408 mali.

226 5425 243 5450 ⁸
273 5423 386 5470 Am.
418 5423 467 5471 et
495 5423 602 5479 Er.,
633 5423 851 5473 valenti.

227 5480 243 5504 ‘
254 5483 415 5547 _Edd.,
430 5487 621 5547 quiain
635 5490 855 5536 tantum
869 5483 1092 5534 liberata
1107 5486 1206 5534 est.
1228 5483 1324 5532 Sed
1341 5483 1690 5546 elegantiores
1707 5483 1850 5540 Mss,

171 5545 354 5610 omisso
381 5545 519 5608 quia,
541 5548 735 5606 ferunt,
759 5556 817 5596 in
844 5551 1099 5610 quantum
1132 5547 1358 5610 liberata
1390 5545 1478 5594 est.

227 5608 245 5639 δ
258 5607 397 5668 Lov.,
412 5610 650 5673 alioquin
661 5611 832 5662 tutius
848 5607 1129 5671 cupiditas.
1149 5609 1486 5659 Prmtulimus
1499 5608 1613 5657 Am.
1627 5609 1772 5657 etEr.
1789 5607 1857 5656 lc-

3539 327 3642 376 610

1939 445 2067 500 quae
2107 447 2220 483 non
2267 435 2367 495 est,
2410 431 2553 487 sicut
2587 433 2881 488 Manichaei
2930 435 3241 508 desipiunt,
3293 439 3494 494 alienae
3533 459 3636 496 na-

1940 524 2083 571 tura;
2123 518 2597 587 additamentum,
2638 523 2734 576 sed
2778 528 2988 577 nostra:
3039 525 3242 580 vitium
3286 544 3317 581 a
3372 545 3486 598 quo
3519 546 3636 584 non

1939 610 2172 658 sanatur
2211 606 2323 659 nisi
2353 608 2538 676 gratia
2563 609 2884 665 Salvatoris.
2926 613 3087 676 Quod
3135 613 3182 666 si
3213 615 3517 686 quisquam
3548 618 3638 671 di-

1938 693 2033 761 cit,
2081 694 2251 748 etiam
2287 695 2470 765 ipsam
2501 698 2870 768 cupiditatem
2918 701 3061 754 nihil
3111 703 3268 757 aliud
3298 721 3416 758 esse
3458 722 3634 774 quam

1940 782 2304 844 voluntatem,
2338 784 2434 838 sed
2464 784 2726 839 vitiosam
2749 794 3090 859 peccatoque
3119 792 3491 859 servientem;
3520 811 3635 847 non

1939 870 2322 924 resistendum
2379 877 2485 939 est,
2536 889 2640 926 nec
2684 874 2753 927 de
2799 875 3002 940 verbis,
3069 893 3200 930 cum
3250 896 3339 932 res
3395 886 3636 949 constet,

1939 958 2322 1012 controversia
2350 960 2629 1016 facienda.
2669 962 2852 1016 Etiam
2881 963 2958 1016 sic
2987 964 3140 1017 enim
3164 967 3485 1020 ostenditur
3514 968 3636 1022 sine

1938 1047 2223 1100 voluntate
2253 1049 2472 1102 nullum
2506 1065 2626 1103 esse
2656 1056 2948 1120 peccatum
2981 1053 3096 1106 sive
3125 1053 3184 1106 in
3214 1071 3405 1125 opere,
3440 1056 3552 1110 sive
3575 1057 3635 1111 in

1942 1150 2185 1204 origine.

2013 1227 2062 1276 5.
2099 1224 2312 1277 Rursus
2354 1225 2412 1278 in
2462 1242 2527 1280 eo
2572 1243 2685 1297 quo
2714 1227 2852 1292 dixi,
2897 1231 3019 1283 Jam
3086 1247 3321 1297 quaerere
3362 1248 3637 1301 cirpe-ram,

1941 1319 2123 1365 utrum
2147 1313 2287 1366 illud
2305 1315 2508 1369 malum
2527 1330 2693 1382 genus
2717 1319 3046 1380 animarum,
3071 1324 3361 1386 antequam
3386 1321 3516 1375 bono
3537 1325 3639 1375 mi-

1942 1405 2194 1466 sceretur,
2226 1401 2497 1456 habuisset
2519 1403 2762 1470 aliquam
2790 1404 3138 1458 voluntatem.
3171 1406 3233 1459 Si
3259 1409 3398 1460 enim
3422 1424 3525 1461 non
3539 1409 3641 1463 ha-

1945 1488 2120 1557 bebal,
2165 1491 2279 1543 sine
2315 1494 2532 1558 peccato
2579 1496 2740 1560 atque
2767 1495 3016 1546 innocens
3065 1499 3200 1561 erat,
3239 1501 3289 1548 et
3328 1498 3446 1550 ideo
3493 1499 3640 1551 nullo

1943 1576 2098 1630 modo
2136 1578 2338 1631 malum
2368 1578 2527 1647 (Cap.
2578 1582 2661 1634 16.
2702 1596 2758 1635 n.
2799 1581 2902 1650 l7).
2963 1581 3076 1634 Cur
3113 1582 3307 1652 igitur,
3349 1584 3642 1653 inquiunt,

1943 1669 2242 1734 peccatum
2301 1665 2487 1720 dicitis
2529 1669 2920 1736 parvulorum,
2977 1685 3225 1739 quorum
3291 1673 3645 1726 voluntatem

1947 1769 2060 1806 non
2088 1754 2290 1807 tenetis
2318 1768 2475 1808 ream
2495 1758 2522 1808 ?
2553 1756 2972 1825 Respondetur,
3017 1773 3135 1810 non
3171 1775 3264 1811 eos
3294 1761 3649 1829 proprietate

1945 1842 2270 1908 voluntatis,
2296 1842 2394 1896 sed
2415 1843 2636 1914 origine
2658 1860 2785 1898 reos
2826 1845 3030 1898 teneri.
3056 1846 3253 1899 Omnis
3274 1847 3430 1900 enim
3473 1848 3648 1902 homo

1948 1934 2206 1984 terrenus
2251 1931 2390 2001 quid
2440 1937 2523 1985 est
2553 1931 2794 2003 origine,
2829 1932 2937 1985 nisi
2983 1933 3207 1987 Adam?
3251 1936 3425 1988 Porro
3458 1941 3648 1989 autem

1946 2018 2128 2073 Adam
2161 2019 2404 2074 habebat
2432 2021 2631 2091 utique
2661 2021 3035 2088 voluntatem,
3063 2039 3175 2093 qua
3206 2023 3500 2078 voluntate
3519 2041 3648 2078 cum

1946 2112 2252 2176 peccasset,
2283 2114 2576 2178 peccatum
2606 2125 2711 2178 per
2739 2125 2872 2163 eum
2900 2109 3134 2163 intravit
3163 2110 3221 2164 in
3253 2113 3551 2166 mundum.

2021 2199 2070 2250 6.
2107 2198 2362 2267 Itemque
2395 2197 2453 2252 in
2478 2214 2543 2252 eo
2576 2198 2728 2269 quod
2760 2198 2893 2263 dixi,
2938 2200 3155 2253 Natura
3184 2215 3294 2252 esse
3323 2203 3479 2255 malae
3525 2203 3649 2254 ani-

1948 2300 2047 2339 mze
2078 2286 2226 2339 nullo
2265 2286 2417 2340 modo
2457 2292 2676 2354 queunt,
2708 2286 2754 2339 si
2784 2286 3061 2357 quaeritur
3090 2289 3381 2358 quomodo
3413 2289 3652 2359 accipia-

1951 2389 2078 2426 mus
2099 2375 2254 2444 quod
2275 2374 2354 2427 ait
2374 2375 2709 2444 Apostolus:
2734 2377 2952 2430 Fuimus
2979 2380 3028 2429 et
3056 2392 3150 2430 nos
3180 2383 3381 2431 natura
3408 2380 3514 2446 ﬁlii
3533 2381 3649 2444 irw,

1950 2465 2089 2516 sicut
2119 2467 2168 2516 et
2203 2467 2380 2517 caeteri
2411 2464 2631 2532 (Ephes.
2667 2481 2724 2529 ιι,
2778 2465 2864 2530 3);
2913 2465 3348 2534 respondemus,
3388 2472 3653 2522 naturam

1955 2553 2014 2606 in
2045 2552 2133 2605 his
2163 2551 2348 2606 verbis
2367 2552 2507 2604 meis
2527 2568 2618 2605 me
2636 2551 2879 2619 intelligi
2907 2553 3150 2607 voluisse
3166 2555 3341 2621 illam,
3368 2573 3496 2626 qua!
3517 2571 3655 2628 pro—

1952 2640 2075 2712 prie
2097 2645 2297 2694 natura
2321 2640 2547 2707 dicitur,
2572 2640 2632 2693 in
2647 2657 2761 2710 qua
2781 2640 2902 2693 sine
2921 2641 3057 2694 vitio
3076 2643 3248 2696 creati
3272 2659 3488 2700 sumus.
3511 2647 3652 2699 Nam

1953 2730 2062 2782 ista
2079 2733 2312 2800 propter
2329 2727 2614 2798 originem
2631 2732 2764 2780 natu
2774 2745 2836 2782 ra
2858 2729 3206 2798 appellatur:
3227 2747 3356 2800 quae
3371 2731 3529 2802 origo
3551 2734 3656 2786 uti-

1955 2833 2066 2887 que
2114 2817 2282 2870 habet
2326 2816 2550 2882 vitium,
2595 2815 2748 2886 quod
2778 2821 2862 2870 est
2893 2822 3090 2870 contra
3130 2823 3412 2873 naturam.
3457 2822 3520 2873 Et
3548 2821 3652 2874 ite-

1954 2921 2084 2958 rum
2115 2904 2174 2957 in
2206 2921 2271 2958 eo
2303 2905 2454 2975 quod
2485 2906 2700 2958 dictum
2741 2910 2841 2971 est,
2867 2908 3074 2960 Pcccati
3101 2922 3249 2960 reum
3280 2910 3448 2960 teneri
3467 2925 3656 2976 quem-

1957 3008 2141 3062 quam,
2180 2994 2309 3060 quia
2349 3008 2454 3046 non
2494 2995 2628 3059 fecit
2660 2993 2804 3061 quod
2845 2996 3023 3059 facere
3066 3010 3171 3049 non
3209 2999 3408 3064 potuit,
3440 3013 3658 3052 summa:

1955 3083 2265 3149 iniquitatis
2309 3085 2358 3134 et
2394 3083 2625 3134 insania
2654 3086 2749 3147 est,
2786 3082 2899 3135 Cur
2924 3097 3081 3150 ergo,
3115 3082 3402 3153 inquiunt,
3433 3087 3654 3153 parvuli

1955 3173 2222 3223 tenentur
2251 3168 2372 3223 rei?
2419 3169 2840 3238 Respondetur,
2869 3169 3006 3240 quia
3043 3187 3108 3223 ex
3142 3172 3265 3241 ejus
3313 3172 3535 3243 origine
3582 3178 3660 3227 te-

1957 3263 2187 3324 nentur,
2221 3257 2320 3328 qui
2342 3274 2458 3312 nou
2488 3258 2620 3312 fecit
2650 3258 2802 3328 quod
2832 3259 3015 3312 facere
3045 3261 3254 3329 potuit,
3277 3261 3534 3316 divinum
3557 3263 3659 3316 sci-

1956 3346 2090 3400 licet
2133 3361 2355 3399 servare
2390 3345 2742 3400 mandatum.
2791 3345 2954 3408 Quod
2999 3351 3190 3401 autem
3220 3348 3356 3410 dixi,
3400 3350 3516 3403 Ιιιω
3542 3355 3661 3404 ani-

1955 3450 2055 3488 mae
2085 3434 2358 3502 quidquid
2384 3436 2619 3500 faciunt,
2652 3436 2702 3487 si
2737 3439 2938 3488 natura
2969 3451 3073 3488 non
3098 3437 3373 3490 voluntate
3420 3440 3656 3503 faciunt,

1958 3524 2020 3576 id
2048 3527 2146 3588 est,
2191 3526 2241 3576 si
2287 3523 2450 3576 libero
2479 3527 2530 3575 et
2554 3523 2628 3575 ad
2655 3523 2968 3588 faciendum
2998 3529 3048 3577 et
3087 3524 3160 3577 ad
3195 3540 3302 3578 non
3344 3526 3658 3591 faciendum

1958 3617 2105 3665 motu
2134 3613 2307 3665 animi
2341 3615 2544 3674 carent,
2593 3612 2642 3664 si
2687 3611 2916 3678 denique
2946 3611 3030 3664 his
3072 3611 3379 3666 abstinendi
3401 3613 3469 3667 ab
3504 3629 3659 3682 opere

1959 3715 2053 3754 suo
2079 3705 2318 3768 potestas
2359 3701 2512 3752 nulla
2549 3699 2876 3764 conceditur,
2914 3706 3192 3767 peccatum
3217 3716 3402 3754 earum
3434 3706 3608 3755 tenere

1958 3804 2064 3842 non
2091 3803 2376 3858 possumus
2409 3787 2570 3856 (Cap.
2600 3789 2682 3853 1'2,
2715 3803 2768 3840 η.
2806 3791 2864 3840 17
2898 3789 2945 3856 );
2969 3793 3274 3858 propterea
3303 3805 3417 3842 non
3439 3795 3662 3858 pertur-

1960 3879 2057 3933 bat
2085 3879 2152 3932 de
2182 3876 2432 3948 parvulis
2463 3877 2724 3947 quaestio,
2749 3878 2884 3947 quia
2910 3893 2976 3930 ex
3006 3875 3160 3930 illius
3189 3877 3408 3947 origine
3455 3879 3540 3932 rei
3575 3883 3660 3934 te-

1960 3973 2190 4032 nentur,
2225 3967 2326 4038 qui
2354 3967 2646 4020 voluntate
2679 3965 2949 4036 peccavit,
2996 3966 3224 4036 quando
3255 3967 3432 4021 libero
3480 3973 3538 4022 et
3585 3971 3655 4023 ad

1960 4053 2284 4111 faciendum
2315 4060 2370 4110 et
2391 4055 2463 4109 ad
2494 4071 2608 4108 non
2636 4054 2962 4108 faciendum
2986 4059 3147 4108 motu
3168 4054 3346 4109 animi
3369 4073 3487 4110 non
3515 4073 3662 4110 care-

1958 4147 2078 4214 bat,
2111 4135 2277 4216 eique
2310 4146 2380 4198 ab
2421 4160 2592 4214 opere
2615 4144 2765 4197 malo
2797 4143 3124 4197 abstinendi
3155 4159 3380 4197 summa
3409 4149 3660 4213 potestas

1962 4239 2098 4289 erat.
2126 4235 2289 4298 Quod
2307 4231 2602 4288 Manichasi
2625 4233 2692 4285 de
2713 4231 3079 4285 tenebrarum
3101 4236 3269 4301 gente
3293 4248 3408 4285 non
3443 4232 3661 4300 dicunt,

1962 4340 2133 4395 quam
2167 4321 2583 4376 fabulosissime
2614 4321 2913 4386 inducunt,
2950 4336 3190 4390 eamque
3219 4324 3486 4374 naturam
3517 4338 3663 4376 sem-

1962 4429 2066 4483 per
2095 4410 2330 4477 malam,
2360 4425 2657 4480 nunquam
2688 4409 2899 4463 bonam
2929 4409 3101 4461 fuisse
3131 4408 3509 4463 contendunt.

2031 4507 2087 4556 '7.
2142 4500 2287 4553 Illud
2343 4505 2535 4552 autem
2582 4499 2760 4570 quaeri
2817 4501 3003 4568 potest
3054 4497 3344 4566 quomodo
3391 4497 3657 4566 dixerim,

1962 4591 2146 4643 Etiam
2170 4591 2219 4642 si
2247 4593 2372 4641 sunt
2402 4591 2597 4641 anima:
2621 4587 2766 4655 quod
2793 4588 3011 4640 interim
3038 4587 3301 4640 incertum
3329 4591 3428 4654 est,
3468 4603 3655 4660 corpo-

1962 4681 2067 4731 reis
2101 4679 2307 4744 o/ﬁciis,
2357 4693 2463 4730 non
2503 4681 2742 4745 peccato,
2787 4675 2880 4728 sed
2928 4679 3129 4728 natura
3169 4675 3386 4746 deditae,
3433 4693 3662 4747 nosque,

1962 4782 2275 4837 quanquam
2296 4769 2406 4820 sint
2435 4767 2739 4831 inferiores,
2768 4765 2958 4831 aliqua
2988 4767 3163 4817 tamen
3186 4759 3441 4819 interiore
3465 4769 3662 4822 vicini-

1964 4861 2072 4910 tate
2114 4858 2456 4921 contingunt;
2502 4869 2608 4906 non
2655 4853 2780 4905 illas
2811 4852 2928 4905 ideo
2957 4853 3130 4906 malas
3163 4854 3351 4907 haberi
3395 4861 3661 4924 oportere,

1963 4947 2094 5013 quia
2122 4959 2215 4998 nos
2246 4959 2364 4997 cum
2392 4957 2481 4996 eas
2506 4943 2784 5009 sequimur
2812 4945 2860 4993 et
2890 4956 3143 5009 corporea
3173 4942 3478 5011 diligimus,
3526 4947 3661 4998 mali

1962 5029 2662 5104 sumus;quandoquidem
2693 5029 2762 5082 de
2791 5028 2902 5084 illis
2931 5029 3038 5083 hoc
3069 5029 3204 5100 dixi,
3237 5032 3305 5085 de
3333 5031 3543 5101 quibus
3574 5049 3663 5086 su-

1963 5167 2210 5225 ctionem,
2229 5177 2386 5227 quam
2408 5167 2625 5212 tuentur
2640 5164 2761 5227 Mss.
2785 5167 3002 5226 excepto
3027 5178 3133 5213 uno
3156 5164 3259 5214 fere
3290 5167 3462 5213 Germ.
3486 5164 3658 5227 inquo

1962 5242 2234 5291 perperam
2246 5225 2469 5291 legitur,
2499 5230 2609 5291 tam
2641 5225 2942 5286 cupiditas}
2963 5230 3017 5291 et
3046 5227 3209 5291 altero
3227 5227 3430 5291 Al’ratel.
3453 5227 3507 5274 in
3534 5225 3659 5289 quo,

1964 5288 2084 5339 cum
2107 5291 2272 5338 tribus
2288 5288 2462 5349 Angl.,
2485 5290 2653 5338 tutius
2673 5292 2790 5338 tota
2810 5289 3096 5349 cupiditas.
3126 5289 3288 5336 Probe
3310 5289 3520 5349 quidem
3538 5288 3662 5346 {sed

1963 5353 2153 5400 melius
2174 5352 2293 5400 utin
2309 5351 2698 5399 czeterisamoto
2731 5351 3261 5412 comparativo,quod
3294 5350 3668 5412 reticereramat

1966 5415 2016 5463 S.
2058 5415 2189 5475 Aug.
2226 5413 2309 5460 Sic
2359 5414 2386 5459 2
2445 5413 2687 5471 Retract.,
2724 5411 2919 5475 capr:
2964 5413 3104 5475 Quin
3129 5411 3257 5475 mihi
3293 5411 3442 5472 quasi
3490 5411 3664 5461 decla-

1967 5494 1993 5521 ιι
2021 5471 2182 5524 matib
2209 5475 2357 5531 levis,
2385 5488 2541 5534 quam
2573 5475 2746 5537 gravis
2772 5471 3031 5522 confessio
3059 5471 3284 5519 videtur.
3313 5471 3344 5517 Si

2030 5541 2042 5572 1
2077 5540 2211 5597 Am,
2242 5537 2325 5584 Er.
2350 5541 2401 5584 et
2422 5535 2693 5586 Beccensis
2723 5537 2908 5592 codex,
2934 5538 3154 5597 peccato
3179 5535 3556 5587 eommtcneri.
3583 5535 3666 5584 Sic

1969 5601 2125 5651 etiam
2157 5595 2289 5648 LOv.
2329 5599 2381 5647 in
2413 5599 2546 5648 libro
2572 5600 2636 5648 de
2668 5599 2879 5646 Duabus
2905 5595 3210 5644 Auimabus.
