4028 6174
374 302 466 351 cu
1523 284 2175 343 RETRACTATIONUM
2216 284 2269 340 s.
2328 284 2738 341 AUGUSTINI.
2966 314 2971 317 -
3774 298 3861 347 αις,

371 418 566 491 perius
594 414 752 487 loqui
790 428 1073 483 coeperam
1103 411 1324 466 dicens:
1361 411 1686 479 Quanquam
1714 410 1931 463 etiamsi
1971 410 2073 463 eis-

374 509 493 562 dem
516 503 838 560 concedatur
865 503 1123 567 inferiore
1150 502 1258 554 alio
1284 514 1470 567 genere
1499 501 1808 553 animarum
1843 513 1939 552 nos
1966 497 2073 551 illi-

373 595 512 650 ciad
542 594 765 662 turpia;
787 606 893 645 non
921 590 1049 644 inde
1067 590 1353 657 conﬁciunt
1379 592 1475 642 aut
1502 588 1629 642 illas
1658 593 1863 642 natura
1896 586 2070 640 malas

374 699 504 753 esse,
535 686 632 737 aut
660 683 793 734 istas
823 694 1088 733 summum
1118 678 1311 731 bonum
1342 676 1490 745 (Cap.
1528 679 1612 742 t3,
1643 692 1700 731 η.
1732 677 1842 743 20).
1883 676 1958 728 De
1982 674 2071 728 his

375 772 531 826 enim
563 768 1009 840 disputationem
1058 781 1238 836 usque
1286 765 1356 819 ad
1386 765 1540 818 hunc
1583 764 1774 818 locum
1811 763 2067 835 perduxi,

375 859 474 912 ubi
495 856 637 912 dixi:
670 857 905 910 Etiamsi
951 857 1077 909 sunt
1119 855 1334 921 animae,
1375 852 1519 921 quod
1550 854 1768 907 interim
1809 854 2073 907 incertum

374 951 470 1013 est,
495 946 764 1013 corporeis
786 944 987 1010 ofﬁciis,
1016 957 1121 996 non
1137 946 1374 1011 peccato,
1399 942 1493 996 sed
1506 946 1707 996 natura
1727 941 1944 1010 deditae,
1964 944 2069 995 etc.

375 1032 564 1099 Quaeri
594 1048 729 1102 ergo
759 1033 966 1102 potest,
988 1047 1107 1097 cur,
1134 1029 1372 1083 dixerim
1401 1030 1546 1098 quod
1574 1032 1790 1084 interim
1812 1032 2074 1084 incertum

374 1128 468 1186 est,
506 1138 634 1175 cum
680 1136 914 1190 prorsus
957 1118 1217 1173 dubitare
1264 1135 1381 1172 non
1433 1117 1751 1185 debuerim,
1799 1134 1910 1171 non
1953 1133 2073 1172 esse

375 1212 516 1267 tales
546 1210 785 1264 animas.
838 1207 944 1263 Sed
974 1208 1082 1261 hoc
1128 1206 1256 1261 ideo
1286 1206 1421 1270 dixi,
1458 1207 1594 1277 quia
1631 1210 1900 1277 expertus
1947 1222 2073 1260 sum

376 1300 475 1371 qui
521 1299 777 1353 dicerent
809 1296 1099 1350 diabolum
1139 1298 1193 1348 et
1218 1294 1455 1363 angelos
1485 1294 1607 1364 ejus
1635 1294 1816 1348 bonos
1843 1309 1963 1347 esse
2014 1293 2074 1348 in

372 1403 581 1459 genere
613 1402 737 1450 suo,
762 1388 818 1438 et
862 1384 923 1436 in
954 1400 1019 1437 ea
1049 1386 1256 1436 natura
1286 1382 1346 1435 in
1384 1398 1498 1453 qua
1542 1398 1639 1436 eos
1678 1382 1889 1436 creavit
1925 1384 2075 1438 Deus

372 1474 572 1528 ordine.
601 1470 833 1542 proprio
872 1469 1010 1523 tales
1053 1469 1250 1539 quales
1280 1472 1445 1522 sunt:
1501 1469 1595 1522 sed
1651 1468 1815 1521 nobis
1856 1470 2075 1523 malum

374 1577 516 1627 esse,
548 1560 595 1613 si
634 1557 940 1611 illiciamur
968 1560 1025 1610 et
1067 1556 1407 1610 seducamur
1432 1556 1503 1609 ab
1534 1556 1640 1617 eis;
1676 1556 1722 1609 si
1753 1560 1944 1610 autem
1982 1573 2073 1610 ca-

373 1665 607 1703 veamus
635 1663 734 1701 eos
775 1650 946 1715 atque
984 1647 1299 1710 vincamus,
1335 1644 1605 1698 decorum
1656 1648 1826 1714 atque
1853 1645 2070 1715 glorio-

373 1753 525 1791 sum.
576 1736 637 1790 Et
670 1735 775 1788 hoc
795 1734 894 1804 qui
916 1733 1131 1798 dicunt,
1166 1732 1431 1786 videntur
1459 1732 1566 1785 sibi
1597 1737 1664 1786 ut
1702 1732 1756 1786 id
1806 1734 2070 1804 probent,

373 1825 442 1879 de
481 1821 787 1892 Scripturis
830 1820 1099 1875 adhibere
1140 1820 1346 1875 idonea
1395 1818 1762 1887 testimonia;
1796 1821 1879 1874 vel
1930 1820 2074 1875 illud

371 1913 526 1984 quod
566 1911 842 1980 scriptum
885 1913 969 1962 est
1012 1907 1067 1961 in
1111 1907 1258 1961 libro
1293 1908 1395 1962 Job
1449 1908 1559 1975 (xL,
1614 1908 1717 1976 14),
1770 1925 1899 1962 cum
1950 1909 2071 1963 dia-

270 2012 277 2019 '
367 2003 531 2057 bolus
576 1998 1010 2063 describeretur,
1060 1999 1169 2050 Hoc
1199 2001 1277 2051 est
1326 1999 1545 2051 initium
1573 2000 1817 2066 ﬁgmenti
1860 2000 2074 2053 Domini

369 2091 512 2161 quod
557 2091 689 2155 fecit
736 2088 809 2142 ad
855 2086 1190 2140 illudendum
1220 2085 1288 2139 ab
1322 2086 1549 2152 Angelis
1581 2088 1724 2152 suis;
1769 2085 1859 2139 vel
1901 2085 2069 2155 illud,

366 2184 541 2234 Draco
601 2180 687 2231 hic
752 2190 914 2245 quem
975 2172 1195 2243 ﬁiimisti
1255 2172 1329 2226 ad
1396 2173 1732 2227 illudendum
1787 2176 1838 2227 ei
1899 2173 2067 2239 (Psal.

371 2283 488 2334 cru,
543 2258 651 2334 26).
711 2264 893 2328 Quam
959 2260 1366 2326 Queestionem,
1428 2277 1556 2331 qum
1612 2278 1728 2316 non
1802 2262 2071 2316 adversus

372 2354 708 2409 Manichaaos
779 2350 879 2421 qui
935 2350 1043 2403 hoc
1108 2364 1223 2402 non
1280 2349 1553 2415 sentiunt,
1631 2350 1729 2405 sed
1803 2351 2069 2405 adversus

368 2443 506 2497 alios
581 2441 680 2512 qui
759 2440 863 2493 hoc
931 2438 1182 2491 sentiunt
1252 2437 1612 2509 suscipienda
1682 2444 1829 2494 esset
1893 2444 2067 2510 atque

369 2529 654 2593 solvenda,
728 2531 1072 2598 pertractare
1148 2529 1318 2595 atque
1383 2525 1628 2579 enodare
1684 2530 1820 2581 tunc
1887 2526 2063 2591 nolui,

367 2635 440 2672 ne
468 2617 682 2672 librum
721 2615 904 2669 multo
946 2630 1117 2685 quam
1157 2615 1361 2668 vellem
1410 2613 1655 2668 facerem
1703 2615 2063 2687 longiorem:

368 2722 497 2759 cum
545 2705 798 2759 viderem
828 2702 1000 2757 etiam
1030 2701 1075 2755 si
1112 2702 1221 2755 hoc
1249 2701 1676 2770 concederetur,
1724 2708 1920 2758 tamen
1968 2705 2066 2758 de-

368 2796 503 2849 bere
531 2792 871 2849 Manichaeos
903 2808 965 2845 ac
989 2791 1110 2862 jam
1140 2806 1302 2861 posse
1333 2789 1610 2856 convinci,
1641 2791 2066 2847 introducentes

368 2881 736 2937 insanissime
772 2895 985 2942 errore,
1020 2883 1283 2932 naturam
1324 2878 1459 2932 mali
1491 2882 1705 2933 mterno
1736 2879 1887 2934 bono
1919 2897 2067 2935 eoa:-

366 2974 613 3025 ternam.
647 2969 779 3024 Ideo
805 2984 942 3038 ergo
970 2966 1106 3034 dixi,
1138 2967 1283 3035 quod
1300 2969 1520 3021 interim
1542 2969 1807 3022 incertum
1841 2973 1919 3023 est
1948 2984 2066 3022 non

366 3059 519 3129 quod
550 3074 654 3127 ego
686 3057 816 3111 inde
847 3055 1189 3120 dubitarem,
1222 3056 1319 3109 sed
1340 3056 1488 3126 quod
1520 3055 1671 3110 inter
1699 3072 1793 3110 me
1823 3061 1879 3111 et
1914 3057 2061 3123 illos,

367 3162 510 3217 quos
535 3145 614 3198 ita
640 3160 838 3215 sapere
869 3143 1215 3205 inveneram,
1236 3143 1492 3197 nondum
1517 3148 1660 3198 esset
1688 3144 1796 3198 ista
1825 3146 2062 3215 quaestio

369 3233 677 3299 dissoluta;
709 3247 882 3302 quam
924 3236 1116 3286 tamen
1166 3231 1224 3284 in
1265 3231 1390 3285 aliis
1438 3233 1606 3300 longe
1657 3233 2062 3303 posterioribus

374 3321 537 3375 libris
568 3321 711 3375 meis
740 3320 809 3374 de
840 3319 1043 3375 Genesi
1066 3319 1428 3387 adlitteram,
1461 3321 1771 3375 secundum
1811 3322 2062 3393 Scriptu-

367 3425 458 3462 ras
488 3412 708 3463 sanctas
738 3411 954 3480 quanta
984 3406 1147 3477 potui
1176 3407 1634 3462 manifestatione
1666 3408 1916 3465 dissolvi.

432 3500 490 3551 8.
519 3495 645 3550 Alio
672 3498 815 3561 loco,
845 3498 1153 3565 Propterea,
1192 3498 1438 3564 inquam,
1481 3511 1740 3565 corporea
1783 3497 2059 3566 diligendo

360 3600 660 3654 peccamus,
707 3590 839 3654 quia
874 3584 1194 3653 spiritualia
1210 3583 1438 3650 diligere
1453 3589 1503 3638 et
1520 3586 1747 3654 justitia
1782 3586 2059 3655 jubcmur,

362 3681 412 3729 et
447 3680 649 3729 natura
679 3689 989 3744 possumus,
1024 3679 1073 3729 et
1094 3678 1223 3728 tunc
1262 3676 1321 3727 in
1350 3678 1532 3729 nostro
1566 3690 1755 3742 genere
1800 3678 1995 3745 optimi
2014 3680 2063 3728 et

365 3765 662 3817 beatissimi
711 3778 895 3817 sumus
937 3764 1087 3832 (Cap.
1134 3767 1306 3829 13,11.
1339 3761 1449 3833 20).
1504 3762 1608 3817 Ubi
1654 3764 1834 3834 quaeri
1876 3768 2064 3835 potest

364 3868 483 3913 cur,
512 3855 732 3919 natura,
765 3856 821 3905 et
850 3867 987 3919 non,
1026 3852 1218 3907 Gratia
1246 3852 1604 3921 possumus‘,
1646 3852 1904 3907 dixerim.
1955 3853 2059 3908 Sed

364 3944 563 3995 contra
593 3939 929 3994 Manichaeos
976 3941 1045 3995 de
1072 3944 1278 3994 natura
1306 3940 1549 4011 quaestio
1600 3942 1957 3997 versabatur.
1999 3945 2064 3998 Et

364 4028 565 4100 utique
616 4027 672 4081 id
703 4027 822 4100 agit
865 4028 1070 4099 gratia,
1104 4031 1164 4083 ut
1202 4032 1398 4082 sanata
1429 4032 1635 4083 natura
1666 4030 1822 4101 quod
1860 4030 2060 4087 vitiata

363 4134 480 4173 non
508 4121 714 4188 potest,
742 4116 939 4188 possit,
968 4132 1073 4187 per
1096 4132 1230 4171 eum
1262 4116 1362 4186 qui
1389 4117 1547 4172 venit
1573 4133 1830 4189 quaerere
1858 4123 1913 4173 et
1941 4120 2057 4173 sal-

362 4223 498 4262 vum
524 4206 710 4261 facere
733 4205 886 4276 quod
907 4205 1175 4276 perierat.
1196 4204 1395 4269 "Quam
1416 4209 1608 4260 tamen
1627 4207 1871 4276 gratiam
1890 4207 2061 4263 etiam

363 4302 498 4352 tunc
526 4296 777 4351 recolens
802 4293 958 4349 oravi
994 4311 1101 4365 pro
1131 4294 1594 4350 familiarissimis
1626 4296 1769 4350 meis
1795 4297 1895 4368 qui
1916 4314 2062 4352 mor-

362 4384 527 4440 tifero
575 4385 675 4440 illo
724 4384 908 4440 adhuc
967 4383 1313 4439 tenebantur
1355 4399 1566 4451 errore,
1618 4387 1673 4438 et
1715 4384 1871 4440 dixi:
1921 4389 2060 4441 Deus

360 4489 572 4541 magne,
605 4477 743 4529 Deus
765 4475 1117 4544 omnipotens,
1154 4476 1290 4528 Deus
1321 4487 1541 4527 summae
1588 4472 1865 4539 bonitatis,
1906 4490 2062 4542 quem

366 4563 731 4617 inviolabilem
774 4568 825 4616 et
868 4560 1332 4631 incorruptibilem
1373 4556 1398 4591 ²
1435 4560 1585 4614 credi
1624 4565 1785 4630 atque
1826 4563 2064 4629 intelligi

363 4651 453 4716 fas
493 4654 593 4716 est,
648 4653 821 4705 Trina
878 4653 1090 4717 Unitas,
1138 4665 1302 4715 quam
1338 4648 1603 4703 catholica
1642 4650 1879 4705 Ecclesia
1912 4652 2058 4719 colit,

363 4738 596 4807 supplere
638 4753 750 4805 oro,
797 4745 1054 4810 expertus
1088 4741 1144 4794 in
1185 4738 1278 4810 :me
1317 4736 1745 4792 misericordiam
1780 4741 1949 4800 tuam.
1996 4755 2062 4794 ne

367 4827 600 4881 homines
631 4841 751 4880 cum
788 4828 982 4895 quibus
1015 4828 1152 4882 mihi
1177 4843 1212 4881 a
1234 4827 1481 4897 pueritia
1509 4827 1567 4879 in
1595 4827 1740 4879 omni
1767 4829 2009 4881 convictu
2037 4825 2061 4861 ³

362 4917 476 4983 fuit
500 4930 709 4969 summa
736 4919 1029 4984 consensio,
1054 4919 1112 4969 in
1153 4919 1242 4970 tuo
1282 4916 1431 4969 cultu
1458 4930 1492 4968 a
1516 4929 1599 4968 me
1626 4913 1911 4969 dissentire
1939 4930 2061 4984 per-

364 5004 549 5058 mittas
588 5001 749 5073 (Cap.
786 5005 870 5069 15,
900 5018 957 5057 n.
990 5004 1097 5071 21s).
1123 5003 1213 5058 Sic
1234 5002 1433 5074 utique
1460 5018 1647 5065 orans,
1670 5002 1792 5073 jam
1830 5002 1941 5058 ﬁde
1970 5020 2059 5058 re-

361 5092 639 5158 tinebam,
689 5106 807 5144 non
852 5090 1034 5144 solum
1079 5107 1377 5146 conversos
1406 5092 1477 5146 ad
1511 5092 1691 5146 Deum
1721 5091 1906 5163 gratia
1937 5092 2060 5162 ejus

364 5179 638 5253 adjuvari,
668 5181 736 5233 ut
759 5177 1061 5250 proﬁciant
1083 5195 1148 5233 ac
1175 5179 1567 5250 perﬁciantur,
1596 5179 1699 5235 ubi
1737 5181 1920 5235 adhuc
1950 5180 2061 5235 dici

362 5272 569 5340 potest,
610 5284 724 5339 opro
772 5265 981 5321 merito
1029 5267 1419 5323 conversionis
1465 5267 1695 5323 illorum
1735 5268 1902 5325 istam
1937 5269 2061 5324 dari

424 5383 619 5456 {Apud
648 5383 762 5456 Am.
792 5384 844 5431 et
870 5381 1124 5456 aliquote
1153 5383 1297 5456 Mss.,
1328 5383 1707 5456 gratia‘potius
1734 5384 1987 5456 dixerim;

423 5444 577 5519 9Més.
593 5444 1051 5519 quatuoraddunt,
1067 5444 1744 5508 atqueincommutabitem.
1760 5447 1876 5497 Am.
1889 5450 1938 5496 et
1950 5446 2057 5507 Er.,

362 5507 530 5569 atque
559 5507 964 5558 immutabilem.
1140 5507 1155 5508 “

425 5572 445 5601 ³
466 5567 622 5628 Editi,
644 5570 707 5620 in
726 5568 999 5621 hominum
1019 5571 1166 5621 uictu
1194 5567 1300 5634 fuit
1311 5568 1376 5619 At
1386 5570 1529 5630 Mss.,
1553 5569 1612 5621 in
1631 5572 1774 5621 omni
1791 5570 2056 5623 convictu.

2176 405 2448 477 gratiam;
2481 420 2681 459 verum
2711 404 2884 459 etiam
2913 409 2977 460 ut
3024 411 3430 463 convertantur
3458 409 3528 464 ad
3560 410 3757 473 Deum,
3803 414 3861 467 ad

2178 496 2363 567 ipsam
2386 494 2483 549 Dei
2514 494 2760 565 gratiam
2790 494 3106 566 pertinere:
3139 497 3614 570 quandoquidem
3652 516 3756 572 pro
3796 502 3867 555 eis

2178 584 2335 639 oravi
2355 583 2454 655 qui
2480 588 2643 638 erant
2677 584 2752 639 ab
2786 583 2886 639 illo
2915 584 3088 640 nimis
3121 586 3322 654 aversi,
3343 592 3514 658 atque
3551 594 3618 644 ut
3633 589 3702 643 ad
3726 590 3865 645 illam

2178 676 2616 728 conveterentur
2680 672 2857 727 oravi.
2917 673 3017 729 Hic
3072 673 3220 729 liber
3266 674 3345 731 sic
3403 676 3647 748 incipit:
3696 678 3867 747 Opitu-

2181 763 2326 817 tante
2352 765 2450 818 Dei
2470 762 2870 819 misericordia.

2843 877 3067 933 CAPUT
3105 880 3239 933 XVI.

2254 984 2395 1037 Acta
2441 987 2630 1037 contra
2657 987 3015 1039 Fortunatam
3042 986 3421 1052 Manicheum,
3451 986 3616 1040 leiber
3644 1003 3801 1042 unus.

2258 1092 2304 1143 1.
2342 1088 2546 1143 Eodem
2589 1093 2849 1160 tempore
2898 1090 3242 1161 presbyterii
3287 1091 3424 1159 mei,
3455 1096 3657 1145 contra
3688 1093 3869 1147 Fortu-

2181 1181 2379 1232 natum
2413 1179 2722 1248 quemdam
2754 1179 3200 1235 Manichaeorum
3244 1180 3649 1251 presbyterum
3698 1181 3875 1253 dispu-

2181 1264 2315 1327 tavi,
2342 1264 2442 1335 qui
2463 1265 2776 1335 plurimum
2798 1267 3072 1338 temporis
3094 1269 3249 1339 apud
3288 1268 3615 1339 Hipponem
3648 1267 3869 1327 vixerat.

2182 1353 2597 1424 seduxeratque
2646 1358 2764 1409 tam
2813 1356 3046 1423 multos,
3079 1360 3143 1409 ut
3172 1361 3410 1427 propter
3463 1357 3595 1410 illos
3628 1356 3715 1412 ibi
3755 1374 3871 1413 eum

2182 1442 2485 1495 delectaret
2515 1441 2790 1496 habitare.
2825 1443 2963 1506 Quos
3002 1443 3313 1514 disputatio
3361 1444 3527 1499 nobis
3557 1445 3870 1500 altercanti-

2181 1529 2289 1583 bus
2313 1534 2546 1600 excepta
2570 1534 2655 1584 est
2684 1548 2714 1585 a
2745 1532 3005 1598 notariis,
3039 1533 3215 1587 veluti
3242 1534 3410 1587 Gesta
3437 1534 3870 1597 conﬁcerentur;

2181 1634 2316 1672 nam
2347 1623 2402 1673 et
2428 1616 2579 1672 diem
2603 1619 2794 1687 habet,
2828 1625 2885 1674 et
2914 1622 3220 1675 consulem.
3252 1622 3406 1676 Hanc
3437 1622 3496 1675 in
3526 1623 3746 1677 librum
3766 1639 3873 1679 me-

2183 1705 2381 1759 moria:
2408 1706 2792 1761 mandandam
2822 1708 3077 1762 conferre
3125 1709 3466 1765 curavimus.
3505 1712 3779 1765 Versatur
3804 1711 3875 1765 ibi

2182 1793 2422 1863 quaestio
2453 1795 2603 1849 unde
2633 1796 2707 1850 sit
2727 1798 2973 1852 malum:
3001 1814 3092 1852 me
3118 1804 3404 1852 asserente
3424 1804 3697 1853 exortum
3717 1800 3874 1854 fuisse

2184 1881 2430 1936 hominis
2458 1884 2677 1938 malum
2706 1901 2771 1938 ex
2794 1885 2976 1939 libero
3003 1886 3313 1941 voluntatis
3340 1887 3611 1953 arbitrio;
3640 1888 3741 1941 illo
3784 1905 3872 1941 au-

2180 1974 2297 2024 tem
2355 1976 2620 2026 naturam
2668 1973 2807 2027 mali
2849 1975 2964 2027 Deo
2995 1980 3338 2029 coaeternam
3386 1976 3737 2046 persuadere
3767 1993 3873 2031 mo-

2179 2057 2373 2113 liente.
2426 2059 2532 2114 Sed
2598 2062 2970 2133 consequenti
3026 2062 3117 2117 die
3161 2064 3395 2117 tandem
3440 2065 3739 2119 confessus
3780 2072 3872 2132 est,

2181 2145 2321 2199 nihil
2350 2162 2407 2199 se
2439 2147 2709 2203 adversus
2739 2165 2841 2203 nos
2871 2149 3127 2206 invenire
3153 2153 3307 2223 quod
3338 2153 3575 2208 diceret.
3611 2155 3726 2208 Nec
3753 2170 3876 2209 sane

2180 2233 2494 2289 catholicus
2521 2235 2700 2290 factus
2745 2242 2847 2300 est,
2883 2239 2975 2292 sed
3008 2242 3199 2293 tamen
3221 2240 3289 2293 ab
3323 2240 3588 2311 Hippone
3608 2242 3873 2297 discessit.

2249 2323 2301 2373 2.
2335 2322 2398 2376 In
2444 2323 2549 2377 hoc
2594 2324 2739 2378 libro
2774 2325 2917 2380 illud
2945 2328 3100 2398 quod
3150 2327 3285 2393 dixi,
3326 2330 3589 2384 Animam
3623 2330 3748 2385 dico
3780 2346 3878 2386 esse

2177 2411 2384 2475 factam
2414 2427 2448 2464 a
2482 2414 2606 2479 Deo,
2633 2417 2695 2467 ut
2718 2418 2911 2468 caetera
2945 2418 3128 2470 omnia
3158 2431 3277 2485 qua
3318 2432 3353 2470 a
3381 2419 3485 2471 Deo
3526 2419 3688 2483 facta
3730 2424 3873 2484 sunt;

2178 2504 2227 2551 et
2258 2500 2398 2552 inter
2428 2500 2525 2553 illa
2554 2516 2673 2569 quae
2702 2504 2842 2556 Deus
2872 2506 3204 2572 omnipotens
3239 2507 3388 2571 fecit,
3416 2508 3785 2576 principalem
3813 2510 3875 2562 lo-

2177 2600 2295 2638 cum
2320 2586 2511 2641 datum
2550 2602 2661 2643 esse
2706 2592 2903 2645 anima:
2930 2591 3163 2662 (Disput.
3199 2595 3247 2657 1,
3293 2608 3349 2646 n.
3390 2591 3500 2661 t3),
3542 2592 3626 2647 ita
3651 2594 3788 2661 dixi,
3820 2600 3876 2649 ut

2174 2674 2282 2727 hoc
2310 2676 2656 2743 generaliter
2700 2678 2768 2732 dc
2818 2679 3083 2734 universa
3116 2684 3378 2735 creatura
3406 2681 3681 2736 rationali
3710 2684 3875 2754 accipi

2175 2763 2400 2830 vellem,
2451 2766 2712 2835 quamvis
2740 2766 2803 2820 in
2841 2767 3146 2838 Scripturis
3176 2769 3385 2823 sanctis
3434 2764 3663 2823 animaB
3711 2770 3877 2824 dictas

2176 2866 2296 2905 esse
2324 2853 2693 2923 Angelorum,
2750 2859 2852 2909 aut
2879 2871 2999 2909 non
3028 2856 3285 2925 omnino,
3316 2861 3414 2911 aut
3442 2874 3561 2912 non
3593 2859 3776 2929 possit
3797 2860 3873 2913 fa-

2172 2938 2276 2992 cile
2305 2940 2564 3010 reperiri,
2594 2941 2738 2995 sicut
2760 2958 2934 3014 supra
2956 2943 3079 3015 jam
3103 2944 3374 3000 diximus.
3409 2947 3554 3000 Item
3580 2946 3696 3001 alio
3720 2946 3870 3000 loco:

2176 3029 2287 3094 Ego
2337 3028 2475 3095 dico,
2528 3031 2774 3100 inquam,
2801 3037 3083 3101 peccatum
3128 3048 3236 3088 non
3260 3048 3390 3100 esse,
3426 3037 3478 3088 si
3505 3050 3613 3089 non
3656 3038 3873 3105 propria

2172 3117 2447 3170 voluntate
2487 3122 2737 3185 peccetur
2787 3121 3022 3189 (Disput.
3074 3123 3130 3186 2,
3182 3136 3238 3174 n.
3279 3120 3398 3190 2t).
3436 3121 3543 3176 Ubi
3589 3128 3875 3193 peccatum

2172 3203 2312 3257 illud
2342 3203 2588 3275 intelligi
2617 3206 2792 3273 volui,
2823 3208 2972 3278 quod
2994 3224 3108 3262 non
3140 3212 3224 3261 est
3241 3208 3413 3263 etiam
3437 3192 3615 3280 paena
3638 3210 3870 3282 peccati:

2174 3307 2307 3346 nam
2338 3291 2406 3346 de
2456 3293 2557 3347 tali
2586 3311 2757 3364 paena
2800 3295 2917 3349 dixi
2949 3295 3082 3350 alibi
3124 3296 3185 3349 in
3218 3296 3419 3352 eadem
3468 3298 3871 3370 disputatione,

2172 3386 2326 3457 quod
2371 3384 2675 3441 dicendum
2707 3382 2817 3437 fuit
2838 3386 3059 3454 (Disput
3092 3388 3142 3453 l,
3169 3400 3221 3437 η.
3272 3386 3388 3455 15).
3429 3386 3697 3457 Itemque
3735 3386 3872 3441 dixi:

2170 3478 2242 3530 Et
2268 3480 2457 3546 postea
2490 3472 2674 3527 eadem
2707 3474 2829 3542 ipsa
2856 3487 3002 3538 caro,
3038 3488 3156 3541 quae
3183 3488 3280 3527 nos
3311 3475 3488 3542 pomis
3505 3477 3671 3529 torsit
3690 3477 3871 3545 inpec-

2171 3567 2328 3630 catis,
2381 3566 2672 3627 manentes,
2732 3561 3061 3630 subjiciatur
3083 3562 3236 3616 nobis
3273 3564 3327 3616 in
3372 3566 3785 3632 resurrectione,
3828 3568 3872 3617 et

2170 3654 2323 3708 nulla
2353 3652 2683 3707 adversitate
2709 3664 2805 3703 nos
2836 3652 3075 3719 quatiat,
3108 3651 3393 3718 quominus
3411 3651 3581 3719 legem
3608 3656 3662 3706 et
3687 3667 3871 3721 prece-

2165 3745 2267 3809 pta
2298 3740 2488 3794 divina
2533 3752 2798 3793 servemus
2832 3736 3069 3807 (Disput.
3110 3739 3165 3803 2,
3195 3754 3252 3793 n.
3285 3739 3394 3808 22).
3429 3738 3594 3802 Quod
3649 3755 3770 3794 non
3806 3739 3873 3793 ita

2172 3832 2258 3882 est
2304 3826 2722 3899 accipiendum,
2769 3830 3043 3896 tanquam
3089 3828 3145 3879 et
3174 3825 3236 3880 in
3272 3825 3372 3880 illo
3417 3826 3517 3880 Dei
3552 3843 3756 3897 regno,
3786 3827 3871 3882 ubi

2170 3916 2601 3988 incorruptibile
2631 3919 2801 3986 atque
2830 3914 3154 3970 immortale
3186 3932 3396 3987 corpus
3412 3917 3782 3986 habebimus,
3812 3918 3872 3973 de

2171 4005 2481 4077 Scripturis
2512 4004 2719 4059 divinis
2746 4005 2834 4057 lex
2865 4009 2924 4059 et
2951 4009 3236 4075 praecepta
3275 4005 3557 4061 sumenda
3586 4006 3735 4062 sint:
3784 4007 3869 4061 sed

2168 4092 2304 4164 quia
2341 4091 2751 4165 perfectissime
2785 4091 2864 4145 ibi
2914 4091 3004 4146 lex
3034 4096 3248 4147 aeterna
3295 4093 3641 4158 servabitur,
3697 4100 3756 4149 et
3783 4094 3873 4149 illa

2170 4182 2284 4236 duo
2332 4185 2618 4252 praecepta
2649 4180 2718 4234 de
2761 4179 3055 4251 diligendo
3084 4182 3201 4235 Deo
3230 4185 3285 4236 et
3314 4181 3605 4252 proximo,
3656 4199 3775 4238 non
3818 4184 3871 4236 in

2169 4268 2433 4337 lectione,
2467 4269 2564 4323 sed
2595 4268 2655 4321 in
2680 4267 2805 4338 ipsa
2832 4268 3085 4339 perfecta
3106 4272 3162 4323 et
3192 4269 3543 4340 sempiterna
3574 4270 3872 4325 dilectione

2168 4357 2513 4413 tenebimus.
2582 4358 2696 4412 Hoc
2748 4373 2894 4428 opus
2941 4357 3021 4411 sic
3066 4357 3292 4429 incipit:
3365 4361 3565 4429 Quinto
3628 4360 3871 4415 calendas

2169 4447 2483 4516 septembris
2514 4445 2759 4501 Arcadio
2781 4447 3032 4513 Augusto
3072 4446 3155 4501 bis
3183 4451 3234 4501 et
3259 4449 3448 4515 Rufino
3471 4449 3615 4503 uiris
3642 4449 3871 4503 clarissi-

2168 4538 2268 4591 mis
2290 4535 2620 4591 consulibus.

2806 4642 3033 4697 CAPUT
3057 4642 3220 4699 XVII.

2533 4751 2610 4803 De
2639 4747 2768 4802 Fide
2798 4751 2849 4803 et
2876 4748 3144 4817 Symbolo,
3179 4747 3314 4802 liber
3339 4762 3500 4804 unus.

2240 4857 2347 4910 Per
2375 4854 2526 4909 idem
2564 4858 2790 4926 tempus
2820 4870 3013 4908 coram
3044 4853 3323 4925 episcopis
3371 4853 3478 4908 hoc
3507 4853 3658 4909 mihi
3682 4856 3866 4926 juben-

2168 4942 2338 5011 tibus,
2368 4943 2466 5015 qui
2484 4943 2806 5014 plenarium
2830 4942 3003 4997 totius
3024 4940 3228 4996 Africae
3249 4940 3553 4996 concilium
3590 4944 3866 5014 Hippone-

2167 5033 2327 5102 regio
2376 5031 2667 5087 habebant
2695 5031 2763 5087 de
2795 5029 2929 5086 Fide
2974 5033 3031 5084 et
3052 5030 3322 5101 Symbolo
3342 5030 3644 5101 presbyter
3676 5032 3864 5103 dispu-

2166 5121 2299 5174 tavi.
2341 5121 2521 5185 Quam
2553 5118 3018 5191 disputationem,
3050 5117 3345 5173 nonnullis
3384 5134 3587 5173 eorum
3618 5120 3724 5191 qui
3770 5136 3863 5175 nos

2168 5208 2507 5264 familiarius
2572 5208 2885 5280 diligebant
2932 5206 3343 5262 studiosissime
3396 5206 3769 5275 instantibus,
3807 5208 3863 5261 in

2166 5297 2379 5353 librum
2426 5297 2675 5363 contuli;
2707 5297 2767 5351 in
2797 5312 2910 5368 quo
2951 5296 3021 5351 de
3059 5295 3232 5351 rebus
3261 5295 3399 5367 ipsis
3438 5296 3518 5351 ita
3548 5295 3859 5361 disseritur,

2170 5389 2232 5439 ut
2275 5388 2468 5440 tamen
2506 5401 2621 5440 non
2651 5384 2753 5440 ﬁat
2797 5384 3103 5439 verborum
3147 5384 3245 5459 illa
3270 5385 3577 5451 contextio,
3620 5402 3750 5456 qua:
3776 5390 3858 5439 te-

2168 5473 2356 5528 nenda
2382 5473 2718 5529 memoriter
2753 5472 3214 5544 competentibus
3256 5472 3524 5527 traditur.
3554 5475 3628 5528 In
3664 5474 3769 5528 hoc
3795 5472 3859 5527 1i-

2171 5562 2276 5618 bro
2314 5578 2445 5618 cum
2474 5562 2544 5618 de
2585 5560 3004 5619 resurrectione
3032 5560 3219 5616 carnis
3248 5566 3547 5632 ageretur:
3590 5563 3856 5629 Resurget,
