4028 6174
159 300 250 349 (ili!
1629 294 1836 349 LIBER
1880 295 2158 350 PRIMUS.

158 425 383 489 inquam,
413 431 602 486 corpus
622 415 912 471 secundum
940 417 1296 471 christianum
1339 417 1519 485 ﬁdem,
1574 434 1693 487 quo:
1721 418 1834 484 fal-

161 514 258 562 lere
282 517 415 560 tnon
452 509 641 574 potest.
682 504 834 570 Quod
879 507 967 559 cui
1011 505 1228 559 videtur
1276 506 1609 571 incredibile,
1653 508 1835 576 qualis

161 600 225 652 sit
246 610 370 651 nunc
397 609 523 648 caro
552 592 803 657 attendit,
827 594 1010 662 qualis
1036 598 1214 647 autem
1233 596 1427 660 futura
1454 597 1528 649 sit
1546 610 1653 649 non
1666 597 1835 650 consi-

158 685 327 738 derat:
357 685 488 751 quia
517 682 607 735 illo
629 686 861 750 tempore
891 684 1285 737 immutationis
1315 685 1589 750 angelica,
1605 700 1709 738 non
1712 685 1835 752 jam

155 789 268 827 caro
289 775 385 825 erit
413 774 464 824 et
487 772 732 837 sanguis,
763 770 857 824 sed
888 775 1097 824 tantum
1119 786 1312 839 corpus
1344 773 1495 841 (Cap.
1527 774 1612 837 l0,
1633 790 1689 827 n.
1718 773 1828 843 23);

154 866 205 914 et
221 865 415 914 eastern
433 876 562 930 qua:
593 858 672 913 ibi
696 859 765 913 de
792 875 1101 929 corporum
1130 861 1488 914 terrestrium
1508 860 1569 915 in
1594 877 1835 931 corpora

152 949 382 1005 coelestia
412 947 727 1003 mutatione
749 948 1006 1012 disserui,
1032 948 1304 1018 quoniam
1335 949 1473 1003 dixit
1502 951 1829 1021 Apostolus,

152 1054 267 1090 cum
296 1036 427 1090 inde
465 1036 819 1106 loqueretur,
852 1037 987 1091 Caro
1012 1040 1061 1089 et
1085 1038 1309 1104 sanguis
1336 1052 1561 1103 regnum
1590 1040 1687 1093 Dei
1728 1054 1831 1092 non

147 1123 506 1194 possidebunt.
541 1123 650 1177 Sed
680 1122 935 1194 quisquis
965 1138 1032 1177 ea
1061 1122 1139 1177 sic
1184 1123 1404 1195 accipit,
1439 1129 1502 1178 ut
1548 1125 1834 1179 existimet
1871 1152 1883 1163 -

152 1213 221 1267 ita
247 1228 447 1281 corpus
476 1215 790 1277 terrenum,
822 1212 989 1282 quale
1020 1227 1171 1266 nunc
1199 1212 1505 1281 habemus,
1538 1212 1599 1266 in
1627 1229 1831 1284 corpus

150 1302 358 1356 cceleste
409 1300 839 1354 resurrectione.
862 1300 1090 1366 mutari,
1142 1304 1203 1354 ut
1252 1316 1355 1355 nec
1402 1301 1660 1355 membra
1703 1301 1831 1369 ista,

154 1406 244 1443 nec
270 1389 451 1457 carnis
481 1388 556 1442 sit
585 1388 777 1442 futura
813 1388 1165 1454 substantia;
1205 1389 1403 1458 procul
1435 1389 1608 1443 dubio
1655 1389 1831 1443 corri-

152 1478 354 1549 gendus
383 1481 488 1543 est,
520 1476 902 1531 commonitus
936 1477 1004 1533 de
1034 1492 1271 1549 corpore
1303 1476 1551 1544 Domini,
1578 1477 1677 1548 qui
1704 1481 1835 1548 post

153 1563 609 1618 resurrectionem
649 1565 709 1617 in
739 1564 952 1618 eisdem
982 1563 1255 1617 membris
1294 1579 1410 1618 non
1459 1564 1643 1619 solum
1696 1581 1831 1618 con-

152 1652 456 1722 spiciendus
498 1651 698 1719 oculis,
746 1668 944 1705 verum
990 1651 1164 1707 etiam
1207 1654 1470 1707 manibus
1514 1653 1834 1707 tractandus

155 1740 415 1811 apparuit,
438 1756 787 1810 carnemque
817 1755 875 1793 se
907 1740 1114 1794 habere
1147 1740 1319 1795 etiam
1348 1758 1612 1795 sermone
1640 1741 1833 1796 ﬁrma-

153 1829 239 1891 vit,
270 1828 491 1883 dicens:
524 1829 752 1898 Palpate
797 1833 848 1882 et
887 1829 1063 1883 videte
1106 1832 1237 1898 quia
1275 1833 1505 1899 spiritus
1543 1846 1757 1885 carnem
1786 1835 1836 1884 et

156 1932 261 1971 ossa
294 1932 396 1971 non
425 1916 607 1983 habet,
640 1919 778 1971 sicut
807 1932 886 1971 me
913 1915 1106 1972 videtis
1138 1919 1329 1973 habere
1358 1921 1508 1989 (Luc.
1543 1936 1693 1987 xxxv,
1724 1919 1831 1987 39),

160 2005 296 2058 Unde
320 2010 542 2058 constat
569 2005 901 2075 Apostolum
948 2021 1062 2060 non
1094 2006 1276 2060 carnis
1306 2006 1687 2061 substantiam
1731 2022 1833 2061 ne-

158 2109 298 2163 gasse
326 2092 384 2146 in
412 2109 595 2163 regno
628 2093 726 2147 Dei
755 2094 1008 2148 futuram
1032 2111 1046 2160 ;
1074 2095 1168 2149 sed
1200 2100 1298 2149 aut
1326 2094 1588 2149 homines
1620 2095 1719 2166 qui
1748 2111 1837 2149 se-

157 2182 385 2236 cundum
410 2198 645 2236 carnem
693 2181 909 2248 vivunt,
954 2182 1139 2236 carnis
1185 2187 1240 2237 et
1267 2182 1558 2253 sanguinis
1604 2183 1836 2237 nomine

159 2287 527 2341 nuncupasse,
583 2275 680 2325 aut
736 2271 920 2341 ipsam
973 2270 1158 2325 carnis
1195 2270 1649 2341 corruptionem,
1706 2286 1835 2341 quae

160 2363 278 2413 tunc
300 2358 493 2430 utique
524 2359 686 2414 nulla
713 2359 839 2413 erit.
875 2361 1016 2414 Nam
1037 2375 1169 2413 cum
1194 2359 1447 2425 dixisset,
1477 2360 1622 2414 Caro
1651 2364 1699 2413 et
1714 2374 1839 2413 san-

161 2449 266 2515 gnis
292 2464 510 2516 regnum
551 2450 646 2502 Dei
688 2464 793 2502 non
825 2448 1224 2517 possidebunt;
1275 2448 1419 2502 bene
1471 2447 1835 2518 intelligitur,

163 2542 412 2609 tanquam
424 2537 764 2609 exponendo
785 2536 922 2609 quid
948 2536 1463 2604 dixerit,continuo
1491 2536 1831 2591 subdidisse:

165 2627 322 2695 Neque
369 2628 643 2696 corruptio
672 2627 1071 2695 corruptionem
1117 2625 1417 2694 possidebit
1474 2626 1514 2694 (Ι
1573 2626 1691 2681 Cor.
1742 2642 1832 2691 xv,

166 2713 258 2783 50).
291 2714 360 2768 De
389 2731 501 2785 qua
531 2731 591 2769 re
622 2706 694 2769 ad
738 2713 1196 2786 persuadendum
1243 2712 1569 2767 inﬁdelibus
1595 2714 1833 2780 difﬁcili,

166 2800 444 2873 diligenter
497 2807 783 2874 quantum
832 2802 996 2873 potui
1028 2818 1119 2856 me
1179 2801 1508 2857 disseruisse
1568 2803 1836 2872 reperiet,

167 2889 399 2961 quisquis
419 2891 487 2945 de
506 2891 747 2945 Civitate
778 2890 876 2945 Dei
894 2890 1103 2945 librum
1126 2890 1325 2961 legerit
1348 2890 1721 2945 novissimum
1746 2892 1833 2958 la).

170 2977 251 3031 llic
277 2979 411 3034 liber
439 2979 518 3034 sic
553 2979 784 3050 incipit:
817 2980 1081 3045 Quoniam
1109 2981 1372 3049 scriptum
1398 2984 1493 3034 est.

770 3093 996 3148 CAPUT
1034 3093 1220 3147 XVIII.

290 3197 367 3252 De
393 3201 584 3255 Genesi
600 3198 676 3252 ad
699 3198 937 3254 litteram
973 3201 1343 3269 imperfectus,
1376 3200 1511 3254 liber
1534 3216 1693 3254 unus.

229 3304 357 3358 Cum
385 3305 452 3359 de
482 3305 655 3360 Gensi
701 3306 842 3360 duos
879 3305 1052 3359 libros
1097 3310 1295 3359 contra
1340 3306 1674 3360 Manichacus
1704 3322 1838 3360 con-

172 3391 449 3461 didissem;
500 3393 777 3465 quoniam
817 3394 1130 3448 secundum
1173 3394 1533 3465 allegoricam
1563 3394 1845 3466 signiﬁca-

173 3479 359 3537 tionem
386 3482 692 3554 Scripturse
717 3482 889 3537 verba
919 3488 1317 3553 tractaveram,
1347 3500 1463 3538 non
1491 3500 1661 3538 ausus
1684 3488 1844 3538 natu—

175 3569 355 3624 ralium
380 3587 573 3626 rerum
608 3576 766 3626 tanta
791 3576 1006 3627 secreta
1025 3572 1098 3627 ad
1123 3572 1367 3627 litteram
1399 3588 1705 3643 exponere,
1737 3572 1844 3626 hoc

175 3660 245 3709 est
270 3661 747 3729 quemadmodum
764 3665 992 3731 possent
1020 3661 1335 3716 secundum
1363 3660 1690 3715 historicum
1721 3676 1846 3731 pro-

175 3745 446 3812 prietatem
473 3765 607 3821 qua:
640 3749 718 3803 ibi
748 3750 896 3804 dicta
924 3754 1060 3804 sunt
1088 3730 1299 3823 accipi':
1323 3750 1481 3804 volui
1510 3749 1755 3821 experiri
1785 3749 1846 3803 in

176 3832 266 3887 hoc
283 3852 497 3909 quoque
540 3838 1002 3909 negotiosissimo
1033 3855 1098 3893 ac
1127 3838 1465 3893 difﬁcillimo
1495 3854 1667 3911 opere
1708 3837 1843 3909 quid

176 3923 436 3994 valerem;
488 3928 591 3982 scd
638 3927 697 3981 in
748 3927 1059 3997 Scripturis
1116 3927 1469 3998 exponendis
1516 3926 1846 3983 tirocinium

179 4025 347 4068 meum
372 4016 471 4070 sub
504 4020 669 4070 tanta
698 4016 936 4070 sarcinae
965 4015 1116 4069 mole
1148 4015 1463 4069 succubuit.
1495 4015 1560 4068 Et
1588 4014 1846 4068 nondum

180 4101 397 4167 perfecto
413 4120 527 4158 uno
558 4103 724 4168 libro,
751 4104 821 4158 ab
843 4121 909 4158 eo
935 4120 1107 4175 quem
1132 4104 1412 4158 sustinere
1442 4119 1557 4157 non
1585 4106 1847 4173 poteram

180 4185 345 4244 labore
380 4192 700 4265 conquievi.
742 4192 850 4247 Sed
903 4192 965 4246 in
1012 4193 1119 4246 hoc
1149 4208 1322 4263 opere
1368 4208 1498 4245 cnm
1550 4206 1677 4245 mea
1706 4207 1846 4262 opu-

183 4277 314 4330 scuta
361 4284 747 4348 retractarem,
778 4279 883 4333 iste
914 4279 1022 4351 ipsi
1052 4283 1116 4333 ut
1144 4284 1267 4334 erat
1294 4279 1660 4357 imperfectus
1694 4277 1851 4331 venit

184 4360 233 4416 in
260 4380 481 4439 manus;
515 4384 690 4440 quem
721 4384 907 4440 neque
938 4368 1249 4434 edideram,
1294 4371 1349 4421 et
1393 4367 1620 4421 abolere
1662 4366 1851 4420 decre-

182 4464 365 4519 veram,
404 4457 681 4527 quoniam
709 4456 909 4527 scripsi
936 4461 1135 4527 postea
1171 4454 1474 4513 duodecim
1503 4453 1679 4508 libros
1706 4470 1849 4525 quo-

187 4552 293 4595 rum
317 4543 507 4600 titulus
540 4551 645 4617 est,
686 4547 765 4600 De
822 4545 1024 4600 Genesi
1076 4545 1148 4599 ad
1204 4544 1469 4598 litteram.
1536 4544 1601 4596 In
1641 4542 1851 4614 quibus

187 4632 412 4695 quamvis
442 4636 625 4689 multa
653 4633 894 4705 quaesita
926 4632 1116 4703 potius
1147 4647 1322 4703 quam
1350 4630 1581 4685 inventa
1620 4630 1852 4685 videan-

187 4717 281 4785 tur,
304 4723 484 4776 tamcn
518 4721 599 4775 eis
628 4721 733 4776 iste
761 4721 921 4775 nullo
948 4720 1119 4775 modo
1152 4724 1234 4773 est
1270 4718 1710 4790 comparandus.
1741 4719 1849 4772 Ve-

190 4818 295 4860 mm
320 4815 372 4863 et
398 4812 547 4866 hunc
574 4816 942 4883 posteaquam
973 4810 1294 4877 retractavi,
1329 4826 1561 4864 manere
1598 4808 1751 4863 volui
1789 4813 1855 4863 ut

192 4899 312 4949 esset
337 4897 517 4969 index,
547 4905 827 4969 quantum
857 4899 1137 4967 existimo,
1168 4914 1285 4952 non
1314 4898 1534 4952 inutilis
1556 4897 1853 4953 rudimen-

190 4981 351 5038 torum
376 5003 631 5044 meorum
662 4989 723 5043 in
755 4988 1121 5043 enucleandis
1152 4991 1323 5058 atque
1371 4986 1692 5042 scrutandis
1721 4985 1856 5040 divi-

194 5066 266 5121 nis
292 5072 539 5147 eloquiis,
570 5077 809 5149 ejusque
838 5076 1071 5131 titulum
1097 5092 1216 5130 esse
1248 5075 1422 5143 volui,
1453 5075 1521 5131 de
1552 5074 1754 5130 Genesi
1785 5074 1857 5128 ad

192 5151 409 5217 litteram
429 5164 812 5236 imperfectus.
837 5164 1033 5220 Inveni
1047 5165 1261 5235 quippe
1279 5180 1410 5219 eum
1436 5180 1621 5236 usque
1642 5163 1715 5218 ad
1736 5163 1856 5217 haec

192 5247 340 5302 verba
381 5251 684 5308 dictatum:
736 5257 898 5308 Pater
948 5258 1159 5308 tantum
1213 5255 1369 5308 Pater
1414 5258 1513 5321 est,
1544 5268 1638 5307 nec
1679 5254 1853 5307 Filius

193 5333 324 5390 aliud
348 5345 420 5394 est
448 5358 607 5411 quam
643 5344 816 5398 Filius
851 5363 866 5411 ;
905 5345 1037 5412 quia
1066 5346 1116 5397 et
1143 5358 1262 5398 cum
1310 5343 1515 5398 dicitur
1558 5342 1856 5397 similitudo

246 5490 260 5521 ¹
286 5491 519 5547 Nonnulli
549 5497 679 5548 Cdd.
708 5498 907 5548 habent
936 5496 1079 5561 falli.

245 5578 310 5637 ta)
336 5579 448 5635 Vid.
479 5585 572 5661 lib.
611 5589 673 5638 22
702 5587 767 5637 de
790 5586 941 5637 Civit.
971 5586 1084 5647 Dei,
1115 5599 1191 5637 ec.
1213 5588 1258 5646 5,
1286 5587 1362 5635 2t.

3545 304 3647 356 ulli

1948 420 2152 487 Patris,
2180 434 2493 487 quanquam
2515 418 2762 473 ostendat
2778 418 2985 473 nullam
3014 421 3336 475 intervenire
3368 421 3649 476 dissimili-

1947 507 2207 573 tudinem,
2233 523 2339 561 non
2380 511 2557 561 tamen
2585 508 2729 562 solus
2754 511 2833 561 est
2865 508 3047 577 Pater,
3076 512 3129 563 si
3168 510 3359 563 habet'
3385 512 3644 564 similitu-

1944 595 2123 649 dinem
2151 596 2319 666 (Cap.
2352 588 2520 663 16,'n.
2555 596 2666 666 60).
2704 596 2833 648 Post
2861 594 2981 649 haec
3011 596 3247 666 repetivi
3282 597 3456 655 verba
3493 596 3646 651 Scri-

1943 688 2129 753 pturua
2156 699 2350 738 rursus
2387 682 2804 737 consideranda
2832 688 3004 753 atque
3038 685 3352 754 tractanda,
3384 688 3454 740 Et
3499 685 3648 739 dixit

1943 773 2114 825 Deus:
2145 773 2430 825 Faciamus
2474 773 2736 825 hominem
2781 772 2857 825 ad
2898 774 3188 837 imaginem
3229 778 3279 827 et
3324 773 3648 827 similitudi-

1942 874 2059 913 nem
2085 865 2326 913 nostram
2358 859 2504 929 (Gen.
2539 877 2576 926 ι,
2609 860 2724 928 26).
2760 860 2878 912 Huc
2907 875 3085 929 usque
3126 860 3398 915 dictatum
3435 861 3646 915 librum

1941 947 2339 1017 imperfectum
2374 948 2738 1018 reliqueram.
2789 947 2951 1011 Quod
2985 952 3175 1001 autem
3216 949 3325 1003 sibi
3362 949 3646 1021 sequitur,

1942 1036 2269 1090 addendum
2304 1037 2497 1106 putavi
2516 1052 2642 1089 cum
2676 1052 2804 1090 eum
2849 1041 3251 1090 retractarem:
3283 1053 3386 1090 nec
3428 1038 3508 1090 sic
3556 1042 3644 1091 ta-

1942 1140 2077 1178 men
2108 1125 2340 1196 perfeci,
2372 1125 2467 1179 sed
2498 1125 2605 1178 hoc
2633 1140 2860 1195 quoque
2891 1125 3085 1179 addito
3117 1124 3516 1196 imperfectum
3549 1142 3643 1180 rc-

1940 1211 2105 1281 liqui.
2139 1212 2197 1267 Si
2227 1213 2383 1266 enim
2412 1212 2795 1283 perfecissem,
2827 1214 3026 1267 saltem
3056 1215 3125 1267 de
3164 1215 3428 1268 omnibus
3459 1214 3640 1285 operi-

1940 1299 2048 1355 bus
2079 1305 2134 1354 et
2164 1301 2349 1355 verbis
2398 1300 2519 1363 Dei,
2560 1316 2690 1370 quas
2739 1302 2807 1355 ad
2858 1307 3082 1355 sextum
3129 1302 3281 1356 diem
3328 1304 3640 1372 pertinent,

1943 1389 2342 1459 disputassem.
2378 1390 2443 1442 In
2474 1388 2579 1442 hoc
2607 1388 2753 1442 libro
2794 1405 2859 1442 ea
2890 1394 3084 1443 notare
3111 1405 3240 1460 quae
3274 1390 3413 1443 mihi
3442 1391 3640 1461 displi-

1943 1482 2087 1541 cent,
2124 1478 2211 1531 vel
2244 1477 2549 1531 defendere
2580 1493 2709 1547 quee
2738 1476 2863 1530 aliis
2903 1492 3018 1530 non
3047 1478 3190 1530 bene
3214 1478 3502 1532 intellecta
3529 1479 3640 1532 dis-

1942 1568 2153 1638 plicere
2182 1571 2441 1638 possunt,
2484 1567 2838 1637 superfluum
2881 1565 3024 1619 mihi
3059 1566 3241 1619 visum
3288 1572 3395 1621 est.
3453 1567 3641 1621 Brevi-

1943 1661 2031 1710 ter
2059 1655 2215 1710 enim
2243 1655 2434 1726 potius
2459 1655 2735 1709 admoneo
2767 1660 2829 1708 ut
2847 1655 2931 1708 illi
2955 1654 3254 1708 duodecim
3282 1654 3414 1708 libri
3452 1656 3644 1726 legan-

1944 1749 2056 1813 tur,
2085 1760 2226 1814 quos
2265 1744 2433 1813 longe
2472 1748 2672 1813 postea
2708 1741 3007 1813 episcopus
3045 1742 3169 1807 feci,
3206 1747 3261 1795 et
3286 1758 3353 1795 ex
3392 1742 3532 1811 ipsis
3571 1743 3640 1797 de

1944 1833 2053 1886 isto
2077 1831 2383 1902 judicetur.
2436 1832 2532 1885 Hic
2557 1847 2692 1901 ergo
2723 1831 2801 1882 sic
2828 1830 3061 1899 incipit:
3099 1833 3171 1883 De
3204 1830 3445 1884 obscuris
3483 1837 3641 1885 natu-

1944 1922 2146 1975 ralium
2186 1935 2386 1988 rerum,
2410 1935 2528 1987 qua:
2563 1920 2918 1987 omnipotente
2956 1921 3057 1971 Deo
3094 1920 3300 1985 artiﬁce
3328 1920 3482 1984 facta
3510 1934 3641 1973 sen-

1947 2011 2128 2075 timus,
2158 2024 2262 2063 non
2288 2006 2627 2075 afﬁrmando,
2648 2006 2741 2060 sed
2770 2006 3053 2075 quaerendo
3079 2006 3423 2060 tractandum
3448 2012 3543 2061 est.

2590 2112 2815 2167 CAPUT
2854 2113 2963 2166 XIX
2978 2153 2989 2166 .

2194 2206 2267 2257 De
2294 2203 2542 2257 Sermone
2566 2202 2780 2255 Domini
2809 2202 2866 2254 in
2887 2204 3080 2266 monte,
3112 2200 3242 2254 libri
3265 2200 3393 2255 duo.

2022 2304 2068 2353 l.
2113 2301 2220 2353 Per
2241 2298 2395 2353 idem
2424 2303 2648 2368 tempus
2681 2298 2749 2352 de
2777 2297 3052 2351 Sermone
3087 2295 3314 2350 Domini
3333 2296 3392 2349 in
3422 2300 3640 2361 monte,

1948 2386 2264 2440 secundum
2291 2386 2641 2453 Matthaeum,
2671 2385 2783 2439 duo
2821 2383 3114 2437 volumina
3149 2382 3369 2453 scripsi.
3400 2385 3463 2437 In
3497 2399 3643 2454 quo-

1949 2490 2075 2527 rum
2101 2474 2287 2545 primo
2318 2476 2555 2543 propter
2572 2472 2627 2526 id
2652 2472 2806 2543 quod
2826 2471 3101 2542 scriptum
3128 2476 3234 2537 est,
3271 2473 3466 2526 «Beati
3488 2473 3648 2541 paci-

1945 2564 2055 2630 ﬁci,
2083 2562 2336 2630 quoniam
2382 2561 2493 2629 ipsi
2536 2560 2641 2628 ﬁlii
2669 2562 2765 2614 Dei
2788 2560 3123 2614 vocabantur
3150 2581 3172 2608 ι
3208 2559 3421 2630 (Matth.
3450 2576 3503 2626 v,
3545 2559 3642 2631 9);

1946 2650 2253 2719 Sapientia,
2274 2651 2521 2716 inquam,
2552 2650 2799 2713 congruit
2822 2649 3155 2716 paciﬁcis,in
3184 2647 3381 2714 quibus
3404 2647 3526 2715 jam
3551 2663 3645 2701 or—

1946 2738 2141 2792 dinata
2162 2741 2290 2791 sunt
2311 2738 2513 2802 omnia,
2551 2736 2838 2804 nullusque
2865 2740 3037 2789 motus
3084 2735 3343 2789 adversus
3381 2737 3646 2789 rationem

1946 2828 2158 2882 rebellis
2198 2830 2294 2893 est,
2340 2825 2433 2879 sed
2476 2829 2668 2879 cuncta
2705 2825 3073 2893 obtemperant
3118 2825 3346 2891 spiritui
3391 2824 3647 2890 hominis,

1948 2931 2066 2971 cum
2116 2920 2166 2969 et
2219 2917 2334 2984 ipse
2383 2914 2702 2982 obtemperet
2754 2915 2860 2966 Deo
2916 2912 3058 2981 (Lib.
3121 2915 3168 2977 l,
3216 2928 3263 2965 c.
3316 2913 3370 2977 4,
3415 2926 3470 2965 n.
3536 2911 3643 2981 11).

1948 3003 2107 3068 Quod
2134 3002 2336 3057 merito
2368 3002 2558 3056 movet
2587 3000 2870 3072 quomodo
2899 3000 3161 3054 dixerim.
3197 2999 3322 3053 Non
3341 2999 3497 3052 enim
3527 2999 3648 3051 cui-

1949 3109 2121 3165 quam
2143 3092 2443 3163 provenire
2474 3090 2534 3144 in
2558 3090 2662 3143 hac
2700 3089 2811 3143 vita
2838 3092 3046 3159 potest,
3078 3092 3143 3140 ut
3182 3087 3273 3140 lex
3321 3102 3651 3157 repugnans

1951 3182 2065 3253 legi
2093 3180 2303 3235 mentis
2334 3178 2571 3234 omnino
2600 3195 2716 3233 non
2745 3178 2815 3231 sit
2838 3178 2898 3231 in
2928 3176 3220 3231 membris.
3253 3175 3488 3239 Quando
3518 3175 3647 3246 qui-

1952 3271 2081 3326 dem
2109 3271 2282 3324 etiam
2312 3270 2359 3324 si
2390 3268 2443 3322 ei
2467 3268 2546 3323 sic
2581 3267 2867 3321 resisteret
2903 3264 3139 3336 spiritus
3174 3263 3446 3330 hominis,
3488 3268 3551 3316 ut
3590 3262 3647 3315 in

1954 3360 2175 3414 nullum
2205 3359 2328 3429 ejus
2360 3358 2643 3411 laberetur
2672 3370 2997 3421 assensum;
3029 3369 3148 3407 non
3177 3353 3307 3406 ideo
3332 3358 3524 3405 tamen
3553 3350 3654 3404 illa

1952 3464 2068 3503 non
2097 3452 2460 3518 repugnaret.
2506 3447 2621 3499 Hoc
2650 3459 2787 3514 ergo
2827 3442 2978 3514 quod
3024 3442 3239 3496 dictum
3286 3444 3391 3507 est,
3431 3439 3650 3495 Nullum

1952 3552 2061 3592 esse
2101 3542 2301 3591 motum
2346 3534 2604 3589 adversus
2644 3535 2908 3587 rationem
2957 3530 3222 3595 rebellem,
3272 3531 3422 3581 recte
3463 3526 3642 3596 accipi

1952 3627 2141 3694 potest
2168 3622 2226 3676 id
2257 3638 2406 3675 nunc
2432 3619 2732 3689 agentibus
2759 3616 3030 3688 paciﬁcis,
3062 3614 3346 3670 domando
3373 3613 3648 3682 concupi-

1955 3711 2195 3767 scentias
2223 3709 2430 3773 carnis,
2461 3712 2529 3762 ut
2556 3706 2624 3761 ad
2648 3706 2815 3760 istam
2838 3720 3034 3775 pacem
3052 3702 3443 3774 plenissimam
3462 3716 3646 3773 quan-

1955 3801 2141 3872 doque
2170 3799 2450 3853 veniatur.

2028 3892 2077 3943 2.
2121 3886 2363 3943 Proinde
2411 3885 2565 3957 quod
2602 3883 2715 3938 alio
2758 3883 2905 3950 loco,
2949 3897 3079 3936 cum
3122 3880 3384 3934 eamdem
3427 3884 3654 3934 senten-

1955 3978 2097 4033 tiam
2134 3975 2517 4047 evangelicam
2567 3977 2829 4045 repetens
2870 3971 3160 4040 dixissem,
3208 3972 3364 4026 Beati
3409 3970 3653 4039 paciﬁci,

1958 4068 2214 4137 quoniam
2242 4067 2352 4134 ipsi
2377 4066 2482 4133 ﬁlii
2526 4065 2623 4118 Dei
2658 4061 2994 4117 vocabuntur
3036 4059 3254 4131 (Matth.
3309 4075 3365 4128 v,
3414 4059 3502 4128 9);
3553 4057 3652 4111 ad-

1951 4155 2119 4226 junxi
2148 4154 2359 4221 dicens,
2393 4155 2463 4207 Et
2489 4155 2600 4207 ista
2633 4150 2851 4220 quidem
2878 4151 2937 4203 in
2964 4150 3064 4203 hac
3090 4150 3206 4203 vita
3247 4148 3502 4215 compleri
3524 4160 3657 4213 pos-

1957 4249 2105 4314 sunt,
2131 4246 2271 4298 sicut
2310 4242 2568 4310 completa
2587 4253 2697 4294 esse
2725 4241 2785 4292 in
2815 4237 3091 4307 Apostolis
3112 4235 3380 4290 credimus
3421 4233 3559 4303 (Lib.
3604 4237 3653 4299 l,

1959 4350 2006 4387 c.
2032 4335 2086 4400 4,
2118 4349 2173 4387 n.
2212 4332 2326 4398 l2):
2354 4329 2432 4382 sic
2479 4326 2873 4398 accipiendum
2921 4329 3024 4391 est,
3071 4340 3191 4378 non
3226 4326 3288 4375 ut
3316 4322 3649 4390 inAposto-

1961 4419 2028 4474 lis
2056 4419 2149 4474 hic
2176 4417 2494 4472 viventibus
2540 4415 2762 4469 nullum
2807 4413 2995 4468 carnis
3042 4414 3266 4465 motum
3309 4408 3656 4462 arbitremur

1961 4504 2189 4575 spiritui
2216 4519 2597 4574 repugnasse;
2628 4501 2724 4556 sed
2756 4501 3027 4555 hactenus
3054 4497 3147 4551 hic
3175 4496 3284 4550 ista
3310 4510 3476 4566 posse
3501 4510 3661 4548 com-

1961 4593 2128 4665 pleri,
2159 4599 2441 4663 quatenus
2471 4592 2532 4645 in
2552 4589 2839 4663 Apostolis
2874 4587 3162 4642 credimus
3199 4600 3321 4639 esse
3358 4582 3664 4654 completa,

1964 4698 2032 4735 ea
2057 4697 2326 4735 mensura
2372 4680 2582 4735 scilicet
2623 4675 2988 4750 perfectionis
3014 4676 3306 4735 humanae,
3346 4677 3562 4744 quanta
3607 4672 3670 4726 in

1964 4771 2069 4826 hac
2095 4770 2208 4825 vita
2236 4773 2425 4841 potest
2458 4785 2579 4823 esse
2608 4765 2905 4837 perfectio.
2960 4764 3086 4818 Non
3113 4763 3271 4817 enim
3320 4762 3534 4817 dictum
3560 4764 3666 4828 est,

1965 4861 2076 4914 Ista
2104 4859 2165 4913 in
2194 4860 2300 4913 hac
2331 4858 2443 4913 vita
2470 4854 2746 4926 compleri
2777 4856 3035 4924 possunt,
3068 4868 3203 4906 nam
3234 4851 3518 4922 completa
3548 4864 3669 4903 esse

1964 4948 2026 5002 in
2068 4947 2350 5019 Apostolis
2398 4945 2709 5011 credimus;
2764 4942 2863 4996 sed
2915 4941 3132 4996 dictum
3190 4945 3295 5008 est,
3341 4943 3482 4995 sicut
3527 4954 3670 4993 com-

1960 5038 2111 5108 pleta
2137 5051 2248 5092 esse
2275 5039 2333 5090 in
2358 5034 2635 5104 Apostolis
2658 5031 2947 5097 credimus,
2981 5036 3044 5085 ut
3076 5030 3156 5084 ita
3180 5030 3577 5101 compleantur
3601 5025 3673 5079 si-

1966 5130 2062 5182 cut
2090 5126 2151 5181 in
2179 5126 2293 5181 illis
2321 5125 2606 5195 completa
2632 5125 2786 5187 sunt,
2818 5120 2877 5175 id
2910 5125 2993 5174 est
3020 5118 3268 5191 quadam
3298 5115 3674 5188 perfectione,

1966 5218 2127 5289 cujus
2168 5232 2340 5288 capax
2372 5218 2456 5269 est
2499 5213 2608 5267 ista
2632 5212 2767 5278 vita,
2810 5227 2925 5265 non
2971 5210 3116 5265 sicut
3156 5204 3499 5277 complenda
3537 5207 3671 5258 sunt

1965 5306 2064 5361 illa
2089 5321 2263 5377 quam
2292 5317 2586 5375 speramus
2607 5316 2746 5372 pace
2776 5299 3129 5372 plenissima,
3152 5295 3382 5367 quando
3408 5293 3628 5347 dicetur
3653 5308 3667 5346 :

1971 5395 2073 5451 Ubi
2097 5399 2196 5463 est,
2224 5406 2385 5458 mors,
2420 5392 2686 5447 contentio
2709 5392 2848 5444 tua?
2875 5389 2922 5461 (Ι
2948 5390 3066 5445 Cor.
3088 5388 3190 5453 'xv,
3222 5382 3337 5451 55.)

1979 5524 2046 5633 dii
2068 5521 2130 5569 In
2154 5518 2283 5569 Edd.
2308 5519 2442 5578 Ann,
2463 5518 2548 5567 Er.
2567 5532 2627 5568 ac
2652 5516 2961 5579 Benignian.
2985 5515 3102 5573 Ms,
3124 5509 3212 5562 sed
3228 5508 3386 5561 habet
3405 5507 3662 5561 simtlilu-

2034 5594 2178 5633 nent.

2034 5594 2178 5633 ησηι.
