  <div class='ocr_page' id='page_1' title='image "/cluster/home/n/w/nwhite01/storage/ocr_20150623/32/hvd.32044096580550/327.png"; bbox 0 0 4028 6174; ppageno 0'>
   <div class='ocr_carea' id='block_1_1' title="bbox 440 294 542 345">
    <p class='ocr_par' dir='ltr' id='par_1_1' title="bbox 440 294 542 345">
     <span class='ocr_line' id='line_1_1' title="bbox 440 294 542 345; baseline -0.01 0"><span class='ocrx_word' id='word_1_1' title='bbox 440 294 542 345; x_wconf 67' lang='lat' dir='ltr'><strong>ﬁlii</strong></span> 
     </span>
    </p>
   </div>
   <div class='ocr_carea' id='block_1_2' title="bbox 513 401 2137 475">
    <p class='ocr_par' dir='ltr' id='par_1_2' title="bbox 513 401 2137 475">
     <span class='ocr_line' id='line_1_2' title="bbox 513 401 2137 475; baseline -0.005 -12"><span class='ocrx_word' id='word_1_2' title='bbox 513 414 563 465; x_wconf 88' lang='lat'><strong>3.</strong></span> <span class='ocrx_word' id='word_1_3' title='bbox 605 409 732 463; x_wconf 76' lang='lat' dir='ltr'><strong>Alio</strong></span> <span class='ocrx_word' id='word_1_4' title='bbox 781 409 905 462; x_wconf 92' lang='lat' dir='ltr'><strong>loco</strong></span> <span class='ocrx_word' id='word_1_5' title='bbox 950 406 1099 475; x_wconf 90' lang='lat' dir='ltr'><strong>(Lib.</strong></span> <span class='ocrx_word' id='word_1_6' title='bbox 1142 409 1192 472; x_wconf 88' lang='grc'><strong>1,</strong></span> <span class='ocrx_word' id='word_1_7' title='bbox 1224 419 1269 458; x_wconf 92' lang='lat' dir='ltr'><strong>c.</strong></span> <span class='ocrx_word' id='word_1_8' title='bbox 1302 408 1357 472; x_wconf 88' lang='lat'><strong>6,</strong></span> <span class='ocrx_word' id='word_1_9' title='bbox 1386 420 1440 457; x_wconf 82' lang='grc' dir='ltr'><strong>η.</strong></span> <span class='ocrx_word' id='word_1_10' title='bbox 1492 404 1581 472; x_wconf 79' lang='grc'>17)</span> <span class='ocrx_word' id='word_1_11' title='bbox 1630 402 1782 473; x_wconf 88' lang='lat' dir='ltr'><strong>quod</strong></span> <span class='ocrx_word' id='word_1_12' title='bbox 1816 401 2137 472; x_wconf 84' lang='lat' dir='ltr'><strong>interposui</strong></span> 
     </span>
    </p>
   </div>
   <div class='ocr_carea' id='block_1_3' title="bbox 439 491 2135 565">
    <p class='ocr_par' dir='ltr' id='par_1_3' title="bbox 439 491 2135 565">
     <span class='ocr_line' id='line_1_3' title="bbox 439 491 2135 565; baseline -0.006 -12"><span class='ocrx_word' id='word_1_13' title='bbox 439 497 855 565; x_wconf 80' lang='lat' dir='ltr'><strong>testimonium,</strong></span> <span class='ocrx_word' id='word_1_14' title='bbox 904 496 1021 550; x_wconf 87' lang='lat' dir='ltr'><strong>Non</strong></span> <span class='ocrx_word' id='word_1_15' title='bbox 1059 496 1200 548; x_wconf 86' lang='lat' dir='ltr'><strong>enim</strong></span> <span class='ocrx_word' id='word_1_16' title='bbox 1245 492 1319 546; x_wconf 88' lang='lat' dir='ltr'><strong>ad</strong></span> <span class='ocrx_word' id='word_1_17' title='bbox 1362 507 1667 546; x_wconf 81' lang='lat' dir='ltr'><strong>mensuram</strong></span> <span class='ocrx_word' id='word_1_18' title='bbox 1709 491 1808 544; x_wconf 89' lang='lat' dir='ltr'><strong>dat</strong></span> <span class='ocrx_word' id='word_1_19' title='bbox 1845 492 1981 544; x_wconf 84' lang='lat' dir='ltr'><strong><em>Deus</em></strong></span> <span class='ocrx_word' id='word_1_20' title='bbox 2023 493 2135 561; x_wconf 85' lang='lat' dir='ltr'><strong>spi-</strong></span> 
     </span>
    </p>
   </div>
   <div class='ocr_carea' id='block_1_4' title="bbox 441 578 2135 653">
    <p class='ocr_par' dir='ltr' id='par_1_4' title="bbox 441 578 2135 653">
     <span class='ocr_line' id='line_1_4' title="bbox 441 578 2135 653; baseline -0.005 -11"><span class='ocrx_word' id='word_1_21' title='bbox 441 592 610 643; x_wconf 84' lang='lat' dir='ltr'><strong>ritum</strong></span> <span class='ocrx_word' id='word_1_22' title='bbox 640 589 810 653; x_wconf 83' lang='lat' dir='ltr'><strong>(Joan.</strong></span> <span class='ocrx_word' id='word_1_23' title='bbox 844 601 923 651; x_wconf 84' lang='lat' dir='ltr'><strong>III,</strong></span> <span class='ocrx_word' id='word_1_24' title='bbox 953 584 1056 651; x_wconf 77' lang='grc'>34),</span> <span class='ocrx_word' id='word_1_25' title='bbox 1092 582 1346 636; x_wconf 90' lang='lat' dir='ltr'><strong>nondum</strong></span> <span class='ocrx_word' id='word_1_26' title='bbox 1378 580 1767 634; x_wconf 84' lang='lat' dir='ltr'><strong>intellexeram</strong></span> <span class='ocrx_word' id='word_1_27' title='bbox 1803 578 1873 632; x_wconf 91' lang='lat' dir='ltr'><strong>de</strong></span> <span class='ocrx_word' id='word_1_28' title='bbox 1912 579 2135 634; x_wconf 80' lang='lat' dir='ltr'><strong>Christo</strong></span> 
     </span>
    </p>
   </div>
   <div class='ocr_carea' id='block_1_5' title="bbox 439 666 2133 749">
    <p class='ocr_par' dir='ltr' id='par_1_5' title="bbox 439 666 2133 749">
     <span class='ocr_line' id='line_1_5' title="bbox 439 666 2133 749; baseline -0.006 -18"><span class='ocrx_word' id='word_1_29' title='bbox 439 675 674 749; x_wconf 84' lang='lat' dir='ltr'><strong>proprie</strong></span> <span class='ocrx_word' id='word_1_30' title='bbox 694 673 881 728; x_wconf 91' lang='lat' dir='ltr'><strong>verius</strong></span> <span class='ocrx_word' id='word_1_31' title='bbox 909 670 1105 741; x_wconf 88' lang='lat' dir='ltr'><strong>accipi.</strong></span> <span class='ocrx_word' id='word_1_32' title='bbox 1135 669 1275 724; x_wconf 86' lang='lat' dir='ltr'>Aliis</span> <span class='ocrx_word' id='word_1_33' title='bbox 1299 669 1511 740; x_wconf 85' lang='lat' dir='ltr'><strong>quippe</strong></span> <span class='ocrx_word' id='word_1_34' title='bbox 1546 666 1873 722; x_wconf 90' lang='lat' dir='ltr'><strong>hominibus</strong></span> <span class='ocrx_word' id='word_1_35' title='bbox 1911 667 2016 721; x_wconf 78' lang='lat' dir='ltr'><strong>nisi</strong></span> <span class='ocrx_word' id='word_1_36' title='bbox 2066 669 2133 721; x_wconf 77' lang='lat' dir='ltr'><strong>ad</strong></span> 
     </span>
    </p>
   </div>
   <div class='ocr_carea' id='block_1_6' title="bbox 439 756 2133 829">
    <p class='ocr_par' dir='ltr' id='par_1_6' title="bbox 439 756 2133 829">
     <span class='ocr_line' id='line_1_6' title="bbox 439 756 2133 829; baseline -0.005 -10"><span class='ocrx_word' id='word_1_37' title='bbox 439 779 765 820; x_wconf 85' lang='lat' dir='ltr'><strong>mensuram</strong></span> <span class='ocrx_word' id='word_1_38' title='bbox 791 762 1024 817; x_wconf 82' lang='lat' dir='ltr'><strong>daretur</strong></span> <span class='ocrx_word' id='word_1_39' title='bbox 1054 758 1304 829; x_wconf 81' lang='lat' dir='ltr'><strong>spiritus,</strong></span> <span class='ocrx_word' id='word_1_40' title='bbox 1350 774 1466 812; x_wconf 94' lang='lat' dir='ltr'><strong>non</strong></span> <span class='ocrx_word' id='word_1_41' title='bbox 1498 757 1738 828; x_wconf 88' lang='lat' dir='ltr'><strong>duplum</strong></span> <span class='ocrx_word' id='word_1_42' title='bbox 1770 760 1989 827; x_wconf 78' lang='lat' dir='ltr'><strong>peteret</strong></span> <span class='ocrx_word' id='word_1_43' title='bbox 2022 756 2133 810; x_wconf 88' lang='lat' dir='ltr'><strong>Eli-</strong></span> 
     </span>
    </p>
   </div>
   <div class='ocr_carea' id='block_1_7' title="bbox 438 843 2134 921">
    <p class='ocr_par' dir='ltr' id='par_1_7' title="bbox 438 843 2134 921">
     <span class='ocr_line' id='line_1_7' title="bbox 438 843 2134 921; baseline -0.005 -13"><span class='ocrx_word' id='word_1_44' title='bbox 438 869 587 908; x_wconf 71' lang='lat' dir='ltr'><strong>smus</strong></span> <span class='ocrx_word' id='word_1_45' title='bbox 618 866 791 921; x_wconf 89' lang='lat' dir='ltr'><strong>quam</strong></span> <span class='ocrx_word' id='word_1_46' title='bbox 820 848 928 903; x_wconf 83' lang='lat' dir='ltr'><strong>fuit</strong></span> <span class='ocrx_word' id='word_1_47' title='bbox 955 848 1015 900; x_wconf 89' lang='lat' dir='ltr'><strong>in</strong></span> <span class='ocrx_word' id='word_1_48' title='bbox 1046 846 1182 900; x_wconf 89' lang='lat' dir='ltr'><strong>Elia.</strong></span> <span class='ocrx_word' id='word_1_49' title='bbox 1218 847 1360 899; x_wconf 86' lang='lat' dir='ltr'><strong>Item</strong></span> <span class='ocrx_word' id='word_1_50' title='bbox 1391 844 1548 916; x_wconf 89' lang='lat' dir='ltr'><strong>quod</strong></span> <span class='ocrx_word' id='word_1_51' title='bbox 1577 843 1851 915; x_wconf 90' lang='lat' dir='ltr'><strong>scriptum</strong></span> <span class='ocrx_word' id='word_1_52' title='bbox 1881 850 1981 909; x_wconf 88' lang='lat' dir='ltr'><strong>est,</strong></span> <span class='ocrx_word' id='word_1_53' title='bbox 2016 847 2134 899; x_wconf 86' lang='lat' dir='ltr'><strong>Iota</strong></span> 
     </span>
    </p>
   </div>
   <div class='ocr_carea' id='block_1_8' title="bbox 436 934 2134 1006">
    <p class='ocr_par' dir='ltr' id='par_1_8' title="bbox 436 934 2134 1006">
     <span class='ocr_line' id='line_1_8' title="bbox 436 934 2134 1006; baseline -0.005 -10"><span class='ocrx_word' id='word_1_54' title='bbox 436 957 622 1006; x_wconf 88' lang='lat' dir='ltr'><strong>unum,</strong></span> <span class='ocrx_word' id='word_1_55' title='bbox 656 944 753 995; x_wconf 84' lang='lat' dir='ltr'><strong>aut</strong></span> <span class='ocrx_word' id='word_1_56' title='bbox 779 952 918 992; x_wconf 86' lang='lat' dir='ltr'><strong>unus</strong></span> <span class='ocrx_word' id='word_1_57' title='bbox 967 951 1108 1006; x_wconf 70' lang='lat' dir='ltr'><strong>apem</strong></span> <span class='ocrx_word' id='word_1_58' title='bbox 1142 950 1248 988; x_wconf 88' lang='lat' dir='ltr'><strong>non</strong></span> <span class='ocrx_word' id='word_1_59' title='bbox 1294 937 1519 988; x_wconf 80' lang='lat' dir='ltr'><strong>transiet</strong></span> <span class='ocrx_word' id='word_1_60' title='bbox 1547 951 1581 988; x_wconf 93' lang='lat' dir='ltr'><strong>a</strong></span> <span class='ocrx_word' id='word_1_61' title='bbox 1605 935 1718 1002; x_wconf 85' lang='lat' dir='ltr'><strong>lege</strong></span> <span class='ocrx_word' id='word_1_62' title='bbox 1754 934 1915 988; x_wconf 88' lang='lat' dir='ltr'><strong>donec</strong></span> <span class='ocrx_word' id='word_1_63' title='bbox 1953 935 2134 988; x_wconf 81' lang='lat' dir='ltr'><strong><em>omnia</em></strong></span> 
     </span>
    </p>
   </div>
   <div class='ocr_carea' id='block_1_9' title="bbox 433 1021 2132 1098">
    <p class='ocr_par' dir='ltr' id='par_1_9' title="bbox 433 1021 2132 1098">
     <span class='ocr_line' id='line_1_9' title="bbox 433 1021 2132 1098; baseline -0.004 -14"><span class='ocrx_word' id='word_1_64' title='bbox 433 1034 568 1097; x_wconf 78' lang='lat' dir='ltr'><strong>ﬁant</strong></span> <span class='ocrx_word' id='word_1_65' title='bbox 601 1028 812 1098; x_wconf 88' lang='lat' dir='ltr'><strong>(Matth.</strong></span> <span class='ocrx_word' id='word_1_66' title='bbox 847 1043 900 1093; x_wconf 72' lang='grc' dir='ltr'>ν,</span> <span class='ocrx_word' id='word_1_67' title='bbox 939 1026 1051 1096; x_wconf 88' lang='grc'>18),</span> <span class='ocrx_word' id='word_1_68' title='bbox 1076 1040 1207 1079; x_wconf 91' lang='lat' dir='ltr'><strong>cum</strong></span> <span class='ocrx_word' id='word_1_69' title='bbox 1237 1039 1598 1094; x_wconf 85' lang='lat' dir='ltr'><strong>exponerem,</strong></span> <span class='ocrx_word' id='word_1_70' title='bbox 1637 1021 1780 1077; x_wconf 89' lang='lat' dir='ltr'>nihil</span> <span class='ocrx_word' id='word_1_71' title='bbox 1813 1021 1931 1077; x_wconf 84' lang='lat' dir='ltr'><strong>dixi</strong></span> <span class='ocrx_word' id='word_1_72' title='bbox 1968 1039 2132 1094; x_wconf 87' lang='lat' dir='ltr'><strong>posse</strong></span> 
     </span>
    </p>
   </div>
   <div class='ocr_carea' id='block_1_10' title="bbox 437 1110 2131 1186">
    <p class='ocr_par' dir='ltr' id='par_1_10' title="bbox 437 1110 2131 1186">
     <span class='ocr_line' id='line_1_10' title="bbox 437 1110 2131 1186; baseline -0.004 -14"><span class='ocrx_word' id='word_1_73' title='bbox 437 1118 588 1172; x_wconf 87' lang='lat' dir='ltr'><strong>aliud</strong></span> <span class='ocrx_word' id='word_1_74' title='bbox 616 1114 883 1186; x_wconf 82' lang='lat' dir='ltr'>intelligi,</span> <span class='ocrx_word' id='word_1_75' title='bbox 916 1113 1028 1168; x_wconf 87' lang='lat' dir='ltr'>nisi</span> <span class='ocrx_word' id='word_1_76' title='bbox 1056 1113 1453 1167; x_wconf 79' lang='lat' dir='ltr'><strong>vehementem</strong></span> <span class='ocrx_word' id='word_1_77' title='bbox 1490 1110 1855 1182; x_wconf 82' lang='lat' dir='ltr'><strong>perfectionis</strong></span> <span class='ocrx_word' id='word_1_78' title='bbox 1902 1128 2131 1183; x_wconf 87' lang='lat' dir='ltr'><strong>expres-</strong></span> 
     </span>
    </p>
   </div>
   <div class='ocr_carea' id='block_1_11' title="bbox 433 1199 2130 1285">
    <p class='ocr_par' dir='ltr' id='par_1_11' title="bbox 433 1199 2130 1285">
     <span class='ocr_line' id='line_1_11' title="bbox 433 1199 2130 1285; baseline -0.003 -25"><span class='ocrx_word' id='word_1_79' title='bbox 433 1206 658 1261; x_wconf 89' lang='lat' dir='ltr'><strong>sionem</strong></span> <span class='ocrx_word' id='word_1_80' title='bbox 710 1204 849 1276; x_wconf 88' lang='lat' dir='ltr'><strong>(Lib.</strong></span> <span class='ocrx_word' id='word_1_81' title='bbox 904 1207 948 1268; x_wconf 84' lang='lat' dir='ltr'><strong>l,</strong></span> <span class='ocrx_word' id='word_1_82' title='bbox 996 1219 1039 1257; x_wconf 87' lang='lat' dir='ltr'><strong>c.</strong></span> <span class='ocrx_word' id='word_1_83' title='bbox 1092 1204 1145 1267; x_wconf 89' lang='grc'><strong>8,</strong></span> <span class='ocrx_word' id='word_1_84' title='bbox 1186 1218 1241 1256; x_wconf 89' lang='lat' dir='ltr'><strong>n.</strong></span> <span class='ocrx_word' id='word_1_85' title='bbox 1274 1203 1384 1268; x_wconf 87' lang='lat'><strong>20).</strong></span> <span class='ocrx_word' id='word_1_86' title='bbox 1438 1201 1544 1255; x_wconf 90' lang='lat' dir='ltr'><strong>Ubi</strong></span> <span class='ocrx_word' id='word_1_87' title='bbox 1577 1199 1781 1254; x_wconf 89' lang='lat' dir='ltr'><strong>merito</strong></span> <span class='ocrx_word' id='word_1_88' title='bbox 1830 1201 2130 1285; x_wconf 80' lang='lat' dir='ltr'><strong>quaeritur,</strong></span> 
     </span>
    </p>
   </div>
   <div class='ocr_carea' id='block_1_12' title="bbox 433 1288 2129 1363">
    <p class='ocr_par' dir='ltr' id='par_1_12' title="bbox 433 1288 2129 1363">
     <span class='ocr_line' id='line_1_12' title="bbox 433 1288 2129 1363; baseline -0.004 -13"><span class='ocrx_word' id='word_1_89' title='bbox 433 1300 629 1350; x_wconf 90' lang='lat' dir='ltr'><strong>utrum</strong></span> <span class='ocrx_word' id='word_1_90' title='bbox 660 1293 767 1347; x_wconf 88' lang='lat' dir='ltr'><strong>ista</strong></span> <span class='ocrx_word' id='word_1_91' title='bbox 786 1290 1060 1363; x_wconf 87' lang='lat' dir='ltr'><strong>perfectio</strong></span> <span class='ocrx_word' id='word_1_92' title='bbox 1087 1290 1165 1343; x_wconf 91' lang='lat' dir='ltr'><strong>sic</strong></span> <span class='ocrx_word' id='word_1_93' title='bbox 1201 1288 1383 1359; x_wconf 86' lang='lat' dir='ltr'><strong>possit</strong></span> <span class='ocrx_word' id='word_1_94' title='bbox 1413 1288 1678 1358; x_wconf 81' lang='lat' dir='ltr'>intelligi,</span> <span class='ocrx_word' id='word_1_95' title='bbox 1701 1292 1767 1343; x_wconf 90' lang='lat' dir='ltr'><strong>ut</strong></span> <span class='ocrx_word' id='word_1_96' title='bbox 1805 1293 1999 1344; x_wconf 88' lang='lat' dir='ltr'><strong>tamen</strong></span> <span class='ocrx_word' id='word_1_97' title='bbox 2035 1306 2129 1345; x_wconf 87' lang='lat' dir='ltr'><strong>ve-</strong></span> 
     </span>
    </p>
   </div>
   <div class='ocr_carea' id='block_1_13' title="bbox 428 1377 2129 1450">
    <p class='ocr_par' dir='ltr' id='par_1_13' title="bbox 428 1377 2129 1450">
     <span class='ocr_line' id='line_1_13' title="bbox 428 1377 2129 1450; baseline -0.004 -12"><span class='ocrx_word' id='word_1_98' title='bbox 428 1400 558 1438; x_wconf 89' lang='lat' dir='ltr'><strong>rum</strong></span> <span class='ocrx_word' id='word_1_99' title='bbox 591 1383 683 1448; x_wconf 91' lang='lat' dir='ltr'><strong>sit,</strong></span> <span class='ocrx_word' id='word_1_100' title='bbox 716 1379 1005 1435; x_wconf 89' lang='lat' dir='ltr'><strong>neminem</strong></span> <span class='ocrx_word' id='word_1_101' title='bbox 1034 1379 1149 1450; x_wconf 87' lang='lat' dir='ltr'><strong>jam</strong></span> <span class='ocrx_word' id='word_1_102' title='bbox 1176 1381 1435 1432; x_wconf 87' lang='lat' dir='ltr'><strong>utentem</strong></span> <span class='ocrx_word' id='word_1_103' title='bbox 1454 1377 1761 1431; x_wconf 78' lang='lat' dir='ltr'><strong>voluntatis</strong></span> <span class='ocrx_word' id='word_1_104' title='bbox 1782 1377 2016 1433; x_wconf 89' lang='lat' dir='ltr'><strong>arbitrio</strong></span> <span class='ocrx_word' id='word_1_105' title='bbox 2037 1378 2129 1432; x_wconf 94' lang='lat' dir='ltr'><strong>hic</strong></span> 
     </span>
    </p>
   </div>
   <div class='ocr_carea' id='block_1_14' title="bbox 428 1465 2129 1539">
    <p class='ocr_par' dir='ltr' id='par_1_14' title="bbox 428 1465 2129 1539">
     <span class='ocr_line' id='line_1_14' title="bbox 428 1465 2129 1539; baseline -0.002 -16"><span class='ocrx_word' id='word_1_106' title='bbox 428 1472 615 1525; x_wconf 85' lang='lat' dir='ltr'><strong>vivere</strong></span> <span class='ocrx_word' id='word_1_107' title='bbox 642 1470 763 1523; x_wconf 89' lang='lat' dir='ltr'><strong>sine</strong></span> <span class='ocrx_word' id='word_1_108' title='bbox 794 1473 1043 1539; x_wconf 89' lang='lat' dir='ltr'><strong>peccato.</strong></span> <span class='ocrx_word' id='word_1_109' title='bbox 1081 1469 1128 1521; x_wconf 84' lang='lat' dir='ltr'><strong>A</strong></span> <span class='ocrx_word' id='word_1_110' title='bbox 1158 1482 1271 1536; x_wconf 90' lang='lat' dir='ltr'><strong>quo</strong></span> <span class='ocrx_word' id='word_1_111' title='bbox 1303 1465 1458 1519; x_wconf 89' lang='lat' dir='ltr'><strong>enim</strong></span> <span class='ocrx_word' id='word_1_112' title='bbox 1489 1480 1669 1536; x_wconf 89' lang='lat' dir='ltr'><strong>usque</strong></span> <span class='ocrx_word' id='word_1_113' title='bbox 1698 1466 1771 1519; x_wconf 90' lang='lat' dir='ltr'><strong>ad</strong></span> <span class='ocrx_word' id='word_1_114' title='bbox 1802 1482 1981 1520; x_wconf 89' lang='lat' dir='ltr'><strong>unum</strong></span> <span class='ocrx_word' id='word_1_115' title='bbox 2012 1466 2129 1536; x_wconf 90' lang='lat' dir='ltr'><strong>api-</strong></span> 
     </span>
    </p>
   </div>
   <div class='ocr_carea' id='block_1_15' title="bbox 429 1554 2125 1628">
    <p class='ocr_par' dir='ltr' id='par_1_15' title="bbox 429 1554 2125 1628">
     <span class='ocr_line' id='line_1_15' title="bbox 429 1554 2125 1628; baseline -0.002 -15"><span class='ocrx_word' id='word_1_116' title='bbox 429 1574 554 1613; x_wconf 88' lang='lat' dir='ltr'><strong>cem</strong></span> <span class='ocrx_word' id='word_1_117' title='bbox 583 1559 671 1612; x_wconf 88' lang='lat' dir='ltr'><strong>lex</strong></span> <span class='ocrx_word' id='word_1_118' title='bbox 702 1556 897 1628; x_wconf 88' lang='lat' dir='ltr'><strong>perlici</strong></span> <span class='ocrx_word' id='word_1_119' title='bbox 942 1559 1148 1627; x_wconf 85' lang='lat' dir='ltr'><strong>potest,</strong></span> <span class='ocrx_word' id='word_1_120' title='bbox 1180 1554 1291 1609; x_wconf 89' lang='lat' dir='ltr'><strong>nisi</strong></span> <span class='ocrx_word' id='word_1_121' title='bbox 1324 1571 1357 1609; x_wconf 89' lang='lat' dir='ltr'><strong>a</strong></span> <span class='ocrx_word' id='word_1_122' title='bbox 1400 1571 1513 1626; x_wconf 92' lang='lat' dir='ltr'><strong>quo</strong></span> <span class='ocrx_word' id='word_1_123' title='bbox 1545 1554 1690 1609; x_wconf 88' lang='lat' dir='ltr'><strong>ﬁunt</strong></span> <span class='ocrx_word' id='word_1_124' title='bbox 1730 1554 1995 1609; x_wconf 87' lang='lat' dir='ltr'><strong>universa</strong></span> <span class='ocrx_word' id='word_1_125' title='bbox 2040 1555 2125 1610; x_wconf 88' lang='lat' dir='ltr'><strong>di-</strong></span> 
     </span>
    </p>
   </div>
   <div class='ocr_carea' id='block_1_16' title="bbox 430 1642 2124 1700">
    <p class='ocr_par' dir='ltr' id='par_1_16' title="bbox 430 1642 2124 1700">
     <span class='ocr_line' id='line_1_16' title="bbox 430 1642 2124 1700; baseline -0.002 0"><span class='ocrx_word' id='word_1_126' title='bbox 430 1647 561 1700; x_wconf 84' lang='lat' dir='ltr'><strong>vina</strong></span> <span class='ocrx_word' id='word_1_127' title='bbox 597 1644 905 1700; x_wconf 83' lang='lat' dir='ltr'><strong>mandata?</strong></span> <span class='ocrx_word' id='word_1_128' title='bbox 949 1644 1057 1698; x_wconf 88' lang='lat' dir='ltr'><strong>Sed</strong></span> <span class='ocrx_word' id='word_1_129' title='bbox 1104 1643 1164 1697; x_wconf 89' lang='lat' dir='ltr'><strong>in</strong></span> <span class='ocrx_word' id='word_1_130' title='bbox 1216 1642 1431 1697; x_wconf 89' lang='lat' dir='ltr'><strong>eisdem</strong></span> <span class='ocrx_word' id='word_1_131' title='bbox 1475 1642 1761 1697; x_wconf 86' lang='lat' dir='ltr'><strong>mandatis</strong></span> <span class='ocrx_word' id='word_1_132' title='bbox 1814 1651 1895 1700; x_wconf 90' lang='lat' dir='ltr'><strong>est</strong></span> <span class='ocrx_word' id='word_1_133' title='bbox 1950 1643 2124 1698; x_wconf 88' lang='lat' dir='ltr'><strong>etiam</strong></span> 
     </span>
    </p>
   </div>
   <div class='ocr_carea' id='block_1_17' title="bbox 430 1731 2127 1806">
    <p class='ocr_par' dir='ltr' id='par_1_17' title="bbox 430 1731 2127 1806">
     <span class='ocr_line' id='line_1_17' title="bbox 430 1731 2127 1806; baseline -0.001 -16"><span class='ocrx_word' id='word_1_134' title='bbox 430 1736 583 1806; x_wconf 88' lang='lat' dir='ltr'><strong>quod</strong></span> <span class='ocrx_word' id='word_1_135' title='bbox 608 1736 882 1806; x_wconf 84' lang='lat' dir='ltr'><strong>jubemur</strong></span> <span class='ocrx_word' id='word_1_136' title='bbox 902 1733 1110 1801; x_wconf 87' lang='lat' dir='ltr'><strong>dicere,</strong></span> <span class='ocrx_word' id='word_1_137' title='bbox 1133 1733 1350 1787; x_wconf 76' lang='lat' dir='ltr'><strong>Dimitte</strong></span> <span class='ocrx_word' id='word_1_138' title='bbox 1372 1731 1524 1786; x_wconf 91' lang='lat' dir='ltr'><strong>nobis</strong></span> <span class='ocrx_word' id='word_1_139' title='bbox 1551 1732 1733 1786; x_wconf 86' lang='lat' dir='ltr'><strong>debita</strong></span> <span class='ocrx_word' id='word_1_140' title='bbox 1750 1737 1956 1800; x_wconf 89' lang='lat' dir='ltr'><strong>nostra,</strong></span> <span class='ocrx_word' id='word_1_141' title='bbox 1988 1736 2127 1788; x_wconf 86' lang='lat' dir='ltr'><strong>sicut</strong></span> 
     </span>
    </p>
   </div>
   <div class='ocr_carea' id='block_1_18' title="bbox 428 1821 2121 1892">
    <p class='ocr_par' dir='ltr' id='par_1_18' title="bbox 428 1821 2121 1892">
     <span class='ocr_line' id='line_1_18' title="bbox 428 1821 2121 1892; baseline -0.002 -13"><span class='ocrx_word' id='word_1_142' title='bbox 428 1830 478 1879; x_wconf 90' lang='lat' dir='ltr'><strong>et</strong></span> <span class='ocrx_word' id='word_1_143' title='bbox 506 1839 601 1879; x_wconf 89' lang='lat' dir='ltr'><strong>nos</strong></span> <span class='ocrx_word' id='word_1_144' title='bbox 646 1824 969 1878; x_wconf 75' lang='lat' dir='ltr'><strong>dimittimus</strong></span> <span class='ocrx_word' id='word_1_145' title='bbox 1006 1821 1335 1876; x_wconf 78' lang='lat' dir='ltr'><strong>debitoribus</strong></span> <span class='ocrx_word' id='word_1_146' title='bbox 1381 1822 1581 1875; x_wconf 82' lang='lat' dir='ltr'><strong>nostris</strong></span> <span class='ocrx_word' id='word_1_147' title='bbox 1633 1821 1846 1892; x_wconf 81' lang='lat' dir='ltr'><strong>(Matth.</strong></span> <span class='ocrx_word' id='word_1_148' title='bbox 1888 1838 1961 1890; x_wconf 83' lang='lat' dir='ltr'><strong>vi,</strong></span> <span class='ocrx_word' id='word_1_149' title='bbox 2002 1823 2121 1891; x_wconf 91' lang='lat' dir='ltr'><strong>l2):</strong></span> 
     </span>
    </p>
   </div>
   <div class='ocr_carea' id='block_1_19' title="bbox 426 1909 2124 1985">
    <p class='ocr_par' dir='ltr' id='par_1_19' title="bbox 426 1909 2124 1985">
     <span class='ocr_line' id='line_1_19' title="bbox 426 1909 2124 1985; baseline -0.002 -18"><span class='ocrx_word' id='word_1_150' title='bbox 426 1928 600 1985; x_wconf 88' lang='lat' dir='ltr'><strong>quam</strong></span> <span class='ocrx_word' id='word_1_151' title='bbox 631 1912 946 1967; x_wconf 89' lang='lat' dir='ltr'><strong>orationem</strong></span> <span class='ocrx_word' id='word_1_152' title='bbox 976 1926 1157 1981; x_wconf 88' lang='lat' dir='ltr'><strong>usque</strong></span> <span class='ocrx_word' id='word_1_153' title='bbox 1187 1909 1249 1963; x_wconf 92' lang='lat' dir='ltr'><strong>in</strong></span> <span class='ocrx_word' id='word_1_154' title='bbox 1286 1909 1461 1964; x_wconf 86' lang='lat' dir='ltr'><strong>ﬁnem</strong></span> <span class='ocrx_word' id='word_1_155' title='bbox 1488 1909 1680 1963; x_wconf 67' lang='lat' dir='ltr'><strong>saeculi</strong></span> <span class='ocrx_word' id='word_1_156' title='bbox 1707 1914 1828 1965; x_wconf 89' lang='lat' dir='ltr'><strong>tota</strong></span> <span class='ocrx_word' id='word_1_157' title='bbox 1857 1910 1994 1965; x_wconf 89' lang='lat' dir='ltr'><strong>dicit</strong></span> <span class='ocrx_word' id='word_1_158' title='bbox 2026 1911 2124 1964; x_wconf 82' lang='lat' dir='ltr'><strong>Ec-</strong></span> 
     </span>
    </p>
   </div>
   <div class='ocr_carea' id='block_1_20' title="bbox 424 1997 2124 2071">
    <p class='ocr_par' dir='ltr' id='par_1_20' title="bbox 424 1997 2124 2071">
     <span class='ocr_line' id='line_1_20' title="bbox 424 1997 2124 2071; baseline -0.002 -15"><span class='ocrx_word' id='word_1_159' title='bbox 424 2001 613 2056; x_wconf 89' lang='lat' dir='ltr'><strong>clesia.</strong></span> <span class='ocrx_word' id='word_1_160' title='bbox 639 2001 845 2056; x_wconf 85' lang='lat' dir='ltr'><strong>Omnia</strong></span> <span class='ocrx_word' id='word_1_161' title='bbox 873 2016 1008 2071; x_wconf 88' lang='lat' dir='ltr'><strong>ergo</strong></span> <span class='ocrx_word' id='word_1_162' title='bbox 1031 1999 1300 2053; x_wconf 90' lang='lat' dir='ltr'><strong>mandata</strong></span> <span class='ocrx_word' id='word_1_163' title='bbox 1319 1997 1465 2052; x_wconf 88' lang='lat' dir='ltr'><strong>facta</strong></span> <span class='ocrx_word' id='word_1_164' title='bbox 1493 1998 1861 2069; x_wconf 87' lang='lat' dir='ltr'><strong>deputantur,</strong></span> <span class='ocrx_word' id='word_1_165' title='bbox 1893 1999 2124 2070; x_wconf 86' lang='lat' dir='ltr'><strong>quando</strong></span> 
     </span>
    </p>
   </div>
   <div class='ocr_carea' id='block_1_21' title="bbox 427 2087 1298 2162">
    <p class='ocr_par' dir='ltr' id='par_1_21' title="bbox 427 2087 1298 2162">
     <span class='ocr_line' id='line_1_21' title="bbox 427 2087 1298 2162; baseline -0.006 -17"><span class='ocrx_word' id='word_1_166' title='bbox 427 2089 707 2162; x_wconf 82' lang='lat' dir='ltr'><strong>quidquid</strong></span> <span class='ocrx_word' id='word_1_167' title='bbox 734 2106 851 2143; x_wconf 90' lang='lat' dir='ltr'><strong>non</strong></span> <span class='ocrx_word' id='word_1_168' title='bbox 881 2088 946 2142; x_wconf 86' lang='lat' dir='ltr'><strong>lit</strong></span> <span class='ocrx_word' id='word_1_169' title='bbox 969 2087 1298 2158; x_wconf 83' lang='lat' dir='ltr'><strong>ignoscitur.</strong></span> 
     </span>
    </p>
   </div>
   <div class='ocr_carea' id='block_1_22' title="bbox 495 2173 2125 2246">
    <p class='ocr_par' dir='ltr' id='par_1_22' title="bbox 495 2173 2125 2246">
     <span class='ocr_line' id='line_1_22' title="bbox 495 2173 2125 2246; baseline 0 -15"><span class='ocrx_word' id='word_1_170' title='bbox 495 2179 550 2233; x_wconf 83' lang='grc'><strong>4.</strong></span> <span class='ocrx_word' id='word_1_171' title='bbox 593 2178 735 2232; x_wconf 86' lang='lat' dir='ltr'><strong>Sane</strong></span> <span class='ocrx_word' id='word_1_172' title='bbox 761 2175 911 2246; x_wconf 89' lang='lat' dir='ltr'><strong>quod</strong></span> <span class='ocrx_word' id='word_1_173' title='bbox 942 2174 1022 2228; x_wconf 85' lang='lat' dir='ltr'><strong>ait</strong></span> <span class='ocrx_word' id='word_1_174' title='bbox 1052 2173 1343 2239; x_wconf 89' lang='lat' dir='ltr'><strong>Dominus,</strong></span> <span class='ocrx_word' id='word_1_175' title='bbox 1374 2174 1702 2243; x_wconf 84' lang='lat' dir='ltr'><strong>Quicumque</strong></span> <span class='ocrx_word' id='word_1_176' title='bbox 1721 2176 1940 2230; x_wconf 83' lang='lat' dir='ltr'><strong>solverit</strong></span> <span class='ocrx_word' id='word_1_177' title='bbox 1958 2192 2125 2231; x_wconf 87' lang='lat' dir='ltr'><strong>unum</strong></span> 
     </span>
    </p>
   </div>
   <div class='ocr_carea' id='block_1_23' title="bbox 432 2263 2123 2330">
    <p class='ocr_par' dir='ltr' id='par_1_23' title="bbox 432 2263 2123 2330">
     <span class='ocr_line' id='line_1_23' title="bbox 432 2263 2123 2330; baseline -0.001 -10"><span class='ocrx_word' id='word_1_178' title='bbox 432 2267 498 2321; x_wconf 86' lang='lat' dir='ltr'><strong>de</strong></span> <span class='ocrx_word' id='word_1_179' title='bbox 524 2264 802 2319; x_wconf 85' lang='lat' dir='ltr'><strong>mandatis</strong></span> <span class='ocrx_word' id='word_1_180' title='bbox 845 2265 964 2317; x_wconf 85' lang='lat' dir='ltr'><strong>istis</strong></span> <span class='ocrx_word' id='word_1_181' title='bbox 1007 2263 1265 2327; x_wconf 81' lang='lat' dir='ltr'><strong>minimis,</strong></span> <span class='ocrx_word' id='word_1_182' title='bbox 1314 2266 1365 2315; x_wconf 83' lang='lat' dir='ltr'><strong>et</strong></span> <span class='ocrx_word' id='word_1_183' title='bbox 1405 2263 1645 2317; x_wconf 85' lang='lat' dir='ltr'><strong>docuerit</strong></span> <span class='ocrx_word' id='word_1_184' title='bbox 1686 2265 1785 2330; x_wconf 87' lang='lat' dir='ltr'><strong>sic,</strong></span> <span class='ocrx_word' id='word_1_185' title='bbox 1812 2269 1870 2318; x_wconf 92' lang='lat' dir='ltr'><strong>et</strong></span> <span class='ocrx_word' id='word_1_186' title='bbox 1897 2269 2123 2327; x_wconf 66' lang='lat' dir='ltr'><strong>caetera,</strong></span> 
     </span>
    </p>
   </div>
   <div class='ocr_carea' id='block_1_24' title="bbox 425 2349 2125 2425">
    <p class='ocr_par' dir='ltr' id='par_1_24' title="bbox 425 2349 2125 2425">
     <span class='ocr_line' id='line_1_24' title="bbox 425 2349 2125 2425; baseline 0 -16"><span class='ocrx_word' id='word_1_187' title='bbox 425 2370 609 2425; x_wconf 90' lang='lat' dir='ltr'><strong>usque</strong></span> <span class='ocrx_word' id='word_1_188' title='bbox 638 2352 710 2407; x_wconf 89' lang='lat' dir='ltr'><strong>ad</strong></span> <span class='ocrx_word' id='word_1_189' title='bbox 740 2367 873 2406; x_wconf 88' lang='lat' dir='ltr'><strong>eum</strong></span> <span class='ocrx_word' id='word_1_190' title='bbox 901 2350 1088 2405; x_wconf 89' lang='lat' dir='ltr'><strong>locum</strong></span> <span class='ocrx_word' id='word_1_191' title='bbox 1116 2349 1217 2404; x_wconf 89' lang='lat' dir='ltr'><strong>ubi</strong></span> <span class='ocrx_word' id='word_1_192' title='bbox 1241 2349 1338 2417; x_wconf 86' lang='lat' dir='ltr'><strong>ait,</strong></span> <span class='ocrx_word' id='word_1_193' title='bbox 1366 2352 1486 2407; x_wconf 79' lang='lat' dir='ltr'><strong>Nisi</strong></span> <span class='ocrx_word' id='word_1_194' title='bbox 1515 2351 1877 2406; x_wconf 86' lang='lat' dir='ltr'><strong>abundaverit</strong></span> <span class='ocrx_word' id='word_1_195' title='bbox 1897 2354 2125 2422; x_wconf 86' lang='lat' dir='ltr'><strong>justitia</strong></span> 
     </span>
    </p>
   </div>
   <div class='ocr_carea' id='block_1_25' title="bbox 424 2440 2125 2512">
    <p class='ocr_par' dir='ltr' id='par_1_25' title="bbox 424 2440 2125 2512">
     <span class='ocr_line' id='line_1_25' title="bbox 424 2440 2125 2512; baseline 0.001 -15"><span class='ocrx_word' id='word_1_196' title='bbox 424 2448 606 2498; x_wconf 79' lang='lat' dir='ltr'><strong>vestra</strong></span> <span class='ocrx_word' id='word_1_197' title='bbox 624 2444 751 2512; x_wconf 85' lang='lat' dir='ltr'><strong>plus</strong></span> <span class='ocrx_word' id='word_1_198' title='bbox 795 2457 958 2511; x_wconf 88' lang='lat' dir='ltr'><strong>quam</strong></span> <span class='ocrx_word' id='word_1_199' title='bbox 991 2440 1307 2496; x_wconf 84' lang='lat' dir='ltr'><strong>Scribarum</strong></span> <span class='ocrx_word' id='word_1_200' title='bbox 1335 2444 1385 2494; x_wconf 90' lang='lat' dir='ltr'><strong>et</strong></span> <span class='ocrx_word' id='word_1_201' title='bbox 1425 2440 1841 2507; x_wconf 60' lang='lat' dir='ltr'><strong>Pharisaeorum,</strong></span> <span class='ocrx_word' id='word_1_202' title='bbox 1900 2458 2005 2497; x_wconf 89' lang='lat' dir='ltr'><strong>non</strong></span> <span class='ocrx_word' id='word_1_203' title='bbox 2045 2447 2125 2499; x_wconf 83' lang='lat' dir='ltr'><strong>in-</strong></span> 
     </span>
    </p>
   </div>
   <div class='ocr_carea' id='block_1_26' title="bbox 428 2528 2122 2597">
    <p class='ocr_par' dir='ltr' id='par_1_26' title="bbox 428 2528 2122 2597">
     <span class='ocr_line' id='line_1_26' title="bbox 428 2528 2122 2597; baseline 0.001 -11"><span class='ocrx_word' id='word_1_204' title='bbox 428 2529 648 2586; x_wconf 85' lang='lat' dir='ltr'><strong>trabitis</strong></span> <span class='ocrx_word' id='word_1_205' title='bbox 677 2532 735 2583; x_wconf 89' lang='lat' dir='ltr'><strong>in</strong></span> <span class='ocrx_word' id='word_1_206' title='bbox 764 2545 987 2597; x_wconf 85' lang='lat' dir='ltr'><strong>regnum</strong></span> <span class='ocrx_word' id='word_1_207' title='bbox 1033 2530 1281 2584; x_wconf 74' lang='lat' dir='ltr'><strong>caelorum</strong></span> <span class='ocrx_word' id='word_1_208' title='bbox 1320 2528 1420 2597; x_wconf 90' lang='lat' dir='ltr'><strong>(Id.</strong></span> <span class='ocrx_word' id='word_1_209' title='bbox 1451 2544 1505 2588; x_wconf 87' lang='lat' dir='ltr'><strong>v,</strong></span> <span class='ocrx_word' id='word_1_210' title='bbox 1542 2530 1762 2597; x_wconf 70' lang='lat'><strong>18-20);</strong></span> <span class='ocrx_word' id='word_1_211' title='bbox 1795 2531 1975 2585; x_wconf 89' lang='lat' dir='ltr'><strong>multo</strong></span> <span class='ocrx_word' id='word_1_212' title='bbox 2001 2549 2122 2587; x_wconf 89' lang='lat' dir='ltr'><strong>me-</strong></span> 
     </span>
    </p>
   </div>
   <div class='ocr_carea' id='block_1_27' title="bbox 425 2614 2125 2688">
    <p class='ocr_par' dir='ltr' id='par_1_27' title="bbox 425 2614 2125 2688">
     <span class='ocr_line' id='line_1_27' title="bbox 425 2614 2125 2688; baseline 0.001 -14"><span class='ocrx_word' id='word_1_213' title='bbox 425 2619 539 2674; x_wconf 90' lang='lat' dir='ltr'><strong>lius</strong></span> <span class='ocrx_word' id='word_1_214' title='bbox 580 2623 637 2673; x_wconf 88' lang='lat' dir='ltr'><strong>et</strong></span> <span class='ocrx_word' id='word_1_215' title='bbox 682 2616 1108 2673; x_wconf 87' lang='lat' dir='ltr'><strong>convenientius</strong></span> <span class='ocrx_word' id='word_1_216' title='bbox 1151 2616 1382 2687; x_wconf 83' lang='lat' dir='ltr'><strong>exposui</strong></span> <span class='ocrx_word' id='word_1_217' title='bbox 1428 2614 1488 2670; x_wconf 95' lang='lat' dir='ltr'><strong>iu</strong></span> <span class='ocrx_word' id='word_1_218' title='bbox 1539 2615 1664 2670; x_wconf 91' lang='lat' dir='ltr'><strong>aliis</strong></span> <span class='ocrx_word' id='word_1_219' title='bbox 1710 2620 2125 2688; x_wconf 87' lang='lat' dir='ltr'><strong>posterioribus</strong></span> 
     </span>
    </p>
   </div>
   <div class='ocr_carea' id='block_1_28' title="bbox 427 2704 2123 2781">
    <p class='ocr_par' dir='ltr' id='par_1_28' title="bbox 427 2704 2123 2781">
     <span class='ocr_line' id='line_1_28' title="bbox 427 2704 2123 2781; baseline 0.002 -19"><span class='ocrx_word' id='word_1_220' title='bbox 427 2708 786 2763; x_wconf 87' lang='lat' dir='ltr'><strong>sermonibus</strong></span> <span class='ocrx_word' id='word_1_221' title='bbox 832 2707 994 2774; x_wconf 88' lang='lat' dir='ltr'><strong>meis,</strong></span> <span class='ocrx_word' id='word_1_222' title='bbox 1040 2705 1194 2776; x_wconf 90' lang='lat' dir='ltr'><strong>quod</strong></span> <span class='ocrx_word' id='word_1_223' title='bbox 1234 2705 1403 2760; x_wconf 86' lang='lat' dir='ltr'><strong>etiam</strong></span> <span class='ocrx_word' id='word_1_224' title='bbox 1448 2704 1542 2760; x_wconf 92' lang='lat' dir='ltr'><strong>hic</strong></span> <span class='ocrx_word' id='word_1_225' title='bbox 1588 2710 1844 2762; x_wconf 82' lang='lat' dir='ltr'><strong>retexere</strong></span> <span class='ocrx_word' id='word_1_226' title='bbox 1883 2708 2123 2781; x_wconf 89' lang='lat' dir='ltr'><strong>longum</strong></span> 
     </span>
    </p>
   </div>
   <div class='ocr_carea' id='block_1_29' title="bbox 425 2793 2120 2868">
    <p class='ocr_par' dir='ltr' id='par_1_29' title="bbox 425 2793 2120 2868">
     <span class='ocr_line' id='line_1_29' title="bbox 425 2793 2120 2868; baseline 0.001 -16"><span class='ocrx_word' id='word_1_227' title='bbox 425 2802 529 2853; x_wconf 87' lang='lat' dir='ltr'><strong>est.</strong></span> <span class='ocrx_word' id='word_1_228' title='bbox 561 2798 643 2851; x_wconf 86' lang='lat' dir='ltr'><strong>Ad</strong></span> <span class='ocrx_word' id='word_1_229' title='bbox 667 2796 772 2851; x_wconf 91' lang='lat' dir='ltr'><strong>hoc</strong></span> <span class='ocrx_word' id='word_1_230' title='bbox 799 2799 990 2850; x_wconf 89' lang='lat' dir='ltr'><strong>autem</strong></span> <span class='ocrx_word' id='word_1_231' title='bbox 1037 2795 1142 2849; x_wconf 88' lang='lat' dir='ltr'><strong>iste</strong></span> <span class='ocrx_word' id='word_1_232' title='bbox 1168 2794 1247 2848; x_wconf 87' lang='lat' dir='ltr'><strong>ibi</strong></span> <span class='ocrx_word' id='word_1_233' title='bbox 1288 2793 1620 2864; x_wconf 89' lang='lat' dir='ltr'><strong>perducitur</strong></span> <span class='ocrx_word' id='word_1_234' title='bbox 1666 2812 1864 2850; x_wconf 84' lang='lat' dir='ltr'><strong>sensus</strong></span> <span class='ocrx_word' id='word_1_235' title='bbox 1893 2798 2036 2868; x_wconf 90' lang='lat' dir='ltr'><strong>(Lib.</strong></span> <span class='ocrx_word' id='word_1_236' title='bbox 2070 2804 2120 2868; x_wconf 91' lang='grc'><strong>1,</strong></span> 
     </span>
    </p>
   </div>
   <div class='ocr_carea' id='block_1_30' title="bbox 421 2882 2119 2957">
    <p class='ocr_par' dir='ltr' id='par_1_30' title="bbox 421 2882 2119 2957">
     <span class='ocr_line' id='line_1_30' title="bbox 421 2882 2119 2957; baseline 0.001 -17"><span class='ocrx_word' id='word_1_237' title='bbox 421 2902 466 2942; x_wconf 92' lang='lat' dir='ltr'><strong>c.</strong></span> <span class='ocrx_word' id='word_1_238' title='bbox 493 2890 545 2951; x_wconf 85' lang='lat'><strong>9,</strong></span> <span class='ocrx_word' id='word_1_239' title='bbox 567 2902 624 2939; x_wconf 88' lang='lat' dir='ltr'><strong>n.</strong></span> <span class='ocrx_word' id='word_1_240' title='bbox 657 2886 769 2957; x_wconf 87' lang='lat'><strong>2|),</strong></span> <span class='ocrx_word' id='word_1_241' title='bbox 800 2887 864 2939; x_wconf 91' lang='lat' dir='ltr'><strong>ut</strong></span> <span class='ocrx_word' id='word_1_242' title='bbox 897 2899 1097 2938; x_wconf 89' lang='lat' dir='ltr'><strong>eorum</strong></span> <span class='ocrx_word' id='word_1_243' title='bbox 1129 2882 1202 2937; x_wconf 90' lang='lat' dir='ltr'><strong>sit</strong></span> <span class='ocrx_word' id='word_1_244' title='bbox 1234 2882 1455 2954; x_wconf 86' lang='lat' dir='ltr'><strong>justitia</strong></span> <span class='ocrx_word' id='word_1_245' title='bbox 1505 2884 1710 2955; x_wconf 87' lang='lat' dir='ltr'><strong>major,</strong></span> <span class='ocrx_word' id='word_1_246' title='bbox 1758 2901 1931 2956; x_wconf 89' lang='lat' dir='ltr'><strong>quam</strong></span> <span class='ocrx_word' id='word_1_247' title='bbox 1974 2886 2119 2941; x_wconf 85' lang='lat' dir='ltr'><strong>Scri-</strong></span> 
     </span>
    </p>
   </div>
   <div class='ocr_carea' id='block_1_31' title="bbox 420 2972 2120 3043">
    <p class='ocr_par' dir='ltr' id='par_1_31' title="bbox 420 2972 2120 3043">
     <span class='ocr_line' id='line_1_31' title="bbox 420 2972 2120 3043; baseline 0 -13"><span class='ocrx_word' id='word_1_248' title='bbox 420 2976 626 3030; x_wconf 87' lang='lat' dir='ltr'><strong>barum</strong></span> <span class='ocrx_word' id='word_1_249' title='bbox 654 2978 712 3028; x_wconf 91' lang='lat' dir='ltr'><strong>et</strong></span> <span class='ocrx_word' id='word_1_250' title='bbox 750 2972 1197 3034; x_wconf 58' lang='lat' dir='ltr'><strong>Pharisaeorum,</strong></span> <span class='ocrx_word' id='word_1_251' title='bbox 1235 2972 1335 3043; x_wconf 88' lang='lat' dir='ltr'><strong>qui</strong></span> <span class='ocrx_word' id='word_1_252' title='bbox 1374 2972 1572 3027; x_wconf 85' lang='lat' dir='ltr'><strong>dicunt</strong></span> <span class='ocrx_word' id='word_1_253' title='bbox 1610 2977 1666 3028; x_wconf 91' lang='lat' dir='ltr'><strong>et</strong></span> <span class='ocrx_word' id='word_1_254' title='bbox 1695 2973 1911 3029; x_wconf 88' lang='lat' dir='ltr'><strong>faciunt</strong></span> <span class='ocrx_word' id='word_1_255' title='bbox 1952 2975 1996 3030; x_wconf 77' lang='lat'><strong>‘.</strong></span> <span class='ocrx_word' id='word_1_256' title='bbox 2044 2977 2120 3030; x_wconf 91' lang='lat' dir='ltr'><strong>De</strong></span> 
     </span>
    </p>
   </div>
   <div class='ocr_carea' id='block_1_32' title="bbox 421 3062 2120 3133">
    <p class='ocr_par' dir='ltr' id='par_1_32' title="bbox 421 3062 2120 3133">
     <span class='ocr_line' id='line_1_32' title="bbox 421 3062 2120 3133; baseline -0.001 -14"><span class='ocrx_word' id='word_1_257' title='bbox 421 3063 632 3119; x_wconf 88' lang='lat' dir='ltr'><strong>Scribis</strong></span> <span class='ocrx_word' id='word_1_258' title='bbox 676 3062 888 3133; x_wconf 90' lang='lat' dir='ltr'><strong>quippe</strong></span> <span class='ocrx_word' id='word_1_259' title='bbox 935 3065 992 3115; x_wconf 90' lang='lat' dir='ltr'><strong>et</strong></span> <span class='ocrx_word' id='word_1_260' title='bbox 1031 3062 1331 3116; x_wconf 71' lang='lat' dir='ltr'><strong>Pharismis</strong></span> <span class='ocrx_word' id='word_1_261' title='bbox 1367 3062 1477 3116; x_wconf 90' lang='lat' dir='ltr'><strong>alio</strong></span> <span class='ocrx_word' id='word_1_262' title='bbox 1518 3063 1641 3116; x_wconf 91' lang='lat' dir='ltr'><strong>loco</strong></span> <span class='ocrx_word' id='word_1_263' title='bbox 1678 3062 1799 3133; x_wconf 90' lang='lat' dir='ltr'><strong>ipse</strong></span> <span class='ocrx_word' id='word_1_264' title='bbox 1841 3064 2120 3118; x_wconf 88' lang='lat' dir='ltr'><strong>Dominus</strong></span> 
     </span>
    </p>
   </div>
   <div class='ocr_carea' id='block_1_33' title="bbox 421 3149 2117 3222">
    <p class='ocr_par' dir='ltr' id='par_1_33' title="bbox 421 3149 2117 3222">
     <span class='ocr_line' id='line_1_33' title="bbox 421 3149 2117 3222; baseline 0 -16"><span class='ocrx_word' id='word_1_265' title='bbox 421 3153 535 3207; x_wconf 86' lang='lat' dir='ltr'><strong>ait:</strong></span> <span class='ocrx_word' id='word_1_266' title='bbox 569 3153 762 3205; x_wconf 86' lang='lat' dir='ltr'><strong>Dicunt</strong></span> <span class='ocrx_word' id='word_1_267' title='bbox 791 3151 951 3218; x_wconf 87' lang='lat' dir='ltr'><strong>enim,</strong></span> <span class='ocrx_word' id='word_1_268' title='bbox 982 3153 1033 3202; x_wconf 89' lang='lat' dir='ltr'><strong>et</strong></span> <span class='ocrx_word' id='word_1_269' title='bbox 1062 3164 1166 3202; x_wconf 89' lang='lat' dir='ltr'><strong>non</strong></span> <span class='ocrx_word' id='word_1_270' title='bbox 1199 3150 1413 3216; x_wconf 85' lang='lat' dir='ltr'><strong>faciunt</strong></span> <span class='ocrx_word' id='word_1_271' title='bbox 1462 3149 1673 3219; x_wconf 81' lang='lat' dir='ltr'><strong>(Matth.</strong></span> <span class='ocrx_word' id='word_1_272' title='bbox 1721 3167 1879 3219; x_wconf 78' lang='lat' dir='ltr'><strong>XXIII,</strong></span> <span class='ocrx_word' id='word_1_273' title='bbox 1925 3152 2000 3222; x_wconf 87' lang='lat'><strong>3).</strong></span> <span class='ocrx_word' id='word_1_274' title='bbox 2046 3152 2117 3205; x_wconf 93' lang='lat' dir='ltr'><strong>Il-</strong></span> 
     </span>
    </p>
   </div>
   <div class='ocr_carea' id='block_1_34' title="bbox 421 3235 2117 3311">
    <p class='ocr_par' dir='ltr' id='par_1_34' title="bbox 421 3235 2117 3311">
     <span class='ocr_line' id='line_1_34' title="bbox 421 3235 2117 3311; baseline 0.002 -19"><span class='ocrx_word' id='word_1_275' title='bbox 421 3239 519 3293; x_wconf 84' lang='lat' dir='ltr'><strong>Iud</strong></span> <span class='ocrx_word' id='word_1_276' title='bbox 545 3238 719 3292; x_wconf 87' lang='lat' dir='ltr'><strong>etiam</strong></span> <span class='ocrx_word' id='word_1_277' title='bbox 749 3236 956 3291; x_wconf 90' lang='lat' dir='ltr'><strong>melius</strong></span> <span class='ocrx_word' id='word_1_278' title='bbox 985 3235 1372 3291; x_wconf 85' lang='lat' dir='ltr'><strong>intelleximus</strong></span> <span class='ocrx_word' id='word_1_279' title='bbox 1420 3241 1618 3308; x_wconf 89' lang='lat' dir='ltr'><strong>postea</strong></span> <span class='ocrx_word' id='word_1_280' title='bbox 1663 3240 1815 3309; x_wconf 90' lang='lat' dir='ltr'><strong>quod</strong></span> <span class='ocrx_word' id='word_1_281' title='bbox 1844 3239 2117 3311; x_wconf 89' lang='lat' dir='ltr'><strong>scriptum</strong></span> 
     </span>
    </p>
   </div>
   <div class='ocr_carea' id='block_1_35' title="bbox 419 3324 2119 3397">
    <p class='ocr_par' dir='ltr' id='par_1_35' title="bbox 419 3324 2119 3397">
     <span class='ocr_line' id='line_1_35' title="bbox 419 3324 2119 3397; baseline 0.001 -16"><span class='ocrx_word' id='word_1_282' title='bbox 419 3330 505 3381; x_wconf 92' lang='lat' dir='ltr'><strong>est</strong></span> <span class='ocrx_word' id='word_1_283' title='bbox 534 3342 547 3381; x_wconf 92' lang='lat'>:</span> <span class='ocrx_word' id='word_1_284' title='bbox 583 3329 688 3397; x_wconf 80' lang='lat' dir='ltr'><strong>Qui</strong></span> <span class='ocrx_word' id='word_1_285' title='bbox 725 3328 984 3380; x_wconf 88' lang='lat' dir='ltr'><strong>irascitur</strong></span> <span class='ocrx_word' id='word_1_286' title='bbox 1004 3325 1178 3392; x_wconf 81' lang='lat' dir='ltr'><strong>fratri</strong></span> <span class='ocrx_word' id='word_1_287' title='bbox 1199 3339 1295 3379; x_wconf 85' lang='lat' dir='ltr'><strong>suo</strong></span> <span class='ocrx_word' id='word_1_288' title='bbox 1328 3324 1428 3395; x_wconf 88' lang='lat' dir='ltr'><strong>(Id.</strong></span> <span class='ocrx_word' id='word_1_289' title='bbox 1462 3343 1514 3391; x_wconf 92' lang='lat' dir='ltr'><strong>v,</strong></span> <span class='ocrx_word' id='word_1_290' title='bbox 1550 3327 1663 3397; x_wconf 85' lang='lat'><strong>22).</strong></span> <span class='ocrx_word' id='word_1_291' title='bbox 1706 3326 1935 3382; x_wconf 90' lang='lat' dir='ltr'><strong>Codices</strong></span> <span class='ocrx_word' id='word_1_292' title='bbox 1964 3328 2119 3383; x_wconf 90' lang='lat' dir='ltr'><strong>enim</strong></span> 
     </span>
    </p>
   </div>
   <div class='ocr_carea' id='block_1_36' title="bbox 419 3410 2115 3487">
    <p class='ocr_par' dir='ltr' id='par_1_36' title="bbox 419 3410 2115 3487">
     <span class='ocr_line' id='line_1_36' title="bbox 419 3410 2115 3487; baseline 0.001 -18"><span class='ocrx_word' id='word_1_293' title='bbox 419 3414 592 3487; x_wconf 67' lang='lat' dir='ltr'><strong>graeci</strong></span> <span class='ocrx_word' id='word_1_294' title='bbox 613 3431 733 3469; x_wconf 92' lang='lat' dir='ltr'><strong>non</strong></span> <span class='ocrx_word' id='word_1_295' title='bbox 760 3413 992 3479; x_wconf 84' lang='lat' dir='ltr'><strong>habent,</strong></span> <span class='ocrx_word' id='word_1_296' title='bbox 1011 3415 1127 3467; x_wconf 85' lang='lat' dir='ltr'><strong>sine</strong></span> <span class='ocrx_word' id='word_1_297' title='bbox 1156 3427 1324 3467; x_wconf 86' lang='lat' dir='ltr'><strong>causa</strong></span> <span class='ocrx_word' id='word_1_298' title='bbox 1343 3410 1367 3445; x_wconf 84' lang='grc'>²</span> <span class='ocrx_word' id='word_1_299' title='bbox 1392 3453 1406 3481; x_wconf 95' lang='grc'><strong>,</strong></span> <span class='ocrx_word' id='word_1_300' title='bbox 1429 3412 1585 3467; x_wconf 85' lang='lat' dir='ltr'><strong>sicut</strong></span> <span class='ocrx_word' id='word_1_301' title='bbox 1612 3413 1703 3468; x_wconf 92' lang='lat' dir='ltr'><strong>hic</strong></span> <span class='ocrx_word' id='word_1_302' title='bbox 1727 3414 1979 3484; x_wconf 89' lang='lat' dir='ltr'><strong>positum</strong></span> <span class='ocrx_word' id='word_1_303' title='bbox 2012 3422 2115 3483; x_wconf 91' lang='lat' dir='ltr'><strong>est,</strong></span> 
     </span>
    </p>
   </div>
   <div class='ocr_carea' id='block_1_37' title="bbox 416 3501 2118 3575">
    <p class='ocr_par' dir='ltr' id='par_1_37' title="bbox 416 3501 2118 3575">
     <span class='ocr_line' id='line_1_37' title="bbox 416 3501 2118 3575; baseline 0.001 -18"><span class='ocrx_word' id='word_1_304' title='bbox 416 3503 674 3575; x_wconf 85' lang='lat' dir='ltr'><strong>quamvis</strong></span> <span class='ocrx_word' id='word_1_305' title='bbox 705 3502 859 3558; x_wconf 90' lang='lat' dir='ltr'><strong>idem</strong></span> <span class='ocrx_word' id='word_1_306' title='bbox 891 3502 1013 3573; x_wconf 90' lang='lat' dir='ltr'><strong>ipse</strong></span> <span class='ocrx_word' id='word_1_307' title='bbox 1044 3501 1118 3556; x_wconf 91' lang='lat' dir='ltr'><strong>sit</strong></span> <span class='ocrx_word' id='word_1_308' title='bbox 1137 3517 1362 3558; x_wconf 90' lang='lat' dir='ltr'><strong>sensus.</strong></span> <span class='ocrx_word' id='word_1_309' title='bbox 1403 3501 1550 3556; x_wconf 88' lang='lat' dir='ltr'><strong>Illud</strong></span> <span class='ocrx_word' id='word_1_310' title='bbox 1578 3501 1729 3557; x_wconf 91' lang='lat' dir='ltr'><strong>enim</strong></span> <span class='ocrx_word' id='word_1_311' title='bbox 1759 3502 2009 3559; x_wconf 88' lang='lat' dir='ltr'><strong>diximus</strong></span> <span class='ocrx_word' id='word_1_312' title='bbox 2036 3504 2118 3559; x_wconf 91' lang='lat' dir='ltr'><strong>in-</strong></span> 
     </span>
    </p>
   </div>
   <div class='ocr_carea' id='block_1_38' title="bbox 416 3589 2118 3663">
    <p class='ocr_par' dir='ltr' id='par_1_38' title="bbox 416 3589 2118 3663">
     <span class='ocr_line' id='line_1_38' title="bbox 416 3589 2118 3663; baseline 0.001 -16"><span class='ocrx_word' id='word_1_313' title='bbox 416 3593 712 3655; x_wconf 89' lang='lat' dir='ltr'><strong>tuendum,</strong></span> <span class='ocrx_word' id='word_1_314' title='bbox 748 3591 886 3663; x_wconf 89' lang='lat' dir='ltr'><strong>quid</strong></span> <span class='ocrx_word' id='word_1_315' title='bbox 911 3590 980 3645; x_wconf 87' lang='lat' dir='ltr'><strong>sit</strong></span> <span class='ocrx_word' id='word_1_316' title='bbox 1010 3589 1176 3644; x_wconf 87' lang='lat' dir='ltr'><strong>irasci</strong></span> <span class='ocrx_word' id='word_1_317' title='bbox 1207 3590 1368 3644; x_wconf 81' lang='lat' dir='ltr'><strong>fratri</strong></span> <span class='ocrx_word' id='word_1_318' title='bbox 1399 3606 1536 3656; x_wconf 90' lang='lat' dir='ltr'><strong>suo;</strong></span> <span class='ocrx_word' id='word_1_319' title='bbox 1566 3590 1838 3661; x_wconf 90' lang='lat' dir='ltr'><strong>quoniam</strong></span> <span class='ocrx_word' id='word_1_320' title='bbox 1868 3609 1985 3647; x_wconf 94' lang='lat' dir='ltr'><strong>non</strong></span> <span class='ocrx_word' id='word_1_321' title='bbox 2009 3594 2118 3648; x_wconf 89' lang='lat' dir='ltr'><strong>fra-</strong></span> 
     </span>
    </p>
   </div>
   <div class='ocr_carea' id='block_1_39' title="bbox 413 3677 2115 3752">
    <p class='ocr_par' dir='ltr' id='par_1_39' title="bbox 413 3677 2115 3752">
     <span class='ocr_line' id='line_1_39' title="bbox 413 3677 2115 3752; baseline 0.002 -21"><span class='ocrx_word' id='word_1_322' title='bbox 413 3677 489 3731; x_wconf 87' lang='lat' dir='ltr'><strong>tri</strong></span> <span class='ocrx_word' id='word_1_323' title='bbox 509 3678 793 3748; x_wconf 88' lang='lat' dir='ltr'><strong>irascitur,</strong></span> <span class='ocrx_word' id='word_1_324' title='bbox 834 3678 933 3749; x_wconf 91' lang='lat' dir='ltr'><strong>qui</strong></span> <span class='ocrx_word' id='word_1_325' title='bbox 980 3681 1211 3749; x_wconf 89' lang='lat' dir='ltr'><strong>peccato</strong></span> <span class='ocrx_word' id='word_1_326' title='bbox 1258 3679 1448 3733; x_wconf 86' lang='lat' dir='ltr'><strong>fratris</strong></span> <span class='ocrx_word' id='word_1_327' title='bbox 1493 3678 1776 3735; x_wconf 89' lang='lat' dir='ltr'><strong>irascitur.</strong></span> <span class='ocrx_word' id='word_1_328' title='bbox 1825 3681 1934 3745; x_wconf 82' lang='lat' dir='ltr'><strong>Qui</strong></span> <span class='ocrx_word' id='word_1_329' title='bbox 1979 3698 2115 3752; x_wconf 91' lang='lat' dir='ltr'><strong>ergo</strong></span> 
     </span>
    </p>
   </div>
   <div class='ocr_carea' id='block_1_40' title="bbox 413 3766 1958 3836">
    <p class='ocr_par' dir='ltr' id='par_1_40' title="bbox 413 3766 1958 3836">
     <span class='ocr_line' id='line_1_40' title="bbox 413 3766 1958 3836; baseline 0.003 -16"><span class='ocrx_word' id='word_1_330' title='bbox 413 3766 597 3833; x_wconf 87' lang='lat' dir='ltr'><strong>fratri,</strong></span> <span class='ocrx_word' id='word_1_331' title='bbox 624 3783 737 3820; x_wconf 92' lang='lat' dir='ltr'><strong>non</strong></span> <span class='ocrx_word' id='word_1_332' title='bbox 764 3771 992 3836; x_wconf 88' lang='lat' dir='ltr'><strong>peccato</strong></span> <span class='ocrx_word' id='word_1_333' title='bbox 1022 3766 1306 3834; x_wconf 87' lang='lat' dir='ltr'><strong>irascitur,</strong></span> <span class='ocrx_word' id='word_1_334' title='bbox 1334 3768 1454 3821; x_wconf 91' lang='lat' dir='ltr'><strong>sine</strong></span> <span class='ocrx_word' id='word_1_335' title='bbox 1480 3785 1650 3823; x_wconf 90' lang='lat' dir='ltr'><strong>causa</strong></span> <span class='ocrx_word' id='word_1_336' title='bbox 1677 3770 1958 3825; x_wconf 87' lang='lat' dir='ltr'><strong>irascitur.</strong></span> 
     </span>
    </p>
   </div>
   <div class='ocr_carea' id='block_1_41' title="bbox 486 3844 2116 3924">
    <p class='ocr_par' dir='ltr' id='par_1_41' title="bbox 486 3844 2116 3924">
     <span class='ocr_line' id='line_1_41' title="bbox 486 3844 2116 3924; baseline 0.004 -16"><span class='ocrx_word' id='word_1_337' title='bbox 486 3859 538 3909; x_wconf 83' lang='grc'><strong>5.</strong></span> <span class='ocrx_word' id='word_1_338' title='bbox 580 3855 720 3908; x_wconf 84' lang='lat' dir='ltr'><strong>Item</strong></span> <span class='ocrx_word' id='word_1_339' title='bbox 751 3854 904 3924; x_wconf 88' lang='lat' dir='ltr'><strong>quod</strong></span> <span class='ocrx_word' id='word_1_340' title='bbox 932 3853 1069 3918; x_wconf 85' lang='lat' dir='ltr'><strong>dixi,</strong></span> <span class='ocrx_word' id='word_1_341' title='bbox 1098 3856 1206 3908; x_wconf 87' lang='lat' dir='ltr'><strong>Hoc</strong></span> <span class='ocrx_word' id='word_1_342' title='bbox 1235 3859 1285 3908; x_wconf 84' lang='lat' dir='ltr'><strong>et</strong></span> <span class='ocrx_word' id='word_1_343' title='bbox 1309 3855 1375 3908; x_wconf 88' lang='lat' dir='ltr'><strong>de</strong></span> <span class='ocrx_word' id='word_1_344' title='bbox 1396 3860 1559 3924; x_wconf 87' lang='lat' dir='ltr'><strong>patre</strong></span> <span class='ocrx_word' id='word_1_345' title='bbox 1585 3844 1636 3910; x_wconf 83' lang='lat' dir='ltr'><strong>et</strong></span> <span class='ocrx_word' id='word_1_346' title='bbox 1665 3856 1730 3910; x_wconf 89' lang='lat' dir='ltr'><strong>de</strong></span> <span class='ocrx_word' id='word_1_347' title='bbox 1767 3863 1941 3913; x_wconf 82' lang='lat' dir='ltr'><strong>matre</strong></span> <span class='ocrx_word' id='word_1_348' title='bbox 1972 3863 2022 3913; x_wconf 87' lang='lat' dir='ltr'><strong>et</strong></span> <span class='ocrx_word' id='word_1_349' title='bbox 2050 3860 2116 3914; x_wconf 88' lang='lat' dir='ltr'><strong>de</strong></span> 
     </span>
    </p>
   </div>
   <div class='ocr_carea' id='block_1_42' title="bbox 412 3942 2114 4010">
    <p class='ocr_par' dir='ltr' id='par_1_42' title="bbox 412 3942 2114 4010">
     <span class='ocr_line' id='line_1_42' title="bbox 412 3942 2114 4010; baseline 0.003 -13"><span class='ocrx_word' id='word_1_350' title='bbox 412 3944 617 3997; x_wconf 56' lang='lat' dir='ltr'><strong>ceteris</strong></span> <span class='ocrx_word' id='word_1_351' title='bbox 663 3942 892 3996; x_wconf 77' lang='lat' dir='ltr'><strong>vinculis</strong></span> <span class='ocrx_word' id='word_1_352' title='bbox 923 3942 1208 4010; x_wconf 82' lang='lat' dir='ltr'><strong>sanguinis</strong></span> <span class='ocrx_word' id='word_1_353' title='bbox 1242 3943 1649 4009; x_wconf 85' lang='lat' dir='ltr'><strong>intelligendum</strong></span> <span class='ocrx_word' id='word_1_354' title='bbox 1691 3949 1789 4010; x_wconf 90' lang='lat' dir='ltr'><strong>est,</strong></span> <span class='ocrx_word' id='word_1_355' title='bbox 1836 3950 1897 4000; x_wconf 88' lang='lat' dir='ltr'><strong>ut</strong></span> <span class='ocrx_word' id='word_1_356' title='bbox 1924 3948 1983 4001; x_wconf 89' lang='lat' dir='ltr'><strong>in</strong></span> <span class='ocrx_word' id='word_1_357' title='bbox 2037 3950 2114 4003; x_wconf 82' lang='lat' dir='ltr'><strong>eis</strong></span> 
     </span>
    </p>
   </div>
   <div class='ocr_carea' id='block_1_43' title="bbox 411 4029 2112 4098">
    <p class='ocr_par' dir='ltr' id='par_1_43' title="bbox 411 4029 2112 4098">
     <span class='ocr_line' id='line_1_43' title="bbox 411 4029 2112 4098; baseline 0.004 -13"><span class='ocrx_word' id='word_1_358' title='bbox 411 4031 680 4085; x_wconf 80' lang='lat' dir='ltr'><strong>oderimus</strong></span> <span class='ocrx_word' id='word_1_359' title='bbox 710 4029 854 4098; x_wconf 88' lang='lat' dir='ltr'><strong>quod</strong></span> <span class='ocrx_word' id='word_1_360' title='bbox 894 4045 1061 4098; x_wconf 87' lang='lat' dir='ltr'><strong>genus</strong></span> <span class='ocrx_word' id='word_1_361' title='bbox 1108 4031 1402 4085; x_wconf 89' lang='lat' dir='ltr'><strong>humanum</strong></span> <span class='ocrx_word' id='word_1_362' title='bbox 1443 4032 1708 4087; x_wconf 84' lang='lat' dir='ltr'><strong>nascendo</strong></span> <span class='ocrx_word' id='word_1_363' title='bbox 1745 4038 1795 4088; x_wconf 87' lang='lat' dir='ltr'><strong>et</strong></span> <span class='ocrx_word' id='word_1_364' title='bbox 1840 4037 2112 4091; x_wconf 86' lang='lat' dir='ltr'><strong>moriendo</strong></span> 
     </span>
    </p>
   </div>
   <div class='ocr_carea' id='block_1_44' title="bbox 408 4118 2111 4192">
    <p class='ocr_par' dir='ltr' id='par_1_44' title="bbox 408 4118 2111 4192">
     <span class='ocr_line' id='line_1_44' title="bbox 408 4118 2111 4192; baseline 0.003 -18"><span class='ocrx_word' id='word_1_365' title='bbox 408 4122 658 4175; x_wconf 87' lang='lat' dir='ltr'><strong>sortitum</strong></span> <span class='ocrx_word' id='word_1_366' title='bbox 685 4123 764 4173; x_wconf 89' lang='lat' dir='ltr'><strong>cst</strong></span> <span class='ocrx_word' id='word_1_367' title='bbox 793 4118 933 4189; x_wconf 91' lang='lat' dir='ltr'><strong>(Lib.</strong></span> <span class='ocrx_word' id='word_1_368' title='bbox 970 4122 1019 4183; x_wconf 86' lang='lat' dir='ltr'><strong>t,</strong></span> <span class='ocrx_word' id='word_1_369' title='bbox 1052 4134 1097 4175; x_wconf 92' lang='lat' dir='ltr'><strong>c.</strong></span> <span class='ocrx_word' id='word_1_370' title='bbox 1134 4122 1216 4184; x_wconf 82' lang='lat' dir='ltr'><strong>l5,</strong></span> <span class='ocrx_word' id='word_1_371' title='bbox 1271 4135 1327 4174; x_wconf 90' lang='lat' dir='ltr'><strong>n.</strong></span> <span class='ocrx_word' id='word_1_372' title='bbox 1357 4119 1467 4190; x_wconf 82' lang='grc'>41),</span> <span class='ocrx_word' id='word_1_373' title='bbox 1502 4119 1580 4176; x_wconf 90' lang='lat' dir='ltr'><strong>ita</strong></span> <span class='ocrx_word' id='word_1_374' title='bbox 1600 4125 1785 4188; x_wconf 89' lang='lat' dir='ltr'><strong>sonat,</strong></span> <span class='ocrx_word' id='word_1_375' title='bbox 1813 4124 1975 4192; x_wconf 90' lang='lat' dir='ltr'><strong>quasi</strong></span> <span class='ocrx_word' id='word_1_376' title='bbox 1996 4141 2111 4180; x_wconf 91' lang='lat' dir='ltr'><strong>non</strong></span> 
     </span>
    </p>
   </div>
   <div class='ocr_carea' id='block_1_45' title="bbox 410 4206 2111 4276">
    <p class='ocr_par' dir='ltr' id='par_1_45' title="bbox 410 4206 2111 4276">
     <span class='ocr_line' id='line_1_45' title="bbox 410 4206 2111 4276; baseline 0.003 -14"><span class='ocrx_word' id='word_1_377' title='bbox 410 4212 599 4263; x_wconf 87' lang='lat' dir='ltr'><strong>essent</strong></span> <span class='ocrx_word' id='word_1_378' title='bbox 643 4208 853 4263; x_wconf 83' lang='lat' dir='ltr'><strong>futurae</strong></span> <span class='ocrx_word' id='word_1_379' title='bbox 895 4206 1017 4262; x_wconf 74' lang='lat' dir='ltr'><strong>istm</strong></span> <span class='ocrx_word' id='word_1_380' title='bbox 1069 4207 1535 4276; x_wconf 87' lang='lat' dir='ltr'><strong>necessitudines,</strong></span> <span class='ocrx_word' id='word_1_381' title='bbox 1585 4208 1632 4263; x_wconf 90' lang='lat' dir='ltr'><strong>si</strong></span> <span class='ocrx_word' id='word_1_382' title='bbox 1675 4210 1834 4265; x_wconf 91' lang='lat' dir='ltr'><strong>nullo</strong></span> <span class='ocrx_word' id='word_1_383' title='bbox 1891 4215 2111 4268; x_wconf 59' lang='lat' dir='ltr'><strong>natura:</strong></span> 
     </span>
    </p>
   </div>
   <div class='ocr_carea' id='block_1_46' title="bbox 408 4295 2110 4373">
    <p class='ocr_par' dir='ltr' id='par_1_46' title="bbox 408 4295 2110 4373">
     <span class='ocr_line' id='line_1_46' title="bbox 408 4295 2110 4373; baseline 0.002 -21"><span class='ocrx_word' id='word_1_384' title='bbox 408 4298 680 4352; x_wconf 73' lang='lat' dir='ltr'><strong>humanm</strong></span> <span class='ocrx_word' id='word_1_385' title='bbox 707 4295 1065 4368; x_wconf 69' lang='lat' dir='ltr'><strong>praecedente</strong></span> <span class='ocrx_word' id='word_1_386' title='bbox 1092 4300 1323 4366; x_wconf 84' lang='lat' dir='ltr'><strong>peccato</strong></span> <span class='ocrx_word' id='word_1_387' title='bbox 1354 4312 1523 4351; x_wconf 91' lang='lat' dir='ltr'><strong>nemo</strong></span> <span class='ocrx_word' id='word_1_388' title='bbox 1554 4303 1905 4368; x_wconf 87' lang='lat' dir='ltr'><strong>moreretur;</strong></span> <span class='ocrx_word' id='word_1_389' title='bbox 1936 4317 2110 4373; x_wconf 87' lang='lat' dir='ltr'><strong>quem</strong></span> 
     </span>
    </p>
   </div>
   <div class='ocr_carea' id='block_1_47' title="bbox 407 4384 2108 4460">
    <p class='ocr_par' dir='ltr' id='par_1_47' title="bbox 407 4384 2108 4460">
     <span class='ocr_line' id='line_1_47' title="bbox 407 4384 2108 4460; baseline 0.004 -21"><span class='ocrx_word' id='word_1_390' title='bbox 407 4402 638 4441; x_wconf 88' lang='lat' dir='ltr'><strong>sensum</strong></span> <span class='ocrx_word' id='word_1_391' title='bbox 674 4386 797 4457; x_wconf 88' lang='lat' dir='ltr'><strong>jam</strong></span> <span class='ocrx_word' id='word_1_392' title='bbox 839 4384 1098 4458; x_wconf 90' lang='lat' dir='ltr'><strong>superius</strong></span> <span class='ocrx_word' id='word_1_393' title='bbox 1144 4384 1484 4456; x_wconf 82' lang='lat' dir='ltr'><strong>improbavi.</strong></span> <span class='ocrx_word' id='word_1_394' title='bbox 1537 4387 1737 4442; x_wconf 88' lang='lat' dir='ltr'><strong>Essent</strong></span> <span class='ocrx_word' id='word_1_395' title='bbox 1778 4388 1933 4443; x_wconf 88' lang='lat' dir='ltr'><strong>enim</strong></span> <span class='ocrx_word' id='word_1_396' title='bbox 1973 4406 2108 4460; x_wconf 90' lang='lat' dir='ltr'><strong>pro-</strong></span> 
     </span>
    </p>
   </div>
   <div class='ocr_carea' id='block_1_48' title="bbox 406 4473 2109 4548">
    <p class='ocr_par' dir='ltr' id='par_1_48' title="bbox 406 4473 2109 4548">
     <span class='ocr_line' id='line_1_48' title="bbox 406 4473 2109 4548; baseline 0.004 -20"><span class='ocrx_word' id='word_1_397' title='bbox 406 4474 551 4530; x_wconf 91' lang='lat' dir='ltr'><strong>fecto</strong></span> <span class='ocrx_word' id='word_1_398' title='bbox 582 4474 950 4546; x_wconf 82' lang='lat' dir='ltr'><strong>cognationes</strong></span> <span class='ocrx_word' id='word_1_399' title='bbox 979 4477 1034 4528; x_wconf 91' lang='lat' dir='ltr'><strong>et</strong></span> <span class='ocrx_word' id='word_1_400' title='bbox 1062 4474 1386 4535; x_wconf 88' lang='lat' dir='ltr'><strong>afﬁnitates,</strong></span> <span class='ocrx_word' id='word_1_401' title='bbox 1420 4473 1644 4529; x_wconf 90' lang='lat' dir='ltr'><strong>etiamsi</strong></span> <span class='ocrx_word' id='word_1_402' title='bbox 1664 4476 1929 4548; x_wconf 82' lang='lat' dir='ltr'><strong>originali</strong></span> <span class='ocrx_word' id='word_1_403' title='bbox 1950 4479 2109 4533; x_wconf 90' lang='lat' dir='ltr'><strong>nullo</strong></span> 
     </span>
    </p>
   </div>
   <div class='ocr_carea' id='block_1_49' title="bbox 407 4562 2108 4636">
    <p class='ocr_par' dir='ltr' id='par_1_49' title="bbox 407 4562 2108 4636">
     <span class='ocr_line' id='line_1_49' title="bbox 407 4562 2108 4636; baseline 0.003 -20"><span class='ocrx_word' id='word_1_404' title='bbox 407 4562 678 4618; x_wconf 87' lang='lat' dir='ltr'><strong>existente</strong></span> <span class='ocrx_word' id='word_1_405' title='bbox 702 4568 952 4634; x_wconf 90' lang='lat' dir='ltr'><strong>peccato,</strong></span> <span class='ocrx_word' id='word_1_406' title='bbox 982 4563 1106 4618; x_wconf 90' lang='lat' dir='ltr'><strong>sine</strong></span> <span class='ocrx_word' id='word_1_407' title='bbox 1144 4567 1327 4618; x_wconf 88' lang='lat' dir='ltr'><strong>morte</strong></span> <span class='ocrx_word' id='word_1_408' title='bbox 1356 4566 1633 4618; x_wconf 89' lang='lat' dir='ltr'><strong>cresceret</strong></span> <span class='ocrx_word' id='word_1_409' title='bbox 1673 4568 1728 4618; x_wconf 91' lang='lat' dir='ltr'><strong>et</strong></span> <span class='ocrx_word' id='word_1_410' title='bbox 1756 4566 2108 4636; x_wconf 88' lang='lat' dir='ltr'><strong>multiplica-</strong></span> 
     </span>
    </p>
   </div>
   <div class='ocr_carea' id='block_1_50' title="bbox 406 4650 2109 4723">
    <p class='ocr_par' dir='ltr' id='par_1_50' title="bbox 406 4650 2109 4723">
     <span class='ocr_line' id='line_1_50' title="bbox 406 4650 2109 4723; baseline 0.004 -19"><span class='ocrx_word' id='word_1_411' title='bbox 406 4654 565 4705; x_wconf 88' lang='lat' dir='ltr'><strong>retur</strong></span> <span class='ocrx_word' id='word_1_412' title='bbox 593 4667 774 4723; x_wconf 89' lang='lat' dir='ltr'><strong>genus</strong></span> <span class='ocrx_word' id='word_1_413' title='bbox 801 4653 1144 4707; x_wconf 89' lang='lat' dir='ltr'><strong>humanum.</strong></span> <span class='ocrx_word' id='word_1_414' title='bbox 1168 4654 1246 4706; x_wconf 86' lang='lat' dir='ltr'><strong>Ac</strong></span> <span class='ocrx_word' id='word_1_415' title='bbox 1274 4667 1377 4723; x_wconf 88' lang='lat' dir='ltr'><strong>per</strong></span> <span class='ocrx_word' id='word_1_416' title='bbox 1406 4650 1512 4705; x_wconf 90' lang='lat' dir='ltr'><strong>hoc</strong></span> <span class='ocrx_word' id='word_1_417' title='bbox 1539 4651 1704 4706; x_wconf 87' lang='lat' dir='ltr'><strong>aliter</strong></span> <span class='ocrx_word' id='word_1_418' title='bbox 1732 4653 2004 4709; x_wconf 88' lang='lat' dir='ltr'><strong>solvenda</strong></span> <span class='ocrx_word' id='word_1_419' title='bbox 2024 4660 2109 4710; x_wconf 89' lang='lat' dir='ltr'><strong>est</strong></span> 
     </span>
    </p>
   </div>
   <div class='ocr_carea' id='block_1_51' title="bbox 407 4738 2106 4812">
    <p class='ocr_par' dir='ltr' id='par_1_51' title="bbox 407 4738 2106 4812">
     <span class='ocr_line' id='line_1_51' title="bbox 407 4738 2106 4812; baseline 0.004 -20"><span class='ocrx_word' id='word_1_420' title='bbox 407 4739 668 4810; x_wconf 76' lang='lat' dir='ltr'><strong>quaestio,</strong></span> <span class='ocrx_word' id='word_1_421' title='bbox 701 4756 802 4794; x_wconf 92' lang='lat' dir='ltr'><strong>cur</strong></span> <span class='ocrx_word' id='word_1_422' title='bbox 824 4740 1100 4795; x_wconf 87' lang='lat' dir='ltr'><strong>Dominus</strong></span> <span class='ocrx_word' id='word_1_423' title='bbox 1130 4738 1472 4812; x_wconf 69' lang='lat' dir='ltr'><strong>prmceperit</strong></span> <span class='ocrx_word' id='word_1_424' title='bbox 1500 4739 1820 4811; x_wconf 90' lang='lat' dir='ltr'><strong>diligendos</strong></span> <span class='ocrx_word' id='word_1_425' title='bbox 1844 4741 2106 4798; x_wconf 90' lang='lat' dir='ltr'><strong>inimicos</strong></span> 
     </span>
    </p>
   </div>
   <div class='ocr_carea' id='block_1_52' title="bbox 407 4826 2104 4899">
    <p class='ocr_par' dir='ltr' id='par_1_52' title="bbox 407 4826 2104 4899">
     <span class='ocr_line' id='line_1_52' title="bbox 407 4826 2104 4899; baseline 0.001 -17"><span class='ocrx_word' id='word_1_426' title='bbox 407 4828 620 4896; x_wconf 83' lang='lat' dir='ltr'><strong>(Matth.</strong></span> <span class='ocrx_word' id='word_1_427' title='bbox 649 4844 699 4894; x_wconf 90' lang='lat' dir='ltr'><strong>v,</strong></span> <span class='ocrx_word' id='word_1_428' title='bbox 732 4828 841 4896; x_wconf 83' lang='grc'>44),</span> <span class='ocrx_word' id='word_1_429' title='bbox 870 4845 1001 4885; x_wconf 88' lang='lat' dir='ltr'><strong>cum</strong></span> <span class='ocrx_word' id='word_1_430' title='bbox 1046 4829 1157 4883; x_wconf 89' lang='lat' dir='ltr'><strong>alio</strong></span> <span class='ocrx_word' id='word_1_431' title='bbox 1205 4830 1328 4883; x_wconf 89' lang='lat' dir='ltr'><strong>loco</strong></span> <span class='ocrx_word' id='word_1_432' title='bbox 1366 4826 1665 4899; x_wconf 68' lang='lat' dir='ltr'><strong>praecipiat</strong></span> <span class='ocrx_word' id='word_1_433' title='bbox 1711 4828 1842 4884; x_wconf 91' lang='lat' dir='ltr'><strong>odio</strong></span> <span class='ocrx_word' id='word_1_434' title='bbox 1885 4829 2104 4885; x_wconf 86' lang='lat' dir='ltr'><strong>haben-</strong></span> 
     </span>
    </p>
   </div>
   <div class='ocr_carea' id='block_1_53' title="bbox 404 4917 2106 4989">
    <p class='ocr_par' dir='ltr' id='par_1_53' title="bbox 404 4917 2106 4989">
     <span class='ocr_line' id='line_1_53' title="bbox 404 4917 2106 4989; baseline 0.001 -17"><span class='ocrx_word' id='word_1_435' title='bbox 404 4917 505 4972; x_wconf 91' lang='lat' dir='ltr'><strong>dos</strong></span> <span class='ocrx_word' id='word_1_436' title='bbox 526 4921 581 4971; x_wconf 91' lang='lat' dir='ltr'><strong>et</strong></span> <span class='ocrx_word' id='word_1_437' title='bbox 600 4920 863 4987; x_wconf 90' lang='lat' dir='ltr'><strong>parentes</strong></span> <span class='ocrx_word' id='word_1_438' title='bbox 894 4924 951 4973; x_wconf 86' lang='lat' dir='ltr'><strong>et</strong></span> <span class='ocrx_word' id='word_1_439' title='bbox 978 4918 1130 4972; x_wconf 89' lang='lat' dir='ltr'><strong>ﬁlios</strong></span> <span class='ocrx_word' id='word_1_440' title='bbox 1177 4917 1323 4989; x_wconf 89' lang='lat' dir='ltr'><strong>(Luc.</strong></span> <span class='ocrx_word' id='word_1_441' title='bbox 1358 4934 1468 4980; x_wconf 72' lang='lat' dir='ltr'><strong>xxv,</strong></span> <span class='ocrx_word' id='word_1_442' title='bbox 1497 4917 1609 4989; x_wconf 92' lang='lat'><strong>26),</strong></span> <span class='ocrx_word' id='word_1_443' title='bbox 1657 4933 1771 4972; x_wconf 92' lang='lat' dir='ltr'><strong>non</strong></span> <span class='ocrx_word' id='word_1_444' title='bbox 1818 4917 1964 4973; x_wconf 89' lang='lat' dir='ltr'><strong>sicut</strong></span> <span class='ocrx_word' id='word_1_445' title='bbox 2012 4918 2106 4973; x_wconf 86' lang='lat' dir='ltr'><strong>hic</strong></span> 
     </span>
    </p>
   </div>
   <div class='ocr_carea' id='block_1_54' title="bbox 403 5005 2104 5078">
    <p class='ocr_par' dir='ltr' id='par_1_54' title="bbox 403 5005 2104 5078">
     <span class='ocr_line' id='line_1_54' title="bbox 403 5005 2104 5078; baseline 0.001 -17"><span class='ocrx_word' id='word_1_446' title='bbox 403 5005 591 5061; x_wconf 88' lang='lat' dir='ltr'><strong>soluta</strong></span> <span class='ocrx_word' id='word_1_447' title='bbox 647 5008 768 5073; x_wconf 91' lang='lat' dir='ltr'><strong>est,</strong></span> <span class='ocrx_word' id='word_1_448' title='bbox 832 5006 932 5060; x_wconf 91' lang='lat' dir='ltr'><strong>sed</strong></span> <span class='ocrx_word' id='word_1_449' title='bbox 987 5005 1134 5060; x_wconf 85' lang='lat' dir='ltr'><strong>sicut</strong></span> <span class='ocrx_word' id='word_1_450' title='bbox 1189 5022 1314 5061; x_wconf 90' lang='lat' dir='ltr'><strong>eam</strong></span> <span class='ocrx_word' id='word_1_451' title='bbox 1378 5005 1662 5078; x_wconf 86' lang='lat' dir='ltr'><strong>posterius</strong></span> <span class='ocrx_word' id='word_1_452' title='bbox 1729 5022 1878 5076; x_wconf 81' lang='lat' dir='ltr'><strong>saepe</strong></span> <span class='ocrx_word' id='word_1_453' title='bbox 1933 5008 2104 5062; x_wconf 89' lang='lat' dir='ltr'><strong>solvi-</strong></span> 
     </span>
    </p>
   </div>
   <div class='ocr_carea' id='block_1_55' title="bbox 402 5092 2103 5167">
    <p class='ocr_par' dir='ltr' id='par_1_55' title="bbox 402 5092 2103 5167">
     <span class='ocr_line' id='line_1_55' title="bbox 402 5092 2103 5167; baseline 0.001 -17"><span class='ocrx_word' id='word_1_454' title='bbox 402 5111 566 5151; x_wconf 89' lang='lat' dir='ltr'><strong>mus:</strong></span> <span class='ocrx_word' id='word_1_455' title='bbox 612 5093 672 5150; x_wconf 89' lang='lat' dir='ltr'><strong>id</strong></span> <span class='ocrx_word' id='word_1_456' title='bbox 710 5096 813 5160; x_wconf 87' lang='lat' dir='ltr'><strong>est,</strong></span> <span class='ocrx_word' id='word_1_457' title='bbox 856 5097 922 5147; x_wconf 87' lang='lat' dir='ltr'><strong>ut</strong></span> <span class='ocrx_word' id='word_1_458' title='bbox 948 5092 1255 5164; x_wconf 79' lang='lat' dir='ltr'><strong>diligamus</strong></span> <span class='ocrx_word' id='word_1_459' title='bbox 1278 5093 1542 5149; x_wconf 90' lang='lat' dir='ltr'><strong>inimicos</strong></span> <span class='ocrx_word' id='word_1_460' title='bbox 1580 5094 1884 5150; x_wconf 91' lang='lat' dir='ltr'><strong>lucrandos</strong></span> <span class='ocrx_word' id='word_1_461' title='bbox 1925 5112 2103 5167; x_wconf 88' lang='lat' dir='ltr'><strong>regno</strong></span> 
     </span>
    </p>
   </div>
   <div class='ocr_carea' id='block_1_56' title="bbox 466 5195 2106 5264">
    <p class='ocr_par' dir='ltr' id='par_1_56' title="bbox 466 5195 2106 5264">
     <span class='ocr_line' id='line_1_56' title="bbox 466 5195 2106 5264; baseline -0.001 -15"><span class='ocrx_word' id='word_1_462' title='bbox 466 5204 479 5237; x_wconf 73' lang='grc'><strong>1</strong></span> <span class='ocrx_word' id='word_1_463' title='bbox 518 5202 578 5264; x_wconf 90' lang='lat' dir='ltr'><strong>In</strong></span> <span class='ocrx_word' id='word_1_464' title='bbox 593 5199 739 5264; x_wconf 87' lang='lat' dir='ltr'><strong>prius</strong></span> <span class='ocrx_word' id='word_1_465' title='bbox 769 5197 976 5247; x_wconf 82' lang='lat' dir='ltr'><strong>excusis</strong></span> <span class='ocrx_word' id='word_1_466' title='bbox 1001 5195 1208 5264; x_wconf 83' lang='lat' dir='ltr'><strong>legitur,</strong></span> <span class='ocrx_word' id='word_1_467' title='bbox 1229 5199 1324 5264; x_wconf 78' lang='lat' dir='ltr'><strong>qui</strong></span> <span class='ocrx_word' id='word_1_468' title='bbox 1351 5197 1540 5250; x_wconf 84' lang='lat' dir='ltr'><strong>dicunt</strong></span> <span class='ocrx_word' id='word_1_469' title='bbox 1561 5200 1742 5264; x_wconf 83' lang='lat' dir='ltr'><strong>e_t_non</strong></span> <span class='ocrx_word' id='word_1_470' title='bbox 1762 5197 1988 5264; x_wconf 84' lang='lat' dir='ltr'><strong>faciunt.</strong></span> <span class='ocrx_word' id='word_1_471' title='bbox 2007 5201 2106 5248; x_wconf 87' lang='lat' dir='ltr'><strong>Ex-</strong></span> 
     </span>
    </p>
   </div>
   <div class='ocr_carea' id='block_1_57' title="bbox 401 5259 2105 5327">
    <p class='ocr_par' dir='ltr' id='par_1_57' title="bbox 401 5259 2105 5327">
     <span class='ocr_line' id='line_1_57' title="bbox 401 5259 2105 5327; baseline -0.001 -14"><span class='ocrx_word' id='word_1_472' title='bbox 401 5259 690 5327; x_wconf 80' lang='lat' dir='ltr'><strong>punximus</strong></span> <span class='ocrx_word' id='word_1_473' title='bbox 715 5264 997 5327; x_wconf 73' lang='lat' dir='ltr'><strong>negantem</strong></span> <span class='ocrx_word' id='word_1_474' title='bbox 1027 5259 1357 5327; x_wconf 78' lang='lat' dir='ltr'><strong>particulam,</strong></span> <span class='ocrx_word' id='word_1_475' title='bbox 1388 5274 1507 5323; x_wconf 69' lang='lat' dir='ltr'><strong>quae</strong></span> <span class='ocrx_word' id='word_1_476' title='bbox 1528 5275 1559 5309; x_wconf 90' lang='lat' dir='ltr'><strong>a</strong></span> <span class='ocrx_word' id='word_1_477' title='bbox 1577 5262 1700 5327; x_wconf 76' lang='lat' dir='ltr'><strong>Mss.</strong></span> <span class='ocrx_word' id='word_1_478' title='bbox 1725 5259 1894 5327; x_wconf 80' lang='lat' dir='ltr'><strong>abest,</strong></span> <span class='ocrx_word' id='word_1_479' title='bbox 1916 5265 1975 5327; x_wconf 83' lang='lat' dir='ltr'><strong>ut</strong></span> <span class='ocrx_word' id='word_1_480' title='bbox 1989 5276 2105 5325; x_wconf 86' lang='lat' dir='ltr'><strong>pro-</strong></span> 
     </span>
    </p>
   </div>
   <div class='ocr_carea' id='block_1_58' title="bbox 400 5321 2030 5388">
    <p class='ocr_par' dir='ltr' id='par_1_58' title="bbox 400 5321 2030 5388">
     <span class='ocr_line' id='line_1_58' title="bbox 400 5321 2030 5388; baseline -0.001 -13"><span class='ocrx_word' id='word_1_481' title='bbox 400 5321 617 5383; x_wconf 78' lang='lat' dir='ltr'><strong>nomen,</strong></span> <span class='ocrx_word' id='word_1_482' title='bbox 642 5326 749 5388; x_wconf 79' lang='lat' dir='ltr'><strong>qui,</strong></span> <span class='ocrx_word' id='word_1_483' title='bbox 772 5321 1143 5388; x_wconf 28' lang='lat' dir='ltr'><strong>relati‘ninisit</strong></span> <span class='ocrx_word' id='word_1_484' title='bbox 1161 5321 1226 5370; x_wconf 87' lang='lat' dir='ltr'><strong>ad</strong></span> <span class='ocrx_word' id='word_1_485' title='bbox 1256 5321 1591 5388; x_wconf 74' lang='lat' dir='ltr'><strong>eosquorum</strong></span> <span class='ocrx_word' id='word_1_486' title='bbox 1606 5324 1819 5388; x_wconf 77' lang='lat' dir='ltr'><strong>justitia</strong></span> <span class='ocrx_word' id='word_1_487' title='bbox 1831 5321 2030 5388; x_wconf 78' lang='lat' dir='ltr'><strong>major.</strong></span> 
     </span>
    </p>
   </div>
   <div class='ocr_carea' id='block_1_59' title="bbox 459 5382 2102 5449">
    <p class='ocr_par' dir='ltr' id='par_1_59' title="bbox 459 5382 2102 5449">
     <span class='ocr_line' id='line_1_59' title="bbox 459 5382 2102 5449; baseline -0.001 -14"><span class='ocrx_word' id='word_1_488' title='bbox 459 5389 481 5422; x_wconf 65' lang='grc' dir='ltr'>ε</span> <span class='ocrx_word' id='word_1_489' title='bbox 502 5388 542 5449; x_wconf 78' lang='grc' dir='ltr'>Ν</span> <span class='ocrx_word' id='word_1_490' title='bbox 550 5382 663 5437; x_wconf 63' lang='lat' dir='ltr'><strong>unc&#39;</strong></span> <span class='ocrx_word' id='word_1_491' title='bbox 676 5392 852 5449; x_wconf 83' lang='lat' dir='ltr'><strong>tamen</strong></span> <span class='ocrx_word' id='word_1_492' title='bbox 881 5384 970 5449; x_wconf 85' lang='lat' dir='ltr'><strong>vix</strong></span> <span class='ocrx_word' id='word_1_493' title='bbox 996 5382 1167 5432; x_wconf 87' lang='lat' dir='ltr'><strong>ullum</strong></span> <span class='ocrx_word' id='word_1_494' title='bbox 1198 5382 1426 5449; x_wconf 65' lang='lat' dir='ltr'><strong>reperitis</strong></span> <span class='ocrx_word' id='word_1_495' title='bbox 1459 5382 1691 5447; x_wconf 72' lang='lat' dir='ltr'><strong>graecum</strong></span> <span class='ocrx_word' id='word_1_496' title='bbox 1725 5382 1980 5449; x_wconf 79' lang='lat' dir='ltr'><strong>codicem,</strong></span> <span class='ocrx_word' id='word_1_497' title='bbox 2010 5386 2102 5449; x_wconf 90' lang='lat' dir='ltr'><strong>qui</strong></span> 
     </span>
    </p>
   </div>
   <div class='ocr_carea' id='block_1_60' title="bbox 398 5445 2103 5511">
    <p class='ocr_par' dir='ltr' id='par_1_60' title="bbox 398 5445 2103 5511">
     <span class='ocr_line' id='line_1_60' title="bbox 398 5445 2103 5511; baseline -0.001 -14"><span class='ocrx_word' id='word_1_498' title='bbox 398 5462 507 5497; x_wconf 91' lang='lat' dir='ltr'><strong>non</strong></span> <span class='ocrx_word' id='word_1_499' title='bbox 520 5448 712 5511; x_wconf 85' lang='lat' dir='ltr'><strong>habeat</strong></span> <span class='ocrx_word' id='word_1_500' title='bbox 731 5446 858 5505; x_wconf 61' lang='lat' dir='ltr'><strong>eilia,</strong></span> <span class='ocrx_word' id='word_1_501' title='bbox 877 5447 991 5511; x_wconf 79' lang='lat' dir='ltr'><strong>sine</strong></span> <span class='ocrx_word' id='word_1_502' title='bbox 1010 5458 1203 5511; x_wconf 76' lang='lat' dir='ltr'><strong>causa;</strong></span> <span class='ocrx_word' id='word_1_503' title='bbox 1222 5445 1363 5511; x_wconf 80' lang='lat' dir='ltr'><strong>quod</strong></span> <span class='ocrx_word' id='word_1_504' title='bbox 1380 5445 1441 5511; x_wconf 60' lang='lat' dir='ltr'>in</span> <span class='ocrx_word' id='word_1_505' title='bbox 1455 5445 1551 5495; x_wconf 71' lang='lat' dir='ltr'><strong>suo</strong></span> <span class='ocrx_word' id='word_1_506' title='bbox 1573 5445 2103 5511; x_wconf 80' lang='lat' dir='ltr'><strong>quoqueChrysosto-</strong></span> 
     </span>
    </p>
   </div>
   <div class='ocr_carea' id='block_1_61' title="bbox 397 5506 2095 5573">
    <p class='ocr_par' dir='ltr' id='par_1_61' title="bbox 397 5506 2095 5573">
     <span class='ocr_line' id='line_1_61' title="bbox 397 5506 2095 5573; baseline 0.001 -15"><span class='ocrx_word' id='word_1_507' title='bbox 397 5523 516 5559; x_wconf 85' lang='lat' dir='ltr'><strong>mus</strong></span> <span class='ocrx_word' id='word_1_508' title='bbox 536 5510 833 5573; x_wconf 70' lang='lat' dir='ltr'><strong>legebatJd</strong></span> <span class='ocrx_word' id='word_1_509' title='bbox 846 5508 1143 5573; x_wconf 86' lang='lat' dir='ltr'><strong>radendum</strong></span> <span class='ocrx_word' id='word_1_510' title='bbox 1159 5506 1272 5558; x_wconf 77' lang='lat' dir='ltr'><strong>esse</strong></span> <span class='ocrx_word' id='word_1_511' title='bbox 1288 5506 1363 5555; x_wconf 84' lang='lat' dir='ltr'><strong>ait</strong></span> <span class='ocrx_word' id='word_1_512' title='bbox 1383 5506 1751 5573; x_wconf 69' lang='lat' dir='ltr'><strong>Hieronymus,</strong></span> <span class='ocrx_word' id='word_1_513' title='bbox 1768 5506 2095 5572; x_wconf 79' lang='lat' dir='ltr'><strong>Augustinus</strong></span> 
     </span>
    </p>
   </div>
   <div class='ocr_carea' id='block_1_62' title="bbox 397 5571 1541 5635">
    <p class='ocr_par' dir='ltr' id='par_1_62' title="bbox 397 5571 1541 5635">
     <span class='ocr_line' id='line_1_62' title="bbox 397 5571 1541 5635; baseline 0 -16"><span class='ocrx_word' id='word_1_514' title='bbox 397 5584 521 5620; x_wconf 85' lang='lat' dir='ltr'><strong>vero</strong></span> <span class='ocrx_word' id='word_1_515' title='bbox 546 5571 630 5620; x_wconf 86' lang='lat' dir='ltr'><strong>hic</strong></span> <span class='ocrx_word' id='word_1_516' title='bbox 655 5572 722 5621; x_wconf 87' lang='lat' dir='ltr'><strong>ad</strong></span> <span class='ocrx_word' id='word_1_517' title='bbox 754 5572 1051 5635; x_wconf 83' lang='lat' dir='ltr'><strong>legitimum</strong></span> <span class='ocrx_word' id='word_1_518' title='bbox 1075 5583 1292 5621; x_wconf 80' lang='lat' dir='ltr'><strong>sensum</strong></span> <span class='ocrx_word' id='word_1_519' title='bbox 1312 5573 1541 5621; x_wconf 83' lang='lat' dir='ltr'><strong>revocat.</strong></span> 
     </span>
    </p>
   </div>
   <div class='ocr_carea' id='block_1_63' title="bbox 1594 276 3853 370">
    <p class='ocr_par' dir='ltr' id='par_1_63' title="bbox 1594 276 3853 370">
     <span class='ocr_line' id='line_1_63' title="bbox 1594 276 3853 370; baseline 0.005 -36"><span class='ocrx_word' id='word_1_520' title='bbox 1594 280 1634 334; x_wconf 71' lang='lat' dir='ltr'><strong>lt</strong></span> <span class='ocrx_word' id='word_1_521' title='bbox 1644 277 2247 335; x_wconf 78' lang='lat' dir='ltr'><strong>ETRACTATIONUM</strong></span> <span class='ocrx_word' id='word_1_522' title='bbox 2288 276 2342 335; x_wconf 90' lang='lat' dir='ltr'><strong>S.</strong></span> <span class='ocrx_word' id='word_1_523' title='bbox 2384 276 2526 333; x_wconf 84' lang='lat' dir='ltr'><strong>AUG</strong></span> <span class='ocrx_word' id='word_1_524' title='bbox 2536 276 2792 333; x_wconf 80' lang='lat' dir='ltr'><strong>l&#39;STlNl.</strong></span> <span class='ocrx_word' id='word_1_525' title='bbox 3763 296 3853 370; x_wconf 52' lang='grc'>611</span> 
     </span>
    </p>
   </div>
   <div class='ocr_carea' id='block_1_64' title="bbox 2248 399 3839 478">
    <p class='ocr_par' dir='ltr' id='par_1_64' title="bbox 2248 399 3839 478">
     <span class='ocr_line' id='line_1_64' title="bbox 2248 399 3839 478; baseline 0.008 -23"><span class='ocrx_word' id='word_1_526' title='bbox 2248 399 2368 467; x_wconf 88' lang='lat' dir='ltr'><strong>Dei,</strong></span> <span class='ocrx_word' id='word_1_527' title='bbox 2399 404 2454 455; x_wconf 89' lang='lat' dir='ltr'><strong>et</strong></span> <span class='ocrx_word' id='word_1_528' title='bbox 2483 400 2775 456; x_wconf 87' lang='lat' dir='ltr'><strong>oderimus</strong></span> <span class='ocrx_word' id='word_1_529' title='bbox 2824 399 2886 456; x_wconf 93' lang='lat' dir='ltr'>in</span> <span class='ocrx_word' id='word_1_530' title='bbox 2923 400 3278 474; x_wconf 86' lang='lat' dir='ltr'><strong>propinquis,</strong></span> <span class='ocrx_word' id='word_1_531' title='bbox 3327 403 3373 458; x_wconf 92' lang='lat' dir='ltr'><strong>si</strong></span> <span class='ocrx_word' id='word_1_532' title='bbox 3415 404 3699 478; x_wconf 86' lang='lat' dir='ltr'><strong>impediunt</strong></span> <span class='ocrx_word' id='word_1_533' title='bbox 3723 428 3751 467; x_wconf 83' lang='lat' dir='ltr'><strong>a</strong></span> <span class='ocrx_word' id='word_1_534' title='bbox 3780 430 3839 468; x_wconf 79' lang='lat' dir='ltr'><strong>re-</strong></span> 
     </span>
    </p>
   </div>
   <div class='ocr_carea' id='block_1_65' title="bbox 2245 490 3581 561">
    <p class='ocr_par' dir='ltr' id='par_1_65' title="bbox 2245 490 3581 561">
     <span class='ocr_line' id='line_1_65' title="bbox 2245 490 3581 561; baseline 0.001 -18"><span class='ocrx_word' id='word_1_535' title='bbox 2245 506 2359 561; x_wconf 93' lang='lat' dir='ltr'><strong>gno</strong></span> <span class='ocrx_word' id='word_1_536' title='bbox 2394 490 2511 544; x_wconf 91' lang='lat' dir='ltr'><strong>Dei.</strong></span> <span class='ocrx_word' id='word_1_537' title='bbox 3578 492 3581 497; x_wconf 55' lang='grc'><em>⁴</em></span> 
     </span>
    </p>
   </div>
   <div class='ocr_carea' id='block_1_66' title="bbox 2317 578 3843 659">
    <p class='ocr_par' dir='ltr' id='par_1_66' title="bbox 2317 578 3843 659">
     <span class='ocr_line' id='line_1_66' title="bbox 2317 578 3843 659; baseline 0.008 -26"><span class='ocrx_word' id='word_1_538' title='bbox 2317 581 2367 634; x_wconf 87' lang='lat'><strong>6.</strong></span> <span class='ocrx_word' id='word_1_539' title='bbox 2404 580 2545 633; x_wconf 90' lang='lat' dir='ltr'><strong>Item</strong></span> <span class='ocrx_word' id='word_1_540' title='bbox 2585 578 2655 633; x_wconf 92' lang='lat' dir='ltr'><strong>de</strong></span> <span class='ocrx_word' id='word_1_541' title='bbox 2684 584 2970 651; x_wconf 59' lang='lat' dir='ltr'><strong>praecepto</strong></span> <span class='ocrx_word' id='word_1_542' title='bbox 3002 581 3470 652; x_wconf 81' lang='lat' dir='ltr'><strong>quo~prohibetur</strong></span> <span class='ocrx_word' id='word_1_543' title='bbox 3499 602 3627 640; x_wconf 90' lang='lat' dir='ltr'><strong>uxor</strong></span> <span class='ocrx_word' id='word_1_544' title='bbox 3664 588 3843 659; x_wconf 86' lang='lat' dir='ltr'><strong>dimitti,</strong></span> 
     </span>
    </p>
   </div>
   <div class='ocr_carea' id='block_1_67' title="bbox 2244 666 3846 745">
    <p class='ocr_par' dir='ltr' id='par_1_67' title="bbox 2244 666 3846 745">
     <span class='ocr_line' id='line_1_67' title="bbox 2244 666 3846 745; baseline 0.008 -25"><span class='ocrx_word' id='word_1_545' title='bbox 2244 666 2351 721; x_wconf 89' lang='lat' dir='ltr'><strong>nisi</strong></span> <span class='ocrx_word' id='word_1_546' title='bbox 2364 672 2602 738; x_wconf 90' lang='lat' dir='ltr'><strong>propter</strong></span> <span class='ocrx_word' id='word_1_547' title='bbox 2617 667 3054 723; x_wconf 86' lang='lat' dir='ltr'><strong>fornicationem</strong></span> <span class='ocrx_word' id='word_1_548' title='bbox 3065 712 3078 735; x_wconf 91' lang='lat'><strong>,</strong></span> <span class='ocrx_word' id='word_1_549' title='bbox 3094 668 3186 725; x_wconf 91' lang='lat' dir='ltr'><strong>hic</strong></span> <span class='ocrx_word' id='word_1_550' title='bbox 3202 670 3426 742; x_wconf 88' lang='lat' dir='ltr'><strong>quidem</strong></span> <span class='ocrx_word' id='word_1_551' title='bbox 3446 676 3846 745; x_wconf 80' lang='lat' dir='ltr'><strong>scrupulosissime</strong></span> 
     </span>
    </p>
   </div>
   <div class='ocr_carea' id='block_1_68' title="bbox 2243 756 3957 830">
    <p class='ocr_par' dir='ltr' id='par_1_68' title="bbox 2243 756 3957 830">
     <span class='ocr_line' id='line_1_68' title="bbox 2243 756 3957 830; baseline 0.003 -20"><span class='ocrx_word' id='word_1_552' title='bbox 2243 756 2526 826; x_wconf 86' lang='lat' dir='ltr'><strong>disputavi</strong></span> <span class='ocrx_word' id='word_1_553' title='bbox 2557 756 2697 827; x_wconf 91' lang='lat' dir='ltr'><strong>(Lib.</strong></span> <span class='ocrx_word' id='word_1_554' title='bbox 2735 761 2786 827; x_wconf 84' lang='lat' dir='ltr'><strong>l,</strong></span> <span class='ocrx_word' id='word_1_555' title='bbox 2812 775 2856 812; x_wconf 93' lang='lat' dir='ltr'><strong>c.</strong></span> <span class='ocrx_word' id='word_1_556' title='bbox 2892 759 3002 827; x_wconf 87' lang='grc'>91).</span> <span class='ocrx_word' id='word_1_557' title='bbox 3062 759 3172 813; x_wconf 92' lang='lat' dir='ltr'><strong>Sed</strong></span> <span class='ocrx_word' id='word_1_558' title='bbox 3201 776 3369 830; x_wconf 91' lang='lat' dir='ltr'><strong>quam</strong></span> <span class='ocrx_word' id='word_1_559' title='bbox 3397 761 3522 816; x_wconf 84' lang='lat' dir='ltr'><strong>velit</strong></span> <span class='ocrx_word' id='word_1_560' title='bbox 3547 764 3848 822; x_wconf 89' lang='lat' dir='ltr'><strong>Dominusin-</strong></span> <span class='ocrx_word' id='word_1_561' title='bbox 3956 804 3957 815; x_wconf 55' lang='grc' dir='ltr'><em>ς</em></span> 
     </span>
    </p>
   </div>
   <div class='ocr_carea' id='block_1_69' title="bbox 2241 844 3847 919">
    <p class='ocr_par' dir='ltr' id='par_1_69' title="bbox 2241 844 3847 919">
     <span class='ocr_line' id='line_1_69' title="bbox 2241 844 3847 919; baseline 0.007 -22"><span class='ocrx_word' id='word_1_562' title='bbox 2241 844 2424 915; x_wconf 91' lang='lat' dir='ltr'><strong>telligi</strong></span> <span class='ocrx_word' id='word_1_563' title='bbox 2464 844 2921 913; x_wconf 86' lang='lat' dir='ltr'><strong>fornicationem,</strong></span> <span class='ocrx_word' id='word_1_564' title='bbox 2969 852 3206 918; x_wconf 89' lang='lat' dir='ltr'><strong>propter</strong></span> <span class='ocrx_word' id='word_1_565' title='bbox 3245 864 3410 919; x_wconf 89' lang='lat' dir='ltr'><strong>quam</strong></span> <span class='ocrx_word' id='word_1_566' title='bbox 3437 849 3588 905; x_wconf 85' lang='lat' dir='ltr'><strong>liceat</strong></span> <span class='ocrx_word' id='word_1_567' title='bbox 3623 851 3847 909; x_wconf 72' lang='lat' dir='ltr'><strong>dimittam</strong></span> 
     </span>
    </p>
   </div>
   <div class='ocr_carea' id='block_1_70' title="bbox 2240 935 3850 1011">
    <p class='ocr_par' dir='ltr' id='par_1_70' title="bbox 2240 935 3850 1011">
     <span class='ocr_line' id='line_1_70' title="bbox 2240 935 3850 1011; baseline 0.006 -24"><span class='ocrx_word' id='word_1_568' title='bbox 2240 949 2479 988; x_wconf 87' lang='lat' dir='ltr'><strong>uxorem</strong></span> <span class='ocrx_word' id='word_1_569' title='bbox 2507 951 2520 1001; x_wconf 91' lang='lat'><strong>;</strong></span> <span class='ocrx_word' id='word_1_570' title='bbox 2546 938 2743 989; x_wconf 87' lang='lat' dir='ltr'><strong>utrum</strong></span> <span class='ocrx_word' id='word_1_571' title='bbox 2779 951 2906 989; x_wconf 90' lang='lat' dir='ltr'><strong>eam</strong></span> <span class='ocrx_word' id='word_1_572' title='bbox 2944 951 3074 1006; x_wconf 69' lang='lat' dir='ltr'><strong>quae</strong></span> <span class='ocrx_word' id='word_1_573' title='bbox 3101 935 3401 992; x_wconf 87' lang='lat' dir='ltr'><strong>damnatur</strong></span> <span class='ocrx_word' id='word_1_574' title='bbox 3426 937 3482 992; x_wconf 91' lang='lat' dir='ltr'><strong>in</strong></span> <span class='ocrx_word' id='word_1_575' title='bbox 3508 940 3709 1011; x_wconf 85' lang='lat' dir='ltr'><strong>stupris,</strong></span> <span class='ocrx_word' id='word_1_576' title='bbox 3735 958 3793 995; x_wconf 85' lang='lat' dir='ltr'><strong>an</strong></span> <span class='ocrx_word' id='word_1_577' title='bbox 3805 943 3850 997; x_wconf 84' lang='lat' dir='ltr'>il-</span> 
     </span>
    </p>
   </div>
   <div class='ocr_carea' id='block_1_71' title="bbox 2239 1021 3957 1096">
    <p class='ocr_par' dir='ltr' id='par_1_71' title="bbox 2239 1021 3957 1096">
     <span class='ocr_line' id='line_1_71' title="bbox 2239 1021 3957 1096; baseline 0.005 -21"><span class='ocrx_word' id='word_1_578' title='bbox 2239 1021 2356 1076; x_wconf 89' lang='lat' dir='ltr'><strong>lam</strong></span> <span class='ocrx_word' id='word_1_579' title='bbox 2383 1022 2453 1076; x_wconf 91' lang='lat' dir='ltr'><strong>de</strong></span> <span class='ocrx_word' id='word_1_580' title='bbox 2482 1038 2598 1092; x_wconf 87' lang='lat' dir='ltr'><strong>qua</strong></span> <span class='ocrx_word' id='word_1_581' title='bbox 2651 1022 2878 1090; x_wconf 89' lang='lat' dir='ltr'><strong>dicitur,</strong></span> <span class='ocrx_word' id='word_1_582' title='bbox 2909 1024 3211 1079; x_wconf 85' lang='lat' dir='ltr'><strong>Perdidisti</strong></span> <span class='ocrx_word' id='word_1_583' title='bbox 3251 1041 3447 1081; x_wconf 87' lang='lat' dir='ltr'><strong>omnem</strong></span> <span class='ocrx_word' id='word_1_584' title='bbox 3491 1030 3578 1096; x_wconf 83' lang='lat' dir='ltr'><strong>qui</strong></span> <span class='ocrx_word' id='word_1_585' title='bbox 3608 1031 3849 1095; x_wconf 79' lang='lat' dir='ltr'><strong>fornicatur</strong></span> <span class='ocrx_word' id='word_1_586' title='bbox 3956 1052 3957 1067; x_wconf 41' lang='grc' dir='ltr'>ξ</span> 
     </span>
    </p>
   </div>
   <div class='ocr_carea' id='block_1_72' title="bbox 2240 1111 3957 1190">
    <p class='ocr_par' dir='ltr' id='par_1_72' title="bbox 2240 1111 3957 1190">
     <span class='ocr_line' id='line_1_72' title="bbox 2240 1111 3957 1190; baseline 0.006 -25"><span class='ocrx_word' id='word_1_587' title='bbox 2240 1112 2337 1165; x_wconf 89' lang='lat' dir='ltr'><strong>abs</strong></span> <span class='ocrx_word' id='word_1_588' title='bbox 2350 1115 2398 1165; x_wconf 88' lang='lat' dir='ltr'><strong>te</strong></span> <span class='ocrx_word' id='word_1_589' title='bbox 2427 1111 2593 1181; x_wconf 86' lang='lat' dir='ltr'><strong>(Psal.</strong></span> <span class='ocrx_word' id='word_1_590' title='bbox 2616 1128 2785 1178; x_wconf 83' lang='lat' dir='ltr'><strong>Lxxu,</strong></span> <span class='ocrx_word' id='word_1_591' title='bbox 2811 1113 2918 1181; x_wconf 86' lang='lat'><strong>27),</strong></span> <span class='ocrx_word' id='word_1_592' title='bbox 2946 1111 3007 1166; x_wconf 93' lang='lat' dir='ltr'>in</span> <span class='ocrx_word' id='word_1_593' title='bbox 3037 1129 3153 1185; x_wconf 92' lang='lat' dir='ltr'><strong>qua</strong></span> <span class='ocrx_word' id='word_1_594' title='bbox 3180 1113 3376 1185; x_wconf 83' lang='lat' dir='ltr'><strong>utique</strong></span> <span class='ocrx_word' id='word_1_595' title='bbox 3405 1119 3459 1169; x_wconf 93' lang='lat' dir='ltr'><strong>et</strong></span> <span class='ocrx_word' id='word_1_596' title='bbox 3481 1115 3581 1170; x_wconf 87' lang='lat' dir='ltr'><strong>ista</strong></span> <span class='ocrx_word' id='word_1_597' title='bbox 3602 1120 3674 1170; x_wconf 86' lang='lat' dir='ltr'><strong>est</strong></span> <span class='ocrx_word' id='word_1_598' title='bbox 3698 1120 3849 1190; x_wconf 82' lang='lat' dir='ltr'><strong>(neque</strong></span> <span class='ocrx_word' id='word_1_599' title='bbox 3956 1114 3957 1190; x_wconf 74' lang='lat'><strong>(</strong></span> 
     </span>
    </p>
   </div>
   <div class='ocr_carea' id='block_1_73' title="bbox 2228 1199 3850 1273">
    <p class='ocr_par' dir='ltr' id='par_1_73' title="bbox 2228 1199 3850 1273">
     <span class='ocr_line' id='line_1_73' title="bbox 2228 1199 3850 1273; baseline 0.005 -20"><span class='ocrx_word' id='word_1_600' title='bbox 2228 1200 2395 1262; x_wconf 76' lang='lat' dir='ltr'><strong>enim</strong></span> <span class='ocrx_word' id='word_1_601' title='bbox 2425 1216 2541 1254; x_wconf 92' lang='lat' dir='ltr'><strong>non</strong></span> <span class='ocrx_word' id='word_1_602' title='bbox 2570 1199 2883 1255; x_wconf 86' lang='lat' dir='ltr'><strong>fornicatur</strong></span> <span class='ocrx_word' id='word_1_603' title='bbox 2934 1217 2968 1255; x_wconf 91' lang='lat' dir='ltr'><strong>a</strong></span> <span class='ocrx_word' id='word_1_604' title='bbox 2997 1201 3261 1270; x_wconf 89' lang='lat' dir='ltr'><strong>Domino,</strong></span> <span class='ocrx_word' id='word_1_605' title='bbox 3306 1202 3403 1273; x_wconf 91' lang='lat' dir='ltr'><strong>qui</strong></span> <span class='ocrx_word' id='word_1_606' title='bbox 3430 1204 3617 1258; x_wconf 88' lang='lat' dir='ltr'><strong>tollens</strong></span> <span class='ocrx_word' id='word_1_607' title='bbox 3652 1207 3850 1261; x_wconf 78' lang='lat' dir='ltr'><strong>membra</strong></span> 
     </span>
    </p>
   </div>
   <div class='ocr_carea' id='block_1_74' title="bbox 2240 1284 3957 1366">
    <p class='ocr_par' dir='ltr' id='par_1_74' title="bbox 2240 1284 3957 1366">
     <span class='ocr_line' id='line_1_74' title="bbox 2240 1284 3957 1366; baseline 0.003 -23"><span class='ocrx_word' id='word_1_608' title='bbox 2240 1287 2469 1355; x_wconf 87' lang='lat' dir='ltr'><strong>Christi,</strong></span> <span class='ocrx_word' id='word_1_609' title='bbox 2498 1289 2633 1343; x_wconf 87' lang='lat' dir='ltr'><strong>facit</strong></span> <span class='ocrx_word' id='word_1_610' title='bbox 2683 1305 2749 1343; x_wconf 91' lang='lat' dir='ltr'><strong>ea</strong></span> <span class='ocrx_word' id='word_1_611' title='bbox 2796 1290 3058 1345; x_wconf 89' lang='lat' dir='ltr'><strong>membra</strong></span> <span class='ocrx_word' id='word_1_612' title='bbox 3096 1290 3458 1363; x_wconf 88' lang='lat' dir='ltr'><strong>meretricis);</strong></span> <span class='ocrx_word' id='word_1_613' title='bbox 3518 1292 3673 1347; x_wconf 90' lang='lat' dir='ltr'><strong>etiam</strong></span> <span class='ocrx_word' id='word_1_614' title='bbox 3722 1298 3847 1366; x_wconf 78' lang='lat' dir='ltr'><strong>atque</strong></span> 
     </span>
    </p>
   </div>
   <div class='ocr_carea' id='block_1_75' title="bbox 2239 1376 3957 1450">
    <p class='ocr_par' dir='ltr' id='par_1_75' title="bbox 2239 1376 3957 1450">
     <span class='ocr_line' id='line_1_75' title="bbox 2239 1376 3957 1450; baseline 0.003 -20"><span class='ocrx_word' id='word_1_615' title='bbox 2239 1376 2410 1431; x_wconf 88' lang='lat' dir='ltr'><strong>etiam</strong></span> <span class='ocrx_word' id='word_1_616' title='bbox 2435 1376 2803 1447; x_wconf 87' lang='lat' dir='ltr'><strong>cogitandum</strong></span> <span class='ocrx_word' id='word_1_617' title='bbox 2835 1381 2919 1432; x_wconf 92' lang='lat' dir='ltr'><strong>est</strong></span> <span class='ocrx_word' id='word_1_618' title='bbox 2966 1382 3137 1450; x_wconf 87' lang='lat' dir='ltr'><strong>atque</strong></span> <span class='ocrx_word' id='word_1_619' title='bbox 3176 1378 3594 1450; x_wconf 88' lang='lat' dir='ltr'><strong>requirendum.</strong></span> <span class='ocrx_word' id='word_1_620' title='bbox 3631 1382 3725 1436; x_wconf 85' lang='lat' dir='ltr'><strong>Nec</strong></span> <span class='ocrx_word' id='word_1_621' title='bbox 3756 1384 3846 1436; x_wconf 82' lang='lat' dir='ltr'><strong>volo</strong></span> <span class='ocrx_word' id='word_1_622' title='bbox 3956 1376 3957 1450; x_wconf 55' lang='grc' dir='ltr'><strong>ἓ</strong></span> 
     </span>
    </p>
   </div>
   <div class='ocr_carea' id='block_1_76' title="bbox 2237 1458 3851 1540">
    <p class='ocr_par' dir='ltr' id='par_1_76' title="bbox 2237 1458 3851 1540">
     <span class='ocr_line' id='line_1_76' title="bbox 2237 1458 3851 1540; baseline 0.004 -22"><span class='ocrx_word' id='word_1_623' title='bbox 2237 1464 2298 1518; x_wconf 88' lang='lat' dir='ltr'><strong>in</strong></span> <span class='ocrx_word' id='word_1_624' title='bbox 2321 1481 2383 1519; x_wconf 91' lang='lat' dir='ltr'><strong>re</strong></span> <span class='ocrx_word' id='word_1_625' title='bbox 2408 1468 2565 1519; x_wconf 89' lang='lat' dir='ltr'><strong>tanta</strong></span> <span class='ocrx_word' id='word_1_626' title='bbox 2592 1470 2824 1537; x_wconf 89' lang='lat' dir='ltr'><strong>tamque</strong></span> <span class='ocrx_word' id='word_1_627' title='bbox 2852 1466 2925 1521; x_wconf 88' lang='lat' dir='ltr'><strong>ad</strong></span> <span class='ocrx_word' id='word_1_628' title='bbox 2964 1458 3414 1538; x_wconf 35' lang='lat' dir='ltr'><strong>d‘ignosceudum</strong></span> <span class='ocrx_word' id='word_1_629' title='bbox 3457 1469 3655 1523; x_wconf 85' lang='lat' dir='ltr'><strong>difﬁcili</strong></span> <span class='ocrx_word' id='word_1_630' title='bbox 3694 1476 3851 1540; x_wconf 84' lang='lat' dir='ltr'><strong>putare</strong></span> 
     </span>
    </p>
   </div>
   <div class='ocr_carea' id='block_1_77' title="bbox 2237 1553 3851 1628">
    <p class='ocr_par' dir='ltr' id='par_1_77' title="bbox 2237 1553 3851 1628">
     <span class='ocr_line' id='line_1_77' title="bbox 2237 1553 3851 1628; baseline 0.003 -20"><span class='ocrx_word' id='word_1_631' title='bbox 2237 1553 2528 1620; x_wconf 88' lang='lat' dir='ltr'><strong>lectorem,</strong></span> <span class='ocrx_word' id='word_1_632' title='bbox 2574 1553 2744 1608; x_wconf 90' lang='lat' dir='ltr'><strong>istam</strong></span> <span class='ocrx_word' id='word_1_633' title='bbox 2784 1554 2893 1609; x_wconf 91' lang='lat' dir='ltr'><strong>sibi</strong></span> <span class='ocrx_word' id='word_1_634' title='bbox 2940 1561 3196 1611; x_wconf 90' lang='lat' dir='ltr'><strong>nostram</strong></span> <span class='ocrx_word' id='word_1_635' title='bbox 3245 1557 3665 1628; x_wconf 86' lang='lat' dir='ltr'><strong>disputationem</strong></span> <span class='ocrx_word' id='word_1_636' title='bbox 3700 1559 3851 1614; x_wconf 79' lang='lat' dir='ltr'><strong>debere</strong></span> 
     </span>
    </p>
   </div>
   <div class='ocr_carea' id='block_1_78' title="bbox 2236 1640 3852 1715">
    <p class='ocr_par' dir='ltr' id='par_1_78' title="bbox 2236 1640 3852 1715">
     <span class='ocr_line' id='line_1_78' title="bbox 2236 1640 3852 1715; baseline 0.003 -20"><span class='ocrx_word' id='word_1_637' title='bbox 2236 1640 2532 1696; x_wconf 89' lang='lat' dir='ltr'><strong>sufﬁcere:</strong></span> <span class='ocrx_word' id='word_1_638' title='bbox 2568 1642 2662 1696; x_wconf 91' lang='lat' dir='ltr'><strong>sed</strong></span> <span class='ocrx_word' id='word_1_639' title='bbox 2702 1643 2856 1713; x_wconf 85' lang='lat' dir='ltr'><strong>legat</strong></span> <span class='ocrx_word' id='word_1_640' title='bbox 2884 1647 2940 1697; x_wconf 90' lang='lat' dir='ltr'><strong>et</strong></span> <span class='ocrx_word' id='word_1_641' title='bbox 2969 1644 3097 1710; x_wconf 88' lang='lat' dir='ltr'><strong>alia,</strong></span> <span class='ocrx_word' id='word_1_642' title='bbox 3148 1643 3264 1698; x_wconf 90' lang='lat' dir='ltr'><strong>sive</strong></span> <span class='ocrx_word' id='word_1_643' title='bbox 3312 1648 3502 1698; x_wconf 89' lang='lat' dir='ltr'><strong>nostra</strong></span> <span class='ocrx_word' id='word_1_644' title='bbox 3556 1660 3668 1715; x_wconf 65' lang='lat' dir='ltr'><strong>quae</strong></span> <span class='ocrx_word' id='word_1_645' title='bbox 3707 1650 3852 1714; x_wconf 83' lang='lat' dir='ltr'><strong>postea</strong></span> 
     </span>
    </p>
   </div>
   <div class='ocr_carea' id='block_1_79' title="bbox 2234 1730 3957 1804">
    <p class='ocr_par' dir='ltr' id='par_1_79' title="bbox 2234 1730 3957 1804">
     <span class='ocr_line' id='line_1_79' title="bbox 2234 1730 3957 1804; baseline 0.002 -21"><span class='ocrx_word' id='word_1_646' title='bbox 2234 1730 2440 1801; x_wconf 91' lang='lat' dir='ltr'><strong>scripta</strong></span> <span class='ocrx_word' id='word_1_647' title='bbox 2468 1734 2620 1798; x_wconf 91' lang='lat' dir='ltr'><strong>sunt,</strong></span> <span class='ocrx_word' id='word_1_648' title='bbox 2653 1730 2768 1785; x_wconf 90' lang='lat' dir='ltr'><strong>sive</strong></span> <span class='ocrx_word' id='word_1_649' title='bbox 2806 1731 3050 1786; x_wconf 86' lang='lat' dir='ltr'><strong>aliorum</strong></span> <span class='ocrx_word' id='word_1_650' title='bbox 3098 1731 3303 1786; x_wconf 88' lang='lat' dir='ltr'><strong>melius</strong></span> <span class='ocrx_word' id='word_1_651' title='bbox 3349 1732 3682 1787; x_wconf 89' lang='lat' dir='ltr'><strong>considerata</strong></span> <span class='ocrx_word' id='word_1_652' title='bbox 3721 1738 3848 1804; x_wconf 82' lang='lat' dir='ltr'><strong>atque</strong></span> <span class='ocrx_word' id='word_1_653' title='bbox 3956 1730 3957 1804; x_wconf 53' lang='grc' dir='ltr'>ἦ</span> 
     </span>
    </p>
   </div>
   <div class='ocr_carea' id='block_1_80' title="bbox 2234 1818 3852 1892">
    <p class='ocr_par' dir='ltr' id='par_1_80' title="bbox 2234 1818 3852 1892">
     <span class='ocr_line' id='line_1_80' title="bbox 2234 1818 3852 1892; baseline 0.002 -20"><span class='ocrx_word' id='word_1_654' title='bbox 2234 1822 2470 1873; x_wconf 88' lang='lat' dir='ltr'><strong>tractata</strong></span> <span class='ocrx_word' id='word_1_655' title='bbox 2495 1837 2509 1887; x_wconf 92' lang='lat'><strong>;</strong></span> <span class='ocrx_word' id='word_1_656' title='bbox 2540 1819 2626 1872; x_wconf 81' lang='lat' dir='ltr'><strong>vel</strong></span> <span class='ocrx_word' id='word_1_657' title='bbox 2648 1818 2771 1890; x_wconf 89' lang='lat' dir='ltr'><strong>ipse</strong></span> <span class='ocrx_word' id='word_1_658' title='bbox 2800 1818 2847 1873; x_wconf 92' lang='lat' dir='ltr'><strong>si</strong></span> <span class='ocrx_word' id='word_1_659' title='bbox 2866 1824 3072 1891; x_wconf 88' lang='lat' dir='ltr'><strong>potest,</strong></span> <span class='ocrx_word' id='word_1_660' title='bbox 3103 1836 3170 1874; x_wconf 90' lang='lat' dir='ltr'><strong>ea</strong></span> <span class='ocrx_word' id='word_1_661' title='bbox 3198 1837 3328 1892; x_wconf 72' lang='lat' dir='ltr'><strong>qum</strong></span> <span class='ocrx_word' id='word_1_662' title='bbox 3356 1820 3446 1874; x_wconf 91' lang='lat' dir='ltr'><strong>hic</strong></span> <span class='ocrx_word' id='word_1_663' title='bbox 3475 1820 3659 1875; x_wconf 89' lang='lat' dir='ltr'><strong>merito</strong></span> <span class='ocrx_word' id='word_1_664' title='bbox 3683 1837 3852 1876; x_wconf 83' lang='lat' dir='ltr'><strong>movere</strong></span> 
     </span>
    </p>
   </div>
   <div class='ocr_carea' id='block_1_81' title="bbox 2235 1906 3854 1980">
    <p class='ocr_par' dir='ltr' id='par_1_81' title="bbox 2235 1906 3854 1980">
     <span class='ocr_line' id='line_1_81' title="bbox 2235 1906 3854 1980; baseline 0.002 -20"><span class='ocrx_word' id='word_1_665' title='bbox 2235 1910 2494 1977; x_wconf 87' lang='lat' dir='ltr'><strong>possunt,</strong></span> <span class='ocrx_word' id='word_1_666' title='bbox 2536 1906 2898 1978; x_wconf 85' lang='lat' dir='ltr'><strong>vigilantiore</strong></span> <span class='ocrx_word' id='word_1_667' title='bbox 2926 1911 3099 1979; x_wconf 89' lang='lat' dir='ltr'><strong>atque</strong></span> <span class='ocrx_word' id='word_1_668' title='bbox 3129 1908 3569 1980; x_wconf 88' lang='lat' dir='ltr'><strong>iutelligentiore</strong></span> <span class='ocrx_word' id='word_1_669' title='bbox 3595 1913 3756 1964; x_wconf 87' lang='lat' dir='ltr'><strong>mente</strong></span> <span class='ocrx_word' id='word_1_670' title='bbox 3779 1910 3854 1964; x_wconf 84' lang='lat' dir='ltr'><strong>dis-</strong></span> 
     </span>
    </p>
   </div>
   <div class='ocr_carea' id='block_1_82' title="bbox 2234 1994 3851 2067">
    <p class='ocr_par' dir='ltr' id='par_1_82' title="bbox 2234 1994 3851 2067">
     <span class='ocr_line' id='line_1_82' title="bbox 2234 1994 3851 2067; baseline 0.001 -18"><span class='ocrx_word' id='word_1_671' title='bbox 2234 1994 2429 2050; x_wconf 88' lang='lat' dir='ltr'><strong>cutiat.</strong></span> <span class='ocrx_word' id='word_1_672' title='bbox 2458 1996 2581 2050; x_wconf 91' lang='lat' dir='ltr'><strong>Non</strong></span> <span class='ocrx_word' id='word_1_673' title='bbox 2612 1995 2747 2066; x_wconf 90' lang='lat' dir='ltr'><strong>quia</strong></span> <span class='ocrx_word' id='word_1_674' title='bbox 2776 2012 2946 2050; x_wconf 90' lang='lat' dir='ltr'><strong>omne</strong></span> <span class='ocrx_word' id='word_1_675' title='bbox 2974 2000 3272 2067; x_wconf 90' lang='lat' dir='ltr'><strong>peccatum</strong></span> <span class='ocrx_word' id='word_1_676' title='bbox 3300 1997 3585 2052; x_wconf 87' lang='lat' dir='ltr'><strong>fornicatio</strong></span> <span class='ocrx_word' id='word_1_677' title='bbox 3631 2001 3736 2063; x_wconf 87' lang='lat' dir='ltr'><strong>est;</strong></span> <span class='ocrx_word' id='word_1_678' title='bbox 3782 2013 3851 2051; x_wconf 80' lang='lat' dir='ltr'><strong>ne-</strong></span> 
     </span>
    </p>
   </div>
   <div class='ocr_carea' id='block_1_83' title="bbox 2232 2083 3852 2157">
    <p class='ocr_par' dir='ltr' id='par_1_83' title="bbox 2232 2083 3852 2157">
     <span class='ocr_line' id='line_1_83' title="bbox 2232 2083 3852 2157; baseline 0 -18"><span class='ocrx_word' id='word_1_679' title='bbox 2232 2100 2345 2156; x_wconf 88' lang='lat' dir='ltr'><strong>que</strong></span> <span class='ocrx_word' id='word_1_680' title='bbox 2379 2083 2537 2139; x_wconf 87' lang='lat' dir='ltr'><strong>enim</strong></span> <span class='ocrx_word' id='word_1_681' title='bbox 2565 2100 2792 2139; x_wconf 89' lang='lat' dir='ltr'><strong>omnem</strong></span> <span class='ocrx_word' id='word_1_682' title='bbox 2814 2090 3144 2156; x_wconf 90' lang='lat' dir='ltr'><strong>peccantem</strong></span> <span class='ocrx_word' id='word_1_683' title='bbox 3180 2087 3329 2140; x_wconf 90' lang='lat' dir='ltr'><strong>Deus</strong></span> <span class='ocrx_word' id='word_1_684' title='bbox 3357 2087 3562 2157; x_wconf 87' lang='lat' dir='ltr'><strong>perdit,</strong></span> <span class='ocrx_word' id='word_1_685' title='bbox 3601 2085 3688 2157; x_wconf 91' lang='lat' dir='ltr'><strong>qui</strong></span> <span class='ocrx_word' id='word_1_686' title='bbox 3713 2085 3852 2156; x_wconf 88' lang='lat' dir='ltr'><strong>quoti-</strong></span> 
     </span>
    </p>
   </div>
   <div class='ocr_carea' id='block_1_84' title="bbox 2234 2173 3852 2242">
    <p class='ocr_par' dir='ltr' id='par_1_84' title="bbox 2234 2173 3852 2242">
     <span class='ocr_line' id='line_1_84' title="bbox 2234 2173 3852 2242; baseline -0.002 -14"><span class='ocrx_word' id='word_1_687' title='bbox 2234 2173 2326 2228; x_wconf 91' lang='lat' dir='ltr'><strong>die</strong></span> <span class='ocrx_word' id='word_1_688' title='bbox 2352 2177 2574 2228; x_wconf 89' lang='lat' dir='ltr'><strong>sanctos</strong></span> <span class='ocrx_word' id='word_1_689' title='bbox 2602 2189 2735 2228; x_wconf 87' lang='lat' dir='ltr'><strong>suos</strong></span> <span class='ocrx_word' id='word_1_690' title='bbox 2761 2174 3008 2241; x_wconf 81' lang='lat' dir='ltr'><strong>exaudit,</strong></span> <span class='ocrx_word' id='word_1_691' title='bbox 3034 2173 3549 2242; x_wconf 81' lang='lat' dir='ltr'><strong>dicentes,-Dimitte</strong></span> <span class='ocrx_word' id='word_1_692' title='bbox 3572 2174 3706 2229; x_wconf 86' lang='lat' dir='ltr'><strong>nobis</strong></span> <span class='ocrx_word' id='word_1_693' title='bbox 3722 2174 3852 2227; x_wconf 82' lang='lat' dir='ltr'><strong>debita</strong></span> 
     </span>
    </p>
   </div>
   <div class='ocr_carea' id='block_1_85' title="bbox 2232 2261 3853 2334">
    <p class='ocr_par' dir='ltr' id='par_1_85' title="bbox 2232 2261 3853 2334">
     <span class='ocr_line' id='line_1_85' title="bbox 2232 2261 3853 2334; baseline -0.002 -17"><span class='ocrx_word' id='word_1_694' title='bbox 2232 2261 2741 2331; x_wconf 77' lang='lat' dir='ltr'><strong>noszra(Matth.vi,</strong></span> <span class='ocrx_word' id='word_1_695' title='bbox 2766 2262 2866 2333; x_wconf 90' lang='lat' dir='ltr'><strong>l2):</strong></span> <span class='ocrx_word' id='word_1_696' title='bbox 2886 2278 3019 2317; x_wconf 89' lang='lat' dir='ltr'><strong>cum</strong></span> <span class='ocrx_word' id='word_1_697' title='bbox 3039 2263 3247 2333; x_wconf 89' lang='lat' dir='ltr'><strong>perdat</strong></span> <span class='ocrx_word' id='word_1_698' title='bbox 3267 2279 3493 2318; x_wconf 89' lang='lat' dir='ltr'><strong>omnem</strong></span> <span class='ocrx_word' id='word_1_699' title='bbox 3508 2262 3853 2334; x_wconf 83' lang='lat' dir='ltr'><strong>quifornicatnr</strong></span> 
     </span>
    </p>
   </div>
   <div class='ocr_carea' id='block_1_86' title="bbox 2233 2350 3851 2423">
    <p class='ocr_par' dir='ltr' id='par_1_86' title="bbox 2233 2350 3851 2423">
     <span class='ocr_line' id='line_1_86' title="bbox 2233 2350 3851 2423; baseline -0.001 -18"><span class='ocrx_word' id='word_1_700' title='bbox 2233 2351 2304 2405; x_wconf 87' lang='lat' dir='ltr'><strong>ab</strong></span> <span class='ocrx_word' id='word_1_701' title='bbox 2316 2367 2399 2404; x_wconf 91' lang='lat' dir='ltr'><strong>eo.</strong></span> <span class='ocrx_word' id='word_1_702' title='bbox 2416 2350 2521 2406; x_wconf 90' lang='lat' dir='ltr'><strong>Sed</strong></span> <span class='ocrx_word' id='word_1_703' title='bbox 2537 2355 2818 2422; x_wconf 90' lang='lat' dir='ltr'><strong>quatenus</strong></span> <span class='ocrx_word' id='word_1_704' title='bbox 2829 2350 3205 2423; x_wconf 89' lang='lat' dir='ltr'><strong>intelligenda</strong></span> <span class='ocrx_word' id='word_1_705' title='bbox 3220 2356 3390 2423; x_wconf 89' lang='lat' dir='ltr'><strong>atque</strong></span> <span class='ocrx_word' id='word_1_706' title='bbox 3405 2351 3679 2405; x_wconf 88' lang='lat' dir='ltr'><strong>limitauda</strong></span> <span class='ocrx_word' id='word_1_707' title='bbox 3704 2350 3851 2404; x_wconf 68' lang='lat' dir='ltr'><strong>sithac</strong></span> 
     </span>
    </p>
   </div>
   <div class='ocr_carea' id='block_1_87' title="bbox 2232 2438 3957 2512">
    <p class='ocr_par' dir='ltr' id='par_1_87' title="bbox 2232 2438 3957 2512">
     <span class='ocr_line' id='line_1_87' title="bbox 2232 2438 3957 2512; baseline -0.004 -18"><span class='ocrx_word' id='word_1_708' title='bbox 2232 2438 2553 2507; x_wconf 89' lang='lat' dir='ltr'><strong>fornicatio,</strong></span> <span class='ocrx_word' id='word_1_709' title='bbox 2572 2444 2831 2493; x_wconf 89' lang='lat' dir='ltr'><strong>etutrum</strong></span> <span class='ocrx_word' id='word_1_710' title='bbox 2852 2439 3022 2494; x_wconf 90' lang='lat' dir='ltr'><strong>etiam</strong></span> <span class='ocrx_word' id='word_1_711' title='bbox 3038 2445 3276 2512; x_wconf 87' lang='lat' dir='ltr'><strong>propter</strong></span> <span class='ocrx_word' id='word_1_712' title='bbox 3287 2440 3434 2495; x_wconf 91' lang='lat' dir='ltr'><strong>hanc</strong></span> <span class='ocrx_word' id='word_1_713' title='bbox 3452 2439 3611 2494; x_wconf 86' lang='lat' dir='ltr'><strong>liceat</strong></span> <span class='ocrx_word' id='word_1_714' title='bbox 3630 2438 3851 2494; x_wconf 78' lang='lat' dir='ltr'><strong>dimittere</strong></span> <span class='ocrx_word' id='word_1_715' title='bbox 3956 2452 3957 2487; x_wconf 46' lang='grc' dir='ltr'>ξ</span> 
     </span>
    </p>
   </div>
   <div class='ocr_carea' id='block_1_88' title="bbox 2232 2528 3957 2601">
    <p class='ocr_par' dir='ltr' id='par_1_88' title="bbox 2232 2528 3957 2601">
     <span class='ocr_line' id='line_1_88' title="bbox 2232 2528 3957 2601; baseline -0.002 -18"><span class='ocrx_word' id='word_1_716' title='bbox 2232 2544 2489 2595; x_wconf 88' lang='lat' dir='ltr'><strong>uxorem,</strong></span> <span class='ocrx_word' id='word_1_717' title='bbox 2543 2528 2987 2583; x_wconf 88' lang='lat' dir='ltr'><strong>latebrosissima</strong></span> <span class='ocrx_word' id='word_1_718' title='bbox 3043 2529 3287 2601; x_wconf 70' lang='lat' dir='ltr'><strong>quaestio</strong></span> <span class='ocrx_word' id='word_1_719' title='bbox 3342 2533 3443 2584; x_wconf 90' lang='lat' dir='ltr'><strong>est.</strong></span> <span class='ocrx_word' id='word_1_720' title='bbox 3501 2529 3672 2583; x_wconf 86' lang='lat' dir='ltr'><strong>Licere</strong></span> <span class='ocrx_word' id='word_1_721' title='bbox 3713 2531 3853 2581; x_wconf 83' lang='lat' dir='ltr'><strong>tamen</strong></span> <span class='ocrx_word' id='word_1_722' title='bbox 3956 2580 3957 2589; x_wconf 19' lang='grc' dir='ltr'>χ</span> 
     </span>
    </p>
   </div>
   <div class='ocr_carea' id='block_1_89' title="bbox 2230 2616 3957 2690">
    <p class='ocr_par' dir='ltr' id='par_1_89' title="bbox 2230 2616 3957 2690">
     <span class='ocr_line' id='line_1_89' title="bbox 2230 2616 3957 2690; baseline 0.002 -21"><span class='ocrx_word' id='word_1_723' title='bbox 2230 2621 2468 2687; x_wconf 85' lang='lat' dir='ltr'><strong>prepter</strong></span> <span class='ocrx_word' id='word_1_724' title='bbox 2497 2616 2664 2671; x_wconf 88' lang='lat' dir='ltr'><strong>istam</strong></span> <span class='ocrx_word' id='word_1_725' title='bbox 2686 2633 2814 2688; x_wconf 68' lang='lat' dir='ltr'><strong>qua:</strong></span> <span class='ocrx_word' id='word_1_726' title='bbox 2845 2616 2905 2670; x_wconf 90' lang='lat' dir='ltr'><strong>in</strong></span> <span class='ocrx_word' id='word_1_727' title='bbox 2938 2618 3147 2688; x_wconf 89' lang='lat' dir='ltr'><strong>stupris</strong></span> <span class='ocrx_word' id='word_1_728' title='bbox 3172 2616 3566 2690; x_wconf 84' lang='lat' dir='ltr'><strong>committitur,</strong></span> <span class='ocrx_word' id='word_1_729' title='bbox 3586 2617 3722 2670; x_wconf 88' lang='lat' dir='ltr'><strong>nulla</strong></span> <span class='ocrx_word' id='word_1_730' title='bbox 3746 2631 3855 2687; x_wconf 70' lang='lat' dir='ltr'><strong>qua—</strong></span> <span class='ocrx_word' id='word_1_731' title='bbox 3956 2636 3957 2673; x_wconf 59' lang='grc' dir='ltr'>ι</span> 
     </span>
    </p>
   </div>
   <div class='ocr_carea' id='block_1_90' title="bbox 2232 2704 3851 2776">
    <p class='ocr_par' dir='ltr' id='par_1_90' title="bbox 2232 2704 3851 2776">
     <span class='ocr_line' id='line_1_90' title="bbox 2232 2704 3851 2776; baseline -0.001 -17"><span class='ocrx_word' id='word_1_732' title='bbox 2232 2704 2339 2759; x_wconf 89' lang='lat' dir='ltr'><strong>stio</strong></span> <span class='ocrx_word' id='word_1_733' title='bbox 2371 2709 2472 2759; x_wconf 90' lang='lat' dir='ltr'><strong>est.</strong></span> <span class='ocrx_word' id='word_1_734' title='bbox 2509 2706 2572 2760; x_wconf 91' lang='lat' dir='ltr'><strong>Et</strong></span> <span class='ocrx_word' id='word_1_735' title='bbox 2600 2704 2701 2759; x_wconf 91' lang='lat' dir='ltr'><strong>ubi</strong></span> <span class='ocrx_word' id='word_1_736' title='bbox 2733 2704 2849 2759; x_wconf 88' lang='lat' dir='ltr'><strong>dixi</strong></span> <span class='ocrx_word' id='word_1_737' title='bbox 2877 2704 2983 2759; x_wconf 91' lang='lat' dir='ltr'><strong>hoc</strong></span> <span class='ocrx_word' id='word_1_738' title='bbox 3005 2705 3349 2776; x_wconf 87' lang='lat' dir='ltr'><strong>permissum</strong></span> <span class='ocrx_word' id='word_1_739' title='bbox 3379 2722 3513 2770; x_wconf 85' lang='lat' dir='ltr'><strong>esse,</strong></span> <span class='ocrx_word' id='word_1_740' title='bbox 3544 2722 3648 2759; x_wconf 92' lang='lat' dir='ltr'><strong>non</strong></span> <span class='ocrx_word' id='word_1_741' title='bbox 3665 2706 3851 2775; x_wconf 85' lang='lat' dir='ltr'><strong>jussum,</strong></span> 
     </span>
    </p>
   </div>
   <div class='ocr_carea' id='block_1_91' title="bbox 2228 2793 3855 2865">
    <p class='ocr_par' dir='ltr' id='par_1_91' title="bbox 2228 2793 3855 2865">
     <span class='ocr_line' id='line_1_91' title="bbox 2228 2793 3855 2865; baseline -0.002 -18"><span class='ocrx_word' id='word_1_742' title='bbox 2228 2809 2348 2848; x_wconf 89' lang='lat' dir='ltr'><strong>non</strong></span> <span class='ocrx_word' id='word_1_743' title='bbox 2386 2793 2601 2848; x_wconf 87' lang='lat' dir='ltr'><strong>attendi</strong></span> <span class='ocrx_word' id='word_1_744' title='bbox 2641 2793 2813 2847; x_wconf 89' lang='lat' dir='ltr'><strong>aliam</strong></span> <span class='ocrx_word' id='word_1_745' title='bbox 2868 2794 3222 2865; x_wconf 87' lang='lat' dir='ltr'><strong>Scripturam</strong></span> <span class='ocrx_word' id='word_1_746' title='bbox 3264 2794 3574 2849; x_wconf 89' lang='lat' dir='ltr'><strong>dicentem:</strong></span> <span class='ocrx_word' id='word_1_747' title='bbox 3630 2794 3722 2858; x_wconf 84' lang='lat' dir='ltr'><strong>Qui</strong></span> <span class='ocrx_word' id='word_1_748' title='bbox 3758 2796 3855 2846; x_wconf 75' lang='lat' dir='ltr'><strong>tenet</strong></span> 
     </span>
    </p>
   </div>
   <div class='ocr_carea' id='block_1_92' title="bbox 2230 2882 3854 2953">
    <p class='ocr_par' dir='ltr' id='par_1_92' title="bbox 2230 2882 3854 2953">
     <span class='ocr_line' id='line_1_92' title="bbox 2230 2882 3854 2953; baseline 0 -18"><span class='ocrx_word' id='word_1_749' title='bbox 2230 2882 2557 2950; x_wconf 85' lang='lat' dir='ltr'><strong>adulteram,</strong></span> <span class='ocrx_word' id='word_1_750' title='bbox 2589 2882 2787 2937; x_wconf 87' lang='lat' dir='ltr'><strong>stultus</strong></span> <span class='ocrx_word' id='word_1_751' title='bbox 2815 2886 2867 2937; x_wconf 87' lang='lat' dir='ltr'><strong>et</strong></span> <span class='ocrx_word' id='word_1_752' title='bbox 2898 2885 3098 2953; x_wconf 88' lang='lat' dir='ltr'><strong>impius</strong></span> <span class='ocrx_word' id='word_1_753' title='bbox 3117 2889 3195 2938; x_wconf 88' lang='lat' dir='ltr'><strong>est</strong></span> <span class='ocrx_word' id='word_1_754' title='bbox 3225 2884 3406 2952; x_wconf 77' lang='lat' dir='ltr'><strong>(Prov.</strong></span> <span class='ocrx_word' id='word_1_755' title='bbox 3452 2901 3597 2951; x_wconf 84' lang='lat' dir='ltr'><strong>xvm,</strong></span> <span class='ocrx_word' id='word_1_756' title='bbox 3642 2885 3737 2953; x_wconf 84' lang='lat'><strong>22).</strong></span> <span class='ocrx_word' id='word_1_757' title='bbox 3776 2882 3854 2936; x_wconf 84' lang='lat' dir='ltr'><strong>Nec</strong></span> 
     </span>
    </p>
   </div>
   <div class='ocr_carea' id='block_1_93' title="bbox 2230 2971 3856 3045">
    <p class='ocr_par' dir='ltr' id='par_1_93' title="bbox 2230 2971 3856 3045">
     <span class='ocr_line' id='line_1_93' title="bbox 2230 2971 3856 3045; baseline -0.001 -21"><span class='ocrx_word' id='word_1_758' title='bbox 2230 2987 2365 3024; x_wconf 89' lang='lat' dir='ltr'><strong>sane</strong></span> <span class='ocrx_word' id='word_1_759' title='bbox 2392 2971 2715 3025; x_wconf 87' lang='lat' dir='ltr'><strong>adulteram</strong></span> <span class='ocrx_word' id='word_1_760' title='bbox 2745 2971 2986 3026; x_wconf 88' lang='lat' dir='ltr'><strong>dixerim</strong></span> <span class='ocrx_word' id='word_1_761' title='bbox 3010 2972 3182 3027; x_wconf 90' lang='lat' dir='ltr'><strong>fuisse</strong></span> <span class='ocrx_word' id='word_1_762' title='bbox 3209 2972 3593 3045; x_wconf 79' lang='lat' dir='ltr'><strong>deputandum</strong></span> <span class='ocrx_word' id='word_1_763' title='bbox 3615 2972 3749 3026; x_wconf 87' lang='lat' dir='ltr'><strong>illam</strong></span> <span class='ocrx_word' id='word_1_764' title='bbox 3771 2985 3856 3023; x_wconf 86' lang='lat' dir='ltr'><strong>mu-</strong></span> 
     </span>
    </p>
   </div>
   <div class='ocr_carea' id='block_1_94' title="bbox 2229 3060 3855 3131">
    <p class='ocr_par' dir='ltr' id='par_1_94' title="bbox 2229 3060 3855 3131">
     <span class='ocr_line' id='line_1_94' title="bbox 2229 3060 3855 3131; baseline 0.003 -16"><span class='ocrx_word' id='word_1_765' title='bbox 2229 3061 2448 3126; x_wconf 90' lang='lat' dir='ltr'><strong>lierem,</strong></span> <span class='ocrx_word' id='word_1_766' title='bbox 2481 3060 2657 3115; x_wconf 88' lang='lat' dir='ltr'><strong>etiam</strong></span> <span class='ocrx_word' id='word_1_767' title='bbox 2683 3062 3060 3131; x_wconf 89' lang='lat' dir='ltr'><strong>posteaquam</strong></span> <span class='ocrx_word' id='word_1_768' title='bbox 3091 3061 3313 3116; x_wconf 87' lang='lat' dir='ltr'><strong>audivit</strong></span> <span class='ocrx_word' id='word_1_769' title='bbox 3342 3078 3376 3116; x_wconf 93' lang='lat' dir='ltr'><strong>a</strong></span> <span class='ocrx_word' id='word_1_770' title='bbox 3405 3060 3651 3126; x_wconf 89' lang='lat' dir='ltr'><strong>Domino,</strong></span> <span class='ocrx_word' id='word_1_771' title='bbox 3687 3060 3771 3115; x_wconf 83' lang='lat' dir='ltr'><strong>Nec</strong></span> <span class='ocrx_word' id='word_1_772' title='bbox 3793 3068 3855 3120; x_wconf 66' lang='lat'><strong>990</strong></span> 
     </span>
    </p>
   </div>
   <div class='ocr_carea' id='block_1_95' title="bbox 2227 3147 3853 3221">
    <p class='ocr_par' dir='ltr' id='par_1_95' title="bbox 2227 3147 3853 3221">
     <span class='ocr_line' id='line_1_95' title="bbox 2227 3147 3853 3221; baseline -0.004 -17"><span class='ocrx_word' id='word_1_773' title='bbox 2227 3156 2277 3204; x_wconf 86' lang='lat' dir='ltr'><strong>te</strong></span> <span class='ocrx_word' id='word_1_774' title='bbox 2324 3149 2627 3203; x_wconf 89' lang='lat' dir='ltr'><strong>damnabo:</strong></span> <span class='ocrx_word' id='word_1_775' title='bbox 2673 3149 2833 3217; x_wconf 84' lang='lat' dir='ltr'><strong>vade,</strong></span> <span class='ocrx_word' id='word_1_776' title='bbox 2891 3149 3137 3219; x_wconf 81' lang='lat' dir='ltr'><strong>deinceps</strong></span> <span class='ocrx_word' id='word_1_777' title='bbox 3173 3150 3303 3219; x_wconf 87' lang='lat' dir='ltr'><strong>jam</strong></span> <span class='ocrx_word' id='word_1_778' title='bbox 3360 3152 3475 3207; x_wconf 89' lang='lat' dir='ltr'><strong>noli</strong></span> <span class='ocrx_word' id='word_1_779' title='bbox 3502 3164 3706 3221; x_wconf 75' lang='lat' dir='ltr'><strong>peccare</strong></span> <span class='ocrx_word' id='word_1_780' title='bbox 3729 3147 3853 3217; x_wconf 78' lang='lat' dir='ltr'><strong>(Joan.</strong></span> 
     </span>
    </p>
   </div>
   <div class='ocr_carea' id='block_1_96' title="bbox 2227 3237 3335 3308">
    <p class='ocr_par' dir='ltr' id='par_1_96' title="bbox 2227 3237 3335 3308">
     <span class='ocr_line' id='line_1_96' title="bbox 2227 3237 3335 3308; baseline 0.003 -16"><span class='ocrx_word' id='word_1_781' title='bbox 2227 3255 2345 3308; x_wconf 87' lang='lat' dir='ltr'><strong>vm,</strong></span> <span class='ocrx_word' id='word_1_782' title='bbox 2378 3241 2487 3305; x_wconf 91' lang='grc'>11),</span> <span class='ocrx_word' id='word_1_783' title='bbox 2518 3237 2565 3290; x_wconf 90' lang='lat' dir='ltr'><strong>si</strong></span> <span class='ocrx_word' id='word_1_784' title='bbox 2593 3237 2702 3292; x_wconf 91' lang='lat' dir='ltr'><strong>hoc</strong></span> <span class='ocrx_word' id='word_1_785' title='bbox 2730 3237 3064 3293; x_wconf 88' lang='lat' dir='ltr'><strong>obedienter</strong></span> <span class='ocrx_word' id='word_1_786' title='bbox 3092 3238 3335 3295; x_wconf 88' lang='lat' dir='ltr'><strong>audivit.</strong></span> 
     </span>
    </p>
   </div>
   <div class='ocr_carea' id='block_1_97' title="bbox 2296 3324 3855 3396">
    <p class='ocr_par' dir='ltr' id='par_1_97' title="bbox 2296 3324 3855 3396">
     <span class='ocr_line' id='line_1_97' title="bbox 2296 3324 3855 3396; baseline -0.002 -16"><span class='ocrx_word' id='word_1_787' title='bbox 2296 3331 2349 3380; x_wconf 85' lang='lat'><strong>7.</strong></span> <span class='ocrx_word' id='word_1_788' title='bbox 2388 3327 2531 3380; x_wconf 88' lang='lat' dir='ltr'><strong>Loco</strong></span> <span class='ocrx_word' id='word_1_789' title='bbox 2565 3325 2677 3380; x_wconf 90' lang='lat' dir='ltr'><strong>alio</strong></span> <span class='ocrx_word' id='word_1_790' title='bbox 2709 3330 3002 3396; x_wconf 88' lang='lat' dir='ltr'><strong>peccatum</strong></span> <span class='ocrx_word' id='word_1_791' title='bbox 3034 3326 3226 3381; x_wconf 86' lang='lat' dir='ltr'><strong>fratris</strong></span> <span class='ocrx_word' id='word_1_792' title='bbox 3257 3328 3328 3383; x_wconf 91' lang='lat' dir='ltr'><strong>ad</strong></span> <span class='ocrx_word' id='word_1_793' title='bbox 3368 3331 3621 3389; x_wconf 89' lang='lat' dir='ltr'><strong>mortem,</strong></span> <span class='ocrx_word' id='word_1_794' title='bbox 3674 3324 3731 3379; x_wconf 86' lang='lat' dir='ltr'><strong>de</strong></span> <span class='ocrx_word' id='word_1_795' title='bbox 3775 3336 3855 3392; x_wconf 83' lang='lat' dir='ltr'><strong>quo</strong></span> 
     </span>
    </p>
   </div>
   <div class='ocr_carea' id='block_1_98' title="bbox 2227 3410 3957 3486">
    <p class='ocr_par' dir='ltr' id='par_1_98' title="bbox 2227 3410 3957 3486">
     <span class='ocr_line' id='line_1_98' title="bbox 2227 3410 3957 3486; baseline -0.002 -17"><span class='ocrx_word' id='word_1_796' title='bbox 2227 3414 2365 3469; x_wconf 92' lang='lat' dir='ltr'><strong>dicit</strong></span> <span class='ocrx_word' id='word_1_797' title='bbox 2392 3416 2639 3469; x_wconf 86' lang='lat' dir='ltr'><strong>Joannes</strong></span> <span class='ocrx_word' id='word_1_798' title='bbox 2667 3415 2978 3486; x_wconf 90' lang='lat' dir='ltr'><strong>apostolus,</strong></span> <span class='ocrx_word' id='word_1_799' title='bbox 3010 3417 3131 3473; x_wconf 84' lang='lat' dir='ltr'><strong>Non</strong></span> <span class='ocrx_word' id='word_1_800' title='bbox 3153 3431 3257 3485; x_wconf 84' lang='lat' dir='ltr'><strong>pro</strong></span> <span class='ocrx_word' id='word_1_801' title='bbox 3285 3417 3379 3471; x_wconf 85' lang='lat' dir='ltr'><strong>illo</strong></span> <span class='ocrx_word' id='word_1_802' title='bbox 3408 3417 3523 3471; x_wconf 88' lang='lat' dir='ltr'><strong>dico</strong></span> <span class='ocrx_word' id='word_1_803' title='bbox 3549 3419 3604 3469; x_wconf 88' lang='lat' dir='ltr'><strong>ut</strong></span> <span class='ocrx_word' id='word_1_804' title='bbox 3621 3415 3747 3480; x_wconf 84' lang='lat' dir='ltr'><strong>roget</strong></span> <span class='ocrx_word' id='word_1_805' title='bbox 3770 3410 3855 3478; x_wconf 76' lang='lat' dir='ltr'><strong>quis</strong></span> <span class='ocrx_word' id='word_1_806' title='bbox 3956 3410 3957 3486; x_wconf 71' lang='lat'><strong>(</strong></span> 
     </span>
    </p>
   </div>
   <div class='ocr_carea' id='block_1_99' title="bbox 2227 3502 3957 3573">
    <p class='ocr_par' dir='ltr' id='par_1_99' title="bbox 2227 3502 3957 3573">
     <span class='ocr_line' id='line_1_99' title="bbox 2227 3502 3957 3573; baseline -0.005 -17"><span class='ocrx_word' id='word_1_807' title='bbox 2227 3502 2273 3571; x_wconf 89' lang='grc' dir='ltr'><strong>(Ι</strong></span> <span class='ocrx_word' id='word_1_808' title='bbox 2321 3506 2476 3559; x_wconf 82' lang='grc' dir='ltr'><strong>Ιοαη.</strong></span> <span class='ocrx_word' id='word_1_809' title='bbox 2524 3520 2579 3573; x_wconf 89' lang='lat' dir='ltr'><strong>v,</strong></span> <span class='ocrx_word' id='word_1_810' title='bbox 2625 3505 2729 3573; x_wconf 90' lang='grc'>16),</span> <span class='ocrx_word' id='word_1_811' title='bbox 2790 3503 2868 3557; x_wconf 88' lang='lat' dir='ltr'><strong>ita</strong></span> <span class='ocrx_word' id='word_1_812' title='bbox 2926 3503 3161 3557; x_wconf 86' lang='lat' dir='ltr'><strong>deﬁnivi</strong></span> <span class='ocrx_word' id='word_1_813' title='bbox 3195 3509 3261 3559; x_wconf 89' lang='lat' dir='ltr'><strong>ut</strong></span> <span class='ocrx_word' id='word_1_814' title='bbox 3318 3506 3592 3560; x_wconf 90' lang='lat' dir='ltr'><strong>dicerem:</strong></span> <span class='ocrx_word' id='word_1_815' title='bbox 3632 3503 3853 3557; x_wconf 83' lang='lat' dir='ltr'><strong>Peccatum</strong></span> <span class='ocrx_word' id='word_1_816' title='bbox 3956 3536 3957 3573; x_wconf 10' lang='grc' dir='ltr'><em>ἐ</em></span> 
     </span>
    </p>
   </div>
   <div class='ocr_carea' id='block_1_100' title="bbox 2224 3588 3854 3663">
    <p class='ocr_par' dir='ltr' id='par_1_100' title="bbox 2224 3588 3854 3663">
     <span class='ocr_line' id='line_1_100' title="bbox 2224 3588 3854 3663; baseline -0.001 -18"><span class='ocrx_word' id='word_1_817' title='bbox 2224 3593 2423 3659; x_wconf 85' lang='lat' dir='ltr'><strong>fratris</strong></span> <span class='ocrx_word' id='word_1_818' title='bbox 2454 3590 2528 3645; x_wconf 90' lang='lat' dir='ltr'><strong>ad</strong></span> <span class='ocrx_word' id='word_1_819' title='bbox 2552 3595 2773 3646; x_wconf 87' lang='lat' dir='ltr'><strong>mortem</strong></span> <span class='ocrx_word' id='word_1_820' title='bbox 2797 3595 2931 3660; x_wconf 80' lang='lat' dir='ltr'><strong>puto</strong></span> <span class='ocrx_word' id='word_1_821' title='bbox 2953 3607 3062 3646; x_wconf 87' lang='lat' dir='ltr'><strong>esse</strong></span> <span class='ocrx_word' id='word_1_822' title='bbox 3077 3607 3197 3646; x_wconf 91' lang='lat' dir='ltr'><strong>cum</strong></span> <span class='ocrx_word' id='word_1_823' title='bbox 3211 3599 3342 3663; x_wconf 85' lang='lat' dir='ltr'><strong>post</strong></span> <span class='ocrx_word' id='word_1_824' title='bbox 3361 3595 3671 3662; x_wconf 85' lang='lat' dir='ltr'><strong>agnitionem</strong></span> <span class='ocrx_word' id='word_1_825' title='bbox 3692 3588 3770 3643; x_wconf 79' lang='lat' dir='ltr'><strong>Dei</strong></span> <span class='ocrx_word' id='word_1_826' title='bbox 3785 3597 3854 3654; x_wconf 76' lang='lat' dir='ltr'><strong>per</strong></span> 
     </span>
    </p>
   </div>
   <div class='ocr_carea' id='block_1_101' title="bbox 2223 3674 3957 3751">
    <p class='ocr_par' dir='ltr' id='par_1_101' title="bbox 2223 3674 3957 3751">
     <span class='ocr_line' id='line_1_101' title="bbox 2223 3674 3957 3751; baseline 0.006 -19"><span class='ocrx_word' id='word_1_827' title='bbox 2223 3681 2462 3745; x_wconf 87' lang='lat' dir='ltr'><strong>gratiam</strong></span> <span class='ocrx_word' id='word_1_828' title='bbox 2500 3681 2720 3733; x_wconf 88' lang='lat' dir='ltr'><strong>Domini</strong></span> <span class='ocrx_word' id='word_1_829' title='bbox 2745 3681 2921 3734; x_wconf 88' lang='lat' dir='ltr'><strong>nostri</strong></span> <span class='ocrx_word' id='word_1_830' title='bbox 2949 3683 3077 3736; x_wconf 87' lang='lat' dir='ltr'><strong>Jesu</strong></span> <span class='ocrx_word' id='word_1_831' title='bbox 3117 3681 3328 3738; x_wconf 87' lang='lat' dir='ltr'><strong>Christi</strong></span> <span class='ocrx_word' id='word_1_832' title='bbox 3379 3684 3599 3751; x_wconf 85' lang='lat' dir='ltr'><strong>quisque</strong></span> <span class='ocrx_word' id='word_1_833' title='bbox 3638 3674 3855 3747; x_wconf 61' lang='grc' dir='ltr'><strong>ορρειφιαί</strong></span> <span class='ocrx_word' id='word_1_834' title='bbox 3956 3710 3957 3715; x_wconf 55' lang='grc' dir='ltr'>π</span> 
     </span>
    </p>
   </div>
   <div class='ocr_carea' id='block_1_102' title="bbox 2222 3763 3957 3840">
    <p class='ocr_par' dir='ltr' id='par_1_102' title="bbox 2222 3763 3957 3840">
     <span class='ocr_line' id='line_1_102' title="bbox 2222 3763 3957 3840; baseline -0.005 -18"><span class='ocrx_word' id='word_1_835' title='bbox 2222 3769 2650 3838; x_wconf 79' lang='lat' dir='ltr'><strong>fraternitatem,</strong></span> <span class='ocrx_word' id='word_1_836' title='bbox 2668 3775 2716 3824; x_wconf 89' lang='lat' dir='ltr'><strong>et</strong></span> <span class='ocrx_word' id='word_1_837' title='bbox 2735 3769 2995 3824; x_wconf 87' lang='lat' dir='ltr'><strong>adversus</strong></span> <span class='ocrx_word' id='word_1_838' title='bbox 3025 3774 3202 3840; x_wconf 83' lang='lat' dir='ltr'><strong>ipsam</strong></span> <span class='ocrx_word' id='word_1_839' title='bbox 3222 3775 3466 3840; x_wconf 86' lang='lat' dir='ltr'><strong>gratiam</strong></span> <span class='ocrx_word' id='word_1_840' title='bbox 3494 3787 3597 3840; x_wconf 87' lang='lat' dir='ltr'><strong>qua</strong></span> <span class='ocrx_word' id='word_1_841' title='bbox 3616 3763 3855 3822; x_wconf 74' lang='lat' dir='ltr'><strong>reconcilia-</strong></span> <span class='ocrx_word' id='word_1_842' title='bbox 3956 3763 3957 3823; x_wconf 59' lang='grc' dir='ltr'>ξ</span> 
     </span>
    </p>
   </div>
   <div class='ocr_carea' id='block_1_103' title="bbox 2225 3852 3854 3929">
    <p class='ocr_par' dir='ltr' id='par_1_103' title="bbox 2225 3852 3854 3929">
     <span class='ocr_line' id='line_1_103' title="bbox 2225 3852 3854 3929; baseline 0.001 -19"><span class='ocrx_word' id='word_1_843' title='bbox 2225 3861 2310 3910; x_wconf 89' lang='lat' dir='ltr'><strong>tus</strong></span> <span class='ocrx_word' id='word_1_844' title='bbox 2339 3862 2419 3913; x_wconf 88' lang='lat' dir='ltr'><strong>est</strong></span> <span class='ocrx_word' id='word_1_845' title='bbox 2447 3859 2572 3924; x_wconf 90' lang='lat' dir='ltr'><strong>Deo,</strong></span> <span class='ocrx_word' id='word_1_846' title='bbox 2608 3858 2920 3913; x_wconf 55' lang='lat' dir='ltr'><strong>invidentia</strong></span> <span class='ocrx_word' id='word_1_847' title='bbox 2947 3859 3162 3925; x_wconf 79' lang='lat' dir='ltr'><strong>facibus</strong></span> <span class='ocrx_word' id='word_1_848' title='bbox 3188 3862 3439 3928; x_wconf 87' lang='lat' dir='ltr'><strong>agitatur</strong></span> <span class='ocrx_word' id='word_1_849' title='bbox 3469 3859 3598 3929; x_wconf 80' lang='lat' dir='ltr'><strong>(Lib.</strong></span> <span class='ocrx_word' id='word_1_850' title='bbox 3633 3861 3676 3923; x_wconf 93' lang='grc'><strong>1,</strong></span> <span class='ocrx_word' id='word_1_851' title='bbox 3717 3871 3755 3908; x_wconf 91' lang='lat' dir='ltr'><strong>c.</strong></span> <span class='ocrx_word' id='word_1_852' title='bbox 3789 3852 3854 3912; x_wconf 58' lang='lat'><strong>2&#39;2.</strong></span> 
     </span>
    </p>
   </div>
   <div class='ocr_carea' id='block_1_104' title="bbox 2221 3941 3857 4018">
    <p class='ocr_par' dir='ltr' id='par_1_104' title="bbox 2221 3941 3857 4018">
     <span class='ocr_line' id='line_1_104' title="bbox 2221 3941 3857 4018; baseline -0.003 -19"><span class='ocrx_word' id='word_1_853' title='bbox 2221 3944 2420 4016; x_wconf 69' lang='lat'><strong>11.73).</strong></span> <span class='ocrx_word' id='word_1_854' title='bbox 2479 3945 2640 4009; x_wconf 87' lang='lat' dir='ltr'><strong>Quod</strong></span> <span class='ocrx_word' id='word_1_855' title='bbox 2688 3945 2924 4017; x_wconf 90' lang='lat' dir='ltr'><strong>quidem</strong></span> <span class='ocrx_word' id='word_1_856' title='bbox 2969 3964 3082 4001; x_wconf 91' lang='lat' dir='ltr'><strong>non</strong></span> <span class='ocrx_word' id='word_1_857' title='bbox 3124 3948 3480 4016; x_wconf 88' lang='lat' dir='ltr'><strong>conﬁrmavi,</strong></span> <span class='ocrx_word' id='word_1_858' title='bbox 3513 3945 3756 4018; x_wconf 86' lang='lat' dir='ltr'><strong>quoniam</strong></span> <span class='ocrx_word' id='word_1_859' title='bbox 3780 3941 3857 3994; x_wconf 81' lang='lat' dir='ltr'><strong>hoc</strong></span> 
     </span>
    </p>
   </div>
   <div class='ocr_carea' id='block_1_105' title="bbox 2221 4027 3855 4102">
    <p class='ocr_par' dir='ltr' id='par_1_105' title="bbox 2221 4027 3855 4102">
     <span class='ocr_line' id='line_1_105' title="bbox 2221 4027 3855 4102; baseline -0.004 -15"><span class='ocrx_word' id='word_1_860' title='bbox 2221 4036 2426 4102; x_wconf 89' lang='lat' dir='ltr'><strong>putare</strong></span> <span class='ocrx_word' id='word_1_861' title='bbox 2473 4050 2565 4087; x_wconf 89' lang='lat' dir='ltr'><strong>me</strong></span> <span class='ocrx_word' id='word_1_862' title='bbox 2600 4033 2748 4089; x_wconf 87' lang='lat' dir='ltr'><strong>dixi:</strong></span> <span class='ocrx_word' id='word_1_863' title='bbox 2786 4035 2881 4090; x_wconf 90' lang='lat' dir='ltr'><strong>sed</strong></span> <span class='ocrx_word' id='word_1_864' title='bbox 2912 4039 3107 4091; x_wconf 84' lang='lat' dir='ltr'><strong>tamen</strong></span> <span class='ocrx_word' id='word_1_865' title='bbox 3138 4036 3467 4092; x_wconf 89' lang='lat' dir='ltr'><strong>addendum</strong></span> <span class='ocrx_word' id='word_1_866' title='bbox 3497 4036 3615 4102; x_wconf 87' lang='lat' dir='ltr'><strong>fuit,</strong></span> <span class='ocrx_word' id='word_1_867' title='bbox 3645 4031 3761 4087; x_wconf 89' lang='lat' dir='ltr'><strong>siin</strong></span> <span class='ocrx_word' id='word_1_868' title='bbox 3782 4027 3855 4081; x_wconf 79' lang='lat' dir='ltr'><strong>hac</strong></span> 
     </span>
    </p>
   </div>
   <div class='ocr_carea' id='block_1_106' title="bbox 2221 4118 3855 4194">
    <p class='ocr_par' dir='ltr' id='par_1_106' title="bbox 2221 4118 3855 4194">
     <span class='ocr_line' id='line_1_106' title="bbox 2221 4118 3855 4194; baseline -0.004 -19"><span class='ocrx_word' id='word_1_869' title='bbox 2221 4125 2337 4176; x_wconf 90' lang='lat' dir='ltr'><strong>tam</strong></span> <span class='ocrx_word' id='word_1_870' title='bbox 2366 4122 2639 4177; x_wconf 87' lang='lat' dir='ltr'><strong>scelerata</strong></span> <span class='ocrx_word' id='word_1_871' title='bbox 2667 4123 2876 4178; x_wconf 89' lang='lat' dir='ltr'><strong>mentis</strong></span> <span class='ocrx_word' id='word_1_872' title='bbox 2900 4125 3275 4194; x_wconf 88' lang='lat' dir='ltr'><strong>perversitate</strong></span> <span class='ocrx_word' id='word_1_873' title='bbox 3306 4126 3525 4181; x_wconf 85' lang='lat' dir='ltr'><strong>ﬁnierit</strong></span> <span class='ocrx_word' id='word_1_874' title='bbox 3549 4125 3681 4179; x_wconf 90' lang='lat' dir='ltr'><strong>hanc</strong></span> <span class='ocrx_word' id='word_1_875' title='bbox 3705 4118 3855 4173; x_wconf 85' lang='lat' dir='ltr'><strong>vitam:</strong></span> 
     </span>
    </p>
   </div>
   <div class='ocr_carea' id='block_1_107' title="bbox 2222 4205 3856 4283">
    <p class='ocr_par' dir='ltr' id='par_1_107' title="bbox 2222 4205 3856 4283">
     <span class='ocr_line' id='line_1_107' title="bbox 2222 4205 3856 4283; baseline -0.002 -20"><span class='ocrx_word' id='word_1_876' title='bbox 2222 4209 2500 4281; x_wconf 89' lang='lat' dir='ltr'><strong>quoniam</strong></span> <span class='ocrx_word' id='word_1_877' title='bbox 2524 4210 2594 4265; x_wconf 91' lang='lat' dir='ltr'><strong>de</strong></span> <span class='ocrx_word' id='word_1_878' title='bbox 2617 4226 2985 4283; x_wconf 90' lang='lat' dir='ltr'><strong>quocumque</strong></span> <span class='ocrx_word' id='word_1_879' title='bbox 2998 4212 3249 4283; x_wconf 89' lang='lat' dir='ltr'><strong>pessimo</strong></span> <span class='ocrx_word' id='word_1_880' title='bbox 3266 4213 3329 4269; x_wconf 92' lang='lat' dir='ltr'><strong>in</strong></span> <span class='ocrx_word' id='word_1_881' title='bbox 3350 4215 3457 4269; x_wconf 89' lang='lat' dir='ltr'><strong>hac</strong></span> <span class='ocrx_word' id='word_1_882' title='bbox 3485 4213 3592 4268; x_wconf 86' lang='lat' dir='ltr'><strong>vita</strong></span> <span class='ocrx_word' id='word_1_883' title='bbox 3610 4205 3856 4266; x_wconf 79' lang='lat' dir='ltr'><strong>constituto</strong></span> 
     </span>
    </p>
   </div>
   <div class='ocr_carea' id='block_1_108' title="bbox 2219 4295 3859 4373">
    <p class='ocr_par' dir='ltr' id='par_1_108' title="bbox 2219 4295 3859 4373">
     <span class='ocr_line' id='line_1_108' title="bbox 2219 4295 3859 4373; baseline -0.003 -22"><span class='ocrx_word' id='word_1_884' title='bbox 2219 4314 2337 4352; x_wconf 93' lang='lat' dir='ltr'><strong>non</strong></span> <span class='ocrx_word' id='word_1_885' title='bbox 2367 4302 2451 4353; x_wconf 89' lang='lat' dir='ltr'><strong>est</strong></span> <span class='ocrx_word' id='word_1_886' title='bbox 2474 4298 2677 4370; x_wconf 88' lang='lat' dir='ltr'><strong>utique</strong></span> <span class='ocrx_word' id='word_1_887' title='bbox 2691 4298 3137 4370; x_wconf 87' lang='lat' dir='ltr'><strong>desperandum,</strong></span> <span class='ocrx_word' id='word_1_888' title='bbox 3169 4317 3274 4355; x_wconf 91' lang='lat' dir='ltr'><strong>nec</strong></span> <span class='ocrx_word' id='word_1_889' title='bbox 3301 4318 3406 4373; x_wconf 92' lang='lat' dir='ltr'><strong>pro</strong></span> <span class='ocrx_word' id='word_1_890' title='bbox 3420 4302 3515 4357; x_wconf 89' lang='lat' dir='ltr'><strong>illo</strong></span> <span class='ocrx_word' id='word_1_891' title='bbox 3532 4295 3859 4371; x_wconf 77' lang='lat' dir='ltr'><strong>imprudenter</strong></span> 
     </span>
    </p>
   </div>
   <div class='ocr_carea' id='block_1_109' title="bbox 2219 4387 3221 4460">
    <p class='ocr_par' dir='ltr' id='par_1_109' title="bbox 2219 4387 3221 4460">
     <span class='ocr_line' id='line_1_109' title="bbox 2219 4387 3221 4460; baseline 0.004 -19"><span class='ocrx_word' id='word_1_892' title='bbox 2219 4392 2436 4455; x_wconf 87' lang='lat' dir='ltr'><strong>oratur,</strong></span> <span class='ocrx_word' id='word_1_893' title='bbox 2467 4387 2536 4442; x_wconf 90' lang='lat' dir='ltr'><strong>de</strong></span> <span class='ocrx_word' id='word_1_894' title='bbox 2568 4404 2681 4459; x_wconf 90' lang='lat' dir='ltr'><strong>quo</strong></span> <span class='ocrx_word' id='word_1_895' title='bbox 2706 4404 2827 4443; x_wconf 93' lang='lat' dir='ltr'><strong>non</strong></span> <span class='ocrx_word' id='word_1_896' title='bbox 2865 4389 3221 4460; x_wconf 89' lang='lat' dir='ltr'><strong>desperatur.</strong></span> 
     </span>
    </p>
   </div>
   <div class='ocr_carea' id='block_1_110' title="bbox 2287 4467 3859 4548">
    <p class='ocr_par' dir='ltr' id='par_1_110' title="bbox 2287 4467 3859 4548">
     <span class='ocr_line' id='line_1_110' title="bbox 2287 4467 3859 4548; baseline -0.006 -18"><span class='ocrx_word' id='word_1_897' title='bbox 2287 4479 2341 4532; x_wconf 92' lang='lat'><strong>8.</strong></span> <span class='ocrx_word' id='word_1_898' title='bbox 2391 4477 2457 4530; x_wconf 93' lang='lat' dir='ltr'><strong>In</strong></span> <span class='ocrx_word' id='word_1_899' title='bbox 2503 4476 2750 4532; x_wconf 89' lang='lat' dir='ltr'><strong>secundo</strong></span> <span class='ocrx_word' id='word_1_900' title='bbox 2796 4476 2935 4531; x_wconf 91' lang='lat' dir='ltr'><strong>item</strong></span> <span class='ocrx_word' id='word_1_901' title='bbox 2978 4478 3174 4532; x_wconf 89' lang='lat' dir='ltr'><strong>libro:</strong></span> <span class='ocrx_word' id='word_1_902' title='bbox 3227 4481 3404 4548; x_wconf 87' lang='lat' dir='ltr'><strong>Nulli,</strong></span> <span class='ocrx_word' id='word_1_903' title='bbox 3443 4481 3672 4548; x_wconf 83' lang='lat' dir='ltr'><strong>inquam,</strong></span> <span class='ocrx_word' id='word_1_904' title='bbox 3720 4467 3859 4527; x_wconf 78' lang='lat' dir='ltr'><strong>licebit</strong></span> 
     </span>
    </p>
   </div>
   <div class='ocr_carea' id='block_1_111' title="bbox 2216 4558 3855 4637">
    <p class='ocr_par' dir='ltr' id='par_1_111' title="bbox 2216 4558 3855 4637">
     <span class='ocr_line' id='line_1_111' title="bbox 2216 4558 3855 4637; baseline -0.005 -19"><span class='ocrx_word' id='word_1_905' title='bbox 2216 4566 2470 4632; x_wconf 88' lang='lat' dir='ltr'><strong>ignorare</strong></span> <span class='ocrx_word' id='word_1_906' title='bbox 2505 4566 2602 4619; x_wconf 89' lang='lat' dir='ltr'><strong>Dei</strong></span> <span class='ocrx_word' id='word_1_907' title='bbox 2638 4580 2882 4635; x_wconf 87' lang='lat' dir='ltr'><strong>regnum,</strong></span> <span class='ocrx_word' id='word_1_908' title='bbox 2933 4582 3053 4621; x_wconf 88' lang='lat' dir='ltr'><strong>cum</strong></span> <span class='ocrx_word' id='word_1_909' title='bbox 3081 4569 3198 4637; x_wconf 84' lang='lat' dir='ltr'><strong>ejus</strong></span> <span class='ocrx_word' id='word_1_910' title='bbox 3245 4569 3564 4635; x_wconf 86' lang='lat' dir='ltr'><strong>Unigenitus</strong></span> <span class='ocrx_word' id='word_1_911' title='bbox 3608 4578 3700 4618; x_wconf 84' lang='lat' dir='ltr'><strong>non</strong></span> <span class='ocrx_word' id='word_1_912' title='bbox 3725 4558 3855 4613; x_wconf 82' lang='lat' dir='ltr'><strong>solum</strong></span> 
     </span>
    </p>
   </div>
   <div class='ocr_carea' id='block_1_112' title="bbox 2214 4646 3857 4721">
    <p class='ocr_par' dir='ltr' id='par_1_112' title="bbox 2214 4646 3857 4721">
     <span class='ocr_line' id='line_1_112' title="bbox 2214 4646 3857 4721; baseline -0.001 -15"><span class='ocrx_word' id='word_1_913' title='bbox 2214 4653 2652 4721; x_wconf 81' lang='lat' dir='ltr'><strong>intelligibilitcr,</strong></span> <span class='ocrx_word' id='word_1_914' title='bbox 2683 4653 2777 4708; x_wconf 88' lang='lat' dir='ltr'><strong>sed</strong></span> <span class='ocrx_word' id='word_1_915' title='bbox 2801 4656 2964 4709; x_wconf 88' lang='lat' dir='ltr'><strong>etiam</strong></span> <span class='ocrx_word' id='word_1_916' title='bbox 2993 4656 3293 4712; x_wconf 77' lang='lat' dir='ltr'><strong>visibititer</strong></span> <span class='ocrx_word' id='word_1_917' title='bbox 3321 4661 3379 4711; x_wconf 86' lang='lat' dir='ltr'><strong>in</strong></span> <span class='ocrx_word' id='word_1_918' title='bbox 3413 4657 3614 4711; x_wconf 82' lang='lat' dir='ltr'><strong>homine</strong></span> <span class='ocrx_word' id='word_1_919' title='bbox 3637 4646 3857 4706; x_wconf 69' lang='lat' dir='ltr'><strong>Dominiw</strong></span> 
     </span>
    </p>
   </div>
   <div class='ocr_carea' id='block_1_113' title="bbox 2214 4733 3854 4812">
    <p class='ocr_par' dir='ltr' id='par_1_113' title="bbox 2214 4733 3854 4812">
     <span class='ocr_line' id='line_1_113' title="bbox 2214 4733 3854 4812; baseline -0.002 -16"><span class='ocrx_word' id='word_1_920' title='bbox 2214 4742 2280 4796; x_wconf 90' lang='lat' dir='ltr'><strong>de</strong></span> <span class='ocrx_word' id='word_1_921' title='bbox 2322 4743 2445 4796; x_wconf 80' lang='lat' dir='ltr'><strong>ccelo</strong></span> <span class='ocrx_word' id='word_1_922' title='bbox 2482 4744 2705 4811; x_wconf 81' lang='lat' dir='ltr'><strong>venerit,</strong></span> <span class='ocrx_word' id='word_1_923' title='bbox 2741 4743 3096 4812; x_wconf 87' lang='lat' dir='ltr'><strong>judicaturus</strong></span> <span class='ocrx_word' id='word_1_924' title='bbox 3126 4746 3277 4800; x_wconf 79' lang='lat' dir='ltr'><strong>vivos</strong></span> <span class='ocrx_word' id='word_1_925' title='bbox 3307 4750 3360 4799; x_wconf 88' lang='lat' dir='ltr'><strong>et</strong></span> <span class='ocrx_word' id='word_1_926' title='bbox 3404 4748 3628 4799; x_wconf 86' lang='lat' dir='ltr'><strong>mortuos</strong></span> <span class='ocrx_word' id='word_1_927' title='bbox 3672 4733 3854 4809; x_wconf 55' lang='lat' dir='ltr'><strong>(Libﬂ,</strong></span> 
     </span>
    </p>
   </div>
   <div class='ocr_carea' id='block_1_114' title="bbox 2214 4825 3856 4901">
    <p class='ocr_par' dir='ltr' id='par_1_114' title="bbox 2214 4825 3856 4901">
     <span class='ocr_line' id='line_1_114' title="bbox 2214 4825 3856 4901; baseline -0.007 -16"><span class='ocrx_word' id='word_1_928' title='bbox 2214 4846 2260 4885; x_wconf 91' lang='lat' dir='ltr'><strong>c.</strong></span> <span class='ocrx_word' id='word_1_929' title='bbox 2294 4833 2346 4895; x_wconf 91' lang='lat'><strong>6,</strong></span> <span class='ocrx_word' id='word_1_930' title='bbox 2378 4847 2415 4884; x_wconf 90' lang='lat' dir='ltr'><strong>n</strong></span> <span class='ocrx_word' id='word_1_931' title='bbox 2442 4829 2552 4901; x_wconf 88' lang='grc'>20).</span> <span class='ocrx_word' id='word_1_932' title='bbox 2584 4830 2691 4885; x_wconf 89' lang='lat' dir='ltr'><strong>Sed</strong></span> <span class='ocrx_word' id='word_1_933' title='bbox 2724 4846 2845 4886; x_wconf 93' lang='lat' dir='ltr'><strong>non</strong></span> <span class='ocrx_word' id='word_1_934' title='bbox 2878 4831 3043 4886; x_wconf 90' lang='lat' dir='ltr'><strong>video</strong></span> <span class='ocrx_word' id='word_1_935' title='bbox 3066 4837 3264 4888; x_wconf 89' lang='lat' dir='ltr'><strong>utrum</strong></span> <span class='ocrx_word' id='word_1_936' title='bbox 3295 4838 3448 4888; x_wconf 88' lang='lat' dir='ltr'><strong>recte</strong></span> <span class='ocrx_word' id='word_1_937' title='bbox 3488 4832 3691 4887; x_wconf 86' lang='lat' dir='ltr'><strong>dicatur</strong></span> <span class='ocrx_word' id='word_1_938' title='bbox 3721 4825 3856 4878; x_wconf 88' lang='lat' dir='ltr'><strong>homo</strong></span> 
     </span>
    </p>
   </div>
   <div class='ocr_carea' id='block_1_115' title="bbox 2210 4913 3854 4991">
    <p class='ocr_par' dir='ltr' id='par_1_115' title="bbox 2210 4913 3854 4991">
     <span class='ocr_line' id='line_1_115' title="bbox 2210 4913 3854 4991; baseline -0.007 -17"><span class='ocrx_word' id='word_1_939' title='bbox 2210 4918 2542 4975; x_wconf 89' lang='lat' dir='ltr'><strong>Dominicus</strong></span> <span class='ocrx_word' id='word_1_940' title='bbox 2572 4919 2672 4991; x_wconf 91' lang='lat' dir='ltr'><strong>qui</strong></span> <span class='ocrx_word' id='word_1_941' title='bbox 2698 4924 2785 4974; x_wconf 87' lang='lat' dir='ltr'><strong>est</strong></span> <span class='ocrx_word' id='word_1_942' title='bbox 2821 4920 3104 4976; x_wconf 89' lang='lat' dir='ltr'><strong>mediator</strong></span> <span class='ocrx_word' id='word_1_943' title='bbox 3134 4922 3235 4976; x_wconf 85' lang='lat' dir='ltr'><strong>Dei</strong></span> <span class='ocrx_word' id='word_1_944' title='bbox 3275 4927 3334 4977; x_wconf 88' lang='lat' dir='ltr'><strong>et</strong></span> <span class='ocrx_word' id='word_1_945' title='bbox 3376 4920 3681 4981; x_wconf 86' lang='lat' dir='ltr'><strong>hominum,</strong></span> <span class='ocrx_word' id='word_1_946' title='bbox 3719 4913 3854 4967; x_wconf 88' lang='lat' dir='ltr'><strong>homo</strong></span> 
     </span>
    </p>
   </div>
   <div class='ocr_carea' id='block_1_116' title="bbox 2214 4999 3857 5081">
    <p class='ocr_par' dir='ltr' id='par_1_116' title="bbox 2214 4999 3857 5081">
     <span class='ocr_line' id='line_1_116' title="bbox 2214 4999 3857 5081; baseline -0.011 -17"><span class='ocrx_word' id='word_1_947' title='bbox 2214 5007 2466 5064; x_wconf 88' lang='lat' dir='ltr'><strong>Christus</strong></span> <span class='ocrx_word' id='word_1_948' title='bbox 2520 5009 2700 5074; x_wconf 86' lang='lat' dir='ltr'><strong>Jesus,</strong></span> <span class='ocrx_word' id='word_1_949' title='bbox 2733 5025 2864 5063; x_wconf 89' lang='lat' dir='ltr'><strong>cum</strong></span> <span class='ocrx_word' id='word_1_950' title='bbox 2894 5010 2967 5064; x_wconf 87' lang='lat' dir='ltr'><strong>sit</strong></span> <span class='ocrx_word' id='word_1_951' title='bbox 2995 5010 3191 5081; x_wconf 88' lang='lat' dir='ltr'><strong>utique</strong></span> <span class='ocrx_word' id='word_1_952' title='bbox 3234 5011 3541 5066; x_wconf 90' lang='lat' dir='ltr'><strong>Dominus:</strong></span> <span class='ocrx_word' id='word_1_953' title='bbox 3592 4999 3857 5062; x_wconf 85' lang='lat' dir='ltr'><strong>dominicus</strong></span> 
     </span>
    </p>
   </div>
   <div class='ocr_carea' id='block_1_117' title="bbox 2213 5085 3859 5176">
    <p class='ocr_par' dir='ltr' id='par_1_117' title="bbox 2213 5085 3859 5176">
     <span class='ocr_line' id='line_1_117' title="bbox 2213 5085 3859 5176; baseline -0.004 -24"><span class='ocrx_word' id='word_1_954' title='bbox 2213 5101 2408 5152; x_wconf 88' lang='lat' dir='ltr'><strong>autem</strong></span> <span class='ocrx_word' id='word_1_955' title='bbox 2457 5096 2630 5151; x_wconf 90' lang='lat' dir='ltr'><strong>homo</strong></span> <span class='ocrx_word' id='word_1_956' title='bbox 2664 5097 2792 5169; x_wconf 89' lang='lat' dir='ltr'><strong>quis</strong></span> <span class='ocrx_word' id='word_1_957' title='bbox 2821 5098 2883 5153; x_wconf 90' lang='lat' dir='ltr'><strong>in</strong></span> <span class='ocrx_word' id='word_1_958' title='bbox 2933 5098 3057 5170; x_wconf 88' lang='lat' dir='ltr'><strong>ejus</strong></span> <span class='ocrx_word' id='word_1_959' title='bbox 3088 5104 3281 5155; x_wconf 87' lang='lat' dir='ltr'><strong>sancta</strong></span> <span class='ocrx_word' id='word_1_960' title='bbox 3332 5097 3549 5154; x_wconf 86' lang='lat' dir='ltr'><strong>familia</strong></span> <span class='ocrx_word' id='word_1_961' title='bbox 3584 5109 3687 5149; x_wconf 92' lang='lat' dir='ltr'><strong>nou</strong></span> <span class='ocrx_word' id='word_1_962' title='bbox 3711 5085 3859 5176; x_wconf 48' lang='lat' dir='ltr'><strong>potest</strong></span> 
     </span>
    </p>
   </div>
   <div class='ocr_carea' id='block_1_118' title="bbox 2213 5173 3858 5258">
    <p class='ocr_par' dir='ltr' id='par_1_118' title="bbox 2213 5173 3858 5258">
     <span class='ocr_line' id='line_1_118' title="bbox 2213 5173 3858 5258; baseline -0.007 -17"><span class='ocrx_word' id='word_1_963' title='bbox 2213 5185 2375 5241; x_wconf 83' lang='lat' dir='ltr'><strong>dici?</strong></span> <span class='ocrx_word' id='word_1_964' title='bbox 2406 5186 2471 5239; x_wconf 87' lang='lat' dir='ltr'><strong>Et</strong></span> <span class='ocrx_word' id='word_1_965' title='bbox 2497 5185 2604 5240; x_wconf 92' lang='lat' dir='ltr'><strong>hoc</strong></span> <span class='ocrx_word' id='word_1_966' title='bbox 2636 5185 2869 5257; x_wconf 90' lang='lat' dir='ltr'><strong>quidem</strong></span> <span class='ocrx_word' id='word_1_967' title='bbox 2895 5191 2961 5242; x_wconf 87' lang='lat' dir='ltr'><strong>ut</strong></span> <span class='ocrx_word' id='word_1_968' title='bbox 2988 5186 3255 5256; x_wconf 90' lang='lat' dir='ltr'><strong>dicerem,</strong></span> <span class='ocrx_word' id='word_1_969' title='bbox 3289 5187 3443 5258; x_wconf 88' lang='lat' dir='ltr'><strong>apud</strong></span> <span class='ocrx_word' id='word_1_970' title='bbox 3493 5180 3747 5257; x_wconf 88' lang='lat' dir='ltr'><strong>quosdam</strong></span> <span class='ocrx_word' id='word_1_971' title='bbox 3771 5173 3858 5258; x_wconf 51' lang='lat' dir='ltr'><strong>legi</strong></span> 
     </span>
    </p>
   </div>
   <div class='ocr_carea' id='block_1_119' title="bbox 2210 5255 3857 5347">
    <p class='ocr_par' dir='ltr' id='par_1_119' title="bbox 2210 5255 3857 5347">
     <span class='ocr_line' id='line_1_119' title="bbox 2210 5255 3857 5347; baseline -0.007 -17"><span class='ocrx_word' id='word_1_972' title='bbox 2210 5277 2548 5330; x_wconf 86' lang='lat' dir='ltr'><strong>tractatores</strong></span> <span class='ocrx_word' id='word_1_973' title='bbox 2579 5255 2885 5331; x_wconf 74' lang='lat' dir='ltr'><strong>catholicos</strong></span> <span class='ocrx_word' id='word_1_974' title='bbox 2913 5255 3245 5332; x_wconf 84' lang='lat' dir='ltr'><strong>divinorum</strong></span> <span class='ocrx_word' id='word_1_975' title='bbox 3287 5255 3637 5347; x_wconf 80' lang='lat' dir='ltr'><strong>eloquiorum</strong></span> <span class='ocrx_word' id='word_1_976' title='bbox 3671 5264 3751 5338; x_wconf 90' lang='lat' dir='ltr'><strong>(a).</strong></span> <span class='ocrx_word' id='word_1_977' title='bbox 3776 5255 3857 5314; x_wconf 78' lang='lat' dir='ltr'><strong>Sed</strong></span> 
     </span>
    </p>
   </div>
   <div class='ocr_carea' id='block_1_120' title="bbox 2207 5349 3855 5435">
    <p class='ocr_par' dir='ltr' id='par_1_120' title="bbox 2207 5349 3855 5435">
     <span class='ocr_line' id='line_1_120' title="bbox 2207 5349 3855 5435; baseline -0.004 -17"><span class='ocrx_word' id='word_1_978' title='bbox 2207 5362 2558 5435; x_wconf 89' lang='lat' dir='ltr'><strong>ubicumque</strong></span> <span class='ocrx_word' id='word_1_979' title='bbox 2569 5363 2680 5419; x_wconf 91' lang='lat' dir='ltr'><strong>hoc</strong></span> <span class='ocrx_word' id='word_1_980' title='bbox 2703 5363 2841 5434; x_wconf 87' lang='lat' dir='ltr'><strong>dixi,</strong></span> <span class='ocrx_word' id='word_1_981' title='bbox 2866 5363 3073 5420; x_wconf 88' lang='lat' dir='ltr'><strong>dixisse</strong></span> <span class='ocrx_word' id='word_1_982' title='bbox 3104 5382 3196 5423; x_wconf 88' lang='lat' dir='ltr'><strong>me</strong></span> <span class='ocrx_word' id='word_1_983' title='bbox 3218 5364 3455 5420; x_wconf 89' lang='lat' dir='ltr'><strong>nollem.</strong></span> <span class='ocrx_word' id='word_1_984' title='bbox 3478 5363 3667 5417; x_wconf 87' lang='lat' dir='ltr'><strong>Postea</strong></span> <span class='ocrx_word' id='word_1_985' title='bbox 3685 5349 3855 5426; x_wconf 70' lang='lat' dir='ltr'><strong>quipp8</strong></span> 
     </span>
    </p>
   </div>
   <div class='ocr_carea' id='block_1_121' title="bbox 2274 5491 3855 5580">
    <p class='ocr_par' dir='ltr' id='par_1_121' title="bbox 2274 5491 3855 5580">
     <span class='ocr_line' id='line_1_121' title="bbox 2274 5491 3855 5580; baseline -0.009 -18"><span class='ocrx_word' id='word_1_986' title='bbox 2274 5512 2346 5580; x_wconf 76' lang='grc' dir='ltr'><strong>(α)</strong></span> <span class='ocrx_word' id='word_1_987' title='bbox 2374 5513 3170 5580; x_wconf 65' lang='lat' dir='ltr'><strong>EortasseapudAthanasium,</strong></span> <span class='ocrx_word' id='word_1_988' title='bbox 3194 5514 3249 5563; x_wconf 89' lang='lat' dir='ltr'>in</span> <span class='ocrx_word' id='word_1_989' title='bbox 3280 5511 3609 5580; x_wconf 84' lang='lat' dir='ltr'><strong>Expositione</strong></span> <span class='ocrx_word' id='word_1_990' title='bbox 3634 5498 3758 5553; x_wconf 86' lang='lat' dir='ltr'><strong>Fidei</strong></span> <span class='ocrx_word' id='word_1_991' title='bbox 3780 5510 3791 5549; x_wconf 71' lang='grc' dir='ltr'>ξ</span> <span class='ocrx_word' id='word_1_992' title='bbox 3815 5491 3855 5538; x_wconf 74' lang='grc' dir='ltr'>εί</span> 
     </span>
    </p>
   </div>
   <div class='ocr_carea' id='block_1_122' title="bbox 2210 5574 3149 5639">
    <p class='ocr_par' dir='ltr' id='par_1_122' title="bbox 2210 5574 3149 5639">
     <span class='ocr_line' id='line_1_122' title="bbox 2210 5574 3149 5639; baseline 0.004 -16"><span class='ocrx_word' id='word_1_993' title='bbox 2210 5575 2351 5637; x_wconf 89' lang='lat' dir='ltr'><strong>apud</strong></span> <span class='ocrx_word' id='word_1_994' title='bbox 2376 5574 2752 5639; x_wconf 79' lang='lat' dir='ltr'><strong>Epiphaniam,</strong></span> <span class='ocrx_word' id='word_1_995' title='bbox 2781 5575 2837 5626; x_wconf 91' lang='lat' dir='ltr'><strong>in</strong></span> <span class='ocrx_word' id='word_1_996' title='bbox 2866 5576 3149 5627; x_wconf 82' lang='lat' dir='ltr'><strong>Ancorato.</strong></span> 
     </span>
    </p>
   </div>
  </div>
