4028 6174
129 337 234 387 617

126 453 249 510 vidi
288 470 409 509 non
430 469 552 509 esse
580 454 908 524 dicendum,
933 458 1192 529 quamvis
1213 474 1333 516 non
1363 461 1519 516 nulla
1537 463 1718 534 possit
1758 482 1852 520 ra-

132 544 299 599 tione
328 543 581 599 defendi.
616 544 761 599 Item
793 546 945 617 quod
992 546 1129 615 dixi,
1173 548 1391 605 Nullius
1421 555 1559 607 enim
1586 556 1702 620 fere
1729 571 1853 610 con-

132 635 365 688 scientia
387 636 548 688 Deum
576 638 749 703 potest
777 636 951 690 odisse
976 634 1125 707 (Lib.
1151 640 1206 704 2,
1238 654 1284 693 c.
1318 640 1401 706 14,
1424 656 1478 696 η.
1504 642 1616 713 48),
1641 659 1751 698 non
1775 644 1853 697 vi-

132 726 246 778 deo
284 722 458 777 fuisse
517 722 848 778 dicendum.
907 723 1065 779 Multi
1117 725 1272 780 enim
1330 732 1465 781 sunt
1517 727 1587 782 de
1644 727 1851 799 quibus

126 809 418 880 scriptum
471 816 595 866 est:
632 812 904 882 Superbia
950 829 1130 870 eorum
1177 817 1275 885 qui
1320 816 1547 871 oderunt
1596 821 1644 871 te
1672 816 1839 887 (Psal.

129 915 327 964 LXXIII,
356 900 475 969 23).

198 990 257 1042 9.
295 989 428 1042 Alio
456 988 580 1043 loco
633 989 695 1044 in
735 1005 802 1044 eo
835 991 983 1061 quod
1025 990 1159 1056 dixi,
1189 992 1264 1048 Ob
1293 993 1387 1047 hoc
1419 993 1629 1048 dia-isse
1670 996 1851 1049 Domi-

122 1092 284 1143 num,
315 1098 339 1125 ι
364 1077 586 1146 Sufﬁcit
605 1077 715 1132 dici
730 1080 946 1133 malitia
971 1095 1072 1133 sua
1101 1099 1128 1131 ι)
1154 1083 1366 1151 (Matth.
1393 1098 1469 1148 v1,
1493 1084 1599 1146 34),
1622 1085 1753 1151 quia
1775 1086 1846 1137 ci-

126 1165 222 1219 bos
252 1181 468 1219 sumere
494 1166 707 1233 urgebit
734 1170 857 1236 ipsa
885 1171 1195 1237 necessitas,
1229 1186 1392 1240 quam
1417 1177 1707 1241 propterea
1734 1189 1847 1226 ma-

124 1254 319 1308 litiam
349 1257 683 1309 nominatam
709 1257 948 1310 arbitror
976 1261 1107 1327 quia
1123 1261 1351 1328 pcenalis
1372 1261 1525 1315 nobis
1549 1265 1627 1315 est
1643 1279 1656 1327 ;
1668 1264 1842 1330 perti-

119 1347 216 1396 net
246 1345 395 1397 enim
423 1344 498 1397 ad
525 1345 666 1399 hanc
685 1346 1052 1415 fragilitatem
1078 1364 1240 1418 quam
1254 1349 1521 1419 peccando
1550 1354 1842 1406 meruimus

125 1431 281 1498 (Lib.
312 1435 372 1497 2,
404 1448 455 1486 c.
502 1437 584 1499 l7,
616 1450 668 1487 n.
707 1437 814 1501 56),
847 1451 964 1489 non
1007 1437 1223 1492 attendi
1255 1438 1424 1493 etiam
1476 1438 1681 1510 primis
1734 1440 1838 1493 ho-

121 1520 393 1574 minibus
448 1520 579 1575 data
623 1522 796 1577 fuisse
845 1524 906 1578 in
949 1525 1215 1595 paradiso
1255 1527 1510 1598 corporis
1545 1528 1837 1595 alimenta,

123 1612 449 1678 antequam
481 1606 649 1661 istam
680 1609 877 1663 mortis
908 1626 1135 1680 poenam
1158 1614 1442 1683 peccando
1473 1614 1835 1669 meruissent.

118 1694 215 1749 Sic
259 1694 420 1748 enim
448 1700 609 1749 erant
637 1697 989 1767 immortales
1016 1699 1076 1753 in
1106 1717 1340 1771 corpore
1371 1703 1634 1757 nondum
1669 1703 1837 1773 spiri-

124 1782 298 1844 tuali,
332 1782 430 1837 sed
448 1784 704 1851 animali,
731 1790 793 1839 ut
816 1790 1010 1841 tamen
1031 1788 1092 1842 in
1108 1789 1391 1859 ejusmodi
1412 1791 1840 1847 immortalitate

119 1872 529 1942 corporalibus
560 1874 849 1929 alimentis
882 1881 1197 1933 uterentur.
1223 1880 1360 1933 Item
1394 1880 1549 1948 quod
1575 1879 1690 1935 dixi
1713 1881 1835 1951 (Id.,

118 1976 168 2015 c.
208 1962 297 2023 19,
322 1978 384 2016 n.
419 1962 535 2032 66).
569 1964 740 2028 Quam
759 1963 868 2017 sibi
904 1967 1040 2019 Deus
1066 1967 1223 2033 elegit
1247 1987 1275 2016 «
1314 1968 1603 2036 gloriosam
1652 1970 1840 2023 Eccle-

116 2053 290 2116 siam,
329 2064 435 2105 non
465 2050 743 2105 habentem
788 2054 1058 2107 maculam
1098 2071 1267 2123 neque
1316 2072 1512 2123 rugam
1545 2076 1572 2108 »
1607 2056 1828 2125 (Ephes.

120 2155 177 2203 v,
210 2138 331 2208 27),
366 2154 482 2193 non
511 2138 641 2193 ideo
671 2139 807 2207 dixi,
841 2142 977 2212 quia
1036 2159 1187 2197 nunc
1235 2161 1301 2199 ex
1345 2144 1505 2198 omni
1532 2149 1692 2216 parte
1713 2145 1834 2216 jam

120 2228 260 2282 talis
292 2231 409 2296 est;
444 2229 702 2299 quamvis
731 2229 799 2284 ad
834 2230 941 2285 hoc
970 2232 1148 2287 electa
1194 2250 1314 2288 non
1356 2234 1732 2302 dubitaretur,
1778 2241 1840 2291 ut

121 2316 259 2371 talis
291 2317 365 2370 sit
401 2318 628 2388 quando
679 2318 933 2374 Christus
980 2321 1311 2392 apparuerit
1357 2322 1472 2377 vita
1501 2324 1623 2395 ejus
1655 2341 1667 2379 :
1702 2328 1838 2378 tunc

120 2404 287 2459 enim
312 2410 369 2459 et
420 2405 544 2476 ipsa
574 2423 704 2461 cum
762 2408 859 2461 illo
920 2410 1217 2480 apparebit
1260 2411 1322 2465 in
1351 2412 1566 2482 gloria;
1600 2418 1838 2484 propter

119 2509 309 2564 quam
342 2494 586 2565 gloriam
616 2495 765 2550 dicta
794 2501 879 2551 est
920 2499 1165 2553 Ecclesia
1193 2500 1461 2570 gloriosa.
1495 2502 1637 2555 Item
1682 2502 1837 2572 quod

120 2581 413 2636 Dominus
441 2582 539 2650 ait,
591 2586 781 2650 Petite,
817 2588 867 2640 et
895 2589 1170 2655 accipietis
1196 2605 1208 2654 ;
1243 2591 1485 2657 quaerite,
1515 2594 1566 2644 et
1596 2592 1834 2645 invenie-

118 2672 195 2724 tis
223 2690 238 2738 ;
260 2672 503 2740 pulsate,
551 2676 601 2726 et
637 2675 912 2741 aperietur
948 2676 1120 2741 vobis,
1170 2690 1406 2746 operose
1437 2677 1673 2749 quidem
1720 2679 1831 2733 tria

116 2758 233 2812 ista
255 2759 398 2830 quid
426 2759 574 2813 inter
595 2776 652 2814 se
679 2761 945 2816 differant
968 2765 1367 2834 exponendum
1381 2768 1575 2837 putavi
1599 2769 1748 2835 (Lib.
1778 2772 1832 2835 2,

116 2863 169 2901 c.
213 2850 302 2913 2t)
331 2864 346 2914 ;
378 2848 475 2901 sed
489 2848 658 2919 longe
671 2850 875 2904 melius
896 2852 967 2906 ad
993 2852 1467 2910 instantissimam
1497 2856 1836 2927 petitionem

122 2934 333 2989 omnia
360 2936 714 2993 referuntur.
775 2940 889 2992 Hoc
936 2940 1149 3010 quippe
1184 2942 1450 3008 ostendit,
1501 2943 1603 2997 ubi
1632 2944 1835 2998 eodem

116 3023 307 3077 verbo
358 3029 564 3077 cuncta
608 3024 884 3080 conclusit
932 3026 1125 3082 dicens
1158 3044 1171 3083 :
1204 3032 1414 3099 Quanto
1452 3034 1627 3100 magis
1675 3034 1838 3087 Pater

116 3116 302 3166 vester
330 3114 429 3180 qui
456 3114 513 3166 in
542 3114 683 3168 caelis
713 3118 810 3181 est,
840 3114 995 3169 dabit
1024 3117 1160 3171 bona
1182 3119 1487 3187 petentibus
1516 3135 1572 3174 se
1601 3120 1823 3192 (Matth.

122 3217 221 3267 vn,
258 3204 320 3267 '7,
346 3201 431 3261 fl)
455 3200 482 3253 7
511 3217 631 3255 non
660 3202 814 3256 enim
865 3203 1023 3268 dixit,
1056 3207 1404 3275 petentibus,
1436 3212 1493 3263 et
1521 3209 1832 3279 quaerenti-

119 3288 254 3354 bus,
288 3292 345 3342 et
373 3289 751 3359 pulsantibus.
797 3292 913 3345 Hoc
942 3308 1087 3363 opus
1144 3295 1221 3349 sic
1252 3295 1455 3367 incipit
1485 3313 1498 3352 :
1531 3298 1834 3355 Sermonem

123 3392 289 3445 quem
316 3378 521 3434 locutus
551 3384 629 3436 est
656 3383 941 3436 Dominus.

797 3470 926 3524 CAP
935 3471 1019 3525 UT
1060 3472 1163 3526 XX.

502 3556 751 3610 Psalmus
780 3562 968 3611 contra
995 3564 1206 3627 partem
1231 3562 1451 3616 Donati.

198 3643 411 3697 Volens
441 3643 615 3698 etiam
646 3660 875 3700 causam
921 3647 1343 3702 Donatistarum
1388 3648 1460 3702 ad
1512 3647 1695 3719 ipsius
1721 3646 1833 3702 hu-

120 3730 359 3786 millimi
378 3731 533 3802 vulgi
558 3737 613 3787 et
632 3734 867 3788 omnino
891 3734 1290 3805 imperitorum
1311 3741 1481 3808 atque
1524 3736 1831 3791 idiotarum

120 3820 394 3875 notitiam
421 3822 737 3891 pervenire,
771 3829 826 3877 et
850 3840 1052 3878 eorum
1070 3829 1349 3896 quantum
1366 3826 1492 3880 ﬁeri
1519 3830 1712 3897 posset
1729 3842 1832 3897 per

124 3926 233 3963 nos
264 3908 551 3964 inhaerere
575 3911 892 3978 memoriae,
927 3914 1217 3967 Psalmum
1248 3913 1346 3985 qui
1377 3913 1455 3967 eis
1485 3917 1828 3981 cantaretur,

122 4010 231 4065 per
262 3994 471 4048 latinas
495 3995 716 4050 litteras
744 3996 852 4051 feci
885 4013 897 4051 :
933 3997 1029 4051 sed
1058 4014 1240 4069 usque
1273 3998 1343 4052 ad
1369 4000 1411 4052 V
1439 3998 1710 4054 litteram.
1733 4000 1833 4052 Ta-

122 4084 207 4136 les
236 4088 435 4137 autem
478 4083 842 4139 abecedarios
894 4086 1200 4156 appellant.
1255 4088 1391 4140 Tres
1437 4102 1570 4141 vero
1604 4086 1831 4141 ultimas

124 4170 298 4225 omisi
316 4187 330 4237 ;
348 4171 444 4225 sed
458 4188 561 4242 pro
586 4172 669 4226 eis
681 4173 1056 4228 novissimum
1074 4174 1235 4245 quasi
1256 4175 1547 4245 epilogum
1571 4175 1660 4246 adj
1670 4174 1823 4240 unxi,

122 4264 405 4330 tanquam
428 4277 525 4315 eos
553 4265 733 4315 mater
753 4262 1138 4333 alloqueretur
1164 4263 1422 4317 Ecclesia.
1446 4264 1830 4334 Hypopsalma

124 4348 300 4402 etiam
333 4348 489 4418 quod
519 4350 978 4420 responderetur,
1004 4354 1060 4405 et
1088 4351 1432 4421 prooemium
1455 4352 1828 4422 causae,quod

124 4437 504 4492 nihilominus
523 4443 864 4507 cantaretur,
889 4456 1001 4493 non
1015 4445 1148 4494 sunt
1167 4439 1227 4493 in
1252 4440 1451 4495 ordine
1474 4440 1788 4495 litterarum
1814 4456 1828 4495 :

123 4542 328 4580 earum
361 4526 576 4597 quippe
609 4527 746 4581 ordo
777 4527 976 4598 incipit
1004 4532 1134 4599 post
1160 4528 1531 4600 prommium.
1557 4529 1691 4584 Ideo
1723 4546 1831 4583 au—

125 4618 240 4668 tem
271 4630 392 4669 non
424 4616 617 4685 aliquo
647 4616 917 4670 carminis
946 4632 1157 4688 genere
1186 4618 1243 4672 id
1272 4617 1397 4673 ﬁeri
1426 4617 1603 4685 volui,
1636 4633 1706 4671 ne
1736 4633 1829 4672 me

121 4701 436 4756 necessitas
466 4702 701 4758 metrica
731 4703 801 4758 ad
831 4704 1022 4776 aliqua
1063 4705 1233 4760 verba
1264 4722 1392 4776 quae
1437 4707 1607 4777 vulgo
1637 4706 1828 4761 minus

120 4793 257 4843 sunt
282 4789 494 4845 usitata
546 4792 930 4863 compelleret.
988 4794 1103 4847 Iste
1145 4794 1404 4849 Psalmus
1453 4793 1532 4847 sic
1577 4794 1824 4866 incipit:

119 4877 317 4932 Omnes
350 4881 449 4947 qui
469 4880 720 4946 gaudetis
745 4881 810 4935 de
822 4897 979 4951 pace,
1007 4883 1160 4939 modo
1175 4900 1359 4939 verum
1363 4884 1611 4955 judicate
1634 4901 1649 4952 ;
1675 4884 1828 4956 quod

118 4966 244 5037 ejus
274 4966 656 5040 hypOpsalma
685 4971 787 5025 est.
1497 4970 1521 4996 ⁸

791 5059 1015 5115 CAPUT
1044 5060 1177 5116 XXI.

226 5141 434 5198 Contra
459 5145 765 5215 Epistulam
786 5149 989 5202 Donati
1017 5148 1270 5219 haeretici,
1304 5149 1438 5206 liber
1458 5165 1620 5206 unus.
1652 5179 1721 5191 —

783 5234 927 5309 [Non
954 5240 1177 5310 exstat]

193 5323 245 5374 l.
285 5318 522 5377 Librum
551 5322 728 5378 etiam
756 5329 953 5380 contra
984 5326 1292 5397 Epistolam
1320 5326 1545 5394 Donati,
1569 5326 1667 5397 qui
1696 5342 1826 5396 par-

113 5405 192 5460 tis
235 5408 445 5462 Donati
490 5412 771 5466 secundus
809 5417 941 5483 post
980 5414 1317 5485 Majorinum
1347 5415 1645 5486 episc0pus
1674 5412 1829 5483 apud

118 5493 540 5566 Carthaginem
595 5500 725 5566 fuit,
780 5502 981 5557 eodem
1024 5503 1364 5575 presbyterii
1412 5502 1525 5558 mei
1570 5506 1827 5572 tempore

115 5583 327 5656 scripsi
352 5602 365 5655 ;
399 5585 460 5641 in
491 5603 606 5658 qua
635 5587 876 5659 epistola
906 5590 1001 5644 ille
1033 5590 1169 5662 agit,
1208 5594 1273 5648 ut
1301 5606 1417 5647 non
1462 5590 1573 5646 nisi
1602 5590 1663 5647 in
1705 5590 1829 5663 ejus

485 5676 760 5745 PATROL.
812 5679 1063 5747 XXXII.

1632 341 1845 401 LIBER
1912 344 2194 403 PRIMUS.

3556 380 3657 431 618

1965 471 2366 527 communione
2395 474 2681 546 baptisma
2711 480 2916 537 Christi
2947 501 3066 540 esse
3093 489 3358 547 credatur
3387 510 3400 548 :
3435 497 3525 551 cui
3554 515 3658 555 nos

1962 560 2402 618 contradicimus
2432 564 2491 619 in
2515 566 2619 621 hoc
2657 568 2801 624 libro
2832 570 2870 627 ί.
2909 574 3033 628 Dixi
3066 576 3396 648 infquodam
3427 585 3549 640 loco
3588 592 3657 644 de

1963 651 2215 739 apostolo
2247 654 2430 717 Petro,
2466 657 2618 727 quod
2644 657 2703 711 in
2726 658 2821 713 illo
2846 666 3118 733 tanquam
3150 666 3208 721 in
3238 676 3397 739 petra
3424 674 3659 731 fundata

1961 738 2031 791 sit
2059 741 2332 809 Ecclesia;
2367 743 2465 814 qui
2497 761 2693 800 sensus
2725 749 2895 804 etiam
2923 758 3182 809 cantatur
3207 738 3304 813 ore
3343 763 3655 820 multorum

1958 824 2020 881 in
2052 830 2305 884 versibus
2328 832 2639 889 beatissimi
2666 839 2971 906 Ambrosii,
3015 844 3111 897 ubi
3144 846 3211 899 de
3242 850 3391 917 gallo
3424 853 3655 923 gallina-

1958 932 2056 970 ceo
2088 918 2167 972 ait
2196 936 2207 972 :
2238 922 2346 975 Hoc
2386 924 2510 991 ipsa
2555 930 2712 993 petra
2756 930 3004 984 Ecclesiae
3034 941 3269 1001 canente,
3317 918 3531 1007 culpvam
3563 943 3653 995 di-

1959 1007 2079 1060 luit.
2132 1008 2240 1062 Sed
2294 1010 2407 1065 scio
2454 1028 2545 1067 me
2594 1020 2790 1084 postea
2835 1021 3147 1090 szrpissime
3204 1025 3281 1078 sic
3328 1031 3654 1097 exposuisse

1957 1095 2109 1165 quod
2136 1112 2168 1149 a
2201 1098 2438 1153 Domino
2472 1100 2686 1155 dictum
2711 1109 2814 1170 est,
2853 1108 2929 1160 Tu
2952 1124 3003 1162 es
3024 1112 3232 1178 Petrus,
3257 1118 3307 1166 et
3334 1095 3496 1184 super
3519 1120 3654 1174 hanc

1952 1190 2169 1251 petram
2201 1186 2476 1255 aediﬁcabo
2518 1192 2807 1246 Ecclesium
2837 1210 3046 1264 meam;
3080 1202 3145 1251 ut
3174 1216 3344 1271 super
3381 1202 3533 1257 hunc
3566 1206 3652 1258 in-

1954 1272 2308 1341 telligeretur
2338 1292 2508 1345 quem
2542 1279 2831 1335 confessus
2862 1288 2944 1336 est
2988 1286 3214 1340 Petrum
3247 1289 3458 1359 dicens,
3496 1295 3573 1346 Tu
3602 1310 3653 1347 es

1955 1361 2201 1416 Christus
2238 1362 2388 1432 ﬁlius
2436 1368 2531 1419 Dei
2572 1369 2688 1422 vivi
2735 1371 2963 1439 (Matth.
3017 1390 3129 1443 xvx,
3188 1379 3270 1443 l8,
3324 1381 3401 1446 l6)
3439 1397 3451 1433 :
3485 1398 3545 1434 ac
3576 1382 3653 1435 sic

1953 1451 2149 1504 Petrus
2181 1452 2249 1505 ab
2275 1452 2377 1505 hac
2406 1459 2568 1523 petra
2612 1458 2927 1527 appellatus
2962 1478 3263 1529 personam
3302 1467 3555 1523 Ecclesiae
3587 1470 3651 1524 ῦ-

1952 1544 2202 1610 guraret,
2238 1558 2365 1612 qum
2398 1559 2568 1613 super
2596 1544 2740 1599 hanc
2755 1551 2967 1616 petram
2993 1550 3326 1620 aediﬁcatur,
3357 1560 3414 1608 et
3439 1559 3656 1627 accepit

1951 1630 2130 1683 claves
2163 1630 2326 1701 regni
2371 1632 2668 1687 caelorum.
2711 1636 2833 1689 Non
2871 1638 3024 1691 enim
3070 1639 3282 1695 dictum
3315 1648 3401 1697 est
3438 1644 3542 1713 illi,
3572 1649 3651 1701 Tu

1952 1733 2010 1771 es
2041 1723 2236 1788 petra;
2276 1720 2394 1779 sed,
2431 1723 2509 1774 Tu
2548 1736 2600 1775 es
2639 1724 2852 1779 Petrus.
2909 1727 3074 1779 Petra
3119 1733 3310 1783 autem
3341 1736 3460 1785 erat
3494 1734 3651 1788 Chri-

1951 1810 2099 1873 stus;
2132 1823 2300 1877 quem
2332 1802 2619 1863 confcssus
2648 1811 2866 1881 Simon,
2900 1814 3044 1867 sicut
3092 1832 3221 1870 eum
3263 1823 3380 1872 tota
3413 1821 3653 1877 Ecclesia

1950 1894 2275 1961 confitetur,
2309 1896 2489 1951 dictus
2546 1903 2629 1951 est
2660 1901 2876 1954 Petrus.
2914 1904 3126 1957 Harum
3180 1914 3369 1960 autem
3400 1908 3645 1965 duarum

1951 1983 2364 2039 sententiarum
2396 2002 2523 2057 qua:
2552 1986 2623 2040 sit
2648 1988 3019 2058 probabilior,
3053 1991 3227 2063 eligat
3256 1995 3451 2053 lector.

2019 2074 2072 2125 2.
2109 2072 2229 2126 Alio
2291 2073 2415 2128 loco
2482 2074 2619 2142 dixi,
2684 2078 2904 2132 Nullius
2948 2084 3168 2134 mortem
3224 2085 3361 2139 Deus
3413 2090 3647 2155 quaerit;

1949 2161 2099 2232 quod
2131 2160 2209 2214 sic
2242 2161 2655 2231 accipiendum,
2681 2165 2815 2235 quia
2840 2166 3014 2219 homo
3044 2167 3153 2222 sibi
3178 2172 3478 2241 acquisivit
3502 2192 3651 2230 mor-

1947 2253 2061 2303 tem
2101 2250 2365 2304 deserens
2398 2251 2601 2317 Deum,
2633 2257 2689 2306 et
2727 2254 2968 2324 acquirit
2997 2257 3096 2326 qui
3140 2274 3255 2312 non
3284 2262 3525 2316 recurrit
3581 2264 3650 2318 ad

1948 2339 2147 2401 Deum,
2179 2339 2492 2393 secundum
2520 2341 2674 2410 quod
2697 2342 2974 2412 scriptum
2992 2348 3106 2399 est:
3131 2348 3277 2402 Deus
3302 2354 3521 2405 mortem
3542 2368 3649 2406 non

1944 2428 2078 2493 fecit
2106 2426 2264 2495 (Sap.
2306 2426 2478 2497 1,13).
2526 2427 2633 2482 Sed
2666 2429 2832 2483 etiam
2876 2430 3021 2485 illud
3065 2449 3181 2487 non
3230 2436 3419 2491 minus
3450 2455 3649 2494 verum

1948 2519 2075 2569 est:
2118 2517 2246 2570 Vita
2292 2520 2341 2570 et
2388 2532 2529 2571 mors
2578 2533 2613 2571 a
2657 2521 2880 2574 Domino
2925 2524 3024 2575 Deo
3056 2527 3133 2577 est
3165 2527 3354 2592 (Eccli.
3415 2545 3488 2594 x1,
3524 2530 3644 2599 li):

1946 2603 2061 2657 vita
2091 2603 2301 2659 scilicet
2333 2622 2366 2659 a
2396 2606 2668 2675 donante,
2703 2625 2856 2663 mors
2882 2626 2915 2663 a
2940 2610 3287 2671 vindicante.

2018 2695 2069 2746 3.
2102 2694 2240 2747 Item
2284 2696 2438 2765 quod
2470 2696 2585 2750 dixi
2618 2698 2921 2765 Donatum,
2954 2700 3113 2770 cujus
3144 2702 3445 2771 epistolam
3475 2704 3644 2759 refel-

1943 2780 2155 2849 lebam,
2186 2798 2415 2853 rogasse
2445 2787 2509 2838 ut
2539 2786 2855 2854 Imperator
2883 2786 3034 2841 inter
3083 2788 3274 2858 ipsum
3310 2794 3367 2844 et
3396 2792 3647 2847 Czecilia-

1945 2886 2083 2924 num
2109 2872 2522 2926 transmarinos
2539 2873 2833 2943 episcopos
2839 2875 3061 2945 judices
3081 2875 3273 2943 daret;
3302 2893 3419 2930 non
3432 2877 3646 2947 ipsum,

1944 2958 2043 3013 sed
2071 2960 2251 3014 alium
2284 2961 2584 3027 Donatum,
2616 2963 2874 3033 ejusdem
2926 2968 3121 3018 tamen
3172 2964 3507 3035 schismatis,
3539 2967 3646 3021 hoc

1943 3047 2138 3102 fecisse
2167 3049 2520 3119 probabilius
2548 3050 2858 3106 invenitur.
2891 3053 2989 3105 Ille
3011 3055 3201 3108 autem
3223 3069 3341 3107 non
3368 3058 3489 3108 erat
3513 3055 3645 3109 Car-

1944 3136 2300 3206 tliaginensis
2335 3138 2755 3193 Donatistarum
2799 3139 3118 3212 episcopus,
3173 3142 3272 3197 sed
3300 3159 3333 3196 a
3363 3142 3644 3197 Casis-ni-

1944 3224 2081 3294 gris,
2115 3224 2215 3295 qui
2242 3230 2435 3280 tamen
2464 3226 2684 3296 primus
2714 3229 2867 3298 apud
2896 3228 3300 3300 Carthaginem
3329 3230 3518 3301 ipsum
3552 3249 3647 3286 ne-

1943 3313 2150 3367 farium
2168 3314 2412 3368 schisma
2442 3316 2759 3371 commissit
2785 3316 2881 3388 (a).
2912 3318 3021 3371 Nec
3048 3335 3180 3373 sane
3217 3321 3465 3374 Donatus
3512 3320 3646 3376 Car-

1942 3401 2300 3472 thaginensis
2353 3408 2414 3457 ut
2462 3403 2767 3459 Christiani
2818 3405 3310 3477 rebaptizarentur
3354 3408 3641 3476 instituit;

1944 3490 2097 3561 quod
2127 3506 2234 3560 ego
2275 3508 2407 3546 eum
2460 3491 2768 3548 instituisse
2817 3494 3196 3561 credideram,
3243 3495 3474 3566 quando
3516 3498 3639 3567 ejus

1943 3579 2199 3650 epistolae
2232 3581 2667 3650 respondebam.
2691 3583 2801 3635 Nec
2828 3582 2897 3637 de
2916 3582 3060 3636 libro
3089 3582 3456 3638 Ecclesiastici
3482 3582 3642 3656 ’ipse

1942 3668 2181 3722 abstulit
2208 3669 2277 3723 de
2302 3669 2491 3723 media
2521 3670 2803 3723 sententia
2834 3671 3007 3725 verba
3034 3673 3103 3725 ad
3149 3688 3269 3726 rem
3303 3674 3636 3741 necessaria,

1945 3756 2042 3811 ubi
2071 3772 2201 3810 cum
2232 3756 2505 3828 scriptum
2536 3757 2626 3819 sit,
2656 3758 2760 3824 Qui
2791 3758 3104 3828 baptizatur
3132 3776 3164 3814 a
3190 3766 3419 3828 mortuo,
3464 3766 3516 3817 et
3542 3764 3642 3817 ite-

1941 3861 2064 3900 rum
2091 3847 2267 3912 tangit
2296 3845 2470 3913 illum,
2504 3846 2640 3916 quid
2681 3849 2897 3916 proﬁcit
2926 3848 3128 3902 lavatio
3159 3849 3275 3918 ejus
3307 3849 3414 3914 (Id.
3452 3865 3640 3918 xxxiv,

1943 3935 2027 4001 30)
2051 3935 2081 3989 ?
2105 3933 2209 3987 iste
2238 3932 2317 3988 sic
2343 3933 2539 4005 posuit
2562 3938 2835 4006 tauquam
2864 3935 3139 4007 scriptum
3188 3940 3351 4006 esset,
3399 3938 3510 4004 Qui
3546 3940 3642 3994 ba-

1938 4034 2189 4101 ptizatur
2218 4048 2251 4085 a
2281 4036 2508 4099 mortuo,
2548 4032 2683 4101 quid
2719 4035 2936 4102 proﬁcit
2967 4034 3169 4088 lavatio
3198 4036 3311 4104 ejus
3335 4037 3362 4089 ?
3406 4036 3516 4090 Nos
3542 4052 3642 4092 au-

1940 4124 2058 4174 tem
2090 4124 2145 4174 et
2175 4123 2483 4191 antequam
2514 4125 2662 4174 esset
2690 4137 2822 4191 pars
2853 4121 3081 4190 Donati,
3133 4121 3213 4176 sic
3258 4122 3523 4179 habuisse
3553 4142 3644 4179 co-

1941 4208 2090 4263 dices
2121 4207 2415 4279 plurimos,
2449 4212 2848 4263 verumtamen
2903 4210 3076 4279 afros,
3126 4214 3188 4263 ut
3233 4227 3349 4265 non
3395 4216 3543 4266 esset
3584 4213 3643 4267 in

1940 4296 2148 4362 medio,
2174 4300 2224 4349 et
2248 4298 2443 4350 iterum
2471 4298 2649 4363 tangit
2678 4298 2853 4366 illum,
2886 4303 3085 4369 postea
3127 4297 3448 4353 didicimus.
3481 4300 3642 4363 Quod

1940 4384 1986 4437 si
2005 4388 2141 4438 tunc
2171 4383 2422 4450 scissem,
2453 4401 2573 4438 non
2602 4385 2662 4438 in
2698 4385 2870 4440 istum
2908 4390 3183 4457 tanquam
3227 4385 3289 4440 in
3328 4386 3516 4441 furem
3557 4390 3641 4444 di-

1937 4472 2055 4527 vini
2085 4472 2322 4543 eloquii,
2355 4473 2443 4527 vel
2463 4472 2799 4529 violatorem
2834 4478 2992 4529 tanta
3036 4474 3324 4531 dixissem.
3373 4475 3472 4531 Hic
3501 4477 3645 4535 liber

1939 4561 2017 4615 sic
2040 4560 2244 4631 incipit
2272 4576 2286 4617 :
2318 4561 2431 4617 Abs
2460 4565 2509 4616 te
2537 4563 2655 4632 ipso
2675 4569 2937 4633 praesente
2956 4563 3266 4620 audieram.

2574 4658 2800 4713 CAPUT
2834 4659 2993 4715 XXII.
3453 4720 3461 4728 ,

1966 4744 2166 4801 Contra
2202 4745 2561 4801 Adimantum
2603 4747 2893 4801 Manichaei
2912 4747 3262 4815 discipulum,
3293 4748 3429 4805 liber
3456 4767 3617 4808 unus.

2014 4834 2063 4890 l.
2100 4832 2311 4888 Eodem
2330 4838 2587 4903 tempore
2612 4835 2958 4890 veneruntin
2977 4852 3181 4891 manus
3201 4854 3359 4893 meas
3374 4842 3639 4912 quaedam

1939 4918 2351 4991 disputationes
2379 4922 2687 4990 Adimauti,
2737 4923 2837 4995 qui
2861 4924 3048 4979 fuerat
3076 4926 3369 4983 Manichaei
3401 4930 3644 5002 discipu-

2003 5034 2018 5067 ι
2054 5033 2155 5082 Cui
2176 5045 2268 5082 nos
2298 5033 2714 5084 contradicimus
2747 5036 2805 5085 in
2836 5032 2930 5085 hoc
2969 5035 3097 5087 libro
3122 5055 3135 5088 :
3175 5038 3231 5087 in
3261 5052 3366 5102 quo
3393 5040 3525 5092 dixi.
3557 5041 3641 5091 Sic

1938 5101 2220 5165 legendum
2252 5117 2370 5151 cum
2395 5103 2527 5151 Mss;
2546 5103 2749 5166 Anglic.
2774 5108 2824 5153 et
2853 5105 3054 5169 aliquot
3082 5122 3109 5157 e
3144 5101 3359 5159 nostris.

1999 5174 2020 5207 ²
2050 5174 2165 5223 Mss.
2201 5187 2321 5222 cum
2345 5173 2459 5222 Am.
2489 5177 2541 5222 et
2572 5175 2679 5233 Er.,
2712 5174 2776 5224 de
2804 5176 2940 5227 libro
2967 5176 3257 5241 sapientiae.

2002 5243 2079 5307 (a)
2111 5244 2232 5293 «Hic
2256 5244 2454 5293 scilicet
2499 5244 2563 5293 de
2595 5245 2841 5295 Numidia
2868 5246 3105 5306 veniens,
3132 5265 3157 5293 ››
3189 5250 3363 5312 inquit
3392 5250 3639 5313 Augusti-

1937 5326 2057 5371 nus,
2082 5330 2108 5359 «
2128 5318 2181 5363 et
2208 5318 2393 5363 contra
2422 5315 2759 5365 Caecilianum
2783 5318 3122 5367 christianum
3145 5320 3385 5369 dividens
3414 5321 3639 5383 plebem,

1941 5402 1965 5428 α
1988 5382 2048 5432 ad
2053 5383 2250 5445 junctis
2267 5384 2365 5433 sibi
2378 5384 2612 5448 ejusdem
2626 5384 2870 5435 factionis
2880 5388 3155 5450 episcopis,
3170 5382 3485 5450 Majorinum
3501 5391 3642 5453 apud

1942 5453 2354 5517 «Carthaginem
2375 5454 2641 5504 ordinavit
2672 5457 2995 5520 episcopum.
3020 5458 3113 5507 Cui
3137 5458 3394 5520 Majorino
3406 5460 3643 5509 Donatus

1944 5541 1971 5570 «
1991 5524 2126 5573 alius
2148 5526 2420 5585 successit,
2447 5525 2534 5588 qui
2554 5525 2853 5590 eloquentia
2872 5541 2967 5577 sua
2986 5526 3315 5577 conﬁrmavit
3328 5527 3467 5577 hanc
3481 5530 3645 5579 biero-

1942 5612 1968 5642 «
1988 5596 2104 5646 sim.
2136 5612 2162 5641 ››
2191 5595 2267 5646 Ex
2297 5596 2385 5647 lib.
2414 5596 2478 5647 de
2510 5598 2706 5660 Haeres,
2730 5598 2794 5647 ad
2831 5596 3278 5655 Quodvultdeum,
3309 5610 3422 5664 cap.
3454 5601 3532 5655 69.

2997 5680 3019 5759 (
3037 5675 3283 5764 Vingt.)
