4028 6174
435 320 539 375 619

428 441 540 504 lus,
573 453 716 512 quas
744 432 1077 506 conscripsit
1112 430 1383 487 adversus
1435 430 1643 500 Legem
1690 431 1748 482 et
1793 425 2126 497 Prophetas.

431 528 589 584 velut
625 522 909 589 contraria
950 521 1032 577 eis
1079 519 1406 591 evangelica
1460 522 1514 572 et
1554 515 1866 587 apostolica
1913 513 2134 584 Scripta

435 617 828 672 demonstrare
858 617 1112 666 conatus.
1150 608 1290 664 Huic
1315 622 1448 678 ergo
1487 604 1782 676 respondi,
1814 602 1985 659 verba
2014 603 2137 673 ejus

433 720 678 777 ponens,
708 701 904 772 eisque
951 697 1198 753 reddens
1235 693 1667 766 responsionem
1712 707 1922 747 meam.
1973 689 2135 754 Quod

436 809 581 865 opus
608 802 723 846 uno
754 787 1043 845 volumine
1064 783 1337 849 conclusi,
1362 787 1417 836 et
1436 782 1497 835 in
1518 798 1584 835 eo
1608 779 1950 851 quibusdam
1977 793 2135 847 qua:-

436 880 718 936 stionibus
748 893 865 931 non
896 874 1092 940 semel,
1146 873 1243 927 sed
1271 872 1484 926 iterum
1528 868 1818 939 respondi,
1864 865 2138 938 quoniam

434 968 591 1041 quod
615 966 871 1038 primum
901 961 1309 1035 responderam
1357 959 1625 1030 perierat,
1669 963 1723 1012 et
1764 962 1901 1011 tunc
1940 954 2136 1009 inven-

432 1061 558 1112 tum
587 1060 691 1123 est,
725 1070 856 1108 cum
877 1053 997 1123 jam
1027 1049 1240 1105 iterum
1259 1048 1697 1118 respondissem.
1739 1044 1973 1116 Aliquas
2003 1059 2137 1098 sane

434 1143 768 1200 earumdem
798 1139 1185 1213 quaestionum
1212 1136 1587 1209 popularibus
1610 1132 1999 1188 ecclesiasticis
2027 1147 2140 1187 ser-

429 1233 700 1290 monibus
726 1230 868 1285 solvi
901 1246 915 1285 :
957 1229 1143 1283 adhuc
1163 1227 1336 1281 etiam
1372 1225 1716 1296 quibusdam
1746 1238 1866 1277 non
1896 1236 2137 1291 respon-

435 1322 534 1390 di;
568 1320 777 1392 aliqute
832 1319 1257 1385 remanserunt,
1297 1329 1427 1386 quae
1467 1312 1636 1366 rebus
1667 1310 1792 1366 aliis
1821 1309 2004 1380 magis
2043 1324 2139 1362 ur-

434 1410 704 1483 gentibus
724 1404 1126 1479 prastermissas
1154 1406 1307 1470 sunt,
1327 1401 1557 1457 cumulo
1576 1415 1807 1472 quoque
1831 1396 2140 1453 oblivionis

437 1498 726 1570 adjuncto.

507 1586 658 1641 2..In
695 1584 805 1638 hoc
834 1598 973 1654 ergo
1005 1579 1123 1636 dixi
1151 1596 1164 1634 :
1194 1580 1365 1637 Certis
1406 1580 1548 1633 enim
1580 1576 1906 1647 quibusdam
1931 1575 2140 1629 umbris

434 1678 485 1729 et
512 1674 704 1744 ﬁguris
732 1686 913 1726 rerum
944 1674 1068 1724 ante
1095 1670 1313 1724 Domini
1332 1666 1645 1731 adventum,
1666 1664 1959 1720 secundum
1980 1664 2141 1717 mira-

437 1763 594 1817 bilem
622 1765 785 1830 atque
831 1758 1297 1814 ordinatissimam
1343 1755 1779 1810 distributionem
1821 1757 2137 1822 temporum,

430 1850 666 1921 populus
694 1849 788 1903 ille
817 1846 1097 1903 tenebatur
1145 1848 1244 1915 qui
1274 1847 1669 1899 Testamentum
1703 1844 1868 1898 Vetus
1895 1842 2100 1909 accepit
2124 1856 2137 1907 ;

434 1944 613 1994 tamen
630 1939 689 1992 in
712 1952 768 1991 eo
793 1940 949 1991 tanta
964 1934 1287 2005 praedicatio
1306 1938 1357 1988 et
1372 1932 1769 2002 praenuntiatio
1786 1930 1927 1987 Novi
1951 1930 2133 1982 Testa-

433 2027 601 2081 menti
627 2028 723 2093 est,
764 2028 827 2079 ut
866 2024 1021 2078 nulla
1073 2024 1133 2077 in
1169 2022 1477 2088 evangelica
1505 2023 1669 2089 atque
1707 2018 2005 2088 apostolica
2049 2015 2143 2069 do-

434 2116 614 2170 ctrina
634 2114 1008 2183 reperiantur,
1042 2110 1290 2179 quamvis
1321 2108 1501 2163 ardua
1525 2112 1576 2162 et
1591 2107 1785 2161 divina
1797 2108 2071 2174 praecepta
2092 2106 2142 2157 et

428 2201 725 2271 promissa,
762 2213 881 2266 quae
930 2199 1042 2252 illis
1071 2198 1237 2251 etiam
1262 2196 1443 2250 Libris
1471 2194 1740 2251 veteribus
1768 2193 1947 2247 desint
1982 2190 2136 2262 (Cap.

439 2291 492 2354 3,
527 2303 585 2343 η.
615 2289 691 2357 4).
722 2286 833 2341 Sed
861 2285 1190 2342 addendum
1220 2288 1361 2347 erat,
1393 2285 1567 2352 Pene,
1598 2287 1769 2354 atque
1810 2281 2136 2348 dicendum,

438 2376 511 2430 Ut
540 2389 689 2445 pene
717 2373 877 2429 nulla
903 2372 965 2427 in
996 2372 1323 2443 evangelica
1351 2376 1523 2444 atque
1553 2370 1863 2442 apostolica
1884 2369 2141 2426 doctrina

436 2462 820 2535 reperiantur,
852 2460 1111 2533 quamvis
1133 2461 1313 2516 ardua
1333 2464 1390 2516 et
1410 2460 1602 2517 divina
1627 2464 1917 2532 praecepta
1933 2464 1990 2515 et
2005 2475 2138 2530 pro-

436 2551 632 2621 missa,
659 2566 790 2623 quae
821 2549 936 2605 illis
969 2548 1143 2605 etiam
1200 2548 1381 2604 Libris
1437 2549 1724 2604 veteribus
1755 2548 1962 2603 desint.
1993 2546 2140 2611 Quid

438 2645 525 2696 est
552 2638 709 2695 enim
737 2638 891 2711 quod
911 2637 972 2692 in
992 2653 1255 2693 sermone
1284 2636 1610 2709 evangelico
1636 2637 1698 2691 in
1721 2641 1915 2691 monte
1947 2635 2140 2690 Domi-

435 2744 546 2785 nus
577 2727 732 2796 dicit,
762 2726 1017 2783 Audistis
1038 2728 1169 2796 quia
1188 2726 1390 2783 dictum
1414 2730 1493 2782 est
1513 2727 1754 2795 antiquis
1776 2726 1871 2780 hoc
1892 2741 1906 2793 ;
1933 2740 2025 2792 ego
2046 2740 2140 2779 au-

438 2823 541 2874 tem
569 2817 687 2872 dico
713 2816 864 2871 vobis
915 2814 1133 2887 (Matth.
1167 2832 1221 2882 v,
1253 2815 1339 2886 21)
1367 2832 1381 2883 ;
1433 2815 1481 2869 si
1539 2814 1686 2869 nihil
1736 2814 1859 2885 ipse
1890 2812 2139 2883 amplius

435 2906 710 2978 praecepit
755 2920 933 2977 quam
978 2907 1332 2975 praeceptum
1380 2903 1552 2959 estin
1581 2902 1693 2957 illis
1722 2901 2010 2957 veteribus
2050 2900 2140 2955 Li-

434 2994 557 3049 bris
576 2996 605 3049 ?
633 2993 849 3049 Deinde
877 3009 1123 3064 regnum
1152 2994 1426 3047 coslorum
1454 2992 1539 3047 illi
1567 2992 1782 3063 pOpulo
1812 2990 1984 3046 fuisse
2005 3006 2139 3061 pro-

436 3083 681 3138 missum
731 3098 847 3136 non
876 3081 1121 3153 legimus
1148 3081 1210 3136 in
1239 3081 1307 3135 iis
1338 3094 1466 3152 quae
1498 3080 1778 3152 promissa
1826 3084 1961 3134 sunt
1993 3080 2138 3149 Lege

437 3171 571 3226 data
617 3185 722 3241 per
774 3171 1006 3240 Moysen
1057 3169 1121 3223 in
1177 3174 1370 3224 monte
1422 3168 1556 3223 Sina
1604 3168 1798 3238 (Exod.
1840 3184 1954 3235 xxx,
2008 3166 2138 3237 3-6),

439 3259 594 3332 quod
620 3258 851 3330 proprie
871 3259 1039 3312 Vetus
1072 3257 1280 3312 dicitur
1307 3259 1734 3312 Testamentum
1761 3273 1773 3311 :
1808 3256 1966 3328 quod
1986 3272 2139 3326 prm-

439 3348 751 3419 tlguratum
769 3345 904 3402 dicit
926 3345 1231 3416 Apostolus
1259 3344 1657 3416 per'ancillam
1691 3344 1845 3399 Sane
1874 3348 1931 3398 et
1952 3343 2139 3398 ﬁlium

436 3436 559 3507 ejus
592 3452 606 3492 :
640 3436 739 3491 sed
764 3439 820 3490 et
842 3434 922 3489 ibi
950 3434 1262 3506 ﬁguratum
1282 3438 1369 3488 est
1396 3437 1453 3488 et
1472 3434 1693 3489 Novum
1722 3432 2020 3504 peripsam
2041 3433 2140 3487 Sa-

435 3540 562 3580 ram
617 3528 675 3579 et
723 3523 910 3579 ﬁlium
960 3522 1081 3594 ejus
1147 3521 1350 3595 (Galat.
1401 3538 1477 3590 1v,
1530 3522 1741 3591 22-31).
1794 3519 2036 3576 Proinde
2092 3520 2139 3575 si

439 3612 641 3685 ﬁgura:
652 3600 1050 3682 discutiantur,
1082 3610 1277 3667 omnia
1289 3611 1369 3665 ibi
1380 3610 1724 3682 prophetata
1747 3608 2137 3681 reperiuntur,

439 3718 570 3774 quas
597 3705 733 3756 sunt
772 3703 1137 3771 prmsentata,
1169 3700 1258 3756 vel
1306 3703 1703 3768 exspectantur
1731 3698 2141 3770 praesentanda

437 3804 542 3860 per
562 3788 870 3844 Christum.
898 3789 1306 3843 Verumtamen
1325 3791 1557 3858 propter
1567 3787 1831 3859 quasdam
1851 3803 2076 3858 praecep
2086 3791 2141 3841 ta

438 3892 555 3931 non
583 3876 849 3947 ﬁgurata,
878 3876 977 3931 sed
1004 3876 1258 3947 propria,
1301 3891 1433 3947 quas
1466 3893 1581 3930 non
1625 3875 1686 3929 in
1718 3878 1920 3931 Vetere
1947 3877 2137 3930 Testa-

440 3968 659 4031 mento,
692 3963 794 4019 sed
821 3963 883 4018 in
906 3964 1061 4018 Novo
1106 3962 1501 4030 inveniuntur,
1537 3964 1758 4018 cautius
1788 3967 1845 4019 et
1872 3964 2137 4019 modera-

437 4052 553 4108 tius
582 4052 886 4112 diceretur,
915 4054 1066 4106 Pene
1094 4052 1275 4120 nulla,
1309 4068 1483 4123 quam
1515 4052 1673 4106 nulla
1722 4052 1813 4106 hic
1843 4067 1965 4106 esse
2007 4068 2138 4123 quae

438 4155 554 4196 non
583 4139 698 4195 sint
726 4143 782 4195 et
808 4138 953 4195 illic:
987 4139 1245 4211 quamvis
1269 4138 1386 4209 illic
1412 4140 1528 4195 sint
1572 4140 1670 4195 illa
1694 4141 1807 4195 duo
1853 4144 2142 4212 praecepta

436 4229 508 4286 de
534 4227 836 4285 dilectione
866 4226 968 4283 Dei
997 4231 1055 4283 et
1080 4226 1347 4299 proximi,
1381 4243 1494 4300 quo
1517 4227 1829 4282 rectissime
1855 4227 2050 4282 omnia
2080 4233 2139 4283 et

436 4316 698 4390 legitima
723 4320 779 4372 et
804 4316 1145 4389 prophetica
1174 4320 1230 4372 et
1267 4316 1592 4388 evangelica
1617 4320 1672 4372 et
1710 4316 2021 4389 apostolica
2049 4333 2138 4371 re-

437 4405 725 4462 feruntur.

510 4497 561 4550 3.
594 4495 741 4549 Item
781 4493 937 4566 quod
984 4492 1119 4561 dixi,
1152 4493 1347 4549 Tribus
1375 4493 1548 4549 modis
1576 4496 1638 4548 in
1677 4494 1979 4565 Scripturis
2005 4509 2138 4550 san-

440 4584 541 4638 ctis
590 4583 830 4654 ﬁliorum
855 4597 1044 4638 nomen
1073 4584 1343 4652 accipitur
1395 4582 1555 4654 (Cap.
1602 4585 1654 4649 5,
1709 4598 1766 4637 η.
1822 4582 1893 4653 1),
1950 4584 2141 4640 minus

441 4670 795 4727 considerate
833 4671 1050 4726 dictum
1076 4674 1178 4726 est.
1214 4672 1281 4725 Et
1313 4669 1456 4724 alios
1486 4668 1643 4724 enim
1687 4671 1967 4741 quosdam
2008 4688 2131 4727 mo-

440 4758 543 4814 dos
571 4757 694 4813 sine
724 4758 897 4814 dubio
926 4758 1435 4831 praetermisimus;
1466 4757 1614 4814 sicut
1638 4757 1845 4813 dicitur
1870 4759 2023 4814 ﬁlius
2045 4776 2139 4831 ge-

439 4847 648 4903 hennae
705 4847 920 4918 (Matth.
950 4863 1110 4916 χχιιι,
1144 4848 1257 4919 15),
1311 4847 1399 4902 vel
1430 4846 1581 4902 ﬁlius
1609 4846 1924 4918 fadoptivus
1968 4847 2134 4919 (Rom.

439 4951 557 5003 vm,
594 4935 677 5002 14,
731 4937 814 5004 15)
837 4936 863 4988 ἐ
907 4950 1036 5004 quas
1089 4936 1289 5008 utique
1335 4951 1441 4991 nec
1486 4936 1801 4991 secundum
1847 4940 2134 5005 naturam,

439 5040 546 5081 nec
565 5023 880 5079 secundum
904 5022 1242 5092 doctrinam,
1281 5040 1386 5080 nec
1414 5025 1730 5081 secundum
1759 5024 2138 5080 imitationem

439 5114 725 5170 dicuntur.
758 5112 1014 5176 Quorum
1043 5112 1219 5167 trium
1248 5112 1554 5168 modorum
1592 5119 1862 5186 tanquam
1892 5114 2012 5168 sola
2027 5114 2140 5168 sint

439 5201 703 5274 exempla
729 5198 1120 5268 reddidimus;
1152 5202 1466 5257 secundum
1488 5207 1773 5271 naturam,
1794 5201 1939 5258 sicut
1956 5202 2138 5257 Judaei

379 5330 382 5334 λ
436 5291 541 5347 ﬁlii
587 5289 833 5346 Abrahae
882 5287 1057 5362 (Joan.
1091 5305 1208 5356 vm,
1256 5289 1344 5361 37)
1381 5307 1394 5346 :
1428 5291 1744 5347 secundum
1794 5289 2133 5360 doctrinam,

438 5381 584 5436 sicut
605 5380 755 5436 ﬁlios
783 5394 939 5450 suos,
980 5394 1125 5450 quos
1163 5379 1534 5451 Evangelium
1574 5380 1790 5452 docuit,
1830 5380 2137 5453 Apostolus

435 5466 598 5523 voc’at
644 5470 686 5540 (Ι
737 5470 886 5543 ϐοτη
916 5483 990 5536 1v,
1025 5468 1112 5540 14)
1148 5483 1161 5523 :
1203 5468 1516 5524 secundum
1544 5469 1950 5536 imitationem,
1992 5467 2139 5523 sicut

434 5555 541 5611 ﬁlii
568 5556 812 5615 Abrahte
862 5574 968 5615 nos
1005 5572 1228 5629 sumus,
1269 5555 1432 5629 cujus
1474 5556 1771 5617 imitamur
1801 5558 1978 5616 ﬁdem
2008 5558 2135 5630 (Ga-

2148 143 2177 165 δ

1568 301 2226 363 RFTBACTATIONUM
2281 302 2338 359 S.
2392 298 2810 358 AUGUSTINI.

2241 425 2340 480 lat.
2392 441 2465 490 xv,
2499 422 2612 493 28).
2642 421 2804 487 Quod
2835 423 3027 475 autem
3075 419 3195 475 dixi
3231 420 3390 492 (Cap.
3442 422 3522 487 12,
3569 436 3622 475 η.
3674 424 3855 493 5),Cm

2241 513 2484 568 induerit
2512 512 2969 581 incorruptionem
2989 513 3039 564 et
3065 510 3533 575 immortalitatem,
3545 508 3654 577 jam
3669 524 3857 568 nontam
3964 560 3965 571 ς

2242 607 2293 656 et
2317 602 2540 670 sanguis
2561 602 2662 655 erit
2693 601 2733 670 (Ι
2764 600 2881 655 Cor.
2916 614 3008 666 xv,
3033 597 3155 667 54);
3180 597 3489 652 secundum
3511 600 3858 668 corruptionem

2243 691 2533 746 carnalem
2563 689 2778 743 dictum
2806 691 2894 742 est
2918 702 3147 741 carnem
3168 702 3286 740 non
3313 686 3565 751 futuram,
3596 701 3698 740 non
3720 703 3861 743 secun.

2244 782 2383 836 dum
2435 777 2836 842 substantiam,
2892 776 3207 830 secundum
3259 791 3430 846 quam
3476 774 3681 828 Domini
3710 792 3862 847 corpus

2245 871 2417 924 etiam
2457 874 2590 938 post
2633 865 3111 922 resurrectionem
3156 881 3288 919 caro
3332 863 3601 934 appellata
3642 869 3715 919 est
3756 868 3863 935 (Luc,

2244 975 2393 1028 xxxv,
2435 958 2542 1027 39).

2314 1049 2365 1101 4.
2400 1046 2526 1100 Alio
2569 1045 2695 1099 loco
2735 1044 2893 1115 (Cap.
2928 1042 3047 1113 26),
3092 1044 3215 1099 Nisi
3266 1043 3509 1111 quisque,
3553 1044 3765 1111 inquam,
3800 1059 3863 1098 vo-

2245 1136 2506 1190 luntatem
2534 1135 2846 1201 mutaverit,
2881 1132 3076 1186 bonum
3109 1132 3330 1200 operari
3358 1145 3462 1183 non
3482 1132 3663 1199 potest,
3692 1129 3805 1198 quod
3826 1132 3864 1184 in

2243 1228 2431 1278 nostra
2470 1226 2736 1293 potestate
2776 1235 2886 1275 esse
2912 1222 3153 1289 positum
3203 1220 3314 1273 alio
3348 1219 3456 1272 loco
3484 1217 3639 1283 docet,
3667 1218 3747 1270 ubi
3778 1219 3865 1271 ait:

2250 1334 2272 1363 ι
2298 1314 2415 1368 Aut
2435 1314 2601 1379 facite
2630 1312 2875 1366 arborem
2891 1311 3102 1377 bonam,
3128 1314 3177 1364 et
3194 1311 3440 1376 fructum
3464 1308 3572 1377 ejus
3591 1307 3755 1362 bonum
3774 1313 3865 1373 ;aul

2243 1403 2413 1469 facite
2440 1402 2686 1456 arborem
2711 1400 2935 1469 malam,
2967 1403 3019 1452 et
3035 1401 3279 1465 fructum
3309 1398 3425 1467 ejus
3451 1397 3640 1450 malum
3657 1414 3682 1447 ιο
3699 1396 3864 1466 (Matth.

2245 1505 2343 1555 xu,
2378 1489 2490 1559 33).
2530 1488 2693 1553 Quod
2727 1503 2846 1542 non
2867 1491 2953 1542 est
2972 1496 3168 1540 contra
3196 1484 3439 1557 gratiam
3474 1484 3569 1539 Dei
3595 1499 3745 1555 quam
3767 1499 3867 1554 pra.

2245 1579 2521 1634 dicamus.
2558 1578 2623 1632 In
2651 1578 2932 1649 potestate
2974 1575 3188 1647 quippe
3234 1574 3485 1628 hominis
3514 1578 3593 1627 est
3628 1572 3868 1627 mutarein

2246 1666 2453 1722 melius
2480 1667 2837 1721 voluntatem
2862 1682 2875 1732 ;
2909 1664 3004 1719 sed
3030 1680 3096 1719 ea
3124 1668 3378 1734 potestas
3391 1662 3632 1717 nullaest
3647 1661 3868 1715 nisiaDeo

2248 1756 2435 1821 detur,
2469 1754 2538 1809 de
2571 1770 2684 1825 quo
2713 1753 2931 1809 dictum
2961 1756 3046 1807 est
3076 1769 3089 1806 :
3121 1752 3285 1807 Dedit
3329 1754 3402 1806 eis
3449 1754 3737 1821 potestatem
3772 1751 3868 1818 filios

2245 1845 2343 1898 Dei
2369 1845 2491 1912 ﬁeri
2536 1840 2715 1913 (Joan.
2750 1859 2790 1908 1,
2853 1840 2970 1911 12).
3033 1840 3177 1895 Cum
3230 1838 3387 1893 enim
3431 1840 3535 1894 hoc
3586 1837 3651 1892 sit
3678 1837 3729 1890 in
3754 1841 3869 1907 pote-

2246 1934 2391 1986 state
2421 1930 2596 2002 quod,
2628 1946 2760 1985 cum
2780 1930 3067 1992 volumus,
3098 1927 3361 1994 facimus,
3392 1926 3533 1982 nihil
3555 1927 3731 1980 tamin
3753 1929 3865 1995 pote-

2248 2024 2389 2075 state
2421 2036 2595 2091 quam
2647 2018 2772 2091 ipsa
2797 2018 3058 2073 voluntas
3076 2020 3211 2085 jest;
3242 2017 3339 2071 sed
3368 2020 3702 2087 prmparatur
3726 2013 3870 2067 volun-

2250 2113 2335 2164 tas
2363 2112 2397 2163 ὸ.
2417 2107 2682 2162 Domino.
2716 2108 2792 2162 Eo
2821 2106 2993 2161 modo
3026 2121 3161 2176 ergo
3189 2106 3289 2160 dat
3316 2107 3687 2176 postestatem.
3716 2102 3785 2156 Sic
3803 2100 3868 2161 iu-

2246 2196 2624 2268 telligendum
2642 2200 2728 2250 est
2754 2199 2810 2249 et
2837 2195 2993 2265 quod
3022 2194 3137 2249 dixi
3155 2198 3381 2264 postea,
3399 2196 3462 2248 In
3479 2196 3651 2248 nostra
3672 2192 3867 2260 potestate

2248 2301 2378 2353 esse,
2408 2290 2469 2340 ut
2494 2286 2577 2339 vel
2594 2287 2760 2339 inseri
2785 2284 3020 2338 bonitate
3048 2285 3167 2349 Dei,
3197 2284 3281 2337 vel
3302 2282 3483 2337 excidi
3517 2281 3626 2350 ejus
3654 2280 3867 2335 severitate

2247 2389 2550 2429 mereamur
2572 2392 2589 2439 ;
2615 2372 2751 2443 quia
2773 2372 2834 2426 in
2860 2375 3138 2443 potestate
3167 2376 3366 2425 nostra
3394 2386 3511 2424 non
3532 2372 3628 2435 est,
3652 2367 3744 2422 nisi
3763 2365 3868 2437 quod

2248 2467 2504 2518 nostram
2530 2462 2787 2533 sequitur
2820 2462 3203 2516 voluntatem:
3230 2475 3360 2531 quae
3390 2474 3519 2512 cum
3561 2455 3706 2513 fortis
3742 2458 3868 2524 etpo-

2247 2555 2374 2606 tens
2419 2554 2774 2621 praeparatur
2823 2566 2856 2602 ε.
2902 2548 3166 2614 Domino,
3218 2547 3383 2602 facile
3425 2547 3490 2601 tit
3524 2561 3654 2616 opus
3679 2539 3863 2614 pietatis,

2249 2639 2423 2695 etiam
2443 2638 2595 2709 quod
2626 2636 2857 2692 difﬁcile
2887 2641 3058 2708 atque
3096 2634 3455 2706 impossibile
3501 2634 3620 2687 fuit.
3652 2632 3734 2686 llic
3771 2628 3869 2685 liber

2249 2727 2327 2782 sic
2350 2727 2553 2797 incipit
2578 2744 2591 2781 :
2616 2731 2691 2782 De
2714 2742 2771 2781 eo
2796 2726 2940 2796 quod
2964 2727 3231 2795 scriptum
3259 2728 3355 2793 est,
3383 2742 3412 2777 ι(
3441 2725 3501 2778 In
3513 2723 3760 2793 principio
3779 2718 3869 2785 fecit

2254 2821 2387 2873 Deus
2417 2817 2601 2872 cadum
2630 2820 2681 2871 et
2714 2820 2934 2870 terram.
2964 2833 2993 2866 »

2878 2904 3103 2959 CAPUT
3134 2903 3324 2958 XXIII.

2354 2994 2638 3063 Expositio
2668 2992 3031 3062 quarumdam
3052 2992 3486 3061 propositionum
3504 3005 3569 3044 ea:
3594 2986 3800 3057 Epistola

2766 3083 3017 3152 Apostoli
3048 3081 3123 3135 ad
3148 3084 3438 3137 Romanos.

2323 3176 2372 3226 1.
2402 3172 2544 3226 Cum
2572 3170 2867 3243 presbyter
2912 3171 3098 3225 adhuc
3144 3185 3353 3233 essem,
3403 3166 3627 3237 contigit
3666 3167 3722 3219 ut
3758 3158 3865 3232 apud

2251 3255 2654 3330 Carthaginem
2683 3259 2836 3314 inter
2861 3274 2968 3313 nos
2999 3257 3099 3329 qui
3122 3256 3299 3313 simul
3342 3272 3583 3321 eramus,
3627 3251 3689 3308 ad
3726 3252 3868 3306 Roma-

2249 3366 2355 3404 nos
2384 3348 2640 3419 Apostoli
2670 3348 2920 3418 Epistola
2957 3347 3265 3417 legeretur,
3315 3350 3371 3401 et
3398 3345 3646 3418 quaedam
3686 3340 3868 3394 interm-

2250 3438 2426 3509 gabar
2454 3454 2486 3491 a
2511 3435 2821 3491 fratribus:
2863 3434 3072 3507 quibus
3118 3451 3274 3503 cum,
3333 3434 3476 3488 sicut
3526 3435 3770 3505 poteram,
3805 3439 3865 3477 re

2249 3525 2610 3596 sponderem,
2675 3523 2980 3579 voluerunt
3026 3522 3196 3577 scribi
3247 3523 3441 3593 potius
3494 3536 3615 3592 qua:
3659 3514 3867 3574 dicebam.

2249 3629 2425 3684 quam
2454 3613 2573 3667 sine
2604 3610 2807 3666 litteris
2833 3610 3020 3666 fundi.
3054 3611 3159 3667 Ubi
3184 3627 3322 3666 cum
3352 3610 3433 3665 eis
3474 3610 3868 3678 obtemperaremy

2250 3701 2393 3756 liber
2418 3716 2565 3755 unus
2584 3700 2821 3754 accessit
2840 3699 3228 3771 superioribus
3250 3698 3539 3771 opusculis
3562 3695 3703 3751 meis.
3728 3693 3779 3746 In
3792 3700 3869 3758 quo

2247 3790 2394 3847 libro
2427 3806 2441 3844 :
2476 3789 2633 3856 Quod
2660 3794 2837 3844 autem
2857 3792 2956 3856 ait,
2985 3790 3228 3857 inquam,
3266 3807 3301 3839 ι(
3331 3789 3535 3844 Scimus
3563 3785 3681 3854 quia
3704 3784 3774 3836 lea:
3791 3776 3870 3845 SPi‘
3964 3776 3965 3851 Ῐ

2247 3879 2469 3933 ritualis
2498 3883 2607 3943 est;
2658 3894 2752 3947 ego
2801 3882 2981 3932 autem
3010 3878 3249 3933 carnalis
3302 3892 3461 3944 sum;
3505 3895 3531 3927 »
3559 3875 3682 3929 satis
3703 3862 3870 3923 ostendit
3964 3896 3965 3937 ;

2246 3984 2353 4023 non
2366 3969 2753 4038 posseimpleri
2768 3969 2978 4036 Legem,
3002 3968 3113 4022 nisi
3132 3983 3166 4021 a
3185 3965 3589 4036 spiritualibus,
3609 3958 3762 4030 quales
3775 3952 3871 4021 Ῐαδέί

2246 4058 2433 4124 gratia
2460 4058 2573 4112 Dei.
2604 4055 2768 4120 Quod
2797 4054 2997 4126 utique
3028 4070 3143 4109 non
3177 4070 3245 4109 ex
3272 4069 3521 4125 persona
3561 4042 3782 4120 Apostoli
3808 4052 3870 4126 ἃς*

2247 4144 2360 4215 cipi
2387 4143 2565 4209 volui,
2606 4143 2705 4215 qui
2723 4143 2847 4213 jam
2876 4125 3192 4214 spiritualis
3219 4148 3385 4209 erat;
3431 4140 3526 4196 sed
3552 4132 3769 4193 hominis
3788 4125 3871 4195 sub

2249 4233 2400 4304 Lege
2426 4230 2624 4303 positi,
2655 4231 2915 4286 nondum
2945 4232 3050 4285 sub
3076 4231 3276 4301 gratia.
3334 4231 3423 4286 Sic
3451 4229 3597 4285 enim
3629 4223 3765 4296 prius
3784 4218 3870 4272 hec
3964 4280 3965 4299 χ

2246 4321 2421 4376 verba
2444 4319 2768 4391 sapiebam;
2800 4335 2928 4390 qua:
2958 4324 3153 4390 postea
3179 4319 3342 4374 lectis
3362 4316 3683 4391 quibusdam
3710 4305 3871 4364 divino-

2246 4424 2378 4464 rum
2415 4406 2815 4463 tractatoribus
2862 4406 3245 4478 eloquiorum,
3270 4422 3517 4479 quorum
3555 4419 3640 4459 me
3680 4392 3872 4479 moveret

2247 4484 2573 4565 auctoritas,
2622 4476 2993 4551 consideravi
3022 4476 3357 4568 diligentius
3400 4498 3456 4551 et
3490 4492 3602 4549 vidi
3630 4487 3788 4544 etiam
3823 4478 3872 4533 de

2245 4584 2369 4657 ipso
2396 4584 2664 4655 Apostolo
2705 4599 2873 4654 posse
2915 4583 3162 4656 intelligi
3209 4585 3367 4656 quod
3415 4584 3508 4649 ait,
3553 4581 3739 4636 Scimus
3774 4581 3873 4657 qui):

2244 4677 2397 4729 niam
2427 4677 2534 4729 Lesc
2561 4674 2871 4742 spiritualis
2894 4680 3004 4740 est;
3028 4652 3131 4741 ego
3151 4652 3332 4729 autem
3360 4672 3590 4729 carnalis
3608 4679 3738 4723 sum:
3760 4652 3871 4742 quod
3964 4652 3965 4742 ξ

2246 4762 2309 4816 in
2346 4762 2427 4817 eis
2464 4761 2625 4816 libris
2677 4777 2821 4832 quos
2865 4767 3064 4816 contra
3120 4762 3456 4833 Pelagianos
3497 4771 3668 4828 nuper
3704 4741 3871 4835 scripsi.

2245 4854 2525 4922 quantum
2553 4849 2717 4922 potui
2748 4849 3056 4921 diligenter
3077 4851 3318 4906 ostendi.
3353 4852 3418 4905 In
3436 4850 3541 4904 isto
3571 4858 3693 4914 ergo
3711 4833 3872 4922 libi-oet
3964 4854 3965 4861 η

2244 4920 2353 4993 hoc
2395 4920 2582 5010 quod‘
2601 4938 2816 4993 dictum
2862 4920 2966 5006 est,
3015 4941 3129 5006 Ego
3182 4944 3361 4993 autem
3412 4935 3639 4993 carnalis
3670 4939 3798 4988 Sum;
3834 4920 3873 4970 εί

2244 5009 2451 5082 deinde
2483 5030 2690 5081 caetera
2718 5042 2903 5098 usque
2932 5026 3006 5081 ad
3038 5041 3172 5081 eum
3229 5027 3435 5089 locum,
3486 5021 3582 5078 ubi
3607 5016 3726 5074 dicit
3747 5009 3873 5098 illis”:

2244 5131 2337 5183 990
2362 5117 2535 5181 hama,
2582 5117 2705 5184 quis
2732 5090 2828 5170 me.
2854 5115 3106 5170 liberabit
3152 5115 3219 5170 de
3245 5128 3465 5185 corpore
3494 5110 3666 5165 mortis
3705 5090 3872 5168 hujus‘?

2246 5205 2439 5260 Gratia
2490 5206 2588 5258 Dei
2635 5219 2734 5273 per
2798 5205 2977 5258 Jesum
3041 5204 3317 5267 Christum
3366 5202 3637 5257 Dominum
3684 5190 3871 5273 ηαςτῖωζλ

2246 5292 2415 5364 (Rom.
2448 5308 2546 5360 vn,
2574 5265 2810 5363 14:25):
2850 5291 2969 5348 dixi
2994 5265 3291 5347 hominem
3340 5287 3575 5358 describi
3613 5279 3769 5337 adhuc
3792 5265 3869 5323 δαὶ)

2245 5381 2411 5453 Lege,
2442 5380 2703 5436 nondum
2749 5380 2855 5436 sub
2902 5380 3084 5452 gratia
3129 5379 3515 5441 constitutum,
3558 5374 3688 5427 bene
3728 5364 3869 5453 ζειεςτθ

2242 5470 2547 5540 volentem,
2580 5470 2681 5526 sed
2724 5469 2938 5525 victum
2985 5466 3441 5539 concupiscentia
3468 5459 3639 5518 carnis
3662 5452 3785 5510 male
3806 5445 3866 5540 ta-

2242 5557 2487 5615 cientem
2533 5532 2722 5629 (Prop.
2757 5558 2969 5630 41-46).
3019 5560 3068 5614 Α
3098 5532 3261 5630 cuius
3310 5542 3750 5624 concupiscentiae
3795 5532 3868 5587 d0-

3780 307 3853 361 Μ
3964 276 3965 297 γ
