4028 6174
85 351 190 405 621

88 472 321 529 minatu
358 486 476 526 non
521 470 746 539 liberat,
774 469 886 527 nisi
923 469 1110 544 gratia
1138 470 1240 528 Dei
1267 487 1372 544 per
1397 473 1589 529 Jesum
1630 473 1795 530 Chri-

88 566 249 617 stum
299 561 609 617 Dominum
656 564 934 631 nostrum,
979 562 1128 617 dono
1175 561 1418 633 Spiritus
1463 563 1661 630 sancti,
1696 579 1798 635 per

89 668 270 723 quem
299 651 502 707 diffusa
530 651 775 706 charitas
798 651 859 705 in
880 650 1149 706 cordibus
1175 652 1380 706 nostris
1405 651 1581 707 vincit
1607 652 1796 707 carnis

84 741 602 813 concupiscentias,
630 757 703 796 ne
732 739 1156 796 consentiamus
1187 741 1269 796 eis
1306 741 1379 797 ad
1408 742 1557 796 male
1586 741 1796 796 facien-

83 831 268 897 dum;
325 830 423 885 sed
471 830 661 901 potius
691 830 844 885 bona
888 830 1182 885 faciamus.
1217 830 1378 886 Unde
1406 830 1641 902 quidem
1678 830 1798 900 jam

82 918 377 975 evertitur
419 920 655 975 haeresis
698 918 1023 991 Pelagiana,
1074 936 1204 991 qua:
1242 920 1379 986 vult,
1411 934 1532 973 non
1586 935 1653 972 ex
1684 919 1797 972 Deo

81 1007 283 1075 nobis,
323 1008 421 1063 sed
452 1025 519 1063 ex
559 1008 725 1063 nobis
764 1024 883 1062 esse
925 1008 1259 1063 charitatem
1302 1024 1415 1080 qua
1442 1007 1586 1062 bene
1611 1023 1675 1061 ac
1704 1005 1797 1077 pie

78 1095 362 1151 vivimus.
381 1096 492 1152 Sed
518 1096 581 1151 in
602 1096 715 1152 illis
732 1096 893 1152 libris
913 1113 1056 1167 quos
1076 1097 1347 1151 adversus
1373 1111 1469 1151 eos
1491 1094 1797 1160 edidimus,

78 1183 265 1239 etiam
283 1185 596 1256 spiritualis
624 1184 871 1240 hominis
892 1186 1129 1257 jamque
1154 1185 1257 1239 sub
1286 1184 1471 1256 gratia
1490 1181 1796 1238 constituti

82 1274 307 1329 melius
334 1274 585 1346 intelligi
610 1275 782 1330 verba
809 1275 918 1330 ista
938 1274 1397 1339 monstravimus,
1420 1276 1655 1345 propter
1684 1287 1801 1325 car-

84 1363 181 1418 nis
213 1379 448 1434 corpus,
481 1368 635 1437 quod
658 1364 951 1436 spirituale
976 1364 1235 1419 nondum
1266 1367 1370 1431 est,
1404 1362 1511 1418 erit
1529 1365 1721 1417 autem
1742 1359 1803 1414 in

80 1454 521 1509 resurrectione
551 1458 940 1521 mortuorum;
980 1457 1037 1507 et
1075 1457 1312 1524 propter
1362 1451 1548 1522 ipsam
1611 1449 1799 1505 carnis

85 1541 651 1613 concupiscentiam,
681 1559 809 1598 cum
840 1559 953 1614 qua
980 1542 1060 1596 ita
1087 1541 1405 1612 conﬂigunt
1433 1540 1632 1608 sancti,
1684 1556 1803 1594 non

87 1632 147 1687 ei
180 1632 613 1687 consentientes
641 1632 710 1687 ad
762 1632 1001 1693 malum,
1040 1634 1105 1685 ut
1140 1633 1331 1685 tamen
1361 1630 1485 1701 ejus
1530 1628 1802 1696 motibus,

88 1715 314 1788 quibus
358 1715 811 1787 repugnantibus
853 1715 1144 1776 resistunt,
1184 1731 1299 1769 non
1329 1716 1559 1768 careant
1603 1712 1664 1766 in
1701 1712 1808 1766 hac

87 1803 243 1860 vita:
279 1821 401 1859 non
431 1821 526 1860 eos
552 1808 743 1859 autem
772 1803 1067 1858 habebunt
1093 1803 1153 1857 in
1180 1803 1301 1872 illa,
1346 1802 1444 1856 ubi
1472 1800 1806 1857 absorbebi-

88 1898 195 1947 tur
226 1905 388 1945 mors
418 1889 478 1944 in
508 1887 820 1943 victoriam.
853 1890 1091 1958 Propter
1127 1887 1274 1941 hanc
1314 1885 1507 1957 itaque
1538 1883 1805 1955 concupi-

89 1979 384 2035 scentiam
424 1985 724 2048 motusque
756 1975 925 2047 ipsos,
956 1974 1163 2047 quibus
1192 1974 1271 2029 ita
1310 1973 1610 2040 resistitur,
1638 1977 1702 2027 ut
1722 1976 1804 2027 ta-

92 2086 239 2125 men
282 2067 401 2122 sint
440 2066 499 2121 in
546 2065 728 2132 nobis,
770 2067 956 2135 potest
997 2063 1242 2135 quisque
1292 2067 1518 2118 sanctus
1550 2062 1678 2134 jam
1699 2062 1804 2117 sub

95 2157 295 2230 gratia
339 2155 557 2228 positus
602 2154 789 2209 dicere
834 2152 942 2207 ista
986 2152 1200 2220 omnia,
1235 2168 1363 2223 quae
1412 2151 1505 2206 hic
1534 2166 1655 2206 esse
1685 2150 1803 2205 dixi

93 2249 280 2304 verba
304 2245 555 2303 hominis
571 2245 831 2300 nondum
853 2243 957 2299 sub
981 2243 1163 2315 gratia
1180 2241 1369 2315 positi,
1395 2242 1493 2297 sed
1513 2242 1618 2297 sub
1639 2242 1802 2311 Lege.

94 2338 271 2403 Quod
301 2336 397 2391 hic
433 2335 727 2391 ostendere
758 2335 997 2405 longum
1028 2335 1228 2403 est,jet
1261 2332 1370 2387 hoc
1397 2330 1497 2386 ubi
1543 2330 1808 2386 ostende-

97 2428 220 2482 rim
248 2426 467 2481 dictum
498 2428 581 2479 est
608 2423 761 2493 (Cap.
795 2423 868 2494 6).

172 2519 236 2570 2.
271 2516 416 2569 Item
468 2513 765 2583 disputans
795 2510 933 2582 quid
981 2507 1216 2580 elegerit
1259 2508 1407 2562 Deus
1444 2506 1505 2560 in
1548 2504 1810 2560 nondum

98 2607 269 2670 nato,
312 2602 404 2657 cui
428 2601 573 2657 dixit
619 2599 964 2655 serviturum
994 2614 1115 2653 esse
1146 2596 1452 2668 majorem;
1483 2598 1542 2650 et
1570 2594 1708 2666 quid
1752 2592 1814 2647 in

100 2693 317 2748 eodem
338 2678 564 2761 majore
594 2688 859 2744 similiter
877 2686 1137 2741 nondum
1161 2690 1292 2739 nato
1315 2681 1721 2755 reprobaverit,
1744 2680 1813 2734 de

101 2781 326 2855 quibus
378 2784 618 2850 propter
639 2778 750 2832 hoc
789 2779 1290 2842 commemoratur,
1333 2773 1593 2845 quamvis
1639 2771 1808 2840 longe

102 2874 317 2943 postea
346 2869 631 2939 prolatum
654 2864 1054 2938 propheticum
1086 2862 1504 2930 testimonium,
1526 2859 1701 2915 Jacob
1732 2858 1815 2912 di-

103 2961 245 3027 lexi,
282 2960 435 3013 Esau
470 2961 649 3011 autem
695 2956 817 3010 odio
870 2954 1038 3008 habui
1057 2953 1233 3024 (Rom.
1294 2968 1371 3020 1x,
1424 2949 1545 3021 l3):
1596 2948 1666 3003 ad
1709 2946 1818 3001 hoc

103 3045 359 3119 perduxi
403 3042 923 3111 ratiocinationem,
953 3043 1015 3094 ut
1044 3038 1323 3093 dicerem:
1359 3039 1480 3094 Non
1508 3050 1633 3103 ergo
1662 3034 1820 3101 elegit

106 3139 256 3191 Deus
287 3148 452 3203 opera
480 3132 802 3201 cujusquam
846 3132 903 3183 in
925 3129 1291 3199 praescientia,
1342 3140 1461 3196 quae
1504 3125 1621 3193 ipse
1663 3122 1819 3176 datu-

105 3239 210 3278 rus
240 3228 356 3288 est;
384 3221 478 3277 sed
499 3221 657 3289 ﬁdem
686 3221 842 3286 elegit
863 3221 922 3273 in
946 3217 1308 3287 praescientia,
1331 3219 1393 3268 ut
1420 3228 1576 3282 quem
1596 3211 1702 3266 sibi
1718 3225 1821 3265 cre-

106 3313 367 3367 diturum
414 3324 524 3364 esse
563 3309 859 3380 praesciuit,
917 3308 1097 3375 ipsum
1152 3305 1370 3373 elegerit
1413 3303 1502 3356 cui
1547 3301 1817 3369 Spiritum

106 3405 367 3457 sanctum
394 3398 570 3467 daret,
597 3402 658 3452 ut
685 3397 822 3451 bona
847 3393 1116 3465 operando
1148 3395 1312 3448 etiam
1341 3393 1513 3446 vitam
1557 3394 1813 3445 aeternam

110 3492 531 3557 consequeretur
560 3487 738 3557 (Prop.
784 3484 901 3556 60).
932 3482 1200 3538 Nondum
1231 3479 1563 3552 diligentius
1606 3476 1821 3551 quaesi—

112 3594 339 3644 veram,
372 3592 478 3632 nec
522 3575 706 3630 adhuc
744 3573 1074 3628 inveneram
1122 3570 1305 3641 qualis
1352 3569 1425 3623 sit
1467 3566 1660 3621 elcctio
1692 3581 1821 3637 gra-

113 3668 255 3733 tiae;
288 3664 359 3720 d‘e
389 3682 503 3737 qua
522 3664 676 3719 idem
698 3661 834 3718 dicit
866 3659 1190 3731 Apostolus,
1222 3659 1481 3727 Reliquiae
1492 3671 1590 3726 per
1618 3655 1822 3709 electio-

117 3771 244 3811 nem
296 3755 491 3821 gratiae
544 3752 706 3806 salva:
724 3752 885 3818 facta
915 3752 1040 3803 sunt
1064 3747 1234 3818 (Rom.
1278 3761 1355 3814 x1,
1383 3746 1463 3815 5):
1519 3758 1650 3814 quae
1702 3739 1815 3795 uti-

116 3859 236 3916 que
267 3858 388 3897 non
428 3844 514 3896 est
537 3839 719 3911 gratia
753 3838 801 3892 si
839 3855 966 3893 eam
993 3836 1197 3891 merita
1227 3835 1342 3889 ulla
1371 3832 1718 3905 praecedant,
1753 3846 1824 3885 ne

111 3935 241 4004 jam
273 3929 429 4003 quod
458 3930 645 3993 datur,
686 3944 804 3982 non
834 3926 1144 3981 secundum
1177 3923 1442 3995 gratiam,
1474 3921 1573 3976 sed
1621 3934 1826 3974 secun-

117 4022 265 4077 dum
298 4018 562 4074 debitum
589 4017 864 4072 reddatur
882 4014 1072 4087 potius
1098 4012 1317 4067 meritis
1347 4026 1521 4083 quam
1559 4009 1823 4063 donetur.

120 4108 376 4165 Proinde
405 4107 558 4179 quod
579 4104 850 4161 continuo
884 4102 1019 4171 dixi,
1039 4104 1178 4157 Dicit
1206 4102 1347 4155 enim
1370 4099 1515 4153 idem
1535 4096 1827 4168 apostolus,

128 4218 152 4246 ι
188 4195 338 4250 idem
367 4197 506 4248 Deus
535 4194 633 4262 qui
677 4193 933 4261 operatur
961 4190 1141 4243 omnia
1179 4188 1240 4241 in
1269 4185 1513 4240 omnibus
1545 4203 1573 4235 ››
1608 4184 1654 4253 (I
1696 4183 1820 4238 Cor.

123 4301 225 4351 xu,
251 4287 302 4352 6)
326 4300 343 4349 ;
375 4295 662 4349 musquam
678 4284 856 4334 autem
877 4278 1080 4332 dictum
1103 4279 1201 4335 est,
1228 4277 1365 4329 Deus
1387 4272 1557 4328 credit
1575 4271 1757 4325 omnia
1774 4271 1833 4323 in

125 4373 411 4429 omnibus:
445 4385 511 4424 ac
529 4368 732 4430 deinde
756 4365 1041 4437 subjunxi,
1074 4363 1227 4431 Quod
1254 4378 1379 4431 ergo
1421 4359 1711 4425 credimus,
1736 4373 1833 4411 no-

126 4467 307 4517 strum
336 4464 445 4533 est;
480 4457 623 4528 quod
668 4460 847 4510 autem
878 4454 1071 4509 bonum
1100 4465 1405 4521 operamur,
1447 4448 1597 4502 illius
1630 4450 1709 4501 est
1738 4446 1835 4515 qui

126 4548 470 4605 credentibus
516 4546 612 4601 dat
654 4546 927 4614 Spiritum
968 4544 1215 4597 sanctum
1268 4540 1454 4607 (Prop.
1507 4534 1596 4606 61)
1640 4534 1832 4606 profe-

131 4643 220 4693 cto
252 4653 377 4692 non
403 4636 672 4700 dicerem,
717 4632 764 4686 si
802 4633 925 4703 jam
971 4630 1176 4684 scirem
1220 4626 1394 4681 etiam
1443 4624 1626 4696 ipsam
1661 4622 1837 4677 ﬁdem

133 4728 284 4781 inter
318 4724 421 4780 Dei
451 4738 689 4777 munera
715 4718 985 4792 reperiri;
1018 4733 1148 4788 quae
1170 4716 1380 4771 dantur
1402 4714 1462 4768 in
1484 4713 1685 4768 eodem
1711 4711 1837 4782 Spi-

134 4816 272 4869 ritu.
319 4814 637 4882 Utrumque
668 4825 803 4880 ergo
834 4811 1094 4862 nostrum
1123 4807 1206 4858 est
1242 4806 1477 4874 propter
1536 4799 1837 4856 arbitrium

137 4900 470 4968 voluntatis,
498 4903 554 4953 et
591 4902 900 4967 utrumque
929 4899 1125 4949 tamen
1170 4892 1368 4947 datum
1406 4894 1491 4944 est
1529 4904 1633 4961 per
1659 4886 1837 4959 Spiri-

136 4997 256 5047 tum
283 4988 426 5045 ﬁdci
455 4991 511 5041 et
539 4984 853 5040 charitatis.
884 4985 1078 5053 Neque
1104 4980 1257 5035 enim
1287 4979 1408 5033 sola
1446 4977 1715 5046 charitas,
1741 4975 1840 5031 sed

136 5080 282 5134 sicut
309 5075 594 5146 scriptum
622 5077 725 5141 est,
759 5073 1013 5129 Charitas
1059 5084 1179 5125 cum
1223 5067 1330 5137 fide
1374 5082 1410 5121 α
1445 5069 1550 5121 Deo
1604 5067 1766 5121 Patre
1791 5065 1843 5117 et

138 5170 362 5223 Domino
388 5169 569 5219 nostro
587 5163 725 5217 Jesu
747 5159 960 5217 Christo
987 5159 1202 5228 (Ephes.
1232 5173 1306 5222 v1,
1341 5156 1450 5223 23).

207 5259 259 5311 3.
310 5255 381 5309 Et
409 5251 564 5324 quod
608 5250 780 5321 paulo
824 5251 954 5319 post
981 5245 1118 5313 dixi,
1148 5246 1405 5303 Nostrum
1434 5245 1513 5296 est
1558 5241 1699 5295 enim
1729 5255 1843 5294 cre-

139 5346 262 5401 dere
288 5348 342 5399 et
371 5341 522 5408 velle,
553 5340 704 5394 illius
733 5341 914 5392 autem
943 5336 1075 5390 dare
1100 5332 1437 5389 credentibus
1467 5335 1518 5385 et
1545 5328 1843 5385 volentibus

137 5435 464 5503 facultatem
504 5428 631 5482 bene
677 5424 942 5497 operandi
974 5438 1077 5494 per
1115 5422 1386 5491 Spiritum
1432 5422 1700 5487 sanctum,
1743 5432 1845 5488 per

140 5538 299 5593 quem
326 5519 575 5576 charitas
594 5514 933 5585 diffunditur
950 5515 1010 5568 in
1033 5510 1284 5567 cordibus
1306 5509 1507 5564 nostris
1526 5509 1706 5576 (Prop.
1730 5507 1842 5573 61),

141 5624 345 5665 verum
376 5608 464 5663 est
509 5601 766 5674 quidem.
798 5600 898 5656 sed
942 5598 1141 5654 eadem
1176 5596 1400 5668 regula,
1448 5597 1506 5650 et
1533 5596 1841 5664 utrumque

1555 350 1770 409 LIBER
1840 350 2133 410 PRIMUS.

3501 362 3605 416 622

1904 474 2086 545 ipsius
2108 480 2210 545 est,
2263 477 2398 549 quia
2425 493 2548 549 ipse
2575 483 2859 551 praeparat
2888 479 3267 548 voluntatem;
3297 484 3353 536 et
3380 486 3605 537 utrum-

1907 579 2019 635 que
2048 570 2327 633 nostrum,
2360 568 2496 639 quia
2532 584 2651 623 non
2692 568 2758 624 iit
2785 568 2896 623 nisi
2933 568 3255 625 volentibus
3306 568 3490 625 nobis.
3524 572 3603 625 Ac

1906 668 2013 723 per
2038 654 2144 709 hoc
2165 657 2315 727 quod
2347 656 2519 712 etiam
2544 661 2740 729 postea
2768 657 2904 726 dixi,
2938 659 3080 725 Quia
3116 674 3285 727 neque
3329 660 3463 714 velte
3485 674 3610 729 pos-

1905 753 2090 798 sumus
2110 746 2220 799 nisi
2238 759 2491 814 .vocemur
2512 761 2525 812 ;
2550 750 2599 800 et
2618 761 2736 800 cum
2751 749 2875 815 post
2888 745 3227 815 :vocationem
3254 746 3605 813 voluerimus,

1906 847 2014 887 non
2043 831 2250 902 su/Iicit
2277 832 2532 889 voluntas
2559 837 2748 888 nostra
2773 838 2824 887 et
2851 849 3040 889 cursus
3070 839 3269 903 noster,
3317 835 3428 889 nisi
3470 837 3609 889 Deus

1909 925 1960 975 et
1988 922 2131 975 vires
2160 922 2499 977 currentibus
2526 922 2783 991 prebeat,
2808 927 2858 977 et
2876 923 3145 993 perducat
3177 938 3279 991 quo
3322 927 3512 989 vocat;
3545 937 3611 976 ac

1909 1008 2112 1064 deinde
2144 1009 2434 1079 subjunxi,
2467 1011 2824 1078 Manifestum
2849 1016 2924 1065 est
2954 1025 3096 1079 ergo,
3131 1026 3237 1064 non
3264 1011 3491 1065 volentis
3515 1024 3609 1063 ne-

1909 1112 2012 1167 que
2047 1100 2336 1164 currentis,
2380 1098 2474 1153 sed
2518 1100 2821 1153 miserantis
2864 1101 2963 1153 Dei
3007 1114 3117 1153 esse
3167 1098 3337 1170 (Rom.
3382 1115 3455 1165 ix,
3494 1101 3600 1165 l6),

1911 1186 2056 1256 quod
2085 1187 2211 1241 bene
2226 1186 2800 1256 operamurmmnino
2830 1187 3186 1241 verissimum
3213 1190 3316 1241 est.
3366 1186 3475 1242 Sed
3504 1201 3605 1256 pa-

1910 1293 2041 1332 rum
2087 1276 2156 1331 de
2195 1275 2321 1347 ipsa
2365 1276 2661 1331 vocatione
2693 1275 2955 1341 disserui,
3010 1292 3140 1346 qua:
3185 1274 3248 1329 ﬁt
3298 1275 3611 1330 secundum

1909 1362 2269 1434 propositum
2300 1363 2430 1417 Dei:
2461 1380 2579 1418 non
2610 1363 2764 1418 enim
2795 1364 3053 1417 omnium
3080 1362 3194 1434 lqui
3222 1367 3495 1418 vocantur
3522 1366 3608 1417 ta-

1910 1452 1979 1505 lis
2004 1456 2105 1519 est,
2147 1451 2247 1506 scd
2272 1456 2498 1506 tantum
2527 1453 2853 1507 electorum.
2891 1452 3086 1522 Itaque
3109 1451 3261 1521 quod
3284 1451 3456 1522 paulo
3484 1452 3613 1520 post

1912 1539 2047 1606 dixi,
2078 1541 2232 1597 Sicut
2259 1543 2401 1595 enim
2445 1543 2503 1595 in
2543 1542 2614 1595 iis
2645 1554 2776 1609 quos
2808 1541 2959 1606 eligit
2988 1541 3146 1605 Deus,
3178 1553 3287 1592 non
3325 1551 3488 1606 opera
3515 1535 3612 1591 sed

1909 1630 2042 1699 ﬁdes
2088 1630 2305 1685 inchoat
2330 1631 2600 1699 meritum,
2631 1634 2693 1684 ut
2728 1644 2830 1699 per
2867 1643 3060 1682 munus
3093 1628 3191 1681 Dei
3219 1626 3344 1680 bene
3391 1639 3611 1695 operen-

1914 1722 2036 1785 tur;
2059 1720 2136 1773 sic
2156 1720 2214 1772 in
2232 1720 2303 1773 iis
2320 1733 2453 1788 quos
2468 1718 2715 1785 damnat,
2737 1718 3033 1786 inﬁdelitas
3054 1719 3104 1770 et
3125 1716 3375 1784 impietas
3396 1714 3617 1768 inchoat

1906 1822 2078 1876 paenae
2118 1809 2391 1873 meritum,
2440 1810 2499 1860 ut
2527 1822 2625 1876 per
2667 1808 2845 1875 ipsam
2868 1820 3081 1875 pamam
3105 1806 3269 1858 etiam
3314 1803 3454 1857 male
3483 1816 3610 1872 ope-

1912 1899 2133 1962 rentur;
2190 1894 2483 1950 verissime
2550 1892 2697 1949 dixi:
2751 1893 2849 1948 sed
2922 1891 3059 1947 ﬁdei
3110 1890 3385 1945 meritum
3437 1889 3612 1943 etiam

1913 1983 2105 2055 ipsum
2134 2000 2253 2039 esse
2283 1983 2501 2039 donum
2530 1982 2653 2054 Dei,
2684 1998 2787 2037 nec
2814 1980 3007 2054 putavi
3032 1980 3411 2052 quaerendum
3459 1994 3601 2045 esse,

1914 2088 2021 2129 nec
2050 2072 2189 2128 dixi.

1985 2163 2040 2218 4.
2074 2163 2138 2216 Et
2166 2160 2276 2216 alio
2303 2161 2459 2215 loco:
2490 2160 2656 2230 Cujus
2680 2159 2820 2213 enim
2844 2158 3147 2223 miseretur,
3182 2154 3444 2226 inquam,
3475 2154 3616 2223 facit

1915 2265 2034 2306 eum
2064 2251 2190 2305 bene
2214 2252 2433 2319 operari
2455 2266 2468 2316 ;
2502 2253 2722 2317 etquem
2750 2247 2984 2302 obdurat
3000 2244 3195 2316 (lbid.,
3224 2242 3328 2314 l8),
3351 2244 3617 2312 relinquit

1916 2354 2036 2394 eum
2065 2344 2125 2393 ut
2156 2339 2297 2394 male
2324 2342 2589 2408 operetur.
2644 2336 2751 2392 Sed
2777 2339 2828 2390 et
2872 2335 2973 2390 illa
3019 2331 3395 2389 misericordia
3417 2344 3620 2402 praece-

1917 2428 2069 2484 denti
2100 2430 2287 2483 merito
2306 2427 2436 2497 ﬁdei
2457 2426 2755 2492 tribuitur;
2784 2428 2834 2479 et
2852 2426 2960 2479 ista
2980 2422 3268 2478 cbduratio
3293 2419 3624 2491 praecedenti

1918 2518 2190 2587 impietati
2226 2516 2411 2588 (Prop.
2458 2514 2567 2586 62).
2615 2513 2774 2579 Quod
2823 2510 3057 2585 quidem
3108 2525 3311 2565 verum
3362 2511 3478 2575 est;
3524 2506 3623 2562 sed

1919 2606 2107 2661 adhuc
2156 2602 2537 2676 quaerendum
2566 2606 2687 2657 erat
2732 2603 2930 2656 utrum
2972 2603 3030 2654 et
3059 2597 3332 2652 meritum
3378 2594 3516 2651 ﬁdei
3552 2594 3623 2650 de

1922 2692 2313 2749 misericordia
2362 2691 2466 2747 Dei
2496 2689 2749 2755 veniat‘,
2788 2688 2846 2743 id
2877 2690 2980 2754 est,
3027 2689 3226 2740 utrum
3252 2684 3362 2739 ista
3393 2681 3624 2737 miseri-

1922 2783 2118 2839 cordia
2140 2782 2269 2838 ideo
2300 2778 2702 2836 tantummodo
2734 2776 2834 2831 ﬁat
2861 2776 2925 2831 in
2962 2773 3219 2840 homine,
3255 2771 3391 2843 quia
3443 2768 3632 2825 ﬁdelis

1923 2875 2009 2927 est
2050 2887 2121 2926 an
2166 2870 2339 2925 etiam
2384 2868 2530 2923 facta
2575 2865 2749 2921 fuerit
2792 2868 2855 2919 ut
2902 2862 3087 2917 ﬁdelis
3128 2863 3295 2915 esset.
3360 2856 3629 2929 Legimus

1924 2959 2102 3030 enim,
2160 2958 2383 3013 dicente
2436 2955 2731 3027 Apostolo,
2817 2949 3248 3007 Misericordiam
3321 2949 3631 3001 consecutus

1923 3064 2062 3117 sum,
2094 3052 2155 3103 ut
2182 3047 2361 3119 fidelis
2416 3060 2580 3101 essem
2602 3044 2649 3116 (Ι
2682 3043 2799 3100 Cor.
2830 3058 2928 3111 vn,
2954 3039 3041 3110 25)
3066 3056 3079 3094 :
3107 3055 3223 3094 non
3263 3036 3360 3104 ait,
3393 3034 3537 3101 Quia
3560 3034 3629 3089 ﬁ-

1928 3138 2068 3196 delis
2115 3149 2289 3192 eram.
2334 3135 2512 3191 Fideli
2543 3150 2678 3206 ergo
2725 3132 2893 3187 datur
2930 3129 3186 3201 quidem,
3259 3126 3359 3182 sed
3399 3124 3529 3180 data
3550 3127 3636 3178 est

1927 3228 2102 3284 etiam
2131 3229 2195 3281 ut
2242 3228 2390 3280 esset
2419 3222 2622 3279 ﬁdelis.
2658 3219 2990 3276 Rectissime
3038 3217 3233 3287 itaque
3280 3213 3393 3269 alio
3417 3212 3542 3267 loco
3570 3209 3632 3265 in

1928 3317 2132 3373 eodem
2162 3312 2469 3385 libroﬁdixi,
2503 3312 2767 3383 Quoniam
2799 3310 2849 3364 si
2875 3323 2981 3362 non
3012 3322 3080 3360 ea:
3110 3303 3379 3374 operibus,
3411 3300 3505 3357 sed
3527 3302 3632 3354 mi-

1927 3405 2227 3464 sericordia
2274 3405 2365 3459 Dei
2397 3406 2448 3457 et
2488 3416 2743 3456 vocamur
2766 3402 2827 3453 ut
2865 3396 3167 3462 credamus,
3198 3397 3249 3448 et
3296 3389 3635 3446 credentibus

1921 3498 2223 3567 praestatur
2246 3497 2308 3548 ut
2333 3493 2459 3547 bene
2489 3503 2788 3560 operemur,
2818 3501 2925 3540 non
2957 3488 3035 3539 est
3064 3481 3309 3551 gentibus
3335 3481 3445 3534 ista
3486 3478 3632 3533 invi-

1930 3562 2109 3639 denda
2132 3579 2505 3637 misericordia
2535 3581 2714 3649 (Prop.
2750 3574 2833 3644 64)
2862 3589 2876 3627 :
2909 3569 3167 3644 quamvis
3202 3568 3390 3623 minus
3435 3564 3517 3620 ibi
3546 3562 3632 3618 di-

1930 3672 2177 3743 ligenter
2202 3671 2272 3725 de
2301 3670 2420 3735 illa,
2454 3682 2581 3739 quae
2602 3680 2706 3736 per
2729 3662 2827 3718 Dei
2849 3659 3208 3733 pr0positum
3224 3657 3309 3725 ﬁt,
3336 3652 3635 3743 vocatione

1931 3741 2315 3817 tractaverim.
2349 3756 2449 3812 Hic
2501 3753 2648 3809 liber
2686 3751 2764 3806 sic
2791 3749 3027 3822 incipit:
3079 3748 3277 3805 Sensus
3330 3743 3391 3799 hi
3420 3743 3546 3799 sunt
3578 3741 3637 3795 in

1932 3848 2183 3922 Epistola
2211 3847 2373 3904 Pauli
2397 3844 2471 3901 ad
2497 3847 2785 3901 Romanos.

2563 3929 2791 3987 CAPUT
2829 3926 3005 3984 XXIV.
3036 3932 3043 3937 ’

2124 4026 2409 4096 Εωροείιίο
2439 4023 2700 4094 Epistola
2732 4017 2806 4074 ad
2844 4018 3094 4086 Galatas,
3126 4014 3261 4071 liber
3283 4026 3444 4070 unus.

2012 4120 2059 4171 l.
2094 4118 2230 4170 Post
2261 4115 2415 4169 hunc
2444 4112 2661 4167 librum
2691 4106 2933 4179 exposui
2954 4104 3214 4177 ejusdem
3237 4099 3482 4175 apostoli
3509 4097 3640 4171 Epi-

1937 4206 2139 4260 stolam
2170 4203 2242 4258 ad
2272 4201 2517 4269 Galatas,
2546 4215 2662 4254 non
2691 4196 2953 4268 carptim,
2980 4193 3042 4248 id
3070 4196 3155 4248 est
3185 4191 3380 4262 aliqua
3400 4190 3638 4261 praeter-

1937 4294 2191 4360 mittens,
2224 4290 2322 4345 sed
2344 4288 2742 4344 continuanter
2768 4287 2824 4340 et
2851 4287 3053 4339 totam.
3080 4282 3233 4336 lianc
3263 4280 3456 4333 autem
3476 4289 3642 4345 expo-

1940 4382 2209 4436 sitionem
2253 4394 2366 4432 uno
2413 4375 2706 4432 volumine
2756 4368 3185 4445 comprehendi.
3238 4368 3303 4422 In
3335 4380 3450 4437 quo
3497 4359 3644 4418 illud

1942 4469 2094 4543 quod
2122 4468 2338 4523 dictum
2363 4468 2465 4532 est,
2496 4465 2709 4519 Priores
2735 4476 2859 4530 ergo
2888 4458 3119 4531 apostoli
3149 4468 3384 4522 veraces,
3419 4453 3516 4523 qui
3533 4465 3641 4506 non

1940 4559 2009 4615 ab
2050 4555 2375 4624 hominibus,
2417 4552 2512 4609 sed
2549 4567 2584 4606 a
2612 4555 2715 4608 Deo
2737 4566 2841 4621 per
2869 4549 3134 4604 hominem
3178 4544 3336 4598 missi
3361 4543 3507 4608 sunt,
3542 4553 3646 4610 per

1940 4649 2132 4703 Jesum
2162 4646 2436 4703 Christum
2464 4643 2668 4698 scilicet
2696 4640 2874 4696 adhuc
2917 4634 3216 4691 mortalem.
3265 4633 3448 4689 Verus:
3478 4631 3646 4686 etiam

1941 4738 2263 4791 novissimus
2284 4732 2576 4803 apostolus,
2601 4731 2698 4798 qui
2711 4744 2808 4798 per
2820 4728 3013 4781 Jesum
3033 4722 3308 4780 Christum
3344 4723 3513 4774 totum
3524 4717 3648 4789 jam

1946 4828 2111 4880 Deum
2136 4827 2263 4894 post
2287 4821 2730 4877 resurrectionem
2777 4816 2893 4885 ejus
2922 4815 3119 4869 missus
3152 4813 3232 4865 est
3278 4812 3514 4881 propter
3539 4807 3645 4863 im-

1948 4911 2362 4969 mortalitatem
2391 4909 2608 4963 dictum
2639 4908 2743 4971 est,
2776 4908 2943 4958 totum
2958 4902 3081 4973 jam
3107 4902 3296 4966 Deum,
3319 4913 3495 4969 quam
3524 4899 3651 4969 post

1944 4999 2423 5058 resurrectionem
2466 4994 2677 5050 habere
2718 4990 2923 5063 coepit;
2955 5005 3075 5045 non
3108 4991 3346 5060 propter
3381 4985 3651 5042 divinita-

1946 5096 2065 5147 tem
2094 5103 2319 5159 semper
2349 5082 2758 5148 immortalem,
2787 5097 2819 5135 a
2843 5095 2957 5152 quo
2980 5092 3281 5150 nunquam
3311 5073 3563 5141 recessit,
3585 5072 3647 5129 in

1948 5195 2064 5252 qua
2084 5181 2239 5233 totus
2279 5176 2428 5230 Deus
2468 5174 2610 5238 erat,
2643 5173 2699 5224 et
2741 5184 2873 5224 cum
2902 5166 3217 5223 moriturus
3265 5165 3448 5220 adhuc
3502 5164 3643 5217 erat.

1950 5248 2112 5324 lianc
2139 5268 2333 5320 autem
2364 5275 2596 5316 sensum
2623 5256 2920 5326 sequentia
2965 5255 3362 5318 manifestant;
3413 5248 3647 5320 adjunxi

1951 5357 2108 5413 enim
2157 5353 2376 5410 dicens:
2430 5350 2645 5407 Priores
2686 5350 2813 5403 sunt
2852 5347 3031 5403 caeteri
3066 5343 3318 5416 Apostoli
3336 5355 3439 5411 per
3461 5340 3649 5408 jJesum

1951 5447 2226 5504 Christum
2264 5441 2438 5496 adhuc
2464 5442 2542 5507 lea:
2572 5440 2734 5508 parte
2779 5437 3065 5500 hominem,
3082 5500 3087 5503 _
3107 5432 3171 5487 id
3214 5432 3292 5485 est
3330 5427 3608 5484 mortalem
3630 5445 3648 5482 :

2017 5537 2033 5571 ι
2070 5530 2389 5598 Apud_A.m-
2433 5524 2921 5598 ,ιεείωςέιενίιίιρηι
2966 5515 3658 5598 .ﬁdiéniiejcerﬁteeei‘

1950 5578 2452 5659 ρνωῦἕτῖᾶῖιιξλριιᾱ
2469 5578 2552 5640 FI'r.
2575 5592 2628 5640 et
2651 5589 2774 5640 Mss.
2791 5578 3018 5649 aliquot:
3039 5583 3287 5632 Meritum
3305 5578 3432 5638 ﬁdei
3449 5579 3657 5629 miserta

1961 5656 2148 5710 cordia
2174 5656 2272 5707 Dei
2293 5651 2608 5719 praeveniat.
