  <div class='ocr_page' id='page_1' title='image "/cluster/home/n/w/nwhite01/storage/ocr_20150623/32/hvd.32044096580550/331.png"; bbox 0 0 4028 6174; ppageno 0'>
   <div class='ocr_carea' id='block_1_1' title="bbox 447 333 550 384">
    <p class='ocr_par' dir='ltr' id='par_1_1' title="bbox 447 333 550 384">
     <span class='ocr_line' id='line_1_1' title="bbox 447 333 550 384; baseline 0 -1"><span class='ocrx_word' id='word_1_1' title='bbox 447 333 550 384; x_wconf 70' lang='lat'><strong><em>623</em></strong></span> 
     </span>
    </p>
   </div>
   <div class='ocr_carea' id='block_1_2' title="bbox 441 442 2134 515">
    <p class='ocr_par' dir='ltr' id='par_1_2' title="bbox 441 442 2134 515">
     <span class='ocr_line' id='line_1_2' title="bbox 441 442 2134 515; baseline -0.006 -11"><span class='ocrx_word' id='word_1_2' title='bbox 441 449 764 506; x_wconf 73' lang='lat' dir='ltr'><strong><em>novissimus</em></strong></span> <span class='ocrx_word' id='word_1_3' title='bbox 808 451 886 502; x_wconf 90' lang='lat' dir='ltr'><strong><em>est</em></strong></span> <span class='ocrx_word' id='word_1_4' title='bbox 930 445 1202 515; x_wconf 77' lang='lat' dir='ltr'><strong><em>apostolus</em></strong></span> <span class='ocrx_word' id='word_1_5' title='bbox 1241 443 1444 498; x_wconf 85' lang='lat' dir='ltr'><strong><em>Paulus</em></strong></span> <span class='ocrx_word' id='word_1_6' title='bbox 1486 458 1586 513; x_wconf 84' lang='lat' dir='ltr'><strong><em>per</em></strong></span> <span class='ocrx_word' id='word_1_7' title='bbox 1631 443 1810 497; x_wconf 83' lang='lat' dir='ltr'><strong><em>Jesum</em></strong></span> <span class='ocrx_word' id='word_1_8' title='bbox 1857 442 2134 498; x_wconf 79' lang='lat' dir='ltr'><strong><em>Christum</em></strong></span> 
     </span>
    </p>
   </div>
   <div class='ocr_carea' id='block_1_3' title="bbox 438 532 2140 608">
    <p class='ocr_par' dir='ltr' id='par_1_3' title="bbox 438 532 2140 608">
     <span class='ocr_line' id='line_1_3' title="bbox 438 532 2140 608; baseline -0.005 -16"><span class='ocrx_word' id='word_1_9' title='bbox 438 539 560 608; x_wconf 85' lang='lat' dir='ltr'><strong><em>jam</em></strong></span> <span class='ocrx_word' id='word_1_10' title='bbox 604 541 771 592; x_wconf 91' lang='lat' dir='ltr'><strong><em>totum</em></strong></span> <span class='ocrx_word' id='word_1_11' title='bbox 815 538 1001 602; x_wconf 90' lang='lat' dir='ltr'><strong><em>Deum,</em></strong></span> <span class='ocrx_word' id='word_1_12' title='bbox 1043 534 1104 587; x_wconf 91' lang='lat' dir='ltr'><strong><em>id</em></strong></span> <span class='ocrx_word' id='word_1_13' title='bbox 1149 540 1227 588; x_wconf 88' lang='lat' dir='ltr'><strong><em>est</em></strong></span> <span class='ocrx_word' id='word_1_14' title='bbox 1267 548 1335 586; x_wconf 74' lang='lat' dir='ltr'><strong><em>ea:</em></strong></span> <span class='ocrx_word' id='word_1_15' title='bbox 1393 533 1538 586; x_wconf 89' lang='lat' dir='ltr'><strong><em>omni</em></strong></span> <span class='ocrx_word' id='word_1_16' title='bbox 1583 535 1741 601; x_wconf 89' lang='lat' dir='ltr'><strong><em>parte</em></strong></span> <span class='ocrx_word' id='word_1_17' title='bbox 1783 532 2140 586; x_wconf 75' lang='lat' dir='ltr'><strong><em>immortalem</em></strong></span> 
     </span>
    </p>
   </div>
   <div class='ocr_carea' id='block_1_4' title="bbox 444 619 2138 698">
    <p class='ocr_par' dir='ltr' id='par_1_4' title="bbox 444 619 2138 698">
     <span class='ocr_line' id='line_1_4' title="bbox 444 619 2138 698; baseline -0.007 -14"><span class='ocrx_word' id='word_1_18' title='bbox 444 627 632 698; x_wconf 88' lang='lat' dir='ltr'><strong><em>(Num.</em></strong></span> <span class='ocrx_word' id='word_1_19' title='bbox 663 628 734 694; x_wconf 81' lang='lat'><strong><em>2).</em></strong></span> <span class='ocrx_word' id='word_1_20' title='bbox 763 626 877 679; x_wconf 87' lang='lat' dir='ltr'><strong><em>Hoc</em></strong></span> <span class='ocrx_word' id='word_1_21' title='bbox 909 623 1062 678; x_wconf 91' lang='lat' dir='ltr'><strong><em>enim</em></strong></span> <span class='ocrx_word' id='word_1_22' title='bbox 1091 622 1228 687; x_wconf 84' lang='lat' dir='ltr'>dixi,</span> <span class='ocrx_word' id='word_1_23' title='bbox 1290 637 1580 692; x_wconf 82' lang='lat' dir='ltr'><strong><em>exponens</em></strong></span> <span class='ocrx_word' id='word_1_24' title='bbox 1609 619 1760 689; x_wconf 85' lang='lat' dir='ltr'><strong><em>quod</em></strong></span> <span class='ocrx_word' id='word_1_25' title='bbox 1787 620 1864 672; x_wconf 91' lang='lat' dir='ltr'><strong><em>ait</em></strong></span> <span class='ocrx_word' id='word_1_26' title='bbox 1894 625 2138 688; x_wconf 86' lang='lat' dir='ltr'><strong><em>Aposto-</em></strong></span> 
     </span>
    </p>
   </div>
   <div class='ocr_carea' id='block_1_5' title="bbox 443 707 2142 781">
    <p class='ocr_par' dir='ltr' id='par_1_5' title="bbox 443 707 2142 781">
     <span class='ocr_line' id='line_1_5' title="bbox 443 707 2142 781; baseline -0.005 -12"><span class='ocrx_word' id='word_1_27' title='bbox 443 715 552 781; x_wconf 88' lang='lat' dir='ltr'><strong><em>lus,</em></strong></span> <span class='ocrx_word' id='word_1_28' title='bbox 583 715 700 771; x_wconf 87' lang='lat' dir='ltr'><strong><em>Non</em></strong></span> <span class='ocrx_word' id='word_1_29' title='bbox 728 714 794 767; x_wconf 92' lang='lat' dir='ltr'><strong><em>ab</em></strong></span> <span class='ocrx_word' id='word_1_30' title='bbox 826 713 1148 768; x_wconf 87' lang='lat' dir='ltr'><strong><em>hominibus.</em></strong></span> <span class='ocrx_word' id='word_1_31' title='bbox 1181 726 1351 776; x_wconf 90' lang='lat' dir='ltr'><strong><em>neque</em></strong></span> <span class='ocrx_word' id='word_1_32' title='bbox 1374 725 1474 777; x_wconf 86' lang='lat' dir='ltr'><strong><em>per</em></strong></span> <span class='ocrx_word' id='word_1_33' title='bbox 1503 709 1787 774; x_wconf 83' lang='lat' dir='ltr'><strong><em>hominem,</em></strong></span> <span class='ocrx_word' id='word_1_34' title='bbox 1819 707 1914 762; x_wconf 91' lang='lat' dir='ltr'><strong><em>sed</em></strong></span> <span class='ocrx_word' id='word_1_35' title='bbox 1941 723 2038 777; x_wconf 87' lang='lat' dir='ltr'><strong><em>per</em></strong></span> <span class='ocrx_word' id='word_1_36' title='bbox 2062 710 2142 762; x_wconf 87' lang='lat' dir='ltr'><strong><em>Je-</em></strong></span> 
     </span>
    </p>
   </div>
   <div class='ocr_carea' id='block_1_6' title="bbox 445 796 2143 866">
    <p class='ocr_par' dir='ltr' id='par_1_6' title="bbox 445 796 2143 866">
     <span class='ocr_line' id='line_1_6' title="bbox 445 796 2143 866; baseline -0.006 -8"><span class='ocrx_word' id='word_1_37' title='bbox 445 818 566 858; x_wconf 88' lang='lat' dir='ltr'><strong><em>sum</em></strong></span> <span class='ocrx_word' id='word_1_38' title='bbox 583 803 854 858; x_wconf 80' lang='lat' dir='ltr'><strong><em>Christum</em></strong></span> <span class='ocrx_word' id='word_1_39' title='bbox 867 805 917 854; x_wconf 88' lang='lat' dir='ltr'><strong><em>et</em></strong></span> <span class='ocrx_word' id='word_1_40' title='bbox 931 803 1091 854; x_wconf 90' lang='lat' dir='ltr'><strong><em>Deum</em></strong></span> <span class='ocrx_word' id='word_1_41' title='bbox 1107 801 1321 852; x_wconf 84' lang='lat' dir='ltr'><strong><em>Patrem</em></strong></span> <span class='ocrx_word' id='word_1_42' title='bbox 1345 813 1358 850; x_wconf 97' lang='lat'><strong><em>:</em></strong></span> <span class='ocrx_word' id='word_1_43' title='bbox 1387 796 1547 866; x_wconf 91' lang='lat' dir='ltr'><strong><em>quasi</em></strong></span> <span class='ocrx_word' id='word_1_44' title='bbox 1562 796 1685 865; x_wconf 86' lang='lat' dir='ltr'><strong><em>jam</em></strong></span> <span class='ocrx_word' id='word_1_45' title='bbox 1705 797 1865 849; x_wconf 87' lang='lat' dir='ltr'><strong><em>Jesus</em></strong></span> <span class='ocrx_word' id='word_1_46' title='bbox 1885 796 2143 849; x_wconf 83' lang='lat' dir='ltr'><strong><em>Christus</em></strong></span> 
     </span>
    </p>
   </div>
   <div class='ocr_carea' id='block_1_7' title="bbox 445 883 2144 956">
    <p class='ocr_par' dir='ltr' id='par_1_7' title="bbox 445 883 2144 956">
     <span class='ocr_line' id='line_1_7' title="bbox 445 883 2144 956; baseline -0.004 -12"><span class='ocrx_word' id='word_1_47' title='bbox 445 907 561 946; x_wconf 90' lang='lat' dir='ltr'><strong><em>non</em></strong></span> <span class='ocrx_word' id='word_1_48' title='bbox 593 890 663 943; x_wconf 88' lang='lat' dir='ltr'><strong><em>sit</em></strong></span> <span class='ocrx_word' id='word_1_49' title='bbox 717 891 906 942; x_wconf 91' lang='lat' dir='ltr'><strong><em>homo.</em></strong></span> <span class='ocrx_word' id='word_1_50' title='bbox 939 886 1206 956; x_wconf 78' lang='lat' dir='ltr'><strong><em>Sequitur</em></strong></span> <span class='ocrx_word' id='word_1_51' title='bbox 1247 885 1420 949; x_wconf 88' lang='lat' dir='ltr'><strong><em>enim,</em></strong></span> <span class='ocrx_word' id='word_1_52' title='bbox 1459 885 1566 948; x_wconf 89' lang='lat' dir='ltr'><strong><em>Qui</em></strong></span> <span class='ocrx_word' id='word_1_53' title='bbox 1595 886 1877 938; x_wconf 84' lang='lat' dir='ltr'><strong><em>suscitavit</em></strong></span> <span class='ocrx_word' id='word_1_54' title='bbox 1907 883 2062 938; x_wconf 80' lang='lat' dir='ltr'><strong><em>illum</em></strong></span> <span class='ocrx_word' id='word_1_55' title='bbox 2109 901 2144 937; x_wconf 89' lang='lat' dir='ltr'><strong><em>a</em></strong></span> 
     </span>
    </p>
   </div>
   <div class='ocr_carea' id='block_1_8' title="bbox 446 971 2141 1046">
    <p class='ocr_par' dir='ltr' id='par_1_8' title="bbox 446 971 2141 1046">
     <span class='ocr_line' id='line_1_8' title="bbox 446 971 2141 1046; baseline -0.005 -14"><span class='ocrx_word' id='word_1_56' title='bbox 446 980 674 1033; x_wconf 78' lang='lat' dir='ltr'><strong><em>mortuis</em></strong></span> <span class='ocrx_word' id='word_1_57' title='bbox 720 977 919 1046; x_wconf 88' lang='lat' dir='ltr'><strong><em>(Gatat.</em></strong></span> <span class='ocrx_word' id='word_1_58' title='bbox 952 992 986 1038; x_wconf 78' lang='grc' dir='ltr'><strong><em>ι,</em></strong></span> <span class='ocrx_word' id='word_1_59' title='bbox 1025 976 1103 1043; x_wconf 87' lang='lat' dir='ltr'><strong><em>l):</em></strong></span> <span class='ocrx_word' id='word_1_60' title='bbox 1153 979 1216 1027; x_wconf 92' lang='lat' dir='ltr'><strong><em>ut</em></strong></span> <span class='ocrx_word' id='word_1_61' title='bbox 1246 974 1378 1027; x_wconf 90' lang='lat' dir='ltr'><strong><em>hinc</em></strong></span> <span class='ocrx_word' id='word_1_62' title='bbox 1429 978 1730 1043; x_wconf 89' lang='lat' dir='ltr'><strong><em>appareret</em></strong></span> <span class='ocrx_word' id='word_1_63' title='bbox 1771 989 1872 1025; x_wconf 90' lang='lat' dir='ltr'><strong><em>cur</em></strong></span> <span class='ocrx_word' id='word_1_64' title='bbox 1914 971 2141 1036; x_wconf 80' lang='lat' dir='ltr'><strong><em>dixerit,</em></strong></span> 
     </span>
    </p>
   </div>
   <div class='ocr_carea' id='block_1_9' title="bbox 446 1061 2145 1134">
    <p class='ocr_par' dir='ltr' id='par_1_9' title="bbox 446 1061 2145 1134">
     <span class='ocr_line' id='line_1_9' title="bbox 446 1061 2145 1134; baseline -0.005 -12"><span class='ocrx_word' id='word_1_65' title='bbox 446 1068 629 1134; x_wconf 87' lang='lat' dir='ltr'><strong><em>Neque</em></strong></span> <span class='ocrx_word' id='word_1_66' title='bbox 651 1080 751 1134; x_wconf 86' lang='lat' dir='ltr'><strong><em>per</em></strong></span> <span class='ocrx_word' id='word_1_67' title='bbox 781 1066 1066 1118; x_wconf 81' lang='lat' dir='ltr'><strong><em>hominem.</em></strong></span> <span class='ocrx_word' id='word_1_68' title='bbox 1098 1063 1365 1130; x_wconf 83' lang='lat' dir='ltr'><strong><em>Proinde,</em></strong></span> <span class='ocrx_word' id='word_1_69' title='bbox 1395 1067 1625 1132; x_wconf 86' lang='lat' dir='ltr'><strong><em>propter</em></strong></span> <span class='ocrx_word' id='word_1_70' title='bbox 1652 1061 2145 1115; x_wconf 81' lang='lat' dir='ltr'><strong><em>immortalitatem</em></strong></span> 
     </span>
    </p>
   </div>
   <div class='ocr_carea' id='block_1_10' title="bbox 440 1150 2141 1225">
    <p class='ocr_par' dir='ltr' id='par_1_10' title="bbox 440 1150 2141 1225">
     <span class='ocr_line' id='line_1_10' title="bbox 440 1150 2141 1225; baseline -0.004 -17"><span class='ocrx_word' id='word_1_71' title='bbox 440 1155 562 1225; x_wconf 90' lang='lat' dir='ltr'><strong><em>jam</em></strong></span> <span class='ocrx_word' id='word_1_72' title='bbox 591 1169 742 1207; x_wconf 89' lang='lat' dir='ltr'><strong><em>nunc</em></strong></span> <span class='ocrx_word' id='word_1_73' title='bbox 768 1169 883 1206; x_wconf 89' lang='lat' dir='ltr'><strong><em>non</em></strong></span> <span class='ocrx_word' id='word_1_74' title='bbox 912 1152 1082 1205; x_wconf 90' lang='lat' dir='ltr'><strong><em>homo</em></strong></span> <span class='ocrx_word' id='word_1_75' title='bbox 1115 1151 1370 1206; x_wconf 85' lang='lat' dir='ltr'><strong><em>Christus</em></strong></span> <span class='ocrx_word' id='word_1_76' title='bbox 1406 1151 1584 1203; x_wconf 88' lang='lat' dir='ltr'><strong><em>Deus:</em></strong></span> <span class='ocrx_word' id='word_1_77' title='bbox 1611 1154 1846 1220; x_wconf 87' lang='lat' dir='ltr'><strong><em>propter</em></strong></span> <span class='ocrx_word' id='word_1_78' title='bbox 1877 1150 2141 1203; x_wconf 87' lang='lat' dir='ltr'><strong><em>substan-</em></strong></span> 
     </span>
    </p>
   </div>
   <div class='ocr_carea' id='block_1_11' title="bbox 447 1237 2140 1308">
    <p class='ocr_par' dir='ltr' id='par_1_11' title="bbox 447 1237 2140 1308">
     <span class='ocr_line' id='line_1_11' title="bbox 447 1237 2140 1308; baseline -0.004 -12"><span class='ocrx_word' id='word_1_79' title='bbox 447 1241 586 1296; x_wconf 90' lang='lat' dir='ltr'><strong><em>tiam</em></strong></span> <span class='ocrx_word' id='word_1_80' title='bbox 616 1258 749 1296; x_wconf 86' lang='lat' dir='ltr'><strong><em>vero</em></strong></span> <span class='ocrx_word' id='word_1_81' title='bbox 780 1245 1001 1294; x_wconf 60' lang='lat' dir='ltr'><strong><em>natura:</em></strong></span> <span class='ocrx_word' id='word_1_82' title='bbox 1022 1241 1313 1303; x_wconf 84' lang='lat' dir='ltr'><strong><em>humanae,</em></strong></span> <span class='ocrx_word' id='word_1_83' title='bbox 1338 1237 1396 1290; x_wconf 93' lang='lat' dir='ltr'><strong><em>in</em></strong></span> <span class='ocrx_word' id='word_1_84' title='bbox 1419 1253 1532 1308; x_wconf 90' lang='lat' dir='ltr'><strong><em>qua</em></strong></span> <span class='ocrx_word' id='word_1_85' title='bbox 1551 1237 1804 1290; x_wconf 85' lang='lat' dir='ltr'><strong><em>ascendit</em></strong></span> <span class='ocrx_word' id='word_1_86' title='bbox 1826 1237 1885 1290; x_wconf 90' lang='lat' dir='ltr'><strong><em>in</em></strong></span> <span class='ocrx_word' id='word_1_87' title='bbox 1915 1238 2140 1302; x_wconf 73' lang='lat' dir='ltr'><strong><em>coelum,</em></strong></span> 
     </span>
    </p>
   </div>
   <div class='ocr_carea' id='block_1_12' title="bbox 448 1325 2147 1385">
    <p class='ocr_par' dir='ltr' id='par_1_12' title="bbox 448 1325 2147 1385">
     <span class='ocr_line' id='line_1_12' title="bbox 448 1325 2147 1385; baseline -0.004 0"><span class='ocrx_word' id='word_1_88' title='bbox 448 1331 621 1385; x_wconf 89' lang='lat' dir='ltr'><strong><em>etiam</em></strong></span> <span class='ocrx_word' id='word_1_89' title='bbox 647 1345 798 1384; x_wconf 89' lang='lat' dir='ltr'><strong><em>nunc</em></strong></span> <span class='ocrx_word' id='word_1_90' title='bbox 827 1327 1108 1382; x_wconf 86' lang='lat' dir='ltr'><strong><em>mediator</em></strong></span> <span class='ocrx_word' id='word_1_91' title='bbox 1139 1327 1241 1380; x_wconf 91' lang='lat' dir='ltr'><strong><em>Dei</em></strong></span> <span class='ocrx_word' id='word_1_92' title='bbox 1271 1330 1326 1379; x_wconf 88' lang='lat' dir='ltr'><strong><em>et</em></strong></span> <span class='ocrx_word' id='word_1_93' title='bbox 1356 1325 1656 1379; x_wconf 86' lang='lat' dir='ltr'><strong><em>hominum</em></strong></span> <span class='ocrx_word' id='word_1_94' title='bbox 1689 1326 1861 1379; x_wconf 89' lang='lat' dir='ltr'><strong><em>homo</em></strong></span> <span class='ocrx_word' id='word_1_95' title='bbox 1892 1325 2147 1379; x_wconf 87' lang='lat' dir='ltr'><strong><em>Christus</em></strong></span> 
     </span>
    </p>
   </div>
   <div class='ocr_carea' id='block_1_13' title="bbox 447 1413 2145 1487">
    <p class='ocr_par' dir='ltr' id='par_1_13' title="bbox 447 1413 2145 1487">
     <span class='ocr_line' id='line_1_13' title="bbox 447 1413 2145 1487; baseline -0.004 -15"><span class='ocrx_word' id='word_1_96' title='bbox 447 1420 607 1473; x_wconf 88' lang='lat' dir='ltr'><strong><em>Jesus</em></strong></span> <span class='ocrx_word' id='word_1_97' title='bbox 629 1419 670 1487; x_wconf 86' lang='grc' dir='ltr'><strong><em>(Ι</em></strong></span> <span class='ocrx_word' id='word_1_98' title='bbox 707 1417 846 1471; x_wconf 89' lang='lat' dir='ltr'><strong><em>Tim.</em></strong></span> <span class='ocrx_word' id='word_1_99' title='bbox 872 1433 928 1483; x_wconf 80' lang='grc' dir='ltr'><strong><em>ιι,</em></strong></span> <span class='ocrx_word' id='word_1_100' title='bbox 958 1419 1036 1485; x_wconf 82' lang='grc'><strong><em>5),</em></strong></span> <span class='ocrx_word' id='word_1_101' title='bbox 1069 1414 1342 1485; x_wconf 89' lang='lat' dir='ltr'><strong><em>quoniam</em></strong></span> <span class='ocrx_word' id='word_1_102' title='bbox 1368 1413 1446 1467; x_wconf 91' lang='lat' dir='ltr'><strong><em>sic</em></strong></span> <span class='ocrx_word' id='word_1_103' title='bbox 1475 1413 1662 1467; x_wconf 86' lang='lat' dir='ltr'><strong><em>veniet</em></strong></span> <span class='ocrx_word' id='word_1_104' title='bbox 1691 1413 1980 1484; x_wconf 88' lang='lat' dir='ltr'><strong><em>quomodo</em></strong></span> <span class='ocrx_word' id='word_1_105' title='bbox 2014 1429 2145 1466; x_wconf 89' lang='lat' dir='ltr'><strong><em>eum</em></strong></span> 
     </span>
    </p>
   </div>
   <div class='ocr_carea' id='block_1_14' title="bbox 447 1499 2146 1574">
    <p class='ocr_par' dir='ltr' id='par_1_14' title="bbox 447 1499 2146 1574">
     <span class='ocr_line' id='line_1_14' title="bbox 447 1499 2146 1574; baseline -0.004 -15"><span class='ocrx_word' id='word_1_106' title='bbox 447 1505 715 1560; x_wconf 89' lang='lat' dir='ltr'><strong><em>viderunt</em></strong></span> <span class='ocrx_word' id='word_1_107' title='bbox 742 1505 841 1574; x_wconf 86' lang='lat' dir='ltr'><strong><em>qui</em></strong></span> <span class='ocrx_word' id='word_1_108' title='bbox 870 1503 1134 1556; x_wconf 87' lang='lat' dir='ltr'><strong><em>viderunt</em></strong></span> <span class='ocrx_word' id='word_1_109' title='bbox 1160 1506 1392 1555; x_wconf 87' lang='lat' dir='ltr'><strong><em>euntem</em></strong></span> <span class='ocrx_word' id='word_1_110' title='bbox 1435 1501 1495 1554; x_wconf 90' lang='lat' dir='ltr'><strong><em>in</em></strong></span> <span class='ocrx_word' id='word_1_111' title='bbox 1537 1501 1742 1555; x_wconf 72' lang='lat' dir='ltr'><strong><em>caelum</em></strong></span> <span class='ocrx_word' id='word_1_112' title='bbox 1791 1502 1934 1569; x_wconf 82' lang='lat' dir='ltr'><strong><em>(Act.</em></strong></span> <span class='ocrx_word' id='word_1_113' title='bbox 1967 1518 2004 1566; x_wconf 86' lang='lat'><strong><em>1,</em></strong></span> <span class='ocrx_word' id='word_1_114' title='bbox 2042 1499 2146 1567; x_wconf 80' lang='grc'><strong>11.)</strong></span> 
     </span>
    </p>
   </div>
   <div class='ocr_carea' id='block_1_15' title="bbox 521 1589 2151 1662">
    <p class='ocr_par' dir='ltr' id='par_1_15' title="bbox 521 1589 2151 1662">
     <span class='ocr_line' id='line_1_15' title="bbox 521 1589 2151 1662; baseline -0.004 -15"><span class='ocrx_word' id='word_1_115' title='bbox 521 1597 574 1647; x_wconf 82' lang='grc'><strong><em>2.</em></strong></span> <span class='ocrx_word' id='word_1_116' title='bbox 610 1594 751 1647; x_wconf 89' lang='lat' dir='ltr'><strong><em>ltem</em></strong></span> <span class='ocrx_word' id='word_1_117' title='bbox 785 1592 936 1662; x_wconf 92' lang='lat' dir='ltr'><strong><em>quod</em></strong></span> <span class='ocrx_word' id='word_1_118' title='bbox 965 1591 1100 1656; x_wconf 84' lang='lat' dir='ltr'><strong><em>dixi,</em></strong></span> <span class='ocrx_word' id='word_1_119' title='bbox 1131 1591 1323 1646; x_wconf 85' lang='lat' dir='ltr'><strong><em>Gratia</em></strong></span> <span class='ocrx_word' id='word_1_120' title='bbox 1350 1591 1444 1644; x_wconf 88' lang='lat' dir='ltr'><strong><em>Dei</em></strong></span> <span class='ocrx_word' id='word_1_121' title='bbox 1461 1595 1536 1644; x_wconf 88' lang='lat' dir='ltr'><strong><em>est</em></strong></span> <span class='ocrx_word' id='word_1_122' title='bbox 1561 1606 1668 1658; x_wconf 88' lang='lat' dir='ltr'><strong><em>qua</em></strong></span> <span class='ocrx_word' id='word_1_123' title='bbox 1698 1590 1850 1643; x_wconf 86' lang='lat' dir='ltr'><strong><em>nobis</em></strong></span> <span class='ocrx_word' id='word_1_124' title='bbox 1876 1589 2151 1643; x_wconf 82' lang='lat' dir='ltr'><strong><em>donantur</em></strong></span> 
     </span>
    </p>
   </div>
   <div class='ocr_carea' id='block_1_16' title="bbox 446 1679 2148 1754">
    <p class='ocr_par' dir='ltr' id='par_1_16' title="bbox 446 1679 2148 1754">
     <span class='ocr_line' id='line_1_16' title="bbox 446 1679 2148 1754; baseline -0.004 -18"><span class='ocrx_word' id='word_1_125' title='bbox 446 1686 688 1754; x_wconf 89' lang='lat' dir='ltr'><strong><em>peccata,</em></strong></span> <span class='ocrx_word' id='word_1_126' title='bbox 721 1685 781 1734; x_wconf 89' lang='lat' dir='ltr'><strong><em>ut</em></strong></span> <span class='ocrx_word' id='word_1_127' title='bbox 808 1681 1211 1734; x_wconf 85' lang='lat' dir='ltr'><strong><em>reconciliemur</em></strong></span> <span class='ocrx_word' id='word_1_128' title='bbox 1240 1682 1340 1732; x_wconf 86' lang='lat' dir='ltr'><strong><em>Deo</em></strong></span> <span class='ocrx_word' id='word_1_129' title='bbox 1365 1694 1378 1732; x_wconf 94' lang='lat'><strong><em>:</em></strong></span> <span class='ocrx_word' id='word_1_130' title='bbox 1417 1694 1530 1746; x_wconf 65' lang='lat' dir='ltr'><strong><em>pax</em></strong></span> <span class='ocrx_word' id='word_1_131' title='bbox 1557 1683 1735 1731; x_wconf 87' lang='lat' dir='ltr'><strong><em>autem</em></strong></span> <span class='ocrx_word' id='word_1_132' title='bbox 1775 1693 1884 1747; x_wconf 84' lang='lat' dir='ltr'><strong><em>qua</em></strong></span> <span class='ocrx_word' id='word_1_133' title='bbox 1914 1679 2148 1731; x_wconf 84' lang='lat' dir='ltr'><strong><em>reconci-</em></strong></span> 
     </span>
    </p>
   </div>
   <div class='ocr_carea' id='block_1_17' title="bbox 453 1765 2149 1836">
    <p class='ocr_par' dir='ltr' id='par_1_17' title="bbox 453 1765 2149 1836">
     <span class='ocr_line' id='line_1_17' title="bbox 453 1765 2149 1836; baseline -0.004 -11"><span class='ocrx_word' id='word_1_134' title='bbox 453 1772 654 1825; x_wconf 89' lang='lat' dir='ltr'><strong><em>liamur</em></strong></span> <span class='ocrx_word' id='word_1_135' title='bbox 701 1771 806 1822; x_wconf 91' lang='lat' dir='ltr'><strong><em>Deo</em></strong></span> <span class='ocrx_word' id='word_1_136' title='bbox 837 1770 1019 1833; x_wconf 79' lang='lat' dir='ltr'><strong><em>(Num.</em></strong></span> <span class='ocrx_word' id='word_1_137' title='bbox 1059 1769 1133 1835; x_wconf 88' lang='lat'><strong><em>3),</em></strong></span> <span class='ocrx_word' id='word_1_138' title='bbox 1176 1767 1255 1819; x_wconf 89' lang='lat' dir='ltr'><strong><em>sic</em></strong></span> <span class='ocrx_word' id='word_1_139' title='bbox 1281 1765 1673 1836; x_wconf 88' lang='lat' dir='ltr'><strong><em>accipiendum</em></strong></span> <span class='ocrx_word' id='word_1_140' title='bbox 1701 1771 1802 1832; x_wconf 88' lang='lat' dir='ltr'><strong><em>est,</em></strong></span> <span class='ocrx_word' id='word_1_141' title='bbox 1861 1770 1926 1819; x_wconf 94' lang='lat' dir='ltr'><strong><em>ut</em></strong></span> <span class='ocrx_word' id='word_1_142' title='bbox 1955 1771 2149 1819; x_wconf 88' lang='lat' dir='ltr'><strong><em>tamen</em></strong></span> 
     </span>
    </p>
   </div>
   <div class='ocr_carea' id='block_1_18' title="bbox 453 1853 2144 1924">
    <p class='ocr_par' dir='ltr' id='par_1_18' title="bbox 453 1853 2144 1924">
     <span class='ocr_line' id='line_1_18' title="bbox 453 1853 2144 1924; baseline -0.002 -14"><span class='ocrx_word' id='word_1_143' title='bbox 453 1856 696 1910; x_wconf 83' lang='lat' dir='ltr'><strong><em>sciamus</em></strong></span> <span class='ocrx_word' id='word_1_144' title='bbox 724 1855 898 1909; x_wconf 90' lang='lat' dir='ltr'><strong><em>etiam</em></strong></span> <span class='ocrx_word' id='word_1_145' title='bbox 937 1859 1245 1924; x_wconf 91' lang='lat' dir='ltr'><strong><em>utrumque</em></strong></span> <span class='ocrx_word' id='word_1_146' title='bbox 1284 1854 1356 1907; x_wconf 91' lang='lat' dir='ltr'><strong><em>ad</em></strong></span> <span class='ocrx_word' id='word_1_147' title='bbox 1395 1853 1722 1922; x_wconf 81' lang='lat' dir='ltr'><strong><em>generalem</em></strong></span> <span class='ocrx_word' id='word_1_148' title='bbox 1755 1854 1855 1907; x_wconf 90' lang='lat' dir='ltr'><strong><em>Dei</em></strong></span> <span class='ocrx_word' id='word_1_149' title='bbox 1902 1854 2144 1923; x_wconf 80' lang='lat' dir='ltr'><strong><em>gratiam</em></strong></span> 
     </span>
    </p>
   </div>
   <div class='ocr_carea' id='block_1_19' title="bbox 451 1940 2151 2016">
    <p class='ocr_par' dir='ltr' id='par_1_19' title="bbox 451 1940 2151 2016">
     <span class='ocr_line' id='line_1_19' title="bbox 451 1940 2151 2016; baseline -0.002 -18"><span class='ocrx_word' id='word_1_150' title='bbox 451 1944 768 2016; x_wconf 87' lang='lat' dir='ltr'><strong><em>pertinere:</em></strong></span> <span class='ocrx_word' id='word_1_151' title='bbox 826 1943 1114 2013; x_wconf 90' lang='lat' dir='ltr'><strong><em>quomodo</em></strong></span> <span class='ocrx_word' id='word_1_152' title='bbox 1145 1942 1206 1995; x_wconf 91' lang='lat' dir='ltr'><strong><em>in</em></strong></span> <span class='ocrx_word' id='word_1_153' title='bbox 1242 1942 1456 2012; x_wconf 89' lang='lat' dir='ltr'><strong><em>p0pulo</em></strong></span> <span class='ocrx_word' id='word_1_154' title='bbox 1491 1941 1591 1995; x_wconf 89' lang='lat' dir='ltr'><strong><em>Dei</em></strong></span> <span class='ocrx_word' id='word_1_155' title='bbox 1618 1940 1775 1995; x_wconf 89' lang='lat' dir='ltr'><strong><em>aliud</em></strong></span> <span class='ocrx_word' id='word_1_156' title='bbox 1832 1940 2151 2010; x_wconf 84' lang='lat' dir='ltr'><strong><em>specialiter</em></strong></span> 
     </span>
    </p>
   </div>
   <div class='ocr_carea' id='block_1_20' title="bbox 452 2028 2150 2102">
    <p class='ocr_par' dir='ltr' id='par_1_20' title="bbox 452 2028 2150 2102">
     <span class='ocr_line' id='line_1_20' title="bbox 452 2028 2150 2102; baseline -0.002 -16"><span class='ocrx_word' id='word_1_157' title='bbox 452 2034 644 2102; x_wconf 88' lang='lat' dir='ltr'><strong><em>Israel,</em></strong></span> <span class='ocrx_word' id='word_1_158' title='bbox 680 2031 838 2086; x_wconf 90' lang='lat' dir='ltr'><strong><em>aliud</em></strong></span> <span class='ocrx_word' id='word_1_159' title='bbox 884 2031 1085 2096; x_wconf 80' lang='lat' dir='ltr'><strong><em>ludas;</em></strong></span> <span class='ocrx_word' id='word_1_160' title='bbox 1119 2036 1176 2084; x_wconf 86' lang='lat' dir='ltr'><strong><em>et</em></strong></span> <span class='ocrx_word' id='word_1_161' title='bbox 1221 2035 1413 2083; x_wconf 89' lang='lat' dir='ltr'><strong><em>tamen</em></strong></span> <span class='ocrx_word' id='word_1_162' title='bbox 1453 2034 1761 2099; x_wconf 88' lang='lat' dir='ltr'><strong><em>utrumque</em></strong></span> <span class='ocrx_word' id='word_1_163' title='bbox 1805 2028 2150 2099; x_wconf 80' lang='lat' dir='ltr'><strong><em>generaliter</em></strong></span> 
     </span>
    </p>
   </div>
   <div class='ocr_carea' id='block_1_21' title="bbox 449 2118 2149 2190">
    <p class='ocr_par' dir='ltr' id='par_1_21' title="bbox 449 2118 2149 2190">
     <span class='ocr_line' id='line_1_21' title="bbox 449 2118 2149 2190; baseline -0.002 -14"><span class='ocrx_word' id='word_1_164' title='bbox 449 2122 643 2176; x_wconf 86' lang='lat' dir='ltr'><strong><em>Israel.</em></strong></span> <span class='ocrx_word' id='word_1_165' title='bbox 701 2123 840 2176; x_wconf 82' lang='lat' dir='ltr'><strong><em>item</em></strong></span> <span class='ocrx_word' id='word_1_166' title='bbox 886 2136 1018 2174; x_wconf 89' lang='lat' dir='ltr'><strong><em>cum</em></strong></span> <span class='ocrx_word' id='word_1_167' title='bbox 1056 2134 1422 2190; x_wconf 80' lang='lat' dir='ltr'><strong><em>exponerem,</em></strong></span> <span class='ocrx_word' id='word_1_168' title='bbox 1455 2118 1598 2184; x_wconf 84' lang='lat' dir='ltr'><strong><em>Quid</em></strong></span> <span class='ocrx_word' id='word_1_169' title='bbox 1625 2118 1789 2185; x_wconf 74' lang='lat' dir='ltr'><strong><em>ergo?</em></strong></span> <span class='ocrx_word' id='word_1_170' title='bbox 1822 2120 1932 2173; x_wconf 81' lang='lat' dir='ltr'><strong><em>Le:c</em></strong></span> <span class='ocrx_word' id='word_1_171' title='bbox 1967 2124 2149 2174; x_wconf 83' lang='lat' dir='ltr'><strong><em>trans-</em></strong></span> 
     </span>
    </p>
   </div>
   <div class='ocr_carea' id='block_1_22' title="bbox 451 2205 2150 2277">
    <p class='ocr_par' dir='ltr' id='par_1_22' title="bbox 451 2205 2150 2277">
     <span class='ocr_line' id='line_1_22' title="bbox 451 2205 2150 2277; baseline -0.001 -15"><span class='ocrx_word' id='word_1_172' title='bbox 451 2211 742 2277; x_wconf 90' lang='lat' dir='ltr'><strong><em>gressionis</em></strong></span> <span class='ocrx_word' id='word_1_173' title='bbox 770 2211 955 2275; x_wconf 88' lang='lat' dir='ltr'><strong><em>gratia</em></strong></span> <span class='ocrx_word' id='word_1_174' title='bbox 979 2210 1258 2277; x_wconf 87' lang='lat' dir='ltr'><strong><em>proposita</em></strong></span> <span class='ocrx_word' id='word_1_175' title='bbox 1282 2213 1358 2261; x_wconf 92' lang='lat' dir='ltr'><strong><em>est</em></strong></span> <span class='ocrx_word' id='word_1_176' title='bbox 1389 2205 1408 2239; x_wconf 72' lang='grc' dir='ltr'>ί</span> <span class='ocrx_word' id='word_1_177' title='bbox 1442 2207 1648 2275; x_wconf 87' lang='lat' dir='ltr'><strong><em>(Galat.</em></strong></span> <span class='ocrx_word' id='word_1_178' title='bbox 1691 2223 1769 2271; x_wconf 80' lang='lat' dir='ltr'><strong><em>in,</em></strong></span> <span class='ocrx_word' id='word_1_179' title='bbox 1801 2210 1906 2274; x_wconf 83' lang='grc'><strong><em>19),</em></strong></span> <span class='ocrx_word' id='word_1_180' title='bbox 1931 2207 2009 2261; x_wconf 89' lang='lat' dir='ltr'><strong><em>ita</em></strong></span> <span class='ocrx_word' id='word_1_181' title='bbox 2038 2208 2150 2262; x_wconf 92' lang='lat' dir='ltr'><strong><em>dis-</em></strong></span> 
     </span>
    </p>
   </div>
   <div class='ocr_carea' id='block_1_23' title="bbox 451 2293 2150 2366">
    <p class='ocr_par' dir='ltr' id='par_1_23' title="bbox 451 2293 2150 2366">
     <span class='ocr_line' id='line_1_23' title="bbox 451 2293 2150 2366; baseline -0.002 -15"><span class='ocrx_word' id='word_1_182' title='bbox 451 2296 836 2366; x_wconf 90' lang='lat' dir='ltr'><strong><em>tinguendum</em></strong></span> <span class='ocrx_word' id='word_1_183' title='bbox 857 2294 1074 2365; x_wconf 87' lang='lat' dir='ltr'><strong><em>putavi,</em></strong></span> <span class='ocrx_word' id='word_1_184' title='bbox 1109 2300 1172 2348; x_wconf 89' lang='lat' dir='ltr'><strong><em>ut</em></strong></span> <span class='ocrx_word' id='word_1_185' title='bbox 1199 2293 1572 2364; x_wconf 82' lang='lat' dir='ltr'><strong><em>interrogatio</em></strong></span> <span class='ocrx_word' id='word_1_186' title='bbox 1599 2299 1764 2358; x_wconf 89' lang='lat' dir='ltr'><strong><em>esset,</em></strong></span> <span class='ocrx_word' id='word_1_187' title='bbox 1802 2295 1949 2359; x_wconf 87' lang='lat' dir='ltr'><strong><em>Quid</em></strong></span> <span class='ocrx_word' id='word_1_188' title='bbox 1976 2311 2100 2363; x_wconf 86' lang='lat' dir='ltr'><strong><em>ergo</em></strong></span> <span class='ocrx_word' id='word_1_189' title='bbox 2123 2296 2150 2348; x_wconf 70' lang='lat' dir='ltr'><strong><em>‘t</em></strong></span> 
     </span>
    </p>
   </div>
   <div class='ocr_carea' id='block_1_24' title="bbox 453 2382 2150 2452">
    <p class='ocr_par' dir='ltr' id='par_1_24' title="bbox 453 2382 2150 2452">
     <span class='ocr_line' id='line_1_24' title="bbox 453 2382 2150 2452; baseline -0.001 -14"><span class='ocrx_word' id='word_1_190' title='bbox 453 2401 519 2438; x_wconf 90' lang='lat' dir='ltr'><strong><em>ac</em></strong></span> <span class='ocrx_word' id='word_1_191' title='bbox 553 2383 758 2438; x_wconf 89' lang='lat' dir='ltr'><strong><em>deinde</em></strong></span> <span class='ocrx_word' id='word_1_192' title='bbox 779 2382 1086 2452; x_wconf 89' lang='lat' dir='ltr'><strong><em>responsio,</em></strong></span> <span class='ocrx_word' id='word_1_193' title='bbox 1107 2383 1218 2435; x_wconf 81' lang='lat' dir='ltr'><strong><em>Le:c</em></strong></span> <span class='ocrx_word' id='word_1_194' title='bbox 1251 2383 1695 2447; x_wconf 79' lang='lat' dir='ltr'><strong><em>transgressionis</em></strong></span> <span class='ocrx_word' id='word_1_195' title='bbox 1734 2385 1919 2448; x_wconf 89' lang='lat' dir='ltr'><strong><em>gratia</em></strong></span> <span class='ocrx_word' id='word_1_196' title='bbox 1941 2399 2150 2451; x_wconf 89' lang='lat' dir='ltr'><strong><em>propo-</em></strong></span> 
     </span>
    </p>
   </div>
   <div class='ocr_carea' id='block_1_25' title="bbox 455 2467 2151 2539">
    <p class='ocr_par' dir='ltr' id='par_1_25' title="bbox 455 2467 2151 2539">
     <span class='ocr_line' id='line_1_25' title="bbox 455 2467 2151 2539; baseline -0.002 -12"><span class='ocrx_word' id='word_1_197' title='bbox 455 2475 564 2527; x_wconf 87' lang='lat' dir='ltr'><strong><em>sita</em></strong></span> <span class='ocrx_word' id='word_1_198' title='bbox 580 2477 657 2527; x_wconf 87' lang='lat' dir='ltr'><strong><em>est</em></strong></span> <span class='ocrx_word' id='word_1_199' title='bbox 679 2473 696 2507; x_wconf 89' lang='grc'>¹</span> <span class='ocrx_word' id='word_1_200' title='bbox 719 2473 904 2539; x_wconf 81' lang='lat' dir='ltr'><strong><em>(Num.</em></strong></span> <span class='ocrx_word' id='word_1_201' title='bbox 950 2472 1061 2538; x_wconf 70' lang='lat'><strong><em>&#39;24).</em></strong></span> <span class='ocrx_word' id='word_1_202' title='bbox 1077 2469 1236 2533; x_wconf 87' lang='lat' dir='ltr'><strong><em>Quod</em></strong></span> <span class='ocrx_word' id='word_1_203' title='bbox 1253 2467 1485 2539; x_wconf 89' lang='lat' dir='ltr'><strong><em>quidem</em></strong></span> <span class='ocrx_word' id='word_1_204' title='bbox 1506 2485 1624 2521; x_wconf 90' lang='lat' dir='ltr'><strong><em>non</em></strong></span> <span class='ocrx_word' id='word_1_205' title='bbox 1643 2468 1914 2523; x_wconf 89' lang='lat' dir='ltr'><strong><em>abhorret</em></strong></span> <span class='ocrx_word' id='word_1_206' title='bbox 1933 2487 1966 2524; x_wconf 87' lang='lat' dir='ltr'><strong><em>a</em></strong></span> <span class='ocrx_word' id='word_1_207' title='bbox 1984 2486 2151 2536; x_wconf 87' lang='lat' dir='ltr'><strong><em>vero;</em></strong></span> 
     </span>
    </p>
   </div>
   <div class='ocr_carea' id='block_1_26' title="bbox 457 2555 2151 2628">
    <p class='ocr_par' dir='ltr' id='par_1_26' title="bbox 457 2555 2151 2628">
     <span class='ocr_line' id='line_1_26' title="bbox 457 2555 2151 2628; baseline -0.003 -13"><span class='ocrx_word' id='word_1_208' title='bbox 457 2560 553 2615; x_wconf 86' lang='lat' dir='ltr'><strong><em>sed</em></strong></span> <span class='ocrx_word' id='word_1_209' title='bbox 639 2558 842 2613; x_wconf 89' lang='lat' dir='ltr'><strong><em>melior</em></strong></span> <span class='ocrx_word' id='word_1_210' title='bbox 898 2556 1120 2611; x_wconf 87' lang='lat' dir='ltr'><strong><em>videtur</em></strong></span> <span class='ocrx_word' id='word_1_211' title='bbox 1179 2555 1288 2610; x_wconf 89' lang='lat' dir='ltr'><strong><em>ista</em></strong></span> <span class='ocrx_word' id='word_1_212' title='bbox 1343 2555 1652 2622; x_wconf 90' lang='lat' dir='ltr'><strong><em>distinctio,</em></strong></span> <span class='ocrx_word' id='word_1_213' title='bbox 1707 2561 1768 2609; x_wconf 90' lang='lat' dir='ltr'><strong><em>ut</em></strong></span> <span class='ocrx_word' id='word_1_214' title='bbox 1833 2557 2151 2628; x_wconf 88' lang='lat' dir='ltr'><strong><em>interroga-</em></strong></span> 
     </span>
    </p>
   </div>
   <div class='ocr_carea' id='block_1_27' title="bbox 458 2642 2149 2714">
    <p class='ocr_par' dir='ltr' id='par_1_27' title="bbox 458 2642 2149 2714">
     <span class='ocr_line' id='line_1_27' title="bbox 458 2642 2149 2714; baseline -0.001 -13"><span class='ocrx_word' id='word_1_215' title='bbox 458 2648 536 2702; x_wconf 90' lang='lat' dir='ltr'><strong><em>tio</em></strong></span> <span class='ocrx_word' id='word_1_216' title='bbox 557 2647 646 2713; x_wconf 88' lang='lat' dir='ltr'><strong><em>sit,</em></strong></span> <span class='ocrx_word' id='word_1_217' title='bbox 692 2645 836 2712; x_wconf 83' lang='lat' dir='ltr'><strong><em>Quid</em></strong></span> <span class='ocrx_word' id='word_1_218' title='bbox 863 2660 987 2711; x_wconf 90' lang='lat' dir='ltr'><strong><em>ergo</em></strong></span> <span class='ocrx_word' id='word_1_219' title='bbox 1019 2645 1104 2698; x_wconf 78' lang='lat' dir='ltr'><strong><em>lea:</em></strong></span> <span class='ocrx_word' id='word_1_220' title='bbox 1122 2647 1149 2698; x_wconf 88' lang='lat'><strong><em>?</em></strong></span> <span class='ocrx_word' id='word_1_221' title='bbox 1177 2648 1234 2698; x_wconf 89' lang='lat' dir='ltr'><strong><em>et</em></strong></span> <span class='ocrx_word' id='word_1_222' title='bbox 1263 2642 1544 2697; x_wconf 85' lang='lat' dir='ltr'><strong><em>inferatur</em></strong></span> <span class='ocrx_word' id='word_1_223' title='bbox 1572 2644 1891 2714; x_wconf 89' lang='lat' dir='ltr'><strong><em>responsio,</em></strong></span> <span class='ocrx_word' id='word_1_224' title='bbox 1947 2647 2149 2700; x_wconf 88' lang='lat' dir='ltr'><strong><em>Trans-</em></strong></span> 
     </span>
    </p>
   </div>
   <div class='ocr_carea' id='block_1_28' title="bbox 453 2731 2150 2804">
    <p class='ocr_par' dir='ltr' id='par_1_28' title="bbox 453 2731 2150 2804">
     <span class='ocr_line' id='line_1_28' title="bbox 453 2731 2150 2804; baseline -0.002 -14"><span class='ocrx_word' id='word_1_225' title='bbox 453 2737 742 2804; x_wconf 87' lang='lat' dir='ltr'><strong><em>gressionis</em></strong></span> <span class='ocrx_word' id='word_1_226' title='bbox 771 2736 956 2802; x_wconf 85' lang='lat' dir='ltr'><strong><em>gratia</em></strong></span> <span class='ocrx_word' id='word_1_227' title='bbox 979 2735 1264 2802; x_wconf 88' lang='lat' dir='ltr'><strong><em>proposita</em></strong></span> <span class='ocrx_word' id='word_1_228' title='bbox 1299 2737 1394 2786; x_wconf 86' lang='lat' dir='ltr'><strong><em>est.</em></strong></span> <span class='ocrx_word' id='word_1_229' title='bbox 1432 2731 1595 2795; x_wconf 86' lang='lat' dir='ltr'><strong><em>Quod</em></strong></span> <span class='ocrx_word' id='word_1_230' title='bbox 1626 2737 1818 2786; x_wconf 91' lang='lat' dir='ltr'><strong><em>autem</em></strong></span> <span class='ocrx_word' id='word_1_231' title='bbox 1860 2732 2004 2787; x_wconf 87' lang='lat' dir='ltr'><strong><em>dixi:</em></strong></span> <span class='ocrx_word' id='word_1_232' title='bbox 2048 2735 2150 2789; x_wconf 81' lang='lat' dir='ltr'><strong><em>0r-</em></strong></span> 
     </span>
    </p>
   </div>
   <div class='ocr_carea' id='block_1_29' title="bbox 454 2819 2146 2890">
    <p class='ocr_par' dir='ltr' id='par_1_29' title="bbox 454 2819 2146 2890">
     <span class='ocr_line' id='line_1_29' title="bbox 454 2819 2146 2890; baseline -0.002 -12"><span class='ocrx_word' id='word_1_233' title='bbox 454 2825 792 2878; x_wconf 87' lang='lat' dir='ltr'><strong><em>dinatissime</em></strong></span> <span class='ocrx_word' id='word_1_234' title='bbox 810 2824 994 2890; x_wconf 88' lang='lat' dir='ltr'><strong><em>itaque</em></strong></span> <span class='ocrx_word' id='word_1_235' title='bbox 1009 2821 1316 2889; x_wconf 66' lang='lat' dir='ltr'><strong><em>subjunmit,</em></strong></span> <span class='ocrx_word' id='word_1_236' title='bbox 1344 2840 1371 2870; x_wconf 81' lang='grc' dir='ltr'><strong>(ι</strong></span> <span class='ocrx_word' id='word_1_237' title='bbox 1399 2821 1550 2886; x_wconf 85' lang='lat' dir='ltr'><strong><em>Quod</em></strong></span> <span class='ocrx_word' id='word_1_238' title='bbox 1569 2819 1619 2874; x_wconf 89' lang='lat' dir='ltr'><strong><em>si</em></strong></span> <span class='ocrx_word' id='word_1_239' title='bbox 1642 2823 1845 2890; x_wconf 82' lang='lat' dir='ltr'><strong><em>spiritu</em></strong></span> <span class='ocrx_word' id='word_1_240' title='bbox 1863 2821 2146 2885; x_wconf 87' lang='lat' dir='ltr'><strong><em>ducimini,</em></strong></span> 
     </span>
    </p>
   </div>
   <div class='ocr_carea' id='block_1_30' title="bbox 451 2909 2150 2977">
    <p class='ocr_par' dir='ltr' id='par_1_30' title="bbox 451 2909 2150 2977">
     <span class='ocr_line' id='line_1_30' title="bbox 451 2909 2150 2977; baseline -0.002 -10"><span class='ocrx_word' id='word_1_241' title='bbox 451 2928 559 2967; x_wconf 91' lang='lat' dir='ltr'><strong><em>non</em></strong></span> <span class='ocrx_word' id='word_1_242' title='bbox 586 2912 762 2966; x_wconf 85' lang='lat' dir='ltr'><strong><em>adhuc</em></strong></span> <span class='ocrx_word' id='word_1_243' title='bbox 791 2912 916 2964; x_wconf 87' lang='lat' dir='ltr'><strong><em>estis</em></strong></span> <span class='ocrx_word' id='word_1_244' title='bbox 945 2909 1043 2963; x_wconf 87' lang='lat' dir='ltr'><strong><em>sub</em></strong></span> <span class='ocrx_word' id='word_1_245' title='bbox 1066 2911 1202 2976; x_wconf 86' lang='lat' dir='ltr'><strong><em>Lege</em></strong></span> <span class='ocrx_word' id='word_1_246' title='bbox 1236 2931 1257 2956; x_wconf 77' lang='grc' dir='ltr'><strong><em>ι</em></strong></span> <span class='ocrx_word' id='word_1_247' title='bbox 1284 2925 1296 2962; x_wconf 91' lang='lat'><strong><em>:</em></strong></span> <span class='ocrx_word' id='word_1_248' title='bbox 1325 2913 1385 2962; x_wconf 88' lang='lat' dir='ltr'><strong><em>ut</em></strong></span> <span class='ocrx_word' id='word_1_249' title='bbox 1409 2911 1775 2977; x_wconf 82' lang='lat' dir='ltr'><strong><em>intelligamus</em></strong></span> <span class='ocrx_word' id='word_1_250' title='bbox 1803 2924 1887 2964; x_wconf 89' lang='lat' dir='ltr'><strong><em>eos</em></strong></span> <span class='ocrx_word' id='word_1_251' title='bbox 1909 2925 2018 2964; x_wconf 89' lang='lat' dir='ltr'><strong><em>esse</em></strong></span> <span class='ocrx_word' id='word_1_252' title='bbox 2053 2911 2150 2964; x_wconf 91' lang='lat' dir='ltr'><strong><em>sub</em></strong></span> 
     </span>
    </p>
   </div>
   <div class='ocr_carea' id='block_1_31' title="bbox 455 2999 2192 3069">
    <p class='ocr_par' dir='ltr' id='par_1_31' title="bbox 455 2999 2192 3069">
     <span class='ocr_line' id='line_1_31' title="bbox 455 2999 2192 3069; baseline -0.001 -15"><span class='ocrx_word' id='word_1_253' title='bbox 455 3003 612 3068; x_wconf 90' lang='lat' dir='ltr'><strong><em>Lege,</em></strong></span> <span class='ocrx_word' id='word_1_254' title='bbox 635 3014 862 3069; x_wconf 86' lang='lat' dir='ltr'><strong><em>quorum</em></strong></span> <span class='ocrx_word' id='word_1_255' title='bbox 890 3000 1118 3066; x_wconf 83' lang='lat' dir='ltr'><strong><em>spiritus</em></strong></span> <span class='ocrx_word' id='word_1_256' title='bbox 1150 3000 1231 3050; x_wconf 82' lang='lat' dir='ltr'><strong><em>ita</em></strong></span> <span class='ocrx_word' id='word_1_257' title='bbox 1256 2999 1582 3066; x_wconf 86' lang='lat' dir='ltr'><strong><em>concupiscit</em></strong></span> <span class='ocrx_word' id='word_1_258' title='bbox 1622 2999 1881 3053; x_wconf 86' lang='lat' dir='ltr'><strong><em>adversus</em></strong></span> <span class='ocrx_word' id='word_1_259' title='bbox 1912 3015 2148 3066; x_wconf 89' lang='lat' dir='ltr'><strong><em>carnem,</em></strong></span> <span class='ocrx_word' id='word_1_260' title='bbox 2189 3032 2192 3035; x_wconf 98' lang='lat'><strong><em>-</em></strong></span> 
     </span>
    </p>
   </div>
   <div class='ocr_carea' id='block_1_32' title="bbox 453 3086 2150 3154">
    <p class='ocr_par' dir='ltr' id='par_1_32' title="bbox 453 3086 2150 3154">
     <span class='ocr_line' id='line_1_32' title="bbox 453 3086 2150 3154; baseline 0.001 -13"><span class='ocrx_word' id='word_1_261' title='bbox 453 3094 514 3142; x_wconf 94' lang='lat' dir='ltr'><strong><em>ut</em></strong></span> <span class='ocrx_word' id='word_1_262' title='bbox 541 3103 649 3140; x_wconf 87' lang='lat' dir='ltr'><strong><em>non</em></strong></span> <span class='ocrx_word' id='word_1_263' title='bbox 677 3103 739 3140; x_wconf 89' lang='lat' dir='ltr'><strong><em>ea</em></strong></span> <span class='ocrx_word' id='word_1_264' title='bbox 768 3101 886 3154; x_wconf 74' lang='lat' dir='ltr'><strong><em>quae</em></strong></span> <span class='ocrx_word' id='word_1_265' title='bbox 906 3087 1089 3139; x_wconf 84' lang='lat' dir='ltr'><strong><em>volunt</em></strong></span> <span class='ocrx_word' id='word_1_266' title='bbox 1116 3087 1360 3152; x_wconf 87' lang='lat' dir='ltr'><strong><em>faciant;</em></strong></span> <span class='ocrx_word' id='word_1_267' title='bbox 1393 3086 1452 3139; x_wconf 88' lang='lat' dir='ltr'><strong><em>id</em></strong></span> <span class='ocrx_word' id='word_1_268' title='bbox 1479 3092 1577 3153; x_wconf 89' lang='lat' dir='ltr'><strong><em>est,</em></strong></span> <span class='ocrx_word' id='word_1_269' title='bbox 1609 3103 1716 3141; x_wconf 88' lang='lat' dir='ltr'><strong><em>non</em></strong></span> <span class='ocrx_word' id='word_1_270' title='bbox 1741 3102 1795 3141; x_wconf 90' lang='lat' dir='ltr'><strong><em>se</em></strong></span> <span class='ocrx_word' id='word_1_271' title='bbox 1826 3093 2038 3142; x_wconf 86' lang='lat' dir='ltr'><strong><em>teneant</em></strong></span> <span class='ocrx_word' id='word_1_272' title='bbox 2064 3091 2150 3142; x_wconf 85' lang='lat' dir='ltr'><strong><em>in-</em></strong></span> 
     </span>
    </p>
   </div>
   <div class='ocr_carea' id='block_1_33' title="bbox 452 3173 2151 3243">
    <p class='ocr_par' dir='ltr' id='par_1_33' title="bbox 452 3173 2151 3243">
     <span class='ocr_line' id='line_1_33' title="bbox 452 3173 2151 3243; baseline 0.002 -17"><span class='ocrx_word' id='word_1_273' title='bbox 452 3175 620 3226; x_wconf 89' lang='lat' dir='ltr'><strong><em>victos</em></strong></span> <span class='ocrx_word' id='word_1_274' title='bbox 641 3175 699 3226; x_wconf 92' lang='lat' dir='ltr'><strong><em>in</em></strong></span> <span class='ocrx_word' id='word_1_275' title='bbox 718 3173 1242 3241; x_wconf 63' lang='lat' dir='ltr'><strong><em>charitatejustitiae,</em></strong></span> <span class='ocrx_word' id='word_1_276' title='bbox 1265 3173 1359 3228; x_wconf 90' lang='lat' dir='ltr'><strong><em>sed</em></strong></span> <span class='ocrx_word' id='word_1_277' title='bbox 1383 3189 1417 3226; x_wconf 93' lang='lat' dir='ltr'><strong><em>a</em></strong></span> <span class='ocrx_word' id='word_1_278' title='bbox 1446 3177 1844 3243; x_wconf 89' lang='lat' dir='ltr'><strong><em>concupiscente</em></strong></span> <span class='ocrx_word' id='word_1_279' title='bbox 1865 3177 2151 3230; x_wconf 86' lang='lat' dir='ltr'><strong><em>adversum</em></strong></span> 
     </span>
    </p>
   </div>
   <div class='ocr_carea' id='block_1_34' title="bbox 455 3261 2150 3331">
    <p class='ocr_par' dir='ltr' id='par_1_34' title="bbox 455 3261 2150 3331">
     <span class='ocr_line' id='line_1_34' title="bbox 455 3261 2150 3331; baseline 0.002 -16"><span class='ocrx_word' id='word_1_280' title='bbox 455 3277 510 3316; x_wconf 91' lang='lat' dir='ltr'><strong><em>se</em></strong></span> <span class='ocrx_word' id='word_1_281' title='bbox 537 3276 695 3314; x_wconf 84' lang='lat' dir='ltr'><strong><em>carne</em></strong></span> <span class='ocrx_word' id='word_1_282' title='bbox 719 3263 1010 3314; x_wconf 83' lang='lat' dir='ltr'><strong><em>vincantur</em></strong></span> <span class='ocrx_word' id='word_1_283' title='bbox 1058 3261 1237 3330; x_wconf 86' lang='lat' dir='ltr'><strong><em>(Num.</em></strong></span> <span class='ocrx_word' id='word_1_284' title='bbox 1261 3263 1380 3328; x_wconf 73' lang='lat'><strong><em>47);</em></strong></span> <span class='ocrx_word' id='word_1_285' title='bbox 1432 3261 1539 3315; x_wconf 89' lang='lat' dir='ltr'><strong><em>hoc</em></strong></span> <span class='ocrx_word' id='word_1_286' title='bbox 1582 3279 1647 3316; x_wconf 90' lang='lat' dir='ltr'><strong><em>ex</em></strong></span> <span class='ocrx_word' id='word_1_287' title='bbox 1701 3263 1797 3316; x_wconf 92' lang='lat' dir='ltr'><strong><em>illo</em></strong></span> <span class='ocrx_word' id='word_1_288' title='bbox 1828 3280 1996 3318; x_wconf 90' lang='lat' dir='ltr'><strong><em>sensu</em></strong></span> <span class='ocrx_word' id='word_1_289' title='bbox 2044 3269 2150 3331; x_wconf 89' lang='lat' dir='ltr'><strong><em>est,</em></strong></span> 
     </span>
    </p>
   </div>
   <div class='ocr_carea' id='block_1_35' title="bbox 456 3347 2151 3420">
    <p class='ocr_par' dir='ltr' id='par_1_35' title="bbox 456 3347 2151 3420">
     <span class='ocr_line' id='line_1_35' title="bbox 456 3347 2151 3420; baseline 0.002 -19"><span class='ocrx_word' id='word_1_290' title='bbox 456 3365 570 3420; x_wconf 91' lang='lat' dir='ltr'><strong><em>quo</em></strong></span> <span class='ocrx_word' id='word_1_291' title='bbox 610 3348 925 3401; x_wconf 85' lang='lat' dir='ltr'><strong><em>sentiebam</em></strong></span> <span class='ocrx_word' id='word_1_292' title='bbox 976 3347 1033 3402; x_wconf 90' lang='lat' dir='ltr'><strong><em>id</em></strong></span> <span class='ocrx_word' id='word_1_293' title='bbox 1066 3347 1220 3418; x_wconf 91' lang='lat' dir='ltr'><strong><em>quod</em></strong></span> <span class='ocrx_word' id='word_1_294' title='bbox 1251 3347 1464 3401; x_wconf 90' lang='lat' dir='ltr'><strong><em>dictum</em></strong></span> <span class='ocrx_word' id='word_1_295' title='bbox 1491 3354 1597 3414; x_wconf 91' lang='lat' dir='ltr'><strong><em>est,</em></strong></span> <span class='ocrx_word' id='word_1_296' title='bbox 1648 3351 1784 3404; x_wconf 89' lang='lat' dir='ltr'><strong><em>Caro</em></strong></span> <span class='ocrx_word' id='word_1_297' title='bbox 1823 3353 2151 3419; x_wconf 73' lang='lat' dir='ltr'><strong><em>concupiscit</em></strong></span> 
     </span>
    </p>
   </div>
   <div class='ocr_carea' id='block_1_36' title="bbox 455 3436 2153 3506">
    <p class='ocr_par' dir='ltr' id='par_1_36' title="bbox 455 3436 2153 3506">
     <span class='ocr_line' id='line_1_36' title="bbox 455 3436 2153 3506; baseline 0.002 -16"><span class='ocrx_word' id='word_1_298' title='bbox 455 3438 714 3492; x_wconf 86' lang='lat' dir='ltr'><strong><em>adversus</em></strong></span> <span class='ocrx_word' id='word_1_299' title='bbox 756 3439 1034 3506; x_wconf 83' lang='lat' dir='ltr'><strong><em>spiritum,</em></strong></span> <span class='ocrx_word' id='word_1_300' title='bbox 1070 3441 1121 3489; x_wconf 91' lang='lat' dir='ltr'><strong><em>et</em></strong></span> <span class='ocrx_word' id='word_1_301' title='bbox 1169 3438 1400 3506; x_wconf 85' lang='lat' dir='ltr'><strong><em>spiritus</em></strong></span> <span class='ocrx_word' id='word_1_302' title='bbox 1442 3436 1702 3492; x_wconf 87' lang='lat' dir='ltr'><strong><em>adversus</em></strong></span> <span class='ocrx_word' id='word_1_303' title='bbox 1747 3453 1993 3493; x_wconf 89' lang='lat' dir='ltr'><strong><em>carnem:</em></strong></span> <span class='ocrx_word' id='word_1_304' title='bbox 2044 3441 2153 3494; x_wconf 63' lang='lat' dir='ltr'><strong><em>haic</em></strong></span> 
     </span>
    </p>
   </div>
   <div class='ocr_carea' id='block_1_37' title="bbox 453 3525 2154 3594">
    <p class='ocr_par' dir='ltr' id='par_1_37' title="bbox 453 3525 2154 3594">
     <span class='ocr_line' id='line_1_37' title="bbox 453 3525 2154 3594; baseline 0 -13"><span class='ocrx_word' id='word_1_305' title='bbox 453 3529 596 3581; x_wconf 82' lang='lat' dir='ltr'><strong><em>enim</em></strong></span> <span class='ocrx_word' id='word_1_306' title='bbox 621 3525 730 3580; x_wconf 87' lang='lat' dir='ltr'><strong><em>sibi</em></strong></span> <span class='ocrx_word' id='word_1_307' title='bbox 755 3527 983 3579; x_wconf 86' lang='lat' dir='ltr'><strong><em>invicem</em></strong></span> <span class='ocrx_word' id='word_1_308' title='bbox 1010 3525 1411 3581; x_wconf 85' lang='lat' dir='ltr'><strong><em>adversantur:</em></strong></span> <span class='ocrx_word' id='word_1_309' title='bbox 1440 3531 1499 3578; x_wconf 88' lang='lat' dir='ltr'><strong><em>ut</em></strong></span> <span class='ocrx_word' id='word_1_310' title='bbox 1527 3541 1633 3579; x_wconf 88' lang='lat' dir='ltr'><strong><em>non</em></strong></span> <span class='ocrx_word' id='word_1_311' title='bbox 1661 3541 1723 3579; x_wconf 91' lang='lat' dir='ltr'><strong><em>ea</em></strong></span> <span class='ocrx_word' id='word_1_312' title='bbox 1745 3542 1861 3594; x_wconf 72' lang='lat' dir='ltr'><strong><em>quae</em></strong></span> <span class='ocrx_word' id='word_1_313' title='bbox 1879 3529 2044 3581; x_wconf 85' lang='lat' dir='ltr'><strong><em>vultis</em></strong></span> <span class='ocrx_word' id='word_1_314' title='bbox 2067 3529 2154 3594; x_wconf 84' lang='lat' dir='ltr'><strong><em>fa-</em></strong></span> 
     </span>
    </p>
   </div>
   <div class='ocr_carea' id='block_1_38' title="bbox 454 3613 2151 3686">
    <p class='ocr_par' dir='ltr' id='par_1_38' title="bbox 454 3613 2151 3686">
     <span class='ocr_line' id='line_1_38' title="bbox 454 3613 2151 3686; baseline 0.001 -18"><span class='ocrx_word' id='word_1_315' title='bbox 454 3617 616 3669; x_wconf 83' lang='lat' dir='ltr'><strong><em>ciatis</em></strong></span> <span class='ocrx_word' id='word_1_316' title='bbox 643 3613 841 3679; x_wconf 87' lang='lat' dir='ltr'><strong><em>(Galat.</em></strong></span> <span class='ocrx_word' id='word_1_317' title='bbox 875 3629 929 3679; x_wconf 88' lang='lat' dir='ltr'><strong><em>v,</em></strong></span> <span class='ocrx_word' id='word_1_318' title='bbox 962 3616 1046 3680; x_wconf 86' lang='lat' dir='ltr'><strong><em>l7,</em></strong></span> <span class='ocrx_word' id='word_1_319' title='bbox 1076 3615 1178 3683; x_wconf 87' lang='grc'><strong><em>18),</em></strong></span> <span class='ocrx_word' id='word_1_320' title='bbox 1201 3613 1273 3667; x_wconf 89' lang='lat' dir='ltr'><strong><em>ad</em></strong></span> <span class='ocrx_word' id='word_1_321' title='bbox 1305 3629 1400 3668; x_wconf 90' lang='lat' dir='ltr'><strong><em>eos</em></strong></span> <span class='ocrx_word' id='word_1_322' title='bbox 1439 3614 1724 3683; x_wconf 88' lang='lat' dir='ltr'><strong><em>pertinere</em></strong></span> <span class='ocrx_word' id='word_1_323' title='bbox 1755 3615 1856 3685; x_wconf 86' lang='lat' dir='ltr'><strong><em>qui</em></strong></span> <span class='ocrx_word' id='word_1_324' title='bbox 1878 3615 1982 3669; x_wconf 89' lang='lat' dir='ltr'><strong><em>sub</em></strong></span> <span class='ocrx_word' id='word_1_325' title='bbox 2008 3616 2151 3686; x_wconf 89' lang='lat' dir='ltr'><strong><em>Lege</em></strong></span> 
     </span>
    </p>
   </div>
   <div class='ocr_carea' id='block_1_39' title="bbox 454 3701 2152 3770">
    <p class='ocr_par' dir='ltr' id='par_1_39' title="bbox 454 3701 2152 3770">
     <span class='ocr_line' id='line_1_39' title="bbox 454 3701 2152 3770; baseline 0.001 -14"><span class='ocrx_word' id='word_1_326' title='bbox 454 3707 605 3768; x_wconf 86' lang='lat' dir='ltr'><strong><em>sunt,</em></strong></span> <span class='ocrx_word' id='word_1_327' title='bbox 640 3701 895 3755; x_wconf 90' lang='lat' dir='ltr'><strong><em>nondum</em></strong></span> <span class='ocrx_word' id='word_1_328' title='bbox 922 3701 1027 3755; x_wconf 91' lang='lat' dir='ltr'><strong><em>sub</em></strong></span> <span class='ocrx_word' id='word_1_329' title='bbox 1066 3701 1268 3770; x_wconf 89' lang='lat' dir='ltr'><strong><em>gratia.</em></strong></span> <span class='ocrx_word' id='word_1_330' title='bbox 1301 3701 1500 3756; x_wconf 87' lang='lat' dir='ltr'><strong><em>Adhuc</em></strong></span> <span class='ocrx_word' id='word_1_331' title='bbox 1530 3702 1685 3756; x_wconf 90' lang='lat' dir='ltr'><strong><em>enim</em></strong></span> <span class='ocrx_word' id='word_1_332' title='bbox 1715 3718 1830 3756; x_wconf 91' lang='lat' dir='ltr'><strong><em>non</em></strong></span> <span class='ocrx_word' id='word_1_333' title='bbox 1859 3702 2152 3757; x_wconf 85' lang='lat' dir='ltr'><strong><em>intellexe-</em></strong></span> 
     </span>
    </p>
   </div>
   <div class='ocr_carea' id='block_1_40' title="bbox 456 3788 2145 3860">
    <p class='ocr_par' dir='ltr' id='par_1_40' title="bbox 456 3788 2145 3860">
     <span class='ocr_line' id='line_1_40' title="bbox 456 3788 2145 3860; baseline 0.002 -18"><span class='ocrx_word' id='word_1_334' title='bbox 456 3805 582 3843; x_wconf 88' lang='lat' dir='ltr'><strong><em>ram</em></strong></span> <span class='ocrx_word' id='word_1_335' title='bbox 618 3789 739 3842; x_wconf 74' lang='lat' dir='ltr'><strong><em>htec</em></strong></span> <span class='ocrx_word' id='word_1_336' title='bbox 777 3789 950 3842; x_wconf 89' lang='lat' dir='ltr'><strong><em>verba</em></strong></span> <span class='ocrx_word' id='word_1_337' title='bbox 978 3793 1034 3841; x_wconf 90' lang='lat' dir='ltr'><strong><em>et</em></strong></span> <span class='ocrx_word' id='word_1_338' title='bbox 1062 3788 1175 3841; x_wconf 90' lang='lat' dir='ltr'><strong><em>illis</em></strong></span> <span class='ocrx_word' id='word_1_339' title='bbox 1214 3789 1316 3859; x_wconf 89' lang='lat' dir='ltr'><strong><em>qui</em></strong></span> <span class='ocrx_word' id='word_1_340' title='bbox 1345 3791 1448 3843; x_wconf 87' lang='lat' dir='ltr'><strong><em>sub</em></strong></span> <span class='ocrx_word' id='word_1_341' title='bbox 1480 3791 1662 3859; x_wconf 88' lang='lat' dir='ltr'><strong><em>gratia</em></strong></span> <span class='ocrx_word' id='word_1_342' title='bbox 1691 3795 1846 3860; x_wconf 84' lang='lat' dir='ltr'><strong><em>sunt,</em></strong></span> <span class='ocrx_word' id='word_1_343' title='bbox 1876 3807 1994 3845; x_wconf 89' lang='lat' dir='ltr'><strong><em>non</em></strong></span> <span class='ocrx_word' id='word_1_344' title='bbox 2039 3792 2145 3846; x_wconf 90' lang='lat' dir='ltr'><strong><em>sub</em></strong></span> 
     </span>
    </p>
   </div>
   <div class='ocr_carea' id='block_1_41' title="bbox 459 3877 2146 3949">
    <p class='ocr_par' dir='ltr' id='par_1_41' title="bbox 459 3877 2146 3949">
     <span class='ocr_line' id='line_1_41' title="bbox 459 3877 2146 3949; baseline 0.002 -20"><span class='ocrx_word' id='word_1_345' title='bbox 459 3878 629 3945; x_wconf 89' lang='lat' dir='ltr'><strong><em>Lege,</em></strong></span> <span class='ocrx_word' id='word_1_346' title='bbox 656 3880 962 3945; x_wconf 87' lang='lat' dir='ltr'><strong><em>propterea</em></strong></span> <span class='ocrx_word' id='word_1_347' title='bbox 989 3877 1314 3942; x_wconf 87' lang='lat' dir='ltr'><strong><em>convenire,</em></strong></span> <span class='ocrx_word' id='word_1_348' title='bbox 1350 3877 1485 3948; x_wconf 89' lang='lat' dir='ltr'><strong><em>quia</em></strong></span> <span class='ocrx_word' id='word_1_349' title='bbox 1515 3883 1570 3932; x_wconf 90' lang='lat' dir='ltr'><strong><em>et</em></strong></span> <span class='ocrx_word' id='word_1_350' title='bbox 1598 3877 1704 3948; x_wconf 89' lang='lat' dir='ltr'><strong><em>ipsi</em></strong></span> <span class='ocrx_word' id='word_1_351' title='bbox 1736 3879 2146 3949; x_wconf 89' lang='lat' dir='ltr'><strong><em>concupiscen-</em></strong></span> 
     </span>
    </p>
   </div>
   <div class='ocr_carea' id='block_1_42' title="bbox 445 3961 2149 4038">
    <p class='ocr_par' dir='ltr' id='par_1_42' title="bbox 445 3961 2149 4038">
     <span class='ocr_line' id='line_1_42' title="bbox 445 3961 2149 4038; baseline 0.004 -22"><span class='ocrx_word' id='word_1_352' title='bbox 445 3962 562 4016; x_wconf 55' lang='lat' dir='ltr'><strong><em>‘tias</em></strong></span> <span class='ocrx_word' id='word_1_353' title='bbox 591 3961 796 4029; x_wconf 89' lang='lat' dir='ltr'><strong><em>carnis,</em></strong></span> <span class='ocrx_word' id='word_1_354' title='bbox 816 3967 1013 4016; x_wconf 90' lang='lat' dir='ltr'><strong><em>contra</em></strong></span> <span class='ocrx_word' id='word_1_355' title='bbox 1037 3978 1178 4032; x_wconf 85' lang='lat' dir='ltr'><strong><em>quas</em></strong></span> <span class='ocrx_word' id='word_1_356' title='bbox 1208 3964 1415 4033; x_wconf 88' lang='lat' dir='ltr'><strong><em>spiritu</em></strong></span> <span class='ocrx_word' id='word_1_357' title='bbox 1436 3965 1862 4034; x_wconf 88' lang='lat' dir='ltr'><strong><em>concupiscunt,</em></strong></span> <span class='ocrx_word' id='word_1_358' title='bbox 1888 3969 2149 4038; x_wconf 82' lang='lat' dir='ltr'><strong><em>quamvis</em></strong></span> 
     </span>
    </p>
   </div>
   <div class='ocr_carea' id='block_1_43' title="bbox 454 4049 2150 4110">
    <p class='ocr_par' dir='ltr' id='par_1_43' title="bbox 454 4049 2150 4110">
     <span class='ocr_line' id='line_1_43' title="bbox 454 4049 2150 4110; baseline 0.004 -7"><span class='ocrx_word' id='word_1_359' title='bbox 454 4051 537 4104; x_wconf 90' lang='lat' dir='ltr'><strong><em>eis</em></strong></span> <span class='ocrx_word' id='word_1_360' title='bbox 584 4065 699 4104; x_wconf 91' lang='lat' dir='ltr'><strong><em>non</em></strong></span> <span class='ocrx_word' id='word_1_361' title='bbox 719 4049 1077 4104; x_wconf 88' lang='lat' dir='ltr'><strong><em>consentiant</em></strong></span> <span class='ocrx_word' id='word_1_362' title='bbox 1126 4051 1345 4104; x_wconf 89' lang='lat' dir='ltr'><strong><em>nollent</em></strong></span> <span class='ocrx_word' id='word_1_363' title='bbox 1393 4058 1587 4106; x_wconf 90' lang='lat' dir='ltr'><strong><em>tamen</em></strong></span> <span class='ocrx_word' id='word_1_364' title='bbox 1629 4053 1775 4106; x_wconf 88' lang='lat' dir='ltr'><strong><em>ullas</em></strong></span> <span class='ocrx_word' id='word_1_365' title='bbox 1831 4053 2040 4110; x_wconf 88' lang='lat' dir='ltr'><strong><em>habere</em></strong></span> <span class='ocrx_word' id='word_1_366' title='bbox 2104 4057 2150 4109; x_wconf 90' lang='lat' dir='ltr'><strong><em>si</em></strong></span> 
     </span>
    </p>
   </div>
   <div class='ocr_carea' id='block_1_44' title="bbox 451 4138 2152 4214">
    <p class='ocr_par' dir='ltr' id='par_1_44' title="bbox 451 4138 2152 4214">
     <span class='ocr_line' id='line_1_44' title="bbox 451 4138 2152 4214; baseline 0.002 -21"><span class='ocrx_word' id='word_1_367' title='bbox 451 4141 702 4210; x_wconf 87' lang='lat' dir='ltr'><strong><em>possent.</em></strong></span> <span class='ocrx_word' id='word_1_368' title='bbox 740 4139 823 4201; x_wconf 90' lang='lat' dir='ltr'><strong><em>Et,</em></strong></span> <span class='ocrx_word' id='word_1_369' title='bbox 864 4138 992 4192; x_wconf 90' lang='lat' dir='ltr'><strong><em>ideo</em></strong></span> <span class='ocrx_word' id='word_1_370' title='bbox 1014 4154 1130 4192; x_wconf 88' lang='lat' dir='ltr'><strong><em>non</em></strong></span> <span class='ocrx_word' id='word_1_371' title='bbox 1153 4155 1527 4211; x_wconf 60' lang='lat' dir='ltr'><strong><em>quaecumque</em></strong></span> <span class='ocrx_word' id='word_1_372' title='bbox 1545 4141 1742 4195; x_wconf 91' lang='lat' dir='ltr'><strong><em>volunt</em></strong></span> <span class='ocrx_word' id='word_1_373' title='bbox 1756 4141 1992 4209; x_wconf 87' lang='lat' dir='ltr'><strong><em>faciunt,</em></strong></span> <span class='ocrx_word' id='word_1_374' title='bbox 2017 4144 2152 4214; x_wconf 90' lang='lat' dir='ltr'><strong><em>quia</em></strong></span> 
     </span>
    </p>
   </div>
   <div class='ocr_carea' id='block_1_45' title="bbox 449 4227 2152 4298">
    <p class='ocr_par' dir='ltr' id='par_1_45' title="bbox 449 4227 2152 4298">
     <span class='ocr_line' id='line_1_45' title="bbox 449 4227 2152 4298; baseline 0.001 -14"><span class='ocrx_word' id='word_1_375' title='bbox 449 4229 653 4284; x_wconf 87' lang='lat' dir='ltr'><strong><em>volunt</em></strong></span> <span class='ocrx_word' id='word_1_376' title='bbox 694 4227 774 4282; x_wconf 87' lang='lat' dir='ltr'><strong><em>eis</em></strong></span> <span class='ocrx_word' id='word_1_377' title='bbox 819 4242 1030 4290; x_wconf 85' lang='lat' dir='ltr'><strong><em>carere,</em></strong></span> <span class='ocrx_word' id='word_1_378' title='bbox 1091 4243 1194 4280; x_wconf 90' lang='lat' dir='ltr'><strong><em>nec</em></strong></span> <span class='ocrx_word' id='word_1_379' title='bbox 1224 4234 1476 4298; x_wconf 89' lang='lat' dir='ltr'><strong><em>possunt.</em></strong></span> <span class='ocrx_word' id='word_1_380' title='bbox 1525 4230 1682 4283; x_wconf 87' lang='lat' dir='ltr'><strong><em>Tunc</em></strong></span> <span class='ocrx_word' id='word_1_381' title='bbox 1711 4230 1866 4284; x_wconf 89' lang='lat' dir='ltr'><strong><em>enim</em></strong></span> <span class='ocrx_word' id='word_1_382' title='bbox 1912 4248 2007 4285; x_wconf 89' lang='lat' dir='ltr'><strong><em>eas</em></strong></span> <span class='ocrx_word' id='word_1_383' title='bbox 2037 4249 2152 4286; x_wconf 89' lang='lat' dir='ltr'><strong><em>non</em></strong></span> 
     </span>
    </p>
   </div>
   <div class='ocr_carea' id='block_1_46' title="bbox 453 4315 2147 4388">
    <p class='ocr_par' dir='ltr' id='par_1_46' title="bbox 453 4315 2147 4388">
     <span class='ocr_line' id='line_1_46' title="bbox 453 4315 2147 4388; baseline 0.001 -15"><span class='ocrx_word' id='word_1_384' title='bbox 453 4318 767 4379; x_wconf 86' lang='lat' dir='ltr'><strong><em>habebunt,</em></strong></span> <span class='ocrx_word' id='word_1_385' title='bbox 803 4315 1032 4387; x_wconf 84' lang='lat' dir='ltr'><strong><em>quando</em></strong></span> <span class='ocrx_word' id='word_1_386' title='bbox 1059 4331 1163 4369; x_wconf 83' lang='lat' dir='ltr'><strong><em>nec</em></strong></span> <span class='ocrx_word' id='word_1_387' title='bbox 1191 4317 1623 4388; x_wconf 89' lang='lat' dir='ltr'><strong><em>corruptibilcm</em></strong></span> <span class='ocrx_word' id='word_1_388' title='bbox 1653 4335 1903 4373; x_wconf 90' lang='lat' dir='ltr'><strong><em>carnem.</em></strong></span> <span class='ocrx_word' id='word_1_389' title='bbox 1940 4319 2038 4374; x_wconf 88' lang='lat' dir='ltr'><strong><em>Hic</em></strong></span> <span class='ocrx_word' id='word_1_390' title='bbox 2076 4321 2147 4374; x_wconf 86' lang='lat' dir='ltr'><strong><em>li-</em></strong></span> 
     </span>
    </p>
   </div>
   <div class='ocr_carea' id='block_1_47' title="bbox 451 4403 2146 4477">
    <p class='ocr_par' dir='ltr' id='par_1_47' title="bbox 451 4403 2146 4477">
     <span class='ocr_line' id='line_1_47' title="bbox 451 4403 2146 4477; baseline 0.002 -17"><span class='ocrx_word' id='word_1_391' title='bbox 451 4406 553 4461; x_wconf 91' lang='lat' dir='ltr'><strong><em>ber</em></strong></span> <span class='ocrx_word' id='word_1_392' title='bbox 583 4407 662 4461; x_wconf 91' lang='lat' dir='ltr'><strong><em>sic</em></strong></span> <span class='ocrx_word' id='word_1_393' title='bbox 690 4403 921 4476; x_wconf 89' lang='lat' dir='ltr'><strong><em>incipit:</em></strong></span> <span class='ocrx_word' id='word_1_394' title='bbox 965 4405 1142 4461; x_wconf 87' lang='lat' dir='ltr'><strong><em>Causa</em></strong></span> <span class='ocrx_word' id='word_1_395' title='bbox 1184 4410 1410 4474; x_wconf 85' lang='lat' dir='ltr'><strong><em>propter</em></strong></span> <span class='ocrx_word' id='word_1_396' title='bbox 1457 4422 1620 4474; x_wconf 87' lang='lat' dir='ltr'><strong><em>quam</em></strong></span> <span class='ocrx_word' id='word_1_397' title='bbox 1664 4407 1857 4462; x_wconf 86' lang='lat' dir='ltr'><strong><em>scribit</em></strong></span> <span class='ocrx_word' id='word_1_398' title='bbox 1907 4407 2146 4477; x_wconf 84' lang='lat' dir='ltr'><strong><em>Aposto-</em></strong></span> 
     </span>
    </p>
   </div>
   <div class='ocr_carea' id='block_1_48' title="bbox 453 4494 555 4548">
    <p class='ocr_par' dir='ltr' id='par_1_48' title="bbox 453 4494 555 4548">
     <span class='ocr_line' id='line_1_48' title="bbox 453 4494 555 4548; baseline -0.029 -1"><span class='ocrx_word' id='word_1_399' title='bbox 453 4494 555 4548; x_wconf 90' lang='lat' dir='ltr'><strong><em>lus.</em></strong></span> 
     </span>
    </p>
   </div>
   <div class='ocr_carea' id='block_1_49' title="bbox 1091 4581 1509 4636">
    <p class='ocr_par' dir='ltr' id='par_1_49' title="bbox 1091 4581 1509 4636">
     <span class='ocr_line' id='line_1_49' title="bbox 1091 4581 1509 4636; baseline -0.007 0"><span class='ocrx_word' id='word_1_400' title='bbox 1091 4581 1315 4636; x_wconf 82' lang='lat' dir='ltr'><strong><em>CAPUT</em></strong></span> <span class='ocrx_word' id='word_1_401' title='bbox 1356 4581 1509 4635; x_wconf 76' lang='lat' dir='ltr'><strong><em>XXV.</em></strong></span> 
     </span>
    </p>
   </div>
   <div class='ocr_carea' id='block_1_50' title="bbox 519 4669 2144 4740">
    <p class='ocr_par' dir='ltr' id='par_1_50' title="bbox 519 4669 2144 4740">
     <span class='ocr_line' id='line_1_50' title="bbox 519 4669 2144 4740; baseline 0.002 -16"><span class='ocrx_word' id='word_1_402' title='bbox 519 4669 775 4738; x_wconf 60' lang='lat' dir='ltr'><strong><em>Epistolas</em></strong></span> <span class='ocrx_word' id='word_1_403' title='bbox 803 4669 877 4724; x_wconf 90' lang='lat' dir='ltr'><strong><em>ad</em></strong></span> <span class='ocrx_word' id='word_1_404' title='bbox 904 4673 1168 4726; x_wconf 87' lang='lat' dir='ltr'><strong><em>Romanos</em></strong></span> <span class='ocrx_word' id='word_1_405' title='bbox 1198 4671 1454 4725; x_wconf 87' lang='lat' dir='ltr'><strong><em>inchoata</em></strong></span> <span class='ocrx_word' id='word_1_406' title='bbox 1478 4672 1784 4740; x_wconf 60' lang='lat' dir='ltr'><strong><em>Expositio,</em></strong></span> <span class='ocrx_word' id='word_1_407' title='bbox 1817 4672 1953 4727; x_wconf 85' lang='lat' dir='ltr'><strong><em>liber</em></strong></span> <span class='ocrx_word' id='word_1_408' title='bbox 1983 4687 2144 4728; x_wconf 89' lang='lat' dir='ltr'><strong><em>unus.</em></strong></span> 
     </span>
    </p>
   </div>
   <div class='ocr_carea' id='block_1_51' title="bbox 525 4773 2148 4848">
    <p class='ocr_par' dir='ltr' id='par_1_51' title="bbox 525 4773 2148 4848">
     <span class='ocr_line' id='line_1_51' title="bbox 525 4773 2148 4848; baseline 0.002 -19"><span class='ocrx_word' id='word_1_409' title='bbox 525 4773 791 4844; x_wconf 77' lang='lat' dir='ltr'><strong><em>Epistolze</em></strong></span> <span class='ocrx_word' id='word_1_410' title='bbox 842 4793 1071 4848; x_wconf 89' lang='lat' dir='ltr'><strong><em>quoque</em></strong></span> <span class='ocrx_word' id='word_1_411' title='bbox 1092 4777 1162 4832; x_wconf 88' lang='lat' dir='ltr'><strong><em>ad</em></strong></span> <span class='ocrx_word' id='word_1_412' title='bbox 1185 4778 1491 4846; x_wconf 83' lang='lat' dir='ltr'><strong><em>Romanos,</em></strong></span> <span class='ocrx_word' id='word_1_413' title='bbox 1523 4777 1668 4831; x_wconf 89' lang='lat' dir='ltr'><strong><em>sicut</em></strong></span> <span class='ocrx_word' id='word_1_414' title='bbox 1687 4777 2025 4848; x_wconf 61' lang='lat' dir='ltr'><strong><em>adﬁalatas,</em></strong></span> <span class='ocrx_word' id='word_1_415' title='bbox 2053 4795 2148 4833; x_wconf 82' lang='lat' dir='ltr'><strong><em>ex-</em></strong></span> 
     </span>
    </p>
   </div>
   <div class='ocr_carea' id='block_1_52' title="bbox 449 4862 2146 4936">
    <p class='ocr_par' dir='ltr' id='par_1_52' title="bbox 449 4862 2146 4936">
     <span class='ocr_line' id='line_1_52' title="bbox 449 4862 2146 4936; baseline 0.002 -20"><span class='ocrx_word' id='word_1_416' title='bbox 449 4862 789 4935; x_wconf 87' lang='lat' dir='ltr'><strong><em>positionem</em></strong></span> <span class='ocrx_word' id='word_1_417' title='bbox 824 4880 1200 4934; x_wconf 90' lang='lat' dir='ltr'><strong><em>susceperam.</em></strong></span> <span class='ocrx_word' id='word_1_418' title='bbox 1235 4865 1338 4919; x_wconf 88' lang='lat' dir='ltr'><strong><em>Sed</em></strong></span> <span class='ocrx_word' id='word_1_419' title='bbox 1387 4865 1557 4935; x_wconf 88' lang='lat' dir='ltr'><strong><em>hujus</em></strong></span> <span class='ocrx_word' id='word_1_420' title='bbox 1588 4865 1796 4935; x_wconf 90' lang='lat' dir='ltr'><strong><em>operis,</em></strong></span> <span class='ocrx_word' id='word_1_421' title='bbox 1830 4867 1874 4919; x_wconf 91' lang='lat' dir='ltr'><strong><em>si</em></strong></span> <span class='ocrx_word' id='word_1_422' title='bbox 1909 4866 2146 4936; x_wconf 82' lang='lat' dir='ltr'><strong><em>perﬁce-</em></strong></span> 
     </span>
    </p>
   </div>
   <div class='ocr_carea' id='block_1_53' title="bbox 451 4950 2148 5023">
    <p class='ocr_par' dir='ltr' id='par_1_53' title="bbox 451 4950 2148 5023">
     <span class='ocr_line' id='line_1_53' title="bbox 451 4950 2148 5023; baseline 0.002 -17"><span class='ocrx_word' id='word_1_423' title='bbox 451 4956 627 5013; x_wconf 84' lang='lat' dir='ltr'><strong><em>retur,</em></strong></span> <span class='ocrx_word' id='word_1_424' title='bbox 662 4950 854 5021; x_wconf 89' lang='lat' dir='ltr'><strong><em>plures</em></strong></span> <span class='ocrx_word' id='word_1_425' title='bbox 873 4951 1004 5006; x_wconf 89' lang='lat' dir='ltr'><strong><em>libri</em></strong></span> <span class='ocrx_word' id='word_1_426' title='bbox 1035 4957 1198 5007; x_wconf 88' lang='lat' dir='ltr'><strong><em>erant</em></strong></span> <span class='ocrx_word' id='word_1_427' title='bbox 1225 4952 1432 5018; x_wconf 87' lang='lat' dir='ltr'><strong><em>futuri;</em></strong></span> <span class='ocrx_word' id='word_1_428' title='bbox 1466 4968 1716 5023; x_wconf 88' lang='lat' dir='ltr'><strong><em>quorum</em></strong></span> <span class='ocrx_word' id='word_1_429' title='bbox 1737 4970 1920 5008; x_wconf 92' lang='lat' dir='ltr'><strong><em>unum</em></strong></span> <span class='ocrx_word' id='word_1_430' title='bbox 1945 4955 2006 5008; x_wconf 91' lang='lat' dir='ltr'><strong><em>in</em></strong></span> <span class='ocrx_word' id='word_1_431' title='bbox 2027 4957 2148 5010; x_wconf 88' lang='lat' dir='ltr'><strong><em>sola</em></strong></span> 
     </span>
    </p>
   </div>
   <div class='ocr_carea' id='block_1_54' title="bbox 450 5037 2148 5112">
    <p class='ocr_par' dir='ltr' id='par_1_54' title="bbox 450 5037 2148 5112">
     <span class='ocr_line' id='line_1_54' title="bbox 450 5037 2148 5112; baseline 0 -16"><span class='ocrx_word' id='word_1_432' title='bbox 450 5038 834 5112; x_wconf 86' lang='lat' dir='ltr'><strong><em>disputatione</em></strong></span> <span class='ocrx_word' id='word_1_433' title='bbox 864 5037 1042 5108; x_wconf 88' lang='lat' dir='ltr'><strong><em>ipsius</em></strong></span> <span class='ocrx_word' id='word_1_434' title='bbox 1072 5039 1428 5094; x_wconf 88' lang='lat' dir='ltr'><strong><em>salutationis</em></strong></span> <span class='ocrx_word' id='word_1_435' title='bbox 1459 5041 1696 5108; x_wconf 88' lang='lat' dir='ltr'><strong><em>absolvi,</em></strong></span> <span class='ocrx_word' id='word_1_436' title='bbox 1727 5042 1798 5096; x_wconf 90' lang='lat' dir='ltr'><strong><em>ab</em></strong></span> <span class='ocrx_word' id='word_1_437' title='bbox 1819 5041 1983 5097; x_wconf 91' lang='lat' dir='ltr'><strong><em>initio</em></strong></span> <span class='ocrx_word' id='word_1_438' title='bbox 2002 5043 2148 5096; x_wconf 90' lang='lat' dir='ltr'><strong><em>scili-</em></strong></span> 
     </span>
    </p>
   </div>
   <div class='ocr_carea' id='block_1_55' title="bbox 448 5125 2144 5200">
    <p class='ocr_par' dir='ltr' id='par_1_55' title="bbox 448 5125 2144 5200">
     <span class='ocr_line' id='line_1_55' title="bbox 448 5125 2144 5200; baseline 0 -15"><span class='ocrx_word' id='word_1_439' title='bbox 448 5135 537 5185; x_wconf 86' lang='lat' dir='ltr'><strong><em>cet</em></strong></span> <span class='ocrx_word' id='word_1_440' title='bbox 570 5143 747 5200; x_wconf 89' lang='lat' dir='ltr'><strong><em>usque</em></strong></span> <span class='ocrx_word' id='word_1_441' title='bbox 777 5126 848 5180; x_wconf 89' lang='lat' dir='ltr'><strong><em>ad</em></strong></span> <span class='ocrx_word' id='word_1_442' title='bbox 877 5125 1037 5192; x_wconf 90' lang='lat' dir='ltr'><strong><em>illud,</em></strong></span> <span class='ocrx_word' id='word_1_443' title='bbox 1072 5127 1167 5180; x_wconf 90' lang='lat' dir='ltr'><strong><em>ubi</em></strong></span> <span class='ocrx_word' id='word_1_444' title='bbox 1197 5127 1303 5182; x_wconf 89' lang='lat' dir='ltr'><strong><em>ait:</em></strong></span> <span class='ocrx_word' id='word_1_445' title='bbox 1333 5129 1526 5184; x_wconf 88' lang='lat' dir='ltr'><strong><em>Gratia</em></strong></span> <span class='ocrx_word' id='word_1_446' title='bbox 1553 5130 1701 5184; x_wconf 91' lang='lat' dir='ltr'><strong><em>vobis</em></strong></span> <span class='ocrx_word' id='word_1_447' title='bbox 1733 5135 1782 5185; x_wconf 90' lang='lat' dir='ltr'><strong><em>et</em></strong></span> <span class='ocrx_word' id='word_1_448' title='bbox 1818 5146 1938 5200; x_wconf 67' lang='lat' dir='ltr'><strong><em>pas:</em></strong></span> <span class='ocrx_word' id='word_1_449' title='bbox 1976 5147 2011 5184; x_wconf 90' lang='lat' dir='ltr'><strong><em>a</em></strong></span> <span class='ocrx_word' id='word_1_450' title='bbox 2041 5133 2144 5186; x_wconf 82' lang='lat' dir='ltr'><strong><em>Deo</em></strong></span> 
     </span>
    </p>
   </div>
   <div class='ocr_carea' id='block_1_56' title="bbox 442 5216 2144 5275">
    <p class='ocr_par' dir='ltr' id='par_1_56' title="bbox 442 5216 2144 5275">
     <span class='ocr_line' id='line_1_56' title="bbox 442 5216 2144 5275; baseline -0.001 0"><span class='ocrx_word' id='word_1_451' title='bbox 442 5222 607 5275; x_wconf 87' lang='lat' dir='ltr'><strong><em>Patre</em></strong></span> <span class='ocrx_word' id='word_1_452' title='bbox 660 5220 842 5272; x_wconf 87' lang='lat' dir='ltr'><strong><em>nostro</em></strong></span> <span class='ocrx_word' id='word_1_453' title='bbox 901 5219 951 5269; x_wconf 90' lang='lat' dir='ltr'><strong><em>et</em></strong></span> <span class='ocrx_word' id='word_1_454' title='bbox 1008 5216 1231 5270; x_wconf 89' lang='lat' dir='ltr'><strong><em>Domino</em></strong></span> <span class='ocrx_word' id='word_1_455' title='bbox 1289 5218 1428 5271; x_wconf 89' lang='lat' dir='ltr'><strong><em>Jesu</em></strong></span> <span class='ocrx_word' id='word_1_456' title='bbox 1476 5219 1709 5274; x_wconf 87' lang='lat' dir='ltr'><strong><em>Christo.</em></strong></span> <span class='ocrx_word' id='word_1_457' title='bbox 1780 5219 2010 5274; x_wconf 84' lang='lat' dir='ltr'><strong><em>Factum</em></strong></span> <span class='ocrx_word' id='word_1_458' title='bbox 2061 5224 2144 5274; x_wconf 86' lang='lat' dir='ltr'><strong><em>est</em></strong></span> 
     </span>
    </p>
   </div>
   <div class='ocr_carea' id='block_1_57' title="bbox 445 5303 2142 5379">
    <p class='ocr_par' dir='ltr' id='par_1_57' title="bbox 445 5303 2142 5379">
     <span class='ocr_line' id='line_1_57' title="bbox 445 5303 2142 5379; baseline -0.005 -15"><span class='ocrx_word' id='word_1_459' title='bbox 445 5308 660 5379; x_wconf 87' lang='lat' dir='ltr'><strong><em>quippe</em></strong></span> <span class='ocrx_word' id='word_1_460' title='bbox 679 5311 742 5361; x_wconf 91' lang='lat' dir='ltr'><strong><em>ut</em></strong></span> <span class='ocrx_word' id='word_1_461' title='bbox 756 5303 1196 5359; x_wconf 89' lang='lat' dir='ltr'><strong><em>immoraremur</em></strong></span> <span class='ocrx_word' id='word_1_462' title='bbox 1216 5319 1346 5358; x_wconf 90' lang='lat' dir='ltr'><strong><em>cum</em></strong></span> <span class='ocrx_word' id='word_1_463' title='bbox 1367 5305 1640 5361; x_wconf 88' lang='lat' dir='ltr'><strong><em>vellemus</em></strong></span> <span class='ocrx_word' id='word_1_464' title='bbox 1661 5306 1878 5361; x_wconf 84' lang='lat' dir='ltr'><strong><em>solvere</em></strong></span> <span class='ocrx_word' id='word_1_465' title='bbox 1899 5307 2142 5363; x_wconf 89' lang='lat' dir='ltr'><strong><em>inciden-</em></strong></span> 
     </span>
    </p>
   </div>
   <div class='ocr_carea' id='block_1_58' title="bbox 509 5426 2143 5493">
    <p class='ocr_par' dir='ltr' id='par_1_58' title="bbox 509 5426 2143 5493">
     <span class='ocr_line' id='line_1_58' title="bbox 509 5426 2143 5493; baseline 0.001 -13"><span class='ocrx_word' id='word_1_466' title='bbox 509 5434 524 5466; x_wconf 84' lang='grc'>¹</span> <span class='ocrx_word' id='word_1_467' title='bbox 547 5431 623 5480; x_wconf 88' lang='lat' dir='ltr'><strong><em>Ita</em></strong></span> <span class='ocrx_word' id='word_1_468' title='bbox 647 5431 766 5479; x_wconf 85' lang='lat' dir='ltr'><strong><em>Mss.</em></strong></span> <span class='ocrx_word' id='word_1_469' title='bbox 786 5427 1022 5493; x_wconf 79' lang='lat' dir='ltr'><strong><em>plerique</em></strong></span> <span class='ocrx_word' id='word_1_470' title='bbox 1037 5426 1188 5493; x_wconf 78' lang='lat' dir='ltr'><strong><em>juxta</em></strong></span> <span class='ocrx_word' id='word_1_471' title='bbox 1203 5439 1363 5493; x_wconf 70' lang='lat' dir='ltr'><strong><em>grtes.</em></strong></span> <span class='ocrx_word' id='word_1_472' title='bbox 1388 5426 1714 5490; x_wconf 70' lang='lat' dir='ltr'><strong><em>prosetethe,</em></strong></span> <span class='ocrx_word' id='word_1_473' title='bbox 1735 5443 1832 5480; x_wconf 91' lang='lat' dir='ltr'><strong><em>nec</em></strong></span> <span class='ocrx_word' id='word_1_474' title='bbox 1853 5444 1962 5480; x_wconf 89' lang='lat' dir='ltr'><strong><em>non</em></strong></span> <span class='ocrx_word' id='word_1_475' title='bbox 1981 5432 2143 5482; x_wconf 85' lang='lat' dir='ltr'><strong><em>Lova-</em></strong></span> 
     </span>
    </p>
   </div>
   <div class='ocr_carea' id='block_1_59' title="bbox 444 5490 2141 5557">
    <p class='ocr_par' dir='ltr' id='par_1_59' title="bbox 444 5490 2141 5557">
     <span class='ocr_line' id='line_1_59' title="bbox 444 5490 2141 5557; baseline 0.002 -17"><span class='ocrx_word' id='word_1_476' title='bbox 444 5491 655 5557; x_wconf 68' lang='lat' dir='ltr'><strong><em>nienses</em></strong></span> <span class='ocrx_word' id='word_1_477' title='bbox 684 5493 740 5541; x_wconf 89' lang='lat' dir='ltr'><strong><em>in</em></strong></span> <span class='ocrx_word' id='word_1_478' title='bbox 769 5490 830 5542; x_wconf 79' lang='lat' dir='ltr'><strong><em>eo</em></strong></span> <span class='ocrx_word' id='word_1_479' title='bbox 859 5490 994 5557; x_wconf 88' lang='lat' dir='ltr'><strong><em>loco,</em></strong></span> <span class='ocrx_word' id='word_1_480' title='bbox 1026 5490 1115 5554; x_wconf 91' lang='lat' dir='ltr'><strong><em>qui</em></strong></span> <span class='ocrx_word' id='word_1_481' title='bbox 1137 5491 1468 5551; x_wconf 85' lang='lat' dir='ltr'><strong><em>retractatur,</em></strong></span> <span class='ocrx_word' id='word_1_482' title='bbox 1486 5493 1727 5554; x_wconf 83' lang='lat' dir='ltr'><strong><em>quamvis</em></strong></span> <span class='ocrx_word' id='word_1_483' title='bbox 1744 5493 1827 5542; x_wconf 92' lang='lat' dir='ltr'><strong><em>hic</em></strong></span> <span class='ocrx_word' id='word_1_484' title='bbox 1847 5499 2141 5557; x_wconf 87' lang='lat' dir='ltr'><strong><em>sequantur</em></strong></span> 
     </span>
    </p>
   </div>
   <div class='ocr_carea' id='block_1_60' title="bbox 445 5553 976 5618">
    <p class='ocr_par' dir='ltr' id='par_1_60' title="bbox 445 5553 976 5618">
     <span class='ocr_line' id='line_1_60' title="bbox 445 5553 976 5618; baseline 0.002 -16"><span class='ocrx_word' id='word_1_485' title='bbox 445 5553 655 5618; x_wconf 83' lang='lat' dir='ltr'><strong><em>Vulgat.</em></strong></span> <span class='ocrx_word' id='word_1_486' title='bbox 682 5558 854 5617; x_wconf 81' lang='lat' dir='ltr'><strong><em>posita</em></strong></span> <span class='ocrx_word' id='word_1_487' title='bbox 881 5555 976 5606; x_wconf 81' lang='lat' dir='ltr'><strong><em>est.</em></strong></span> 
     </span>
    </p>
   </div>
   <div class='ocr_carea' id='block_1_61' title="bbox 1587 317 3851 384">
    <p class='ocr_par' dir='ltr' id='par_1_61' title="bbox 1587 317 3851 384">
     <span class='ocr_line' id='line_1_61' title="bbox 1587 317 3851 384; baseline 0.004 -10"><span class='ocrx_word' id='word_1_488' title='bbox 1587 317 2243 376; x_wconf 75' lang='lat' dir='ltr'><strong><em>RETRACTATIONUM</em></strong></span> <span class='ocrx_word' id='word_1_489' title='bbox 2293 319 2346 372; x_wconf 83' lang='lat' dir='ltr'><strong><em>S.</em></strong></span> <span class='ocrx_word' id='word_1_490' title='bbox 2419 317 2820 374; x_wconf 76' lang='lat' dir='ltr'><strong><em>AUGUSTINI.</em></strong></span> <span class='ocrx_word' id='word_1_491' title='bbox 3781 331 3851 384; x_wconf 71' lang='grc'><strong><em>624</em></strong></span> 
     </span>
    </p>
   </div>
   <div class='ocr_carea' id='block_1_62' title="bbox 2249 457 3854 534">
    <p class='ocr_par' dir='ltr' id='par_1_62' title="bbox 2249 457 3854 534">
     <span class='ocr_line' id='line_1_62' title="bbox 2249 457 3854 534; baseline 0.004 -21"><span class='ocrx_word' id='word_1_492' title='bbox 2249 463 2363 513; x_wconf 90' lang='lat' dir='ltr'><strong><em>tem</em></strong></span> <span class='ocrx_word' id='word_1_493' title='bbox 2397 460 2649 513; x_wconf 86' lang='lat' dir='ltr'><strong><em>sermoni</em></strong></span> <span class='ocrx_word' id='word_1_494' title='bbox 2679 464 2873 513; x_wconf 91' lang='lat' dir='ltr'><strong><em>nostro</em></strong></span> <span class='ocrx_word' id='word_1_495' title='bbox 2895 457 3293 512; x_wconf 77' lang='lat' dir='ltr'><strong><em>difﬁcillimam</em></strong></span> <span class='ocrx_word' id='word_1_496' title='bbox 3323 460 3669 528; x_wconf 63' lang='lat' dir='ltr'><strong><em>quastionem</em></strong></span> <span class='ocrx_word' id='word_1_497' title='bbox 3689 462 3746 516; x_wconf 89' lang='lat' dir='ltr'><strong><em>de</em></strong></span> <span class='ocrx_word' id='word_1_498' title='bbox 3767 480 3854 534; x_wconf 82' lang='lat' dir='ltr'><strong><em>pec-</em></strong></span> 
     </span>
    </p>
   </div>
   <div class='ocr_carea' id='block_1_63' title="bbox 2247 547 3847 623">
    <p class='ocr_par' dir='ltr' id='par_1_63' title="bbox 2247 547 3847 623">
     <span class='ocr_line' id='line_1_63' title="bbox 2247 547 3847 623; baseline 0.003 -21"><span class='ocrx_word' id='word_1_499' title='bbox 2247 554 2372 602; x_wconf 89' lang='lat' dir='ltr'><strong><em>cato</em></strong></span> <span class='ocrx_word' id='word_1_500' title='bbox 2400 549 2460 602; x_wconf 92' lang='lat' dir='ltr'><strong><em>in</em></strong></span> <span class='ocrx_word' id='word_1_501' title='bbox 2487 548 2760 618; x_wconf 87' lang='lat' dir='ltr'><strong><em>Spiritum</em></strong></span> <span class='ocrx_word' id='word_1_502' title='bbox 2787 551 3069 614; x_wconf 89' lang='lat' dir='ltr'><strong><em>sanctum,</em></strong></span> <span class='ocrx_word' id='word_1_503' title='bbox 3091 547 3246 617; x_wconf 90' lang='lat' dir='ltr'><strong><em>quod</em></strong></span> <span class='ocrx_word' id='word_1_504' title='bbox 3271 562 3383 600; x_wconf 89' lang='lat' dir='ltr'><strong><em>non</em></strong></span> <span class='ocrx_word' id='word_1_505' title='bbox 3401 549 3692 604; x_wconf 85' lang='lat' dir='ltr'><strong><em>remittatur</em></strong></span> <span class='ocrx_word' id='word_1_506' title='bbox 3709 567 3847 623; x_wconf 79' lang='lat' dir='ltr'><strong><em>neque</em></strong></span> 
     </span>
    </p>
   </div>
   <div class='ocr_carea' id='block_1_64' title="bbox 2249 635 3857 707">
    <p class='ocr_par' dir='ltr' id='par_1_64' title="bbox 2249 635 3857 707">
     <span class='ocr_line' id='line_1_64' title="bbox 2249 635 3857 707; baseline 0.001 -16"><span class='ocrx_word' id='word_1_507' title='bbox 2249 638 2310 691; x_wconf 90' lang='lat' dir='ltr'><strong><em>in</em></strong></span> <span class='ocrx_word' id='word_1_508' title='bbox 2342 639 2446 691; x_wconf 90' lang='lat' dir='ltr'><strong><em>hoc</em></strong></span> <span class='ocrx_word' id='word_1_509' title='bbox 2471 638 2678 691; x_wconf 65' lang='lat' dir='ltr'><strong><em>saeculo</em></strong></span> <span class='ocrx_word' id='word_1_510' title='bbox 2719 652 2904 707; x_wconf 90' lang='lat' dir='ltr'><strong><em>neque</em></strong></span> <span class='ocrx_word' id='word_1_511' title='bbox 2925 636 2984 689; x_wconf 88' lang='lat' dir='ltr'><strong><em>in</em></strong></span> <span class='ocrx_word' id='word_1_512' title='bbox 3007 637 3221 689; x_wconf 88' lang='lat' dir='ltr'><strong><em>futuro.</em></strong></span> <span class='ocrx_word' id='word_1_513' title='bbox 3260 635 3368 689; x_wconf 90' lang='lat' dir='ltr'><strong><em>Sed</em></strong></span> <span class='ocrx_word' id='word_1_514' title='bbox 3399 636 3585 690; x_wconf 87' lang='lat' dir='ltr'><strong><em>deinde</em></strong></span> <span class='ocrx_word' id='word_1_515' title='bbox 3612 640 3708 690; x_wconf 90' lang='lat' dir='ltr'><strong><em>alia</em></strong></span> <span class='ocrx_word' id='word_1_516' title='bbox 3743 642 3857 694; x_wconf 76' lang='lat' dir='ltr'><strong><em>volu~</em></strong></span> 
     </span>
    </p>
   </div>
   <div class='ocr_carea' id='block_1_65' title="bbox 2254 724 3857 796">
    <p class='ocr_par' dir='ltr' id='par_1_65' title="bbox 2254 724 3857 796">
     <span class='ocr_line' id='line_1_65' title="bbox 2254 724 3857 796; baseline 0.001 -15"><span class='ocrx_word' id='word_1_517' title='bbox 2254 728 2411 781; x_wconf 89' lang='lat' dir='ltr'><strong><em>mina</em></strong></span> <span class='ocrx_word' id='word_1_518' title='bbox 2443 725 2654 780; x_wconf 83' lang='lat' dir='ltr'><strong><em>cessavi</em></strong></span> <span class='ocrx_word' id='word_1_519' title='bbox 2695 726 3005 795; x_wconf 85' lang='lat' dir='ltr'><strong><em>adjungere</em></strong></span> <span class='ocrx_word' id='word_1_520' title='bbox 3046 724 3378 794; x_wconf 90' lang='lat' dir='ltr'><strong><em>exponendo</em></strong></span> <span class='ocrx_word' id='word_1_521' title='bbox 3409 725 3682 794; x_wconf 85' lang='lat' dir='ltr'><strong><em>Epistolam</em></strong></span> <span class='ocrx_word' id='word_1_522' title='bbox 3708 732 3857 796; x_wconf 82' lang='lat' dir='ltr'><strong><em>totam,</em></strong></span> 
     </span>
    </p>
   </div>
   <div class='ocr_carea' id='block_1_66' title="bbox 2253 813 3862 886">
    <p class='ocr_par' dir='ltr' id='par_1_66' title="bbox 2253 813 3862 886">
     <span class='ocr_line' id='line_1_66' title="bbox 2253 813 3862 886; baseline 0.001 -17"><span class='ocrx_word' id='word_1_523' title='bbox 2253 815 2430 886; x_wconf 90' lang='lat' dir='ltr'><strong><em>ipsius</em></strong></span> <span class='ocrx_word' id='word_1_524' title='bbox 2462 814 2648 886; x_wconf 89' lang='lat' dir='ltr'><strong><em>operis</em></strong></span> <span class='ocrx_word' id='word_1_525' title='bbox 2681 813 3080 884; x_wconf 84' lang='lat' dir='ltr'><strong><em>magnitudine</em></strong></span> <span class='ocrx_word' id='word_1_526' title='bbox 3125 829 3188 866; x_wconf 91' lang='lat' dir='ltr'><strong><em>ac</em></strong></span> <span class='ocrx_word' id='word_1_527' title='bbox 3215 813 3409 866; x_wconf 89' lang='lat' dir='ltr'><strong><em>labore</em></strong></span> <span class='ocrx_word' id='word_1_528' title='bbox 3448 813 3735 876; x_wconf 84' lang='lat' dir='ltr'><strong><em>deterritus,</em></strong></span> <span class='ocrx_word' id='word_1_529' title='bbox 3764 818 3862 870; x_wconf 86' lang='lat' dir='ltr'><strong><em>etin</em></strong></span> 
     </span>
    </p>
   </div>
   <div class='ocr_carea' id='block_1_67' title="bbox 2255 901 3863 959">
    <p class='ocr_par' dir='ltr' id='par_1_67' title="bbox 2255 901 3863 959">
     <span class='ocr_line' id='line_1_67' title="bbox 2255 901 3863 959; baseline 0.002 -3"><span class='ocrx_word' id='word_1_530' title='bbox 2255 904 2365 957; x_wconf 90' lang='lat' dir='ltr'><strong><em>alia</em></strong></span> <span class='ocrx_word' id='word_1_531' title='bbox 2395 903 2651 957; x_wconf 88' lang='lat' dir='ltr'><strong><em>faciliora</em></strong></span> <span class='ocrx_word' id='word_1_532' title='bbox 2681 904 2934 957; x_wconf 88' lang='lat' dir='ltr'><strong><em>detlexus</em></strong></span> <span class='ocrx_word' id='word_1_533' title='bbox 2973 917 3119 955; x_wconf 90' lang='lat' dir='ltr'><strong><em>sum.</em></strong></span> <span class='ocrx_word' id='word_1_534' title='bbox 3155 903 3238 955; x_wconf 91' lang='lat' dir='ltr'><strong><em>Ita</em></strong></span> <span class='ocrx_word' id='word_1_535' title='bbox 3281 901 3489 954; x_wconf 88' lang='lat' dir='ltr'><strong><em>factum</em></strong></span> <span class='ocrx_word' id='word_1_536' title='bbox 3521 905 3597 955; x_wconf 89' lang='lat' dir='ltr'><strong><em>est</em></strong></span> <span class='ocrx_word' id='word_1_537' title='bbox 3617 907 3671 956; x_wconf 91' lang='lat' dir='ltr'><strong><em>ut</em></strong></span> <span class='ocrx_word' id='word_1_538' title='bbox 3711 903 3863 959; x_wconf 87' lang='lat' dir='ltr'><strong><em>librum</em></strong></span> 
     </span>
    </p>
   </div>
   <div class='ocr_carea' id='block_1_68' title="bbox 2256 989 3864 1062">
    <p class='ocr_par' dir='ltr' id='par_1_68' title="bbox 2256 989 3864 1062">
     <span class='ocr_line' id='line_1_68' title="bbox 2256 989 3864 1062; baseline 0.001 -18"><span class='ocrx_word' id='word_1_539' title='bbox 2256 1008 2428 1062; x_wconf 89' lang='lat' dir='ltr'><strong><em>quem</em></strong></span> <span class='ocrx_word' id='word_1_540' title='bbox 2447 992 2688 1045; x_wconf 85' lang='lat' dir='ltr'><strong><em>feceram</em></strong></span> <span class='ocrx_word' id='word_1_541' title='bbox 2711 990 2981 1060; x_wconf 90' lang='lat' dir='ltr'><strong><em>primum,</em></strong></span> <span class='ocrx_word' id='word_1_542' title='bbox 3009 989 3393 1060; x_wconf 88' lang='lat' dir='ltr'><strong><em>relinquerem</em></strong></span> <span class='ocrx_word' id='word_1_543' title='bbox 3416 989 3611 1055; x_wconf 89' lang='lat' dir='ltr'><strong><em>solum,</em></strong></span> <span class='ocrx_word' id='word_1_544' title='bbox 3633 991 3768 1060; x_wconf 85' lang='lat' dir='ltr'><strong><em>cujus</em></strong></span> <span class='ocrx_word' id='word_1_545' title='bbox 3784 1009 3864 1046; x_wconf 83' lang='lat' dir='ltr'><strong><em>esse</em></strong></span> 
     </span>
    </p>
   </div>
   <div class='ocr_carea' id='block_1_69' title="bbox 2255 1078 3864 1150">
    <p class='ocr_par' dir='ltr' id='par_1_69' title="bbox 2255 1078 3864 1150">
     <span class='ocr_line' id='line_1_69' title="bbox 2255 1078 3864 1150; baseline 0 -17"><span class='ocrx_word' id='word_1_546' title='bbox 2255 1080 2463 1134; x_wconf 92' lang='lat' dir='ltr'><strong><em>tiulum</em></strong></span> <span class='ocrx_word' id='word_1_547' title='bbox 2495 1079 2677 1133; x_wconf 87' lang='lat' dir='ltr'><strong><em>volui:</em></strong></span> <span class='ocrx_word' id='word_1_548' title='bbox 2714 1078 2979 1148; x_wconf 67' lang='lat' dir='ltr'><strong><em>Epistolas</em></strong></span> <span class='ocrx_word' id='word_1_549' title='bbox 3025 1079 3095 1131; x_wconf 90' lang='lat' dir='ltr'><strong><em>ad</em></strong></span> <span class='ocrx_word' id='word_1_550' title='bbox 3144 1078 3424 1132; x_wconf 84' lang='lat' dir='ltr'><strong><em>Romanos</em></strong></span> <span class='ocrx_word' id='word_1_551' title='bbox 3476 1078 3713 1133; x_wconf 88' lang='lat' dir='ltr'><strong><em>inchoata</em></strong></span> <span class='ocrx_word' id='word_1_552' title='bbox 3738 1080 3864 1150; x_wconf 85' lang='lat' dir='ltr'><strong><em>Expo-</em></strong></span> 
     </span>
    </p>
   </div>
   <div class='ocr_carea' id='block_1_70' title="bbox 2257 1167 3863 1238">
    <p class='ocr_par' dir='ltr' id='par_1_70' title="bbox 2257 1167 3863 1238">
     <span class='ocr_line' id='line_1_70' title="bbox 2257 1167 3863 1238; baseline -0.001 -17"><span class='ocrx_word' id='word_1_553' title='bbox 2257 1169 2406 1224; x_wconf 87' lang='lat' dir='ltr'><strong><em>sitio.</em></strong></span> <span class='ocrx_word' id='word_1_554' title='bbox 2454 1169 2556 1223; x_wconf 91' lang='lat' dir='ltr'><strong><em>Ubi</em></strong></span> <span class='ocrx_word' id='word_1_555' title='bbox 2588 1167 2740 1238; x_wconf 89' lang='lat' dir='ltr'><strong><em>quod</em></strong></span> <span class='ocrx_word' id='word_1_556' title='bbox 2774 1167 2911 1234; x_wconf 85' lang='lat' dir='ltr'><strong><em>dixi,</em></strong></span> <span class='ocrx_word' id='word_1_557' title='bbox 2939 1169 3178 1234; x_wconf 86' lang='lat' dir='ltr'><strong><em>gratiam</em></strong></span> <span class='ocrx_word' id='word_1_558' title='bbox 3204 1181 3314 1220; x_wconf 87' lang='lat' dir='ltr'><strong><em>esse</em></strong></span> <span class='ocrx_word' id='word_1_559' title='bbox 3334 1169 3391 1220; x_wconf 89' lang='lat' dir='ltr'><strong><em>in</em></strong></span> <span class='ocrx_word' id='word_1_560' title='bbox 3416 1167 3698 1222; x_wconf 87' lang='lat' dir='ltr'><strong><em>dimissione</em></strong></span> <span class='ocrx_word' id='word_1_561' title='bbox 3725 1184 3863 1236; x_wconf 82' lang='lat' dir='ltr'><strong><em>pecca-</em></strong></span> 
     </span>
    </p>
   </div>
   <div class='ocr_carea' id='block_1_71' title="bbox 2260 1255 3864 1326">
    <p class='ocr_par' dir='ltr' id='par_1_71' title="bbox 2260 1255 3864 1326">
     <span class='ocr_line' id='line_1_71' title="bbox 2260 1255 3864 1326; baseline -0.002 -15"><span class='ocrx_word' id='word_1_562' title='bbox 2260 1263 2454 1322; x_wconf 89' lang='lat' dir='ltr'><strong><em>torum,</em></strong></span> <span class='ocrx_word' id='word_1_563' title='bbox 2515 1272 2705 1326; x_wconf 86' lang='lat' dir='ltr'><strong><em>pacem</em></strong></span> <span class='ocrx_word' id='word_1_564' title='bbox 2747 1271 2870 1310; x_wconf 88' lang='lat' dir='ltr'><strong><em>vero</em></strong></span> <span class='ocrx_word' id='word_1_565' title='bbox 2903 1258 2961 1308; x_wconf 90' lang='lat' dir='ltr'><strong><em>in</em></strong></span> <span class='ocrx_word' id='word_1_566' title='bbox 2989 1257 3418 1309; x_wconf 89' lang='lat' dir='ltr'><strong><em>reconciliatione</em></strong></span> <span class='ocrx_word' id='word_1_567' title='bbox 3459 1258 3565 1319; x_wconf 83' lang='lat' dir='ltr'><strong><em>Dei,</em></strong></span> <span class='ocrx_word' id='word_1_568' title='bbox 3594 1255 3864 1326; x_wconf 85' lang='lat' dir='ltr'><strong><em>ubicumque</em></strong></span> 
     </span>
    </p>
   </div>
   <div class='ocr_carea' id='block_1_72' title="bbox 2258 1343 3864 1414">
    <p class='ocr_par' dir='ltr' id='par_1_72' title="bbox 2258 1343 3864 1414">
     <span class='ocr_line' id='line_1_72' title="bbox 2258 1343 3864 1414; baseline -0.002 -15"><span class='ocrx_word' id='word_1_569' title='bbox 2258 1347 2364 1400; x_wconf 91' lang='lat' dir='ltr'><strong><em>hoc</em></strong></span> <span class='ocrx_word' id='word_1_570' title='bbox 2385 1345 2523 1410; x_wconf 83' lang='lat' dir='ltr'><strong><em>dixi,</em></strong></span> <span class='ocrx_word' id='word_1_571' title='bbox 2559 1361 2671 1398; x_wconf 89' lang='lat' dir='ltr'><strong><em>non</em></strong></span> <span class='ocrx_word' id='word_1_572' title='bbox 2697 1344 2775 1397; x_wconf 93' lang='lat' dir='ltr'><strong><em>sic</em></strong></span> <span class='ocrx_word' id='word_1_573' title='bbox 2806 1343 3198 1413; x_wconf 90' lang='lat' dir='ltr'><strong><em>accipiendum</em></strong></span> <span class='ocrx_word' id='word_1_574' title='bbox 3227 1349 3314 1397; x_wconf 90' lang='lat' dir='ltr'><strong><em>est</em></strong></span> <span class='ocrx_word' id='word_1_575' title='bbox 3343 1359 3404 1396; x_wconf 92' lang='lat' dir='ltr'><strong><em>ac</em></strong></span> <span class='ocrx_word' id='word_1_576' title='bbox 3427 1343 3468 1396; x_wconf 92' lang='lat' dir='ltr'><strong><em>si</em></strong></span> <span class='ocrx_word' id='word_1_577' title='bbox 3498 1360 3595 1413; x_wconf 85' lang='lat' dir='ltr'><strong><em>pax</em></strong></span> <span class='ocrx_word' id='word_1_578' title='bbox 3619 1343 3724 1414; x_wconf 90' lang='lat' dir='ltr'><strong><em>ipsa</em></strong></span> <span class='ocrx_word' id='word_1_579' title='bbox 3747 1349 3791 1396; x_wconf 85' lang='lat' dir='ltr'><strong><em>et</em></strong></span> <span class='ocrx_word' id='word_1_580' title='bbox 3813 1361 3864 1396; x_wconf 64' lang='lat' dir='ltr'><strong><em>re</em></strong></span> 
     </span>
    </p>
   </div>
   <div class='ocr_carea' id='block_1_73' title="bbox 2257 1431 3865 1502">
    <p class='ocr_par' dir='ltr' id='par_1_73' title="bbox 2257 1431 3865 1502">
     <span class='ocr_line' id='line_1_73' title="bbox 2257 1431 3865 1502; baseline -0.002 -14"><span class='ocrx_word' id='word_1_581' title='bbox 2257 1434 2578 1488; x_wconf 88' lang='lat' dir='ltr'><strong><em>conciliatio</em></strong></span> <span class='ocrx_word' id='word_1_582' title='bbox 2610 1449 2727 1486; x_wconf 88' lang='lat' dir='ltr'><strong><em>non</em></strong></span> <span class='ocrx_word' id='word_1_583' title='bbox 2755 1433 3062 1502; x_wconf 89' lang='lat' dir='ltr'><strong><em>pertineat,</em></strong></span> <span class='ocrx_word' id='word_1_584' title='bbox 3091 1432 3160 1486; x_wconf 88' lang='lat' dir='ltr'><strong><em>ad</em></strong></span> <span class='ocrx_word' id='word_1_585' title='bbox 3192 1431 3441 1502; x_wconf 88' lang='lat' dir='ltr'><strong><em>gratium</em></strong></span> <span class='ocrx_word' id='word_1_586' title='bbox 3469 1431 3776 1501; x_wconf 88' lang='lat' dir='ltr'><strong><em>generalem,</em></strong></span> <span class='ocrx_word' id='word_1_587' title='bbox 3801 1433 3865 1484; x_wconf 85' lang='lat' dir='ltr'><strong><em>sed</em></strong></span> 
     </span>
    </p>
   </div>
   <div class='ocr_carea' id='block_1_74' title="bbox 2257 1519 3867 1594">
    <p class='ocr_par' dir='ltr' id='par_1_74' title="bbox 2257 1519 3867 1594">
     <span class='ocr_line' id='line_1_74' title="bbox 2257 1519 3867 1594; baseline -0.002 -18"><span class='ocrx_word' id='word_1_588' title='bbox 2257 1522 2409 1594; x_wconf 92' lang='lat' dir='ltr'><strong><em>quod</em></strong></span> <span class='ocrx_word' id='word_1_589' title='bbox 2439 1521 2757 1592; x_wconf 89' lang='lat' dir='ltr'><strong><em>specialiter</em></strong></span> <span class='ocrx_word' id='word_1_590' title='bbox 2787 1522 3020 1574; x_wconf 88' lang='lat' dir='ltr'><strong><em>nomine</em></strong></span> <span class='ocrx_word' id='word_1_591' title='bbox 3050 1520 3248 1589; x_wconf 73' lang='lat' dir='ltr'><strong><em>gratiae</em></strong></span> <span class='ocrx_word' id='word_1_592' title='bbox 3289 1519 3662 1574; x_wconf 90' lang='lat' dir='ltr'><strong><em>remissionem</em></strong></span> <span class='ocrx_word' id='word_1_593' title='bbox 3704 1519 3867 1589; x_wconf 82' lang='lat' dir='ltr'><strong><em>signiti-</em></strong></span> 
     </span>
    </p>
   </div>
   <div class='ocr_carea' id='block_1_75' title="bbox 2259 1607 3867 1680">
    <p class='ocr_par' dir='ltr' id='par_1_75' title="bbox 2259 1607 3867 1680">
     <span class='ocr_line' id='line_1_75' title="bbox 2259 1607 3867 1680; baseline -0.003 -16"><span class='ocrx_word' id='word_1_594' title='bbox 2259 1611 2469 1664; x_wconf 87' lang='lat' dir='ltr'><strong><em>caverit</em></strong></span> <span class='ocrx_word' id='word_1_595' title='bbox 2507 1614 2890 1680; x_wconf 85' lang='lat' dir='ltr'><strong><em>peccatorum.</em></strong></span> <span class='ocrx_word' id='word_1_596' title='bbox 2929 1609 3084 1662; x_wconf 89' lang='lat' dir='ltr'><strong><em>Sicut</em></strong></span> <span class='ocrx_word' id='word_1_597' title='bbox 3138 1609 3343 1679; x_wconf 87' lang='lat' dir='ltr'><strong><em>Legem</em></strong></span> <span class='ocrx_word' id='word_1_598' title='bbox 3374 1613 3429 1662; x_wconf 90' lang='lat' dir='ltr'><strong><em>et</em></strong></span> <span class='ocrx_word' id='word_1_599' title='bbox 3461 1607 3746 1678; x_wconf 86' lang='lat' dir='ltr'><strong><em>specialiter</em></strong></span> <span class='ocrx_word' id='word_1_600' title='bbox 3769 1608 3867 1659; x_wconf 89' lang='lat' dir='ltr'><strong><em>dici-</em></strong></span> 
     </span>
    </p>
   </div>
   <div class='ocr_carea' id='block_1_76' title="bbox 2260 1696 3868 1768">
    <p class='ocr_par' dir='ltr' id='par_1_76' title="bbox 2260 1696 3868 1768">
     <span class='ocr_line' id='line_1_76' title="bbox 2260 1696 3868 1768; baseline -0.004 -16"><span class='ocrx_word' id='word_1_601' title='bbox 2260 1715 2409 1766; x_wconf 91' lang='lat' dir='ltr'><strong><em>mus,</em></strong></span> <span class='ocrx_word' id='word_1_602' title='bbox 2455 1697 2767 1753; x_wconf 89' lang='lat' dir='ltr'><strong><em>secundum</em></strong></span> <span class='ocrx_word' id='word_1_603' title='bbox 2804 1697 2958 1768; x_wconf 92' lang='lat' dir='ltr'><strong><em>quod</em></strong></span> <span class='ocrx_word' id='word_1_604' title='bbox 3013 1696 3229 1750; x_wconf 90' lang='lat' dir='ltr'><strong><em>dictum</em></strong></span> <span class='ocrx_word' id='word_1_605' title='bbox 3277 1701 3377 1763; x_wconf 87' lang='lat' dir='ltr'><strong><em>est,</em></strong></span> <span class='ocrx_word' id='word_1_606' title='bbox 3434 1697 3541 1750; x_wconf 89' lang='lat' dir='ltr'><strong><em>Le:c</em></strong></span> <span class='ocrx_word' id='word_1_607' title='bbox 3577 1701 3623 1750; x_wconf 91' lang='lat' dir='ltr'><strong><em>et</em></strong></span> <span class='ocrx_word' id='word_1_608' title='bbox 3662 1697 3868 1764; x_wconf 74' lang='lat' dir='ltr'><strong><em>Propheta</em></strong></span> 
     </span>
    </p>
   </div>
   <div class='ocr_carea' id='block_1_77' title="bbox 2263 1783 3868 1856">
    <p class='ocr_par' dir='ltr' id='par_1_77' title="bbox 2263 1783 3868 1856">
     <span class='ocr_line' id='line_1_77' title="bbox 2263 1783 3868 1856; baseline -0.004 -16"><span class='ocrx_word' id='word_1_609' title='bbox 2263 1788 2452 1855; x_wconf 89' lang='lat' dir='ltr'><strong><em>(Math.</em></strong></span> <span class='ocrx_word' id='word_1_610' title='bbox 2483 1804 2615 1849; x_wconf 64' lang='grc' dir='ltr'>χχιι,</span> <span class='ocrx_word' id='word_1_611' title='bbox 2658 1787 2783 1856; x_wconf 78' lang='grc'><strong><em>40);</em></strong></span> <span class='ocrx_word' id='word_1_612' title='bbox 2816 1791 2870 1839; x_wconf 92' lang='lat' dir='ltr'><strong><em>et</em></strong></span> <span class='ocrx_word' id='word_1_613' title='bbox 2897 1785 3262 1855; x_wconf 87' lang='lat' dir='ltr'><strong><em>generaliter,</em></strong></span> <span class='ocrx_word' id='word_1_614' title='bbox 3296 1790 3361 1838; x_wconf 90' lang='lat' dir='ltr'><strong><em>ut</em></strong></span> <span class='ocrx_word' id='word_1_615' title='bbox 3389 1785 3446 1837; x_wconf 89' lang='lat' dir='ltr'><strong><em>in</em></strong></span> <span class='ocrx_word' id='word_1_616' title='bbox 3475 1799 3539 1838; x_wconf 89' lang='lat' dir='ltr'><strong><em>ea</em></strong></span> <span class='ocrx_word' id='word_1_617' title='bbox 3566 1784 3668 1837; x_wconf 90' lang='lat' dir='ltr'><strong><em>sint</em></strong></span> <span class='ocrx_word' id='word_1_618' title='bbox 3714 1789 3756 1836; x_wconf 87' lang='lat' dir='ltr'><strong><em>et</em></strong></span> <span class='ocrx_word' id='word_1_619' title='bbox 3779 1783 3868 1834; x_wconf 83' lang='lat' dir='ltr'><strong><em>Pro-</em></strong></span> 
     </span>
    </p>
   </div>
   <div class='ocr_carea' id='block_1_78' title="bbox 2260 1871 3860 1946">
    <p class='ocr_par' dir='ltr' id='par_1_78' title="bbox 2260 1871 3860 1946">
     <span class='ocr_line' id='line_1_78' title="bbox 2260 1871 3860 1946; baseline -0.004 -16"><span class='ocrx_word' id='word_1_620' title='bbox 2260 1877 2466 1946; x_wconf 71' lang='lat' dir='ltr'><strong><em>phetze.</em></strong></span> <span class='ocrx_word' id='word_1_621' title='bbox 2497 1876 2596 1930; x_wconf 83' lang='lat' dir='ltr'><strong><em>Hic</em></strong></span> <span class='ocrx_word' id='word_1_622' title='bbox 2618 1875 2762 1929; x_wconf 91' lang='lat' dir='ltr'><strong><em>liber</em></strong></span> <span class='ocrx_word' id='word_1_623' title='bbox 2787 1874 2866 1928; x_wconf 90' lang='lat' dir='ltr'><strong><em>sic</em></strong></span> <span class='ocrx_word' id='word_1_624' title='bbox 2895 1873 3122 1945; x_wconf 89' lang='lat' dir='ltr'><strong><em>incipit:</em></strong></span> <span class='ocrx_word' id='word_1_625' title='bbox 3170 1875 3235 1928; x_wconf 87' lang='lat' dir='ltr'><strong><em>In</em></strong></span> <span class='ocrx_word' id='word_1_626' title='bbox 3265 1874 3505 1942; x_wconf 82' lang='lat' dir='ltr'><strong><em>Epistola</em></strong></span> <span class='ocrx_word' id='word_1_627' title='bbox 3525 1887 3672 1942; x_wconf 88' lang='lat' dir='ltr'><strong><em>quam</em></strong></span> <span class='ocrx_word' id='word_1_628' title='bbox 3713 1871 3860 1926; x_wconf 72' lang='lat' dir='ltr'><strong><em>Paulus</em></strong></span> 
     </span>
    </p>
   </div>
   <div class='ocr_carea' id='block_1_79' title="bbox 2260 1962 3173 2034">
    <p class='ocr_par' dir='ltr' id='par_1_79' title="bbox 2260 1962 3173 2034">
     <span class='ocr_line' id='line_1_79' title="bbox 2260 1962 3173 2034; baseline -0.002 -17"><span class='ocrx_word' id='word_1_629' title='bbox 2260 1965 2530 2033; x_wconf 87' lang='lat' dir='ltr'><strong><em>apostolus</em></strong></span> <span class='ocrx_word' id='word_1_630' title='bbox 2552 1963 2772 2034; x_wconf 86' lang='lat' dir='ltr'><strong><em>scripsit</em></strong></span> <span class='ocrx_word' id='word_1_631' title='bbox 2792 1962 2866 2017; x_wconf 90' lang='lat' dir='ltr'><strong><em>ad</em></strong></span> <span class='ocrx_word' id='word_1_632' title='bbox 2884 1965 3173 2017; x_wconf 86' lang='lat' dir='ltr'><strong><em>Romanos.</em></strong></span> 
     </span>
    </p>
   </div>
   <div class='ocr_carea' id='block_1_80' title="bbox 2889 2103 3336 2160">
    <p class='ocr_par' dir='ltr' id='par_1_80' title="bbox 2889 2103 3336 2160">
     <span class='ocr_line' id='line_1_80' title="bbox 2889 2103 3336 2160; baseline 0 -1"><span class='ocrx_word' id='word_1_633' title='bbox 2889 2104 3115 2160; x_wconf 71' lang='lat' dir='ltr'><strong><em>CAPUT</em></strong></span> <span class='ocrx_word' id='word_1_634' title='bbox 3155 2103 3336 2159; x_wconf 76' lang='lat' dir='ltr'><strong>XXVI.</strong></span> 
     </span>
    </p>
   </div>
   <div class='ocr_carea' id='block_1_81' title="bbox 2331 2225 3866 2297">
    <p class='ocr_par' dir='ltr' id='par_1_81' title="bbox 2331 2225 3866 2297">
     <span class='ocr_line' id='line_1_81' title="bbox 2331 2225 3866 2297; baseline -0.007 -11"><span class='ocrx_word' id='word_1_635' title='bbox 2331 2235 2404 2286; x_wconf 90' lang='lat' dir='ltr'><strong><em>De</em></strong></span> <span class='ocrx_word' id='word_1_636' title='bbox 2422 2233 2660 2285; x_wconf 84' lang='lat' dir='ltr'><strong><em>Diversis</em></strong></span> <span class='ocrx_word' id='word_1_637' title='bbox 2680 2230 3073 2297; x_wconf 60' lang='lat' dir='ltr'><strong><em>Quastionibus</em></strong></span> <span class='ocrx_word' id='word_1_638' title='bbox 3093 2229 3369 2296; x_wconf 89' lang='lat' dir='ltr'><strong><em>octoginta</em></strong></span> <span class='ocrx_word' id='word_1_639' title='bbox 3407 2226 3591 2292; x_wconf 86' lang='lat' dir='ltr'><strong><em>tribus,</em></strong></span> <span class='ocrx_word' id='word_1_640' title='bbox 3628 2225 3739 2278; x_wconf 84' lang='lat' dir='ltr'><strong><em>liber</em></strong></span> <span class='ocrx_word' id='word_1_641' title='bbox 3757 2238 3866 2276; x_wconf 84' lang='lat' dir='ltr'><strong><em>unus.</em></strong></span> 
     </span>
    </p>
   </div>
   <div class='ocr_carea' id='block_1_82' title="bbox 2334 2350 3866 2424">
    <p class='ocr_par' dir='ltr' id='par_1_82' title="bbox 2334 2350 3866 2424">
     <span class='ocr_line' id='line_1_82' title="bbox 2334 2350 3866 2424; baseline -0.007 -15"><span class='ocrx_word' id='word_1_642' title='bbox 2334 2357 2426 2409; x_wconf 85' lang='lat' dir='ltr'><strong><em>Est</em></strong></span> <span class='ocrx_word' id='word_1_643' title='bbox 2456 2355 2628 2410; x_wconf 89' lang='lat' dir='ltr'><strong><em>etiam</em></strong></span> <span class='ocrx_word' id='word_1_644' title='bbox 2658 2355 2806 2409; x_wconf 88' lang='lat' dir='ltr'><strong><em>inter</em></strong></span> <span class='ocrx_word' id='word_1_645' title='bbox 2833 2354 2929 2408; x_wconf 91' lang='lat' dir='ltr'><strong><em>illa</em></strong></span> <span class='ocrx_word' id='word_1_646' title='bbox 2955 2369 3084 2424; x_wconf 69' lang='lat' dir='ltr'><strong><em>qua:</em></strong></span> <span class='ocrx_word' id='word_1_647' title='bbox 3118 2351 3467 2424; x_wconf 53' lang='lat' dir='ltr'><strong><em>:scripsimus</em></strong></span> <span class='ocrx_word' id='word_1_648' title='bbox 3494 2350 3748 2423; x_wconf 89' lang='lat' dir='ltr'><strong><em>quoddam</em></strong></span> <span class='ocrx_word' id='word_1_649' title='bbox 3771 2365 3866 2419; x_wconf 84' lang='lat' dir='ltr'><strong><em>pro-</em></strong></span> 
     </span>
    </p>
   </div>
   <div class='ocr_carea' id='block_1_83' title="bbox 2261 2439 3867 2514">
    <p class='ocr_par' dir='ltr' id='par_1_83' title="bbox 2261 2439 3867 2514">
     <span class='ocr_line' id='line_1_83' title="bbox 2261 2439 3867 2514; baseline -0.006 -16"><span class='ocrx_word' id='word_1_650' title='bbox 2261 2445 2441 2498; x_wconf 87' lang='lat' dir='ltr'><strong><em>lixum</em></strong></span> <span class='ocrx_word' id='word_1_651' title='bbox 2473 2460 2639 2514; x_wconf 91' lang='lat' dir='ltr'><strong><em>opus,</em></strong></span> <span class='ocrx_word' id='word_1_652' title='bbox 2671 2443 2770 2514; x_wconf 91' lang='lat' dir='ltr'><strong><em>qui</em></strong></span> <span class='ocrx_word' id='word_1_653' title='bbox 2793 2449 2984 2498; x_wconf 90' lang='lat' dir='ltr'><strong><em>tamen</em></strong></span> <span class='ocrx_word' id='word_1_654' title='bbox 3016 2459 3162 2496; x_wconf 89' lang='lat' dir='ltr'><strong><em>unus</em></strong></span> <span class='ocrx_word' id='word_1_655' title='bbox 3182 2442 3490 2512; x_wconf 87' lang='lat' dir='ltr'><strong><em>deputatur</em></strong></span> <span class='ocrx_word' id='word_1_656' title='bbox 3511 2439 3644 2494; x_wconf 88' lang='lat' dir='ltr'><strong><em>liber</em></strong></span> <span class='ocrx_word' id='word_1_657' title='bbox 3662 2439 3791 2509; x_wconf 87' lang='lat' dir='ltr'><strong><em>cujus</em></strong></span> <span class='ocrx_word' id='word_1_658' title='bbox 3811 2441 3867 2490; x_wconf 84' lang='lat' dir='ltr'><strong><em>est</em></strong></span> 
     </span>
    </p>
   </div>
   <div class='ocr_carea' id='block_1_84' title="bbox 2259 2525 3864 2599">
    <p class='ocr_par' dir='ltr' id='par_1_84' title="bbox 2259 2525 3864 2599">
     <span class='ocr_line' id='line_1_84' title="bbox 2259 2525 3864 2599; baseline -0.006 -13"><span class='ocrx_word' id='word_1_659' title='bbox 2259 2533 2491 2587; x_wconf 89' lang='lat' dir='ltr'><strong><em>titulus:</em></strong></span> <span class='ocrx_word' id='word_1_660' title='bbox 2545 2533 2615 2586; x_wconf 90' lang='lat' dir='ltr'><strong><em>de</em></strong></span> <span class='ocrx_word' id='word_1_661' title='bbox 2659 2531 2900 2585; x_wconf 88' lang='lat' dir='ltr'><strong><em>Diversis</em></strong></span> <span class='ocrx_word' id='word_1_662' title='bbox 2944 2529 3365 2594; x_wconf 63' lang='lat' dir='ltr'><strong><em>Quaestionibus</em></strong></span> <span class='ocrx_word' id='word_1_663' title='bbox 3421 2528 3686 2599; x_wconf 90' lang='lat' dir='ltr'><strong><em>octoginta</em></strong></span> <span class='ocrx_word' id='word_1_664' title='bbox 3721 2525 3864 2579; x_wconf 85' lang='lat' dir='ltr'><strong><em>tribus.</em></strong></span> 
     </span>
    </p>
   </div>
   <div class='ocr_carea' id='block_1_85' title="bbox 2263 2613 3864 2692">
    <p class='ocr_par' dir='ltr' id='par_1_85' title="bbox 2263 2613 3864 2692">
     <span class='ocr_line' id='line_1_85' title="bbox 2263 2613 3864 2692; baseline -0.007 -16"><span class='ocrx_word' id='word_1_665' title='bbox 2263 2623 2403 2677; x_wconf 89' lang='lat' dir='ltr'><strong><em>Cum</em></strong></span> <span class='ocrx_word' id='word_1_666' title='bbox 2449 2625 2641 2675; x_wconf 88' lang='lat' dir='ltr'><strong><em>autem</em></strong></span> <span class='ocrx_word' id='word_1_667' title='bbox 2680 2621 2948 2692; x_wconf 64' lang='lat' dir='ltr'><strong><em>dispersae</em></strong></span> <span class='ocrx_word' id='word_1_668' title='bbox 2994 2619 3238 2674; x_wconf 84' lang='lat' dir='ltr'><strong><em>fuissent</em></strong></span> <span class='ocrx_word' id='word_1_669' title='bbox 3267 2635 3370 2689; x_wconf 90' lang='lat' dir='ltr'><strong><em>per</em></strong></span> <span class='ocrx_word' id='word_1_670' title='bbox 3398 2617 3664 2672; x_wconf 87' lang='lat' dir='ltr'><strong><em>chartulas</em></strong></span> <span class='ocrx_word' id='word_1_671' title='bbox 3705 2613 3864 2674; x_wconf 77' lang='lat' dir='ltr'><strong><em>multas,</em></strong></span> 
     </span>
    </p>
   </div>
   <div class='ocr_carea' id='block_1_86' title="bbox 2263 2698 3865 2776">
    <p class='ocr_par' dir='ltr' id='par_1_86' title="bbox 2263 2698 3865 2776">
     <span class='ocr_line' id='line_1_86' title="bbox 2263 2698 3865 2776; baseline -0.006 -18"><span class='ocrx_word' id='word_1_672' title='bbox 2263 2704 2537 2776; x_wconf 91' lang='lat' dir='ltr'><strong><em>quoniam</em></strong></span> <span class='ocrx_word' id='word_1_673' title='bbox 2569 2705 2637 2758; x_wconf 90' lang='lat' dir='ltr'><strong><em>ab</em></strong></span> <span class='ocrx_word' id='word_1_674' title='bbox 2671 2704 2794 2774; x_wconf 90' lang='lat' dir='ltr'><strong><em>ipso</em></strong></span> <span class='ocrx_word' id='word_1_675' title='bbox 2838 2703 3026 2773; x_wconf 90' lang='lat' dir='ltr'><strong><em>primo</em></strong></span> <span class='ocrx_word' id='word_1_676' title='bbox 3062 2708 3322 2772; x_wconf 89' lang='lat' dir='ltr'><strong><em>tempore</em></strong></span> <span class='ocrx_word' id='word_1_677' title='bbox 3353 2698 3714 2754; x_wconf 86' lang='lat' dir='ltr'><strong><em>conversionis</em></strong></span> <span class='ocrx_word' id='word_1_678' title='bbox 3753 2711 3865 2760; x_wconf 74' lang='lat' dir='ltr'><strong><em>mea,</em></strong></span> 
     </span>
    </p>
   </div>
   <div class='ocr_carea' id='block_1_87' title="bbox 2258 2785 3869 2864">
    <p class='ocr_par' dir='ltr' id='par_1_87' title="bbox 2258 2785 3869 2864">
     <span class='ocr_line' id='line_1_87' title="bbox 2258 2785 3869 2864; baseline -0.006 -19"><span class='ocrx_word' id='word_1_679' title='bbox 2258 2798 2629 2864; x_wconf 75' lang='lat' dir='ltr'><strong><em>posteaquam</em></strong></span> <span class='ocrx_word' id='word_1_680' title='bbox 2657 2793 2715 2846; x_wconf 89' lang='lat' dir='ltr'><strong><em>in</em></strong></span> <span class='ocrx_word' id='word_1_681' title='bbox 2741 2792 2984 2846; x_wconf 73' lang='lat' dir='ltr'><strong><em>Africam</em></strong></span> <span class='ocrx_word' id='word_1_682' title='bbox 3015 2792 3299 2857; x_wconf 87' lang='lat' dir='ltr'><strong><em>venimus,</em></strong></span> <span class='ocrx_word' id='word_1_683' title='bbox 3323 2791 3466 2844; x_wconf 90' lang='lat' dir='ltr'><strong><em>sicut</em></strong></span> <span class='ocrx_word' id='word_1_684' title='bbox 3512 2785 3869 2856; x_wconf 71' lang='lat' dir='ltr'><strong><em>interrogabam</em></strong></span> 
     </span>
    </p>
   </div>
   <div class='ocr_carea' id='block_1_88' title="bbox 2261 2876 3868 2952">
    <p class='ocr_par' dir='ltr' id='par_1_88' title="bbox 2261 2876 3868 2952">
     <span class='ocr_line' id='line_1_88' title="bbox 2261 2876 3868 2952; baseline -0.007 -17"><span class='ocrx_word' id='word_1_685' title='bbox 2261 2881 2557 2950; x_wconf 83' lang='lat' dir='ltr'><strong><em>fratribus,</em></strong></span> <span class='ocrx_word' id='word_1_686' title='bbox 2590 2880 2820 2952; x_wconf 88' lang='lat' dir='ltr'><strong><em>quando</em></strong></span> <span class='ocrx_word' id='word_1_687' title='bbox 2854 2897 2943 2934; x_wconf 88' lang='lat' dir='ltr'><strong><em>me</em></strong></span> <span class='ocrx_word' id='word_1_688' title='bbox 2965 2885 3262 2934; x_wconf 87' lang='lat' dir='ltr'><strong><em>vacantem</em></strong></span> <span class='ocrx_word' id='word_1_689' title='bbox 3289 2879 3566 2944; x_wconf 79' lang='lat' dir='ltr'><strong><em>videbant,</em></strong></span> <span class='ocrx_word' id='word_1_690' title='bbox 3595 2876 3730 2930; x_wconf 85' lang='lat' dir='ltr'><strong><em>nulla</em></strong></span> <span class='ocrx_word' id='word_1_691' title='bbox 3763 2889 3788 2927; x_wconf 87' lang='lat' dir='ltr'><strong><em>a</em></strong></span> <span class='ocrx_word' id='word_1_692' title='bbox 3809 2886 3868 2926; x_wconf 86' lang='lat' dir='ltr'><strong><em>me</em></strong></span> 
     </span>
    </p>
   </div>
   <div class='ocr_carea' id='block_1_89' title="bbox 2265 2962 3866 3039">
    <p class='ocr_par' dir='ltr' id='par_1_89' title="bbox 2265 2962 3866 3039">
     <span class='ocr_line' id='line_1_89' title="bbox 2265 2962 3866 3039; baseline -0.008 -15"><span class='ocrx_word' id='word_1_693' title='bbox 2265 2975 2481 3024; x_wconf 86' lang='lat' dir='ltr'><strong><em>servata</em></strong></span> <span class='ocrx_word' id='word_1_694' title='bbox 2499 2970 2864 3024; x_wconf 86' lang='lat' dir='ltr'><strong><em>ordinatione</em></strong></span> <span class='ocrx_word' id='word_1_695' title='bbox 2889 2969 3110 3024; x_wconf 62' lang='lat' dir='ltr'><strong><em>dictata:</em></strong></span> <span class='ocrx_word' id='word_1_696' title='bbox 3133 2974 3296 3036; x_wconf 89' lang='lat' dir='ltr'><strong><em>sunt;</em></strong></span> <span class='ocrx_word' id='word_1_697' title='bbox 3323 2967 3466 3039; x_wconf 84' lang='lat' dir='ltr'><strong><em>jussi</em></strong></span> <span class='ocrx_word' id='word_1_698' title='bbox 3488 2983 3576 3022; x_wconf 91' lang='lat' dir='ltr'><strong><em>eas</em></strong></span> <span class='ocrx_word' id='word_1_699' title='bbox 3594 2967 3700 3036; x_wconf 88' lang='lat' dir='ltr'><strong><em>jam</em></strong></span> <span class='ocrx_word' id='word_1_700' title='bbox 3715 2962 3866 3033; x_wconf 78' lang='lat' dir='ltr'><strong><em>episco-</em></strong></span> 
     </span>
    </p>
   </div>
   <div class='ocr_carea' id='block_1_90' title="bbox 2261 3052 3871 3130">
    <p class='ocr_par' dir='ltr' id='par_1_90' title="bbox 2261 3052 3871 3130">
     <span class='ocr_line' id='line_1_90' title="bbox 2261 3052 3871 3130; baseline -0.007 -17"><span class='ocrx_word' id='word_1_701' title='bbox 2261 3076 2372 3130; x_wconf 90' lang='lat' dir='ltr'><strong><em>pus</em></strong></span> <span class='ocrx_word' id='word_1_702' title='bbox 2402 3059 2614 3128; x_wconf 89' lang='lat' dir='ltr'><strong><em>colligi,</em></strong></span> <span class='ocrx_word' id='word_1_703' title='bbox 2647 3064 2703 3112; x_wconf 89' lang='lat' dir='ltr'><strong><em>ct</em></strong></span> <span class='ocrx_word' id='word_1_704' title='bbox 2728 3073 2905 3112; x_wconf 89' lang='lat' dir='ltr'><strong><em>unum</em></strong></span> <span class='ocrx_word' id='word_1_705' title='bbox 2937 3074 3003 3111; x_wconf 84' lang='lat' dir='ltr'><strong><em>ex</em></strong></span> <span class='ocrx_word' id='word_1_706' title='bbox 3027 3058 3108 3111; x_wconf 91' lang='lat' dir='ltr'><strong><em>eis</em></strong></span> <span class='ocrx_word' id='word_1_707' title='bbox 3139 3057 3352 3112; x_wconf 90' lang='lat' dir='ltr'><strong><em>librum</em></strong></span> <span class='ocrx_word' id='word_1_708' title='bbox 3375 3055 3515 3118; x_wconf 80' lang='lat' dir='ltr'><strong><em>ﬁeri,</em></strong></span> <span class='ocrx_word' id='word_1_709' title='bbox 3547 3052 3775 3109; x_wconf 88' lang='lat' dir='ltr'><strong><em>adhibitis</em></strong></span> <span class='ocrx_word' id='word_1_710' title='bbox 3798 3064 3871 3102; x_wconf 82' lang='lat' dir='ltr'><strong><em>nu-</em></strong></span> 
     </span>
    </p>
   </div>
   <div class='ocr_carea' id='block_1_91' title="bbox 2263 3137 3869 3217">
    <p class='ocr_par' dir='ltr' id='par_1_91' title="bbox 2263 3137 3869 3217">
     <span class='ocr_line' id='line_1_91' title="bbox 2263 3137 3869 3217; baseline -0.007 -16"><span class='ocrx_word' id='word_1_711' title='bbox 2263 3146 2455 3212; x_wconf 87' lang='lat' dir='ltr'><strong><em>meris,</em></strong></span> <span class='ocrx_word' id='word_1_712' title='bbox 2487 3151 2549 3199; x_wconf 90' lang='lat' dir='ltr'><strong><em>ut</em></strong></span> <span class='ocrx_word' id='word_1_713' title='bbox 2585 3146 2738 3217; x_wconf 90' lang='lat' dir='ltr'><strong><em>quod</em></strong></span> <span class='ocrx_word' id='word_1_714' title='bbox 2768 3144 3010 3216; x_wconf 90' lang='lat' dir='ltr'><strong><em>quisque</em></strong></span> <span class='ocrx_word' id='word_1_715' title='bbox 3046 3145 3239 3214; x_wconf 88' lang='lat' dir='ltr'><strong><em>legere</em></strong></span> <span class='ocrx_word' id='word_1_716' title='bbox 3289 3143 3545 3209; x_wconf 77' lang='lat' dir='ltr'><strong><em>voluerit,</em></strong></span> <span class='ocrx_word' id='word_1_717' title='bbox 3579 3140 3722 3195; x_wconf 84' lang='lat' dir='ltr'><strong><em>facile</em></strong></span> <span class='ocrx_word' id='word_1_718' title='bbox 3757 3137 3869 3190; x_wconf 75' lang='lat' dir='ltr'><strong><em>inve-</em></strong></span> 
     </span>
    </p>
   </div>
   <div class='ocr_carea' id='block_1_92' title="bbox 2264 3227 3870 3305">
    <p class='ocr_par' dir='ltr' id='par_1_92' title="bbox 2264 3227 3870 3305">
     <span class='ocr_line' id='line_1_92' title="bbox 2264 3227 3870 3305; baseline -0.009 -18"><span class='ocrx_word' id='word_1_719' title='bbox 2264 3234 2396 3288; x_wconf 84' lang='lat' dir='ltr'><strong><em>niat.</em></strong></span> <span class='ocrx_word' id='word_1_720' title='bbox 2427 3235 2634 3288; x_wconf 86' lang='lat' dir='ltr'><strong><em>Harum</em></strong></span> <span class='ocrx_word' id='word_1_721' title='bbox 2658 3233 3038 3305; x_wconf 66' lang='lat' dir='ltr'><strong><em>quaestionum</em></strong></span> <span class='ocrx_word' id='word_1_722' title='bbox 3059 3238 3143 3286; x_wconf 90' lang='lat' dir='ltr'><strong><em>est</em></strong></span> <span class='ocrx_word' id='word_1_723' title='bbox 3153 3232 3361 3303; x_wconf 90' lang='lat' dir='ltr'><strong><em>prima,</em></strong></span> <span class='ocrx_word' id='word_1_724' title='bbox 3379 3237 3567 3286; x_wconf 89' lang='lat' dir='ltr'><strong><em>utrum</em></strong></span> <span class='ocrx_word' id='word_1_725' title='bbox 3602 3227 3762 3282; x_wconf 86' lang='lat' dir='ltr'><strong><em>anima</em></strong></span> <span class='ocrx_word' id='word_1_726' title='bbox 3778 3241 3799 3277; x_wconf 89' lang='lat' dir='ltr'><strong><em>a</em></strong></span> <span class='ocrx_word' id='word_1_727' title='bbox 3817 3237 3870 3274; x_wconf 84' lang='lat' dir='ltr'><strong><em>se-</em></strong></span> 
     </span>
    </p>
   </div>
   <div class='ocr_carea' id='block_1_93' title="bbox 2261 3318 3868 3393">
    <p class='ocr_par' dir='ltr' id='par_1_93' title="bbox 2261 3318 3868 3393">
     <span class='ocr_line' id='line_1_93' title="bbox 2261 3318 3868 3393; baseline -0.009 -17"><span class='ocrx_word' id='word_1_728' title='bbox 2261 3323 2386 3393; x_wconf 87' lang='lat' dir='ltr'><strong><em>ipsa</em></strong></span> <span class='ocrx_word' id='word_1_729' title='bbox 2417 3322 2507 3377; x_wconf 89' lang='lat' dir='ltr'><strong><em>sit.</em></strong></span> <span class='ocrx_word' id='word_1_730' title='bbox 2541 3322 2818 3388; x_wconf 90' lang='lat' dir='ltr'><strong><em>Secunda,</em></strong></span> <span class='ocrx_word' id='word_1_731' title='bbox 2866 3322 2934 3376; x_wconf 91' lang='lat' dir='ltr'><strong><em>de</em></strong></span> <span class='ocrx_word' id='word_1_732' title='bbox 2986 3321 3161 3375; x_wconf 90' lang='lat' dir='ltr'><strong><em>libero</em></strong></span> <span class='ocrx_word' id='word_1_733' title='bbox 3195 3321 3453 3375; x_wconf 91' lang='lat' dir='ltr'><strong><em>arbitrio.</em></strong></span> <span class='ocrx_word' id='word_1_734' title='bbox 3502 3318 3691 3383; x_wconf 88' lang='lat' dir='ltr'><strong><em>Tertia,</em></strong></span> <span class='ocrx_word' id='word_1_735' title='bbox 3735 3318 3868 3367; x_wconf 87' lang='lat' dir='ltr'><strong><em>utrum</em></strong></span> 
     </span>
    </p>
   </div>
   <div class='ocr_carea' id='block_1_94' title="bbox 2264 3403 3870 3478">
    <p class='ocr_par' dir='ltr' id='par_1_94' title="bbox 2264 3403 3870 3478">
     <span class='ocr_line' id='line_1_94' title="bbox 2264 3403 3870 3478; baseline -0.008 -13"><span class='ocrx_word' id='word_1_736' title='bbox 2264 3413 2379 3466; x_wconf 92' lang='lat' dir='ltr'><strong><em>Deo</em></strong></span> <span class='ocrx_word' id='word_1_737' title='bbox 2407 3415 2634 3464; x_wconf 86' lang='lat' dir='ltr'><strong><em>auctore</em></strong></span> <span class='ocrx_word' id='word_1_738' title='bbox 2657 3411 2731 3464; x_wconf 90' lang='lat' dir='ltr'><strong><em>sit</em></strong></span> <span class='ocrx_word' id='word_1_739' title='bbox 2757 3409 2927 3464; x_wconf 88' lang='lat' dir='ltr'><strong><em>homo</em></strong></span> <span class='ocrx_word' id='word_1_740' title='bbox 2975 3410 3242 3467; x_wconf 90' lang='lat' dir='ltr'><strong><em>deterior.</em></strong></span> <span class='ocrx_word' id='word_1_741' title='bbox 3272 3410 3501 3476; x_wconf 85' lang='lat' dir='ltr'><strong><em>Quarta,</em></strong></span> <span class='ocrx_word' id='word_1_742' title='bbox 3531 3423 3650 3478; x_wconf 67' lang='lat' dir='ltr'><strong><em>qua:</em></strong></span> <span class='ocrx_word' id='word_1_743' title='bbox 3676 3403 3734 3457; x_wconf 90' lang='lat' dir='ltr'><strong><em>sit</em></strong></span> <span class='ocrx_word' id='word_1_744' title='bbox 3757 3411 3870 3454; x_wconf 79' lang='lat' dir='ltr'><strong><em>causa</em></strong></span> 
     </span>
    </p>
   </div>
   <div class='ocr_carea' id='block_1_95' title="bbox 2263 3487 3869 3562">
    <p class='ocr_par' dir='ltr' id='par_1_95' title="bbox 2263 3487 3869 3562">
     <span class='ocr_line' id='line_1_95' title="bbox 2263 3487 3869 3562; baseline -0.009 -10"><span class='ocrx_word' id='word_1_745' title='bbox 2263 3503 2327 3552; x_wconf 92' lang='lat' dir='ltr'><strong><em>ut</em></strong></span> <span class='ocrx_word' id='word_1_746' title='bbox 2375 3499 2448 3552; x_wconf 90' lang='lat' dir='ltr'><strong><em>sit</em></strong></span> <span class='ocrx_word' id='word_1_747' title='bbox 2475 3499 2645 3552; x_wconf 88' lang='lat' dir='ltr'><strong><em>homo</em></strong></span> <span class='ocrx_word' id='word_1_748' title='bbox 2677 3498 2942 3553; x_wconf 90' lang='lat' dir='ltr'><strong><em>deterior.</em></strong></span> <span class='ocrx_word' id='word_1_749' title='bbox 2984 3498 3212 3562; x_wconf 88' lang='lat' dir='ltr'><strong><em>Quinta,</em></strong></span> <span class='ocrx_word' id='word_1_750' title='bbox 3257 3504 3453 3553; x_wconf 90' lang='lat' dir='ltr'><strong><em>utrum</em></strong></span> <span class='ocrx_word' id='word_1_751' title='bbox 3491 3493 3682 3550; x_wconf 88' lang='lat' dir='ltr'><strong><em>animal</em></strong></span> <span class='ocrx_word' id='word_1_752' title='bbox 3710 3487 3869 3545; x_wconf 86' lang='lat' dir='ltr'><strong><em>irratio-</em></strong></span> 
     </span>
    </p>
   </div>
   <div class='ocr_carea' id='block_1_96' title="bbox 2264 3576 3870 3657">
    <p class='ocr_par' dir='ltr' id='par_1_96' title="bbox 2264 3576 3870 3657">
     <span class='ocr_line' id='line_1_96' title="bbox 2264 3576 3870 3657; baseline -0.004 -16"><span class='ocrx_word' id='word_1_753' title='bbox 2264 3587 2390 3642; x_wconf 88' lang='lat' dir='ltr'><strong><em>nale</em></strong></span> <span class='ocrx_word' id='word_1_754' title='bbox 2442 3587 2674 3642; x_wconf 87' lang='lat' dir='ltr'><strong><em>beatum</em></strong></span> <span class='ocrx_word' id='word_1_755' title='bbox 2721 3603 2838 3641; x_wconf 89' lang='lat' dir='ltr'><strong><em>esse</em></strong></span> <span class='ocrx_word' id='word_1_756' title='bbox 2887 3586 3084 3657; x_wconf 88' lang='lat' dir='ltr'><strong><em>possit.</em></strong></span> <span class='ocrx_word' id='word_1_757' title='bbox 3134 3587 3324 3649; x_wconf 87' lang='lat' dir='ltr'><strong><em>Sexta,</em></strong></span> <span class='ocrx_word' id='word_1_758' title='bbox 3359 3586 3428 3641; x_wconf 90' lang='lat' dir='ltr'><strong><em>de</em></strong></span> <span class='ocrx_word' id='word_1_759' title='bbox 3456 3585 3617 3640; x_wconf 90' lang='lat' dir='ltr'><strong><em>malo.</em></strong></span> <span class='ocrx_word' id='word_1_760' title='bbox 3667 3576 3870 3651; x_wconf 73' lang='lat' dir='ltr'><strong><em>Septima.</em></strong></span> 
     </span>
    </p>
   </div>
   <div class='ocr_carea' id='block_1_97' title="bbox 2262 3671 3870 3746">
    <p class='ocr_par' dir='ltr' id='par_1_97' title="bbox 2262 3671 3870 3746">
     <span class='ocr_line' id='line_1_97' title="bbox 2262 3671 3870 3746; baseline -0.004 -18"><span class='ocrx_word' id='word_1_761' title='bbox 2262 3691 2389 3745; x_wconf 66' lang='lat' dir='ltr'><strong><em>quae</em></strong></span> <span class='ocrx_word' id='word_1_762' title='bbox 2435 3675 2666 3746; x_wconf 91' lang='lat' dir='ltr'><strong><em>proprie</em></strong></span> <span class='ocrx_word' id='word_1_763' title='bbox 2734 3674 2792 3728; x_wconf 90' lang='lat' dir='ltr'><strong><em>in</em></strong></span> <span class='ocrx_word' id='word_1_764' title='bbox 2841 3673 3133 3729; x_wconf 85' lang='lat' dir='ltr'><strong><em>animante</em></strong></span> <span class='ocrx_word' id='word_1_765' title='bbox 3199 3675 3397 3728; x_wconf 90' lang='lat' dir='ltr'><strong><em>anima</em></strong></span> <span class='ocrx_word' id='word_1_766' title='bbox 3453 3673 3676 3728; x_wconf 87' lang='lat' dir='ltr'><strong><em>dicatur.</em></strong></span> <span class='ocrx_word' id='word_1_767' title='bbox 3719 3671 3870 3722; x_wconf 60' lang='lat' dir='ltr'><strong><em>Octa“.</em></strong></span> 
     </span>
    </p>
   </div>
   <div class='ocr_carea' id='block_1_98' title="bbox 2261 3765 3871 3836">
    <p class='ocr_par' dir='ltr' id='par_1_98' title="bbox 2261 3765 3871 3836">
     <span class='ocr_line' id='line_1_98' title="bbox 2261 3765 3871 3836; baseline -0.009 -18"><span class='ocrx_word' id='word_1_768' title='bbox 2261 3771 2456 3819; x_wconf 91' lang='lat' dir='ltr'><strong><em>utrum</em></strong></span> <span class='ocrx_word' id='word_1_769' title='bbox 2503 3781 2604 3836; x_wconf 88' lang='lat' dir='ltr'><strong><em>per</em></strong></span> <span class='ocrx_word' id='word_1_770' title='bbox 2646 3781 2704 3819; x_wconf 94' lang='lat' dir='ltr'><strong><em>se</em></strong></span> <span class='ocrx_word' id='word_1_771' title='bbox 2751 3765 2944 3818; x_wconf 90' lang='lat' dir='ltr'><strong><em>anima</em></strong></span> <span class='ocrx_word' id='word_1_772' title='bbox 2990 3769 3312 3820; x_wconf 84' lang='lat' dir='ltr'><strong><em>moveatur.</em></strong></span> <span class='ocrx_word' id='word_1_773' title='bbox 3371 3766 3544 3830; x_wconf 73' lang='lat' dir='ltr'><strong><em>Nona,</em></strong></span> <span class='ocrx_word' id='word_1_774' title='bbox 3593 3768 3755 3816; x_wconf 86' lang='lat' dir='ltr'><strong><em>utrum</em></strong></span> <span class='ocrx_word' id='word_1_775' title='bbox 3789 3767 3871 3806; x_wconf 86' lang='lat' dir='ltr'><strong><em>cor-</em></strong></span> 
     </span>
    </p>
   </div>
   <div class='ocr_carea' id='block_1_99' title="bbox 2262 3838 3868 3926">
    <p class='ocr_par' dir='ltr' id='par_1_99' title="bbox 2262 3838 3868 3926">
     <span class='ocr_line' id='line_1_99' title="bbox 2262 3838 3868 3926; baseline -0.009 -19"><span class='ocrx_word' id='word_1_776' title='bbox 2262 3853 2450 3924; x_wconf 90' lang='lat' dir='ltr'><strong><em>poreis</em></strong></span> <span class='ocrx_word' id='word_1_777' title='bbox 2490 3853 2748 3908; x_wconf 88' lang='lat' dir='ltr'><strong><em>sensibus</em></strong></span> <span class='ocrx_word' id='word_1_778' title='bbox 2794 3853 3014 3924; x_wconf 90' lang='lat' dir='ltr'><strong><em>percipi</em></strong></span> <span class='ocrx_word' id='word_1_779' title='bbox 3051 3853 3259 3907; x_wconf 88' lang='lat' dir='ltr'><strong><em>veritas</em></strong></span> <span class='ocrx_word' id='word_1_780' title='bbox 3302 3853 3498 3926; x_wconf 89' lang='lat' dir='ltr'><strong><em>possit.</em></strong></span> <span class='ocrx_word' id='word_1_781' title='bbox 3549 3852 3606 3907; x_wconf 93' lang='lat' dir='ltr'><strong><em>In</em></strong></span> <span class='ocrx_word' id='word_1_782' title='bbox 3634 3864 3730 3921; x_wconf 88' lang='lat' dir='ltr'><strong><em>qua</em></strong></span> <span class='ocrx_word' id='word_1_783' title='bbox 3774 3838 3868 3926; x_wconf 75' lang='lat' dir='ltr'><strong><em>illud</em></strong></span> 
     </span>
    </p>
   </div>
   <div class='ocr_carea' id='block_1_100' title="bbox 2262 3925 3873 4013">
    <p class='ocr_par' dir='ltr' id='par_1_100' title="bbox 2262 3925 3873 4013">
     <span class='ocr_line' id='line_1_100' title="bbox 2262 3925 3873 4013; baseline -0.003 -18"><span class='ocrx_word' id='word_1_784' title='bbox 2262 3941 2410 4013; x_wconf 90' lang='lat' dir='ltr'><strong><em>quod</em></strong></span> <span class='ocrx_word' id='word_1_785' title='bbox 2443 3942 2580 4008; x_wconf 88' lang='lat' dir='ltr'><strong><em>dixi,</em></strong></span> <span class='ocrx_word' id='word_1_786' title='bbox 2614 3943 2776 3997; x_wconf 89' lang='lat' dir='ltr'><strong><em>Omne</em></strong></span> <span class='ocrx_word' id='word_1_787' title='bbox 2809 3942 2953 4010; x_wconf 91' lang='lat' dir='ltr'><strong><em>quod</em></strong></span> <span class='ocrx_word' id='word_1_788' title='bbox 2981 3957 3263 4012; x_wconf 84' lang='lat' dir='ltr'><strong><em>corporeus</em></strong></span> <span class='ocrx_word' id='word_1_789' title='bbox 3294 3958 3480 3998; x_wconf 89' lang='lat' dir='ltr'><strong><em>sensus</em></strong></span> <span class='ocrx_word' id='word_1_790' title='bbox 3522 3940 3739 4007; x_wconf 81' lang='lat' dir='ltr'><strong><em>attingit,</em></strong></span> <span class='ocrx_word' id='word_1_791' title='bbox 3776 3925 3873 4000; x_wconf 65' lang='lat' dir='ltr'><strong><em>quod</em></strong></span> 
     </span>
    </p>
   </div>
   <div class='ocr_carea' id='block_1_101' title="bbox 2261 4017 3872 4098">
    <p class='ocr_par' dir='ltr' id='par_1_101' title="bbox 2261 4017 3872 4098">
     <span class='ocr_line' id='line_1_101' title="bbox 2261 4017 3872 4098; baseline -0.005 -14"><span class='ocrx_word' id='word_1_792' title='bbox 2261 4035 2310 4085; x_wconf 89' lang='lat' dir='ltr'><strong><em>et</em></strong></span> <span class='ocrx_word' id='word_1_793' title='bbox 2370 4031 2619 4085; x_wconf 86' lang='lat' dir='ltr'><strong><em>sensibile</em></strong></span> <span class='ocrx_word' id='word_1_794' title='bbox 2665 4031 2888 4098; x_wconf 86' lang='lat' dir='ltr'><strong><em>dicitur,</em></strong></span> <span class='ocrx_word' id='word_1_795' title='bbox 2933 4033 3049 4085; x_wconf 89' lang='lat' dir='ltr'><strong><em>sine</em></strong></span> <span class='ocrx_word' id='word_1_796' title='bbox 3096 4032 3212 4086; x_wconf 89' lang='lat' dir='ltr'><strong><em>ulla</em></strong></span> <span class='ocrx_word' id='word_1_797' title='bbox 3255 4031 3640 4087; x_wconf 86' lang='lat' dir='ltr'><strong><em>intermissione</em></strong></span> <span class='ocrx_word' id='word_1_798' title='bbox 3689 4017 3872 4090; x_wconf 60' lang='lat' dir='ltr'><strong><em>temporis</em></strong></span> 
     </span>
    </p>
   </div>
   <div class='ocr_carea' id='block_1_102' title="bbox 2260 4110 3873 4190">
    <p class='ocr_par' dir='ltr' id='par_1_102' title="bbox 2260 4110 3873 4190">
     <span class='ocr_line' id='line_1_102' title="bbox 2260 4110 3873 4190; baseline -0.011 -18"><span class='ocrx_word' id='word_1_799' title='bbox 2260 4124 2640 4188; x_wconf 85' lang='lat' dir='ltr'><strong><em>commutatur,</em></strong></span> <span class='ocrx_word' id='word_1_800' title='bbox 2673 4117 2794 4172; x_wconf 89' lang='lat' dir='ltr'><strong><em>sine</em></strong></span> <span class='ocrx_word' id='word_1_801' title='bbox 2826 4118 3000 4172; x_wconf 90' lang='lat' dir='ltr'><strong><em>dubio</em></strong></span> <span class='ocrx_word' id='word_1_802' title='bbox 3029 4134 3229 4173; x_wconf 89' lang='lat' dir='ltr'><strong><em>verum</em></strong></span> <span class='ocrx_word' id='word_1_803' title='bbox 3246 4119 3481 4190; x_wconf 90' lang='lat' dir='ltr'><strong><em>quidem</em></strong></span> <span class='ocrx_word' id='word_1_804' title='bbox 3509 4132 3617 4171; x_wconf 91' lang='lat' dir='ltr'><strong><em>non</em></strong></span> <span class='ocrx_word' id='word_1_805' title='bbox 3635 4115 3708 4167; x_wconf 87' lang='lat' dir='ltr'><strong><em>est</em></strong></span> <span class='ocrx_word' id='word_1_806' title='bbox 3732 4110 3873 4163; x_wconf 88' lang='lat' dir='ltr'><strong><em>incor-</em></strong></span> 
     </span>
    </p>
   </div>
   <div class='ocr_carea' id='block_1_103' title="bbox 2260 4201 3872 4278">
    <p class='ocr_par' dir='ltr' id='par_1_103' title="bbox 2260 4201 3872 4278">
     <span class='ocr_line' id='line_1_103' title="bbox 2260 4201 3872 4278; baseline -0.007 -18"><span class='ocrx_word' id='word_1_807' title='bbox 2260 4206 2496 4278; x_wconf 90' lang='lat' dir='ltr'><strong><em>poribus</em></strong></span> <span class='ocrx_word' id='word_1_808' title='bbox 2527 4205 2956 4260; x_wconf 85' lang='lat' dir='ltr'><strong><em>resurrectionis</em></strong></span> <span class='ocrx_word' id='word_1_809' title='bbox 2984 4205 3541 4276; x_wconf 88' lang='lat' dir='ltr'><strong><em>incorruptibilibus;</em></strong></span> <span class='ocrx_word' id='word_1_810' title='bbox 3573 4201 3660 4256; x_wconf 83' lang='lat' dir='ltr'><strong><em>sed</em></strong></span> <span class='ocrx_word' id='word_1_811' title='bbox 3689 4211 3806 4252; x_wconf 88' lang='lat' dir='ltr'><strong><em>nunc</em></strong></span> <span class='ocrx_word' id='word_1_812' title='bbox 3830 4205 3872 4243; x_wconf 75' lang='lat' dir='ltr'><strong>ea</strong></span> 
     </span>
    </p>
   </div>
   <div class='ocr_carea' id='block_1_104' title="bbox 2259 4280 3870 4366">
    <p class='ocr_par' dir='ltr' id='par_1_104' title="bbox 2259 4280 3870 4366">
     <span class='ocr_line' id='line_1_104' title="bbox 2259 4280 3870 4366; baseline -0.007 -18"><span class='ocrx_word' id='word_1_813' title='bbox 2259 4295 2451 4348; x_wconf 90' lang='lat' dir='ltr'><strong><em>nullus</em></strong></span> <span class='ocrx_word' id='word_1_814' title='bbox 2492 4294 2671 4348; x_wconf 89' lang='lat' dir='ltr'><strong><em>nostri</em></strong></span> <span class='ocrx_word' id='word_1_815' title='bbox 2700 4293 2957 4364; x_wconf 91' lang='lat' dir='ltr'><strong><em>corporis</em></strong></span> <span class='ocrx_word' id='word_1_816' title='bbox 2981 4311 3180 4349; x_wconf 90' lang='lat' dir='ltr'><strong><em>sensus</em></strong></span> <span class='ocrx_word' id='word_1_817' title='bbox 3210 4295 3459 4366; x_wconf 87' lang='lat' dir='ltr'><strong><em>attingit,</em></strong></span> <span class='ocrx_word' id='word_1_818' title='bbox 3502 4291 3603 4347; x_wconf 89' lang='lat' dir='ltr'><strong><em>nisi</em></strong></span> <span class='ocrx_word' id='word_1_819' title='bbox 3626 4290 3752 4344; x_wconf 85' lang='lat' dir='ltr'><strong><em>forte</em></strong></span> <span class='ocrx_word' id='word_1_820' title='bbox 3775 4280 3870 4337; x_wconf 70' lang='lat' dir='ltr'><strong><em>divi-</em></strong></span> 
     </span>
    </p>
   </div>
   <div class='ocr_carea' id='block_1_105' title="bbox 2259 4382 3873 4454">
    <p class='ocr_par' dir='ltr' id='par_1_105' title="bbox 2259 4382 3873 4454">
     <span class='ocr_line' id='line_1_105' title="bbox 2259 4382 3873 4454; baseline -0.003 -19"><span class='ocrx_word' id='word_1_821' title='bbox 2259 4382 2411 4436; x_wconf 91' lang='lat' dir='ltr'><strong><em>nitus</em></strong></span> <span class='ocrx_word' id='word_1_822' title='bbox 2440 4383 2551 4437; x_wconf 90' lang='lat' dir='ltr'><strong><em>tale</em></strong></span> <span class='ocrx_word' id='word_1_823' title='bbox 2589 4382 2804 4454; x_wconf 89' lang='lat' dir='ltr'><strong><em>aliquid</em></strong></span> <span class='ocrx_word' id='word_1_824' title='bbox 2834 4383 3136 4438; x_wconf 88' lang='lat' dir='ltr'><strong><em>reveletur.</em></strong></span> <span class='ocrx_word' id='word_1_825' title='bbox 3178 4384 3422 4450; x_wconf 89' lang='lat' dir='ltr'><strong><em>Decima,</em></strong></span> <span class='ocrx_word' id='word_1_826' title='bbox 3453 4387 3636 4436; x_wconf 89' lang='lat' dir='ltr'><strong><em>utrum</em></strong></span> <span class='ocrx_word' id='word_1_827' title='bbox 3661 4386 3823 4445; x_wconf 78' lang='lat' dir='ltr'><strong><em>corpus</em></strong></span> <span class='ocrx_word' id='word_1_828' title='bbox 3851 4382 3873 4419; x_wconf 69' lang='grc' dir='ltr'><strong>ὃ</strong></span> 
     </span>
    </p>
   </div>
   <div class='ocr_carea' id='block_1_106' title="bbox 2262 4456 3870 4542">
    <p class='ocr_par' dir='ltr' id='par_1_106' title="bbox 2262 4456 3870 4542">
     <span class='ocr_line' id='line_1_106' title="bbox 2262 4456 3870 4542; baseline -0.008 -18"><span class='ocrx_word' id='word_1_829' title='bbox 2262 4473 2376 4525; x_wconf 90' lang='lat' dir='ltr'><strong><em>Deo</em></strong></span> <span class='ocrx_word' id='word_1_830' title='bbox 2409 4470 2496 4525; x_wconf 91' lang='lat' dir='ltr'><strong><em>sit.</em></strong></span> <span class='ocrx_word' id='word_1_831' title='bbox 2520 4470 2847 4538; x_wconf 79' lang='lat' dir='ltr'><strong><em>Undecima,</em></strong></span> <span class='ocrx_word' id='word_1_832' title='bbox 2872 4487 3048 4542; x_wconf 87' lang='lat' dir='ltr'><strong><em>quare</em></strong></span> <span class='ocrx_word' id='word_1_833' title='bbox 3070 4471 3326 4527; x_wconf 89' lang='lat' dir='ltr'><strong><em>Christus</em></strong></span> <span class='ocrx_word' id='word_1_834' title='bbox 3350 4471 3418 4527; x_wconf 91' lang='lat' dir='ltr'><strong><em>de</em></strong></span> <span class='ocrx_word' id='word_1_835' title='bbox 3439 4469 3640 4525; x_wconf 83' lang='lat' dir='ltr'><strong><em>femina</em></strong></span> <span class='ocrx_word' id='word_1_836' title='bbox 3659 4470 3792 4520; x_wconf 90' lang='lat' dir='ltr'><strong><em>natus</em></strong></span> <span class='ocrx_word' id='word_1_837' title='bbox 3808 4456 3870 4512; x_wconf 80' lang='lat' dir='ltr'><strong><em>sit.</em></strong></span> 
     </span>
    </p>
   </div>
   <div class='ocr_carea' id='block_1_107' title="bbox 2261 4545 3871 4637">
    <p class='ocr_par' dir='ltr' id='par_1_107' title="bbox 2261 4545 3871 4637">
     <span class='ocr_line' id='line_1_107' title="bbox 2261 4545 3871 4637; baseline -0.011 -24"><span class='ocrx_word' id='word_1_838' title='bbox 2261 4559 2624 4626; x_wconf 89' lang='lat' dir='ltr'><strong><em>Duodecima,</em></strong></span> <span class='ocrx_word' id='word_1_839' title='bbox 2660 4561 2780 4614; x_wconf 92' lang='lat' dir='ltr'><strong><em>loco</em></strong></span> <span class='ocrx_word' id='word_1_840' title='bbox 2836 4560 2934 4614; x_wconf 92' lang='lat' dir='ltr'><strong><em>ubi</em></strong></span> <span class='ocrx_word' id='word_1_841' title='bbox 2965 4559 3163 4614; x_wconf 90' lang='lat' dir='ltr'><strong><em>titulus</em></strong></span> <span class='ocrx_word' id='word_1_842' title='bbox 3191 4565 3297 4628; x_wconf 92' lang='lat' dir='ltr'><strong><em>est,</em></strong></span> <span class='ocrx_word' id='word_1_843' title='bbox 3337 4556 3616 4616; x_wconf 87' lang='lat' dir='ltr'><strong><em>Sententia</em></strong></span> <span class='ocrx_word' id='word_1_844' title='bbox 3645 4545 3871 4637; x_wconf 71' lang='lat' dir='ltr'><strong><em>cujusdam</em></strong></span> 
     </span>
    </p>
   </div>
   <div class='ocr_carea' id='block_1_108' title="bbox 2257 4637 3873 4721">
    <p class='ocr_par' dir='ltr' id='par_1_108' title="bbox 2257 4637 3873 4721">
     <span class='ocr_line' id='line_1_108' title="bbox 2257 4637 3873 4721; baseline -0.005 -21"><span class='ocrx_word' id='word_1_845' title='bbox 2257 4647 2558 4717; x_wconf 90' lang='lat' dir='ltr'><strong><em>sapientis;</em></strong></span> <span class='ocrx_word' id='word_1_846' title='bbox 2593 4665 2705 4702; x_wconf 89' lang='lat' dir='ltr'><strong><em>non</em></strong></span> <span class='ocrx_word' id='word_1_847' title='bbox 2728 4652 2812 4702; x_wconf 89' lang='lat' dir='ltr'><strong><em>est</em></strong></span> <span class='ocrx_word' id='word_1_848' title='bbox 2841 4664 2995 4702; x_wconf 90' lang='lat' dir='ltr'><strong><em>mea:</em></strong></span> <span class='ocrx_word' id='word_1_849' title='bbox 3030 4648 3126 4702; x_wconf 90' lang='lat' dir='ltr'><strong><em>sed</em></strong></span> <span class='ocrx_word' id='word_1_850' title='bbox 3151 4647 3284 4720; x_wconf 89' lang='lat' dir='ltr'><strong><em>quia</em></strong></span> <span class='ocrx_word' id='word_1_851' title='bbox 3305 4664 3410 4719; x_wconf 91' lang='lat' dir='ltr'><strong><em>per</em></strong></span> <span class='ocrx_word' id='word_1_852' title='bbox 3429 4662 3518 4701; x_wconf 91' lang='lat' dir='ltr'><strong><em>me</em></strong></span> <span class='ocrx_word' id='word_1_853' title='bbox 3547 4637 3873 4721; x_wconf 72' lang='lat' dir='ltr'><strong><em>innotuitqﬂl&#39;</em></strong></span> 
     </span>
    </p>
   </div>
   <div class='ocr_carea' id='block_1_109' title="bbox 2257 4721 3868 4808">
    <p class='ocr_par' dir='ltr' id='par_1_109' title="bbox 2257 4721 3868 4808">
     <span class='ocr_line' id='line_1_109' title="bbox 2257 4721 3868 4808; baseline -0.012 -18"><span class='ocrx_word' id='word_1_854' title='bbox 2257 4735 2497 4790; x_wconf 90' lang='lat' dir='ltr'><strong><em>busdam</em></strong></span> <span class='ocrx_word' id='word_1_855' title='bbox 2541 4737 2834 4803; x_wconf 83' lang='lat' dir='ltr'><strong><em>fratribus,</em></strong></span> <span class='ocrx_word' id='word_1_856' title='bbox 2878 4736 2979 4808; x_wconf 90' lang='lat' dir='ltr'><strong><em>qui</em></strong></span> <span class='ocrx_word' id='word_1_857' title='bbox 3008 4741 3142 4792; x_wconf 88' lang='lat' dir='ltr'><strong><em>tunc</em></strong></span> <span class='ocrx_word' id='word_1_858' title='bbox 3191 4754 3222 4790; x_wconf 90' lang='lat' dir='ltr'><strong><em>a</em></strong></span> <span class='ocrx_word' id='word_1_859' title='bbox 3254 4753 3343 4792; x_wconf 89' lang='lat' dir='ltr'><strong><em>me</em></strong></span> <span class='ocrx_word' id='word_1_860' title='bbox 3375 4737 3481 4790; x_wconf 90' lang='lat' dir='ltr'><strong><em>ista</em></strong></span> <span class='ocrx_word' id='word_1_861' title='bbox 3509 4721 3868 4802; x_wconf 82' lang='lat' dir='ltr'><strong><em>diligentissime</em></strong></span> 
     </span>
    </p>
   </div>
   <div class='ocr_carea' id='block_1_110' title="bbox 2255 4811 3871 4896">
    <p class='ocr_par' dir='ltr' id='par_1_110' title="bbox 2255 4811 3871 4896">
     <span class='ocr_line' id='line_1_110' title="bbox 2255 4811 3871 4896; baseline -0.011 -18"><span class='ocrx_word' id='word_1_862' title='bbox 2255 4824 2615 4894; x_wconf 82' lang='lat' dir='ltr'><strong><em>colligebant,</em></strong></span> <span class='ocrx_word' id='word_1_863' title='bbox 2661 4830 2719 4879; x_wconf 90' lang='lat' dir='ltr'><strong><em>et</em></strong></span> <span class='ocrx_word' id='word_1_864' title='bbox 2745 4825 2959 4896; x_wconf 87' lang='lat' dir='ltr'><strong><em>placuit</em></strong></span> <span class='ocrx_word' id='word_1_865' title='bbox 2991 4825 3091 4892; x_wconf 89' lang='lat' dir='ltr'><strong><em>eis,</em></strong></span> <span class='ocrx_word' id='word_1_866' title='bbox 3137 4825 3288 4880; x_wconf 91' lang='lat' dir='ltr'><strong><em>inter</em></strong></span> <span class='ocrx_word' id='word_1_867' title='bbox 3320 4829 3512 4880; x_wconf 89' lang='lat' dir='ltr'><strong><em>nostra</em></strong></span> <span class='ocrx_word' id='word_1_868' title='bbox 3537 4835 3651 4876; x_wconf 90' lang='lat' dir='ltr'><strong><em>eam</em></strong></span> <span class='ocrx_word' id='word_1_869' title='bbox 3683 4811 3871 4870; x_wconf 83' lang='lat' dir='ltr'><strong><em>scribere</em></strong></span> 
     </span>
    </p>
   </div>
   <div class='ocr_carea' id='block_1_111' title="bbox 2254 4901 3872 4985">
    <p class='ocr_par' dir='ltr' id='par_1_111' title="bbox 2254 4901 3872 4985">
     <span class='ocr_line' id='line_1_111' title="bbox 2254 4901 3872 4985; baseline 0.006 -20"><span class='ocrx_word' id='word_1_870' title='bbox 2254 4912 2576 4968; x_wconf 82' lang='lat' dir='ltr'><strong><em>voluerunt.</em></strong></span> <span class='ocrx_word' id='word_1_871' title='bbox 2620 4914 2714 4968; x_wconf 83' lang='lat' dir='ltr'><strong><em>Est</em></strong></span> <span class='ocrx_word' id='word_1_872' title='bbox 2740 4919 2935 4967; x_wconf 90' lang='lat' dir='ltr'><strong><em>autem</em></strong></span> <span class='ocrx_word' id='word_1_873' title='bbox 2978 4913 3273 4985; x_wconf 85' lang='lat' dir='ltr'><strong><em>cujusdam</em></strong></span> <span class='ocrx_word' id='word_1_874' title='bbox 3318 4912 3512 4968; x_wconf 83' lang='lat' dir='ltr'><strong><em>Fontei</em></strong></span> <span class='ocrx_word' id='word_1_875' title='bbox 3541 4901 3872 4985; x_wconf 53' lang='lat' dir='ltr'><strong><em>Carthagine“:</em></strong></span> 
     </span>
    </p>
   </div>
   <div class='ocr_carea' id='block_1_112' title="bbox 2256 4979 3872 5068">
    <p class='ocr_par' dir='ltr' id='par_1_112' title="bbox 2256 4979 3872 5068">
     <span class='ocr_line' id='line_1_112' title="bbox 2256 4979 3872 5068; baseline -0.005 -14"><span class='ocrx_word' id='word_1_876' title='bbox 2256 4999 2331 5054; x_wconf 90' lang='lat' dir='ltr'><strong><em>sis</em></strong></span> <span class='ocrx_word' id='word_1_877' title='bbox 2362 5002 2401 5068; x_wconf 85' lang='grc'><strong><em>¹,</em></strong></span> <span class='ocrx_word' id='word_1_878' title='bbox 2432 5001 2500 5055; x_wconf 90' lang='lat' dir='ltr'><strong><em>de</em></strong></span> <span class='ocrx_word' id='word_1_879' title='bbox 2523 5005 2711 5056; x_wconf 90' lang='lat' dir='ltr'><strong><em>mente</em></strong></span> <span class='ocrx_word' id='word_1_880' title='bbox 2741 4979 3076 5057; x_wconf 77' lang='lat' dir='ltr'><strong><em>mundanda</em></strong></span> <span class='ocrx_word' id='word_1_881' title='bbox 3105 5003 3176 5056; x_wconf 94' lang='lat' dir='ltr'><strong><em>ad</em></strong></span> <span class='ocrx_word' id='word_1_882' title='bbox 3201 5001 3508 5056; x_wconf 90' lang='lat' dir='ltr'><strong><em>videndum</em></strong></span> <span class='ocrx_word' id='word_1_883' title='bbox 3540 4999 3716 5058; x_wconf 89' lang='lat' dir='ltr'><strong><em>Deum,</em></strong></span> <span class='ocrx_word' id='word_1_884' title='bbox 3757 4979 3872 5058; x_wconf 74' lang='lat' dir='ltr'><strong><em>qUOd</em></strong></span> 
     </span>
    </p>
   </div>
   <div class='ocr_carea' id='block_1_113' title="bbox 2255 5076 3871 5162">
    <p class='ocr_par' dir='ltr' id='par_1_113' title="bbox 2255 5076 3871 5162">
     <span class='ocr_line' id='line_1_113' title="bbox 2255 5076 3871 5162; baseline -0.012 -20"><span class='ocrx_word' id='word_1_885' title='bbox 2255 5103 2510 5158; x_wconf 88' lang='lat' dir='ltr'><strong><em>paganus</em></strong></span> <span class='ocrx_word' id='word_1_886' title='bbox 2549 5088 2780 5160; x_wconf 89' lang='lat' dir='ltr'><strong><em>quidem</em></strong></span> <span class='ocrx_word' id='word_1_887' title='bbox 2822 5090 3068 5162; x_wconf 89' lang='lat' dir='ltr'><strong><em>scripsit,</em></strong></span> <span class='ocrx_word' id='word_1_888' title='bbox 3111 5091 3208 5144; x_wconf 90' lang='lat' dir='ltr'><strong><em>sed</em></strong></span> <span class='ocrx_word' id='word_1_889' title='bbox 3253 5088 3584 5144; x_wconf 87' lang='lat' dir='ltr'><strong><em>christianus</em></strong></span> <span class='ocrx_word' id='word_1_890' title='bbox 3618 5076 3871 5150; x_wconf 75' lang='lat' dir='ltr'><strong><em>baptizatos</em></strong></span> 
     </span>
    </p>
   </div>
   <div class='ocr_carea' id='block_1_114' title="bbox 2254 5173 3871 5250">
    <p class='ocr_par' dir='ltr' id='par_1_114' title="bbox 2254 5173 3871 5250">
     <span class='ocr_line' id='line_1_114' title="bbox 2254 5173 3871 5250; baseline -0.011 -21"><span class='ocrx_word' id='word_1_891' title='bbox 2254 5180 2338 5229; x_wconf 86' lang='lat' dir='ltr'><strong><em>est</em></strong></span> <span class='ocrx_word' id='word_1_892' title='bbox 2371 5181 2655 5232; x_wconf 91' lang='lat' dir='ltr'><strong><em>mortuus.</em></strong></span> <span class='ocrx_word' id='word_1_893' title='bbox 2699 5177 2928 5233; x_wconf 91' lang='lat' dir='ltr'><strong><em>Decima</em></strong></span> <span class='ocrx_word' id='word_1_894' title='bbox 2966 5178 3135 5232; x_wconf 90' lang='lat' dir='ltr'><strong><em>tertia</em></strong></span> <span class='ocrx_word' id='word_1_895' title='bbox 3165 5183 3264 5246; x_wconf 88' lang='lat' dir='ltr'><strong><em>est,</em></strong></span> <span class='ocrx_word' id='word_1_896' title='bbox 3306 5195 3418 5250; x_wconf 91' lang='lat' dir='ltr'><strong><em>quo</em></strong></span> <span class='ocrx_word' id='word_1_897' title='bbox 3444 5173 3748 5232; x_wconf 88' lang='lat' dir='ltr'><strong><em>documento</em></strong></span> <span class='ocrx_word' id='word_1_898' title='bbox 3772 5173 3871 5216; x_wconf 83' lang='lat' dir='ltr'><strong><em>con-</em></strong></span> 
     </span>
    </p>
   </div>
   <div class='ocr_carea' id='block_1_115' title="bbox 2254 5259 3870 5332">
    <p class='ocr_par' dir='ltr' id='par_1_115' title="bbox 2254 5259 3870 5332">
     <span class='ocr_line' id='line_1_115' title="bbox 2254 5259 3870 5332; baseline 0.001 -14"><span class='ocrx_word' id='word_1_899' title='bbox 2254 5267 2364 5318; x_wconf 89' lang='lat' dir='ltr'><strong><em>stet</em></strong></span> <span class='ocrx_word' id='word_1_900' title='bbox 2403 5265 2667 5320; x_wconf 88' lang='lat' dir='ltr'><strong><em>homines</em></strong></span> <span class='ocrx_word' id='word_1_901' title='bbox 2708 5265 2902 5320; x_wconf 90' lang='lat' dir='ltr'><strong><em>bestiis</em></strong></span> <span class='ocrx_word' id='word_1_902' title='bbox 2945 5266 3238 5321; x_wconf 89' lang='lat' dir='ltr'><strong><em>excellere.</em></strong></span> <span class='ocrx_word' id='word_1_903' title='bbox 3280 5266 3502 5320; x_wconf 90' lang='lat' dir='ltr'><strong><em>Decima</em></strong></span> <span class='ocrx_word' id='word_1_904' title='bbox 3553 5261 3746 5332; x_wconf 66' lang='lat' dir='ltr'><strong><em>quarta.</em></strong></span> <span class='ocrx_word' id='word_1_905' title='bbox 3786 5259 3870 5302; x_wconf 73' lang='lat' dir='ltr'><strong>non</strong></span> 
     </span>
    </p>
   </div>
   <div class='ocr_carea' id='block_1_116' title="bbox 2251 5347 3866 5427">
    <p class='ocr_par' dir='ltr' id='par_1_116' title="bbox 2251 5347 3866 5427">
     <span class='ocr_line' id='line_1_116' title="bbox 2251 5347 3866 5427; baseline -0.006 -19"><span class='ocrx_word' id='word_1_906' title='bbox 2251 5352 2423 5408; x_wconf 88' lang='lat' dir='ltr'><strong><em>fuisse</em></strong></span> <span class='ocrx_word' id='word_1_907' title='bbox 2453 5370 2660 5427; x_wconf 83' lang='lat' dir='ltr'><strong><em>corpus</em></strong></span> <span class='ocrx_word' id='word_1_908' title='bbox 2691 5354 2921 5410; x_wconf 90' lang='lat' dir='ltr'><strong><em>Domini</em></strong></span> <span class='ocrx_word' id='word_1_909' title='bbox 2957 5354 3137 5410; x_wconf 88' lang='lat' dir='ltr'><strong><em>nostri</em></strong></span> <span class='ocrx_word' id='word_1_910' title='bbox 3164 5356 3294 5410; x_wconf 80' lang='lat' dir='ltr'><strong><em>Jesu</em></strong></span> <span class='ocrx_word' id='word_1_911' title='bbox 3336 5352 3537 5410; x_wconf 89' lang='lat' dir='ltr'><strong><em>Christi</em></strong></span> <span class='ocrx_word' id='word_1_912' title='bbox 3576 5347 3866 5422; x_wconf 68' lang='lat' dir='ltr'><strong><em>phantasma-</em></strong></span> 
     </span>
    </p>
   </div>
   <div class='ocr_carea' id='block_1_117' title="bbox 2316 5474 3867 5560">
    <p class='ocr_par' dir='ltr' id='par_1_117' title="bbox 2316 5474 3867 5560">
     <span class='ocr_line' id='line_1_117' title="bbox 2316 5474 3867 5560; baseline 0 -17"><span class='ocrx_word' id='word_1_913' title='bbox 2316 5494 2578 5545; x_wconf 69' lang='lat' dir='ltr'><strong><em>IAdditur</em></strong></span> <span class='ocrx_word' id='word_1_914' title='bbox 2614 5495 2753 5560; x_wconf 87' lang='lat' dir='ltr'><strong><em>apud</em></strong></span> <span class='ocrx_word' id='word_1_915' title='bbox 2785 5497 3096 5560; x_wconf 79' lang='lat' dir='ltr'><strong><em>Lov.:0ui</em></strong></span> <span class='ocrx_word' id='word_1_916' title='bbox 3131 5497 3195 5547; x_wconf 88' lang='lat' dir='ltr'><strong><em>de</em></strong></span> <span class='ocrx_word' id='word_1_917' title='bbox 3214 5498 3322 5548; x_wconf 84' lang='lat' dir='ltr'><strong><em>vita</em></strong></span> <span class='ocrx_word' id='word_1_918' title='bbox 3344 5474 3867 5560; x_wconf 45' lang='lat' dir='ltr'><strong><em>Brachmanprquff’</em></strong></span> 
     </span>
    </p>
   </div>
   <div class='ocr_carea' id='block_1_118' title="bbox 2249 5541 3862 5624">
    <p class='ocr_par' dir='ltr' id='par_1_118' title="bbox 2249 5541 3862 5624">
     <span class='ocr_line' id='line_1_118' title="bbox 2249 5541 3862 5624; baseline -0.012 -14"><span class='ocrx_word' id='word_1_919' title='bbox 2249 5541 2822 5623; x_wconf 40' lang='lat' dir='ltr'><strong><em>nuntiabantur;</em></strong></span> <span class='ocrx_word' id='word_1_920' title='bbox 2831 5541 2978 5623; x_wconf 61' lang='grc' dir='ltr'><strong><em>ἶιᾶὁά</em></strong></span> <span class='ocrx_word' id='word_1_921' title='bbox 2996 5541 3606 5624; x_wconf 44' lang='lat' dir='ltr'><strong><em>adstitissem;</em></strong></span> <span class='ocrx_word' id='word_1_922' title='bbox 3622 5552 3696 5601; x_wconf 85' lang='lat' dir='ltr'><strong><em>Er.</em></strong></span> <span class='ocrx_word' id='word_1_923' title='bbox 3719 5550 3762 5595; x_wconf 87' lang='lat' dir='ltr'><strong><em>et</em></strong></span> <span class='ocrx_word' id='word_1_924' title='bbox 3775 5541 3862 5591; x_wconf 77' lang='lat' dir='ltr'><strong><em>Mss.</em></strong></span> 
     </span>
    </p>
   </div>
  </div>
