  <div class='ocr_page' id='page_1' title='image "/cluster/home/n/w/nwhite01/storage/ocr_20150623/32/hvd.32044096580550/332.png"; bbox 0 0 4028 6174; ppageno 0'>
   <div class='ocr_carea' id='block_1_1' title="bbox 135 234 242 286">
    <p class='ocr_par' dir='ltr' id='par_1_1' title="bbox 135 234 242 286">
     <span class='ocr_line' id='line_1_1' title="bbox 135 234 242 286; baseline -0.009 0"><span class='ocrx_word' id='word_1_1' title='bbox 135 234 242 286; x_wconf 78' lang='grc'>625</span> 
     </span>
    </p>
   </div>
   <div class='ocr_carea' id='block_1_2' title="bbox 139 354 1849 426">
    <p class='ocr_par' dir='ltr' id='par_1_2' title="bbox 139 354 1849 426">
     <span class='ocr_line' id='line_1_2' title="bbox 139 354 1849 426; baseline 0.002 -16"><span class='ocrx_word' id='word_1_2' title='bbox 139 355 372 411; x_wconf 87' lang='lat' dir='ltr'>Decima</span> <span class='ocrx_word' id='word_1_3' title='bbox 400 356 621 426; x_wconf 86' lang='lat' dir='ltr'>quinta.</span> <span class='ocrx_word' id='word_1_4' title='bbox 654 355 723 411; x_wconf 91' lang='lat' dir='ltr'>de</span> <span class='ocrx_word' id='word_1_5' title='bbox 753 354 1059 410; x_wconf 87' lang='lat' dir='ltr'>intellectu.</span> <span class='ocrx_word' id='word_1_6' title='bbox 1120 354 1349 411; x_wconf 90' lang='lat' dir='ltr'>Decima</span> <span class='ocrx_word' id='word_1_7' title='bbox 1378 360 1555 425; x_wconf 88' lang='lat' dir='ltr'>sexta,</span> <span class='ocrx_word' id='word_1_8' title='bbox 1597 358 1666 413; x_wconf 88' lang='lat' dir='ltr'>de</span> <span class='ocrx_word' id='word_1_9' title='bbox 1707 359 1849 415; x_wconf 89' lang='lat' dir='ltr'>Filio</span> 
     </span>
    </p>
   </div>
   <div class='ocr_carea' id='block_1_3' title="bbox 140 443 1846 515">
    <p class='ocr_par' dir='ltr' id='par_1_3' title="bbox 140 443 1846 515">
     <span class='ocr_line' id='line_1_3' title="bbox 140 443 1846 515; baseline 0.001 -16"><span class='ocrx_word' id='word_1_10' title='bbox 140 444 264 499; x_wconf 88' lang='lat' dir='ltr'>Dei.</span> <span class='ocrx_word' id='word_1_11' title='bbox 300 444 529 500; x_wconf 90' lang='lat' dir='ltr'>Decima</span> <span class='ocrx_word' id='word_1_12' title='bbox 554 444 816 515; x_wconf 91' lang='lat' dir='ltr'>septima,</span> <span class='ocrx_word' id='word_1_13' title='bbox 870 444 940 499; x_wconf 92' lang='lat' dir='ltr'>de</span> <span class='ocrx_word' id='word_1_14' title='bbox 962 443 1195 498; x_wconf 89' lang='lat' dir='ltr'>scientia</span> <span class='ocrx_word' id='word_1_15' title='bbox 1226 444 1344 500; x_wconf 86' lang='lat' dir='ltr'>Dei.</span> <span class='ocrx_word' id='word_1_16' title='bbox 1382 446 1609 500; x_wconf 92' lang='lat' dir='ltr'>Decima</span> <span class='ocrx_word' id='word_1_17' title='bbox 1630 453 1846 515; x_wconf 86' lang='lat' dir='ltr'>octava,</span> 
     </span>
    </p>
   </div>
   <div class='ocr_carea' id='block_1_4' title="bbox 139 532 1848 594">
    <p class='ocr_par' dir='ltr' id='par_1_4' title="bbox 139 532 1848 594">
     <span class='ocr_line' id='line_1_4' title="bbox 139 532 1848 594; baseline 0.002 -7"><span class='ocrx_word' id='word_1_18' title='bbox 139 533 214 587; x_wconf 92' lang='lat' dir='ltr'>de</span> <span class='ocrx_word' id='word_1_19' title='bbox 244 534 517 587; x_wconf 89' lang='lat' dir='ltr'>Trinitate</span> <span class='ocrx_word' id='word_1_20' title='bbox 545 532 582 594; x_wconf 87' lang='grc'>⁴,</span> <span class='ocrx_word' id='word_1_21' title='bbox 619 534 845 587; x_wconf 90' lang='lat' dir='ltr'>Decima</span> <span class='ocrx_word' id='word_1_22' title='bbox 877 549 1048 594; x_wconf 90' lang='lat' dir='ltr'>nona,</span> <span class='ocrx_word' id='word_1_23' title='bbox 1080 533 1151 586; x_wconf 92' lang='lat' dir='ltr'>de</span> <span class='ocrx_word' id='word_1_24' title='bbox 1182 535 1296 587; x_wconf 93' lang='lat' dir='ltr'>Deo</span> <span class='ocrx_word' id='word_1_25' title='bbox 1326 538 1383 587; x_wconf 92' lang='lat' dir='ltr'>et</span> <span class='ocrx_word' id='word_1_26' title='bbox 1424 542 1703 593; x_wconf 81' lang='lat' dir='ltr'>creatura.</span> <span class='ocrx_word' id='word_1_27' title='bbox 1755 537 1848 591; x_wconf 89' lang='lat' dir='ltr'>Vi-</span> 
     </span>
    </p>
   </div>
   <div class='ocr_carea' id='block_1_5' title="bbox 141 617 1847 690">
    <p class='ocr_par' dir='ltr' id='par_1_5' title="bbox 141 617 1847 690">
     <span class='ocr_line' id='line_1_5' title="bbox 141 617 1847 690; baseline 0.003 -18"><span class='ocrx_word' id='word_1_28' title='bbox 141 619 365 690; x_wconf 87' lang='lat' dir='ltr'>gesima</span> <span class='ocrx_word' id='word_1_29' title='bbox 409 619 477 671; x_wconf 93' lang='lat' dir='ltr'>de</span> <span class='ocrx_word' id='word_1_30' title='bbox 528 619 651 671; x_wconf 88' lang='lat' dir='ltr'>loco</span> <span class='ocrx_word' id='word_1_31' title='bbox 696 618 815 672; x_wconf 91' lang='lat' dir='ltr'>Dei.</span> <span class='ocrx_word' id='word_1_32' title='bbox 866 617 1153 688; x_wconf 83' lang='lat' dir='ltr'>Vigesima</span> <span class='ocrx_word' id='word_1_33' title='bbox 1202 618 1410 688; x_wconf 90' lang='lat' dir='ltr'>prima,</span> <span class='ocrx_word' id='word_1_34' title='bbox 1456 624 1651 676; x_wconf 88' lang='lat' dir='ltr'>utrum</span> <span class='ocrx_word' id='word_1_35' title='bbox 1701 624 1847 677; x_wconf 89' lang='lat' dir='ltr'>Deus</span> 
     </span>
    </p>
   </div>
   <div class='ocr_carea' id='block_1_6' title="bbox 137 706 1846 773">
    <p class='ocr_par' dir='ltr' id='par_1_6' title="bbox 137 706 1846 773">
     <span class='ocr_line' id='line_1_6' title="bbox 137 706 1846 773; baseline 0.001 -12"><span class='ocrx_word' id='word_1_36' title='bbox 137 713 340 761; x_wconf 78' lang='lat' dir='ltr'>auctor</span> <span class='ocrx_word' id='word_1_37' title='bbox 367 706 502 761; x_wconf 89' lang='lat' dir='ltr'>mali</span> <span class='ocrx_word' id='word_1_38' title='bbox 535 722 649 761; x_wconf 93' lang='lat' dir='ltr'>non</span> <span class='ocrx_word' id='word_1_39' title='bbox 682 706 771 762; x_wconf 93' lang='lat' dir='ltr'>sit.</span> <span class='ocrx_word' id='word_1_40' title='bbox 810 707 914 761; x_wconf 91' lang='lat' dir='ltr'>Ubi</span> <span class='ocrx_word' id='word_1_41' title='bbox 936 707 1242 761; x_wconf 92' lang='lat' dir='ltr'>videndum</span> <span class='ocrx_word' id='word_1_42' title='bbox 1273 713 1377 773; x_wconf 92' lang='lat' dir='ltr'>est,</span> <span class='ocrx_word' id='word_1_43' title='bbox 1404 724 1477 762; x_wconf 91' lang='lat' dir='ltr'>ne</span> <span class='ocrx_word' id='word_1_44' title='bbox 1509 710 1656 763; x_wconf 91' lang='lat' dir='ltr'>male</span> <span class='ocrx_word' id='word_1_45' title='bbox 1680 708 1846 763; x_wconf 90' lang='lat' dir='ltr'>intel-</span> 
     </span>
    </p>
   </div>
   <div class='ocr_carea' id='block_1_7' title="bbox 133 795 1845 867">
    <p class='ocr_par' dir='ltr' id='par_1_7' title="bbox 133 795 1845 867">
     <span class='ocr_line' id='line_1_7' title="bbox 133 795 1845 867; baseline 0.001 -17"><span class='ocrx_word' id='word_1_46' title='bbox 133 796 254 867; x_wconf 88' lang='lat' dir='ltr'>liga</span> <span class='ocrx_word' id='word_1_47' title='bbox 270 801 364 850; x_wconf 90' lang='lat' dir='ltr'>tur</span> <span class='ocrx_word' id='word_1_48' title='bbox 390 795 543 865; x_wconf 89' lang='lat' dir='ltr'>quod</span> <span class='ocrx_word' id='word_1_49' title='bbox 576 795 712 855; x_wconf 87' lang='lat' dir='ltr'>dixi,</span> <span class='ocrx_word' id='word_1_50' title='bbox 751 797 887 850; x_wconf 88' lang='lat' dir='ltr'>Mali</span> <span class='ocrx_word' id='word_1_51' title='bbox 912 799 1101 850; x_wconf 80' lang='lat' dir='ltr'>auctor</span> <span class='ocrx_word' id='word_1_52' title='bbox 1141 811 1249 849; x_wconf 88' lang='lat' dir='ltr'>non</span> <span class='ocrx_word' id='word_1_53' title='bbox 1289 801 1388 862; x_wconf 88' lang='lat' dir='ltr'>est,</span> <span class='ocrx_word' id='word_1_54' title='bbox 1437 799 1567 865; x_wconf 87' lang='lat' dir='ltr'>quia</span> <span class='ocrx_word' id='word_1_55' title='bbox 1610 802 1845 851; x_wconf 84' lang='lat' dir='ltr'>omnium</span> 
     </span>
    </p>
   </div>
   <div class='ocr_carea' id='block_1_8' title="bbox 130 887 1845 954">
    <p class='ocr_par' dir='ltr' id='par_1_8' title="bbox 130 887 1845 954">
     <span class='ocr_line' id='line_1_8' title="bbox 130 887 1845 954; baseline 0.001 -15"><span class='ocrx_word' id='word_1_56' title='bbox 130 900 259 953; x_wconf 69' lang='lat' dir='ltr'>qua?</span> <span class='ocrx_word' id='word_1_57' title='bbox 284 888 415 939; x_wconf 87' lang='lat' dir='ltr'>sunt</span> <span class='ocrx_word' id='word_1_58' title='bbox 441 888 629 938; x_wconf 77' lang='lat' dir='ltr'>auctor</span> <span class='ocrx_word' id='word_1_59' title='bbox 653 888 766 951; x_wconf 88' lang='lat' dir='ltr'>est;</span> <span class='ocrx_word' id='word_1_60' title='bbox 798 887 928 953; x_wconf 88' lang='lat' dir='ltr'>quia</span> <span class='ocrx_word' id='word_1_61' title='bbox 958 888 1017 939; x_wconf 84' lang='lat' dir='ltr'>in</span> <span class='ocrx_word' id='word_1_62' title='bbox 1046 891 1311 954; x_wconf 84' lang='lat' dir='ltr'>quantum</span> <span class='ocrx_word' id='word_1_63' title='bbox 1352 892 1496 953; x_wconf 87' lang='lat' dir='ltr'>sunt,</span> <span class='ocrx_word' id='word_1_64' title='bbox 1544 890 1603 941; x_wconf 89' lang='lat' dir='ltr'>in</span> <span class='ocrx_word' id='word_1_65' title='bbox 1633 892 1845 942; x_wconf 85' lang='lat' dir='ltr'>tantum</span> 
     </span>
    </p>
   </div>
   <div class='ocr_carea' id='block_1_9' title="bbox 128 972 1843 1046">
    <p class='ocr_par' dir='ltr' id='par_1_9' title="bbox 128 972 1843 1046">
     <span class='ocr_line' id='line_1_9' title="bbox 128 972 1843 1046; baseline 0.002 -20"><span class='ocrx_word' id='word_1_66' title='bbox 128 972 274 1026; x_wconf 89' lang='lat' dir='ltr'>bona</span> <span class='ocrx_word' id='word_1_67' title='bbox 303 978 465 1027; x_wconf 82' lang='lat' dir='ltr'>sunt:</span> <span class='ocrx_word' id='word_1_68' title='bbox 503 976 561 1026; x_wconf 89' lang='lat' dir='ltr'>et</span> <span class='ocrx_word' id='word_1_69' title='bbox 584 989 653 1026; x_wconf 92' lang='lat' dir='ltr'>ne</span> <span class='ocrx_word' id='word_1_70' title='bbox 675 973 809 1028; x_wconf 90' lang='lat' dir='ltr'>hinc</span> <span class='ocrx_word' id='word_1_71' title='bbox 830 977 1063 1043; x_wconf 83' lang='lat' dir='ltr'>putetur</span> <span class='ocrx_word' id='word_1_72' title='bbox 1086 991 1202 1028; x_wconf 92' lang='lat' dir='ltr'>non</span> <span class='ocrx_word' id='word_1_73' title='bbox 1227 974 1298 1028; x_wconf 89' lang='lat' dir='ltr'>ab</span> <span class='ocrx_word' id='word_1_74' title='bbox 1328 974 1426 1028; x_wconf 93' lang='lat' dir='ltr'>illo</span> <span class='ocrx_word' id='word_1_75' title='bbox 1460 992 1583 1029; x_wconf 90' lang='lat' dir='ltr'>esse</span> <span class='ocrx_word' id='word_1_76' title='bbox 1614 992 1843 1046; x_wconf 82' lang='lat' dir='ltr'>poenam</span> 
     </span>
    </p>
   </div>
   <div class='ocr_carea' id='block_1_10' title="bbox 126 1060 1839 1133">
    <p class='ocr_par' dir='ltr' id='par_1_10' title="bbox 126 1060 1839 1133">
     <span class='ocr_line' id='line_1_10' title="bbox 126 1060 1839 1133; baseline 0.002 -20"><span class='ocrx_word' id='word_1_77' title='bbox 126 1061 448 1128; x_wconf 88' lang='lat' dir='ltr'>malorum,</span> <span class='ocrx_word' id='word_1_78' title='bbox 484 1077 613 1132; x_wconf 71' lang='lat' dir='ltr'>quae</span> <span class='ocrx_word' id='word_1_79' title='bbox 641 1061 840 1131; x_wconf 85' lang='lat' dir='ltr'>utique</span> <span class='ocrx_word' id='word_1_80' title='bbox 874 1062 1087 1115; x_wconf 89' lang='lat' dir='ltr'>malum</span> <span class='ocrx_word' id='word_1_81' title='bbox 1120 1066 1203 1115; x_wconf 90' lang='lat' dir='ltr'>est</span> <span class='ocrx_word' id='word_1_82' title='bbox 1239 1060 1308 1114; x_wconf 91' lang='lat' dir='ltr'>iis</span> <span class='ocrx_word' id='word_1_83' title='bbox 1353 1061 1454 1131; x_wconf 86' lang='lat' dir='ltr'>qui</span> <span class='ocrx_word' id='word_1_84' title='bbox 1499 1063 1839 1133; x_wconf 88' lang='lat' dir='ltr'>puniuntur.</span> 
     </span>
    </p>
   </div>
   <div class='ocr_carea' id='block_1_11' title="bbox 124 1147 1843 1219">
    <p class='ocr_par' dir='ltr' id='par_1_11' title="bbox 124 1147 1843 1219">
     <span class='ocr_line' id='line_1_11' title="bbox 124 1147 1843 1219; baseline 0.002 -17"><span class='ocrx_word' id='word_1_85' title='bbox 124 1147 238 1202; x_wconf 86' lang='lat' dir='ltr'>Sed</span> <span class='ocrx_word' id='word_1_86' title='bbox 271 1149 380 1202; x_wconf 86' lang='lat' dir='ltr'>hoc</span> <span class='ocrx_word' id='word_1_87' title='bbox 401 1149 481 1203; x_wconf 89' lang='lat' dir='ltr'>ita</span> <span class='ocrx_word' id='word_1_88' title='bbox 501 1148 614 1204; x_wconf 83' lang='lat' dir='ltr'>dixi</span> <span class='ocrx_word' id='word_1_89' title='bbox 637 1149 1125 1219; x_wconf 83' lang='lat' dir='ltr'>quemadmodum</span> <span class='ocrx_word' id='word_1_90' title='bbox 1155 1149 1370 1204; x_wconf 87' lang='lat' dir='ltr'>dictum</span> <span class='ocrx_word' id='word_1_91' title='bbox 1399 1153 1502 1216; x_wconf 91' lang='lat' dir='ltr'>est,</span> <span class='ocrx_word' id='word_1_92' title='bbox 1535 1154 1675 1205; x_wconf 82' lang='lat' dir='ltr'>Deus</span> <span class='ocrx_word' id='word_1_93' title='bbox 1703 1167 1843 1205; x_wconf 89' lang='lat' dir='ltr'>mor-</span> 
     </span>
    </p>
   </div>
   <div class='ocr_carea' id='block_1_12' title="bbox 124 1238 1836 1308">
    <p class='ocr_par' dir='ltr' id='par_1_12' title="bbox 124 1238 1836 1308">
     <span class='ocr_line' id='line_1_12' title="bbox 124 1238 1836 1308; baseline 0.001 -17"><span class='ocrx_word' id='word_1_94' title='bbox 124 1242 236 1291; x_wconf 87' lang='lat' dir='ltr'>tem</span> <span class='ocrx_word' id='word_1_95' title='bbox 269 1252 378 1291; x_wconf 88' lang='lat' dir='ltr'>non</span> <span class='ocrx_word' id='word_1_96' title='bbox 426 1240 557 1304; x_wconf 81' lang='lat' dir='ltr'>fecit</span> <span class='ocrx_word' id='word_1_97' title='bbox 600 1238 755 1307; x_wconf 87' lang='lat' dir='ltr'>(Sap.</span> <span class='ocrx_word' id='word_1_98' title='bbox 802 1254 842 1305; x_wconf 82' lang='grc' dir='ltr'>ι,</span> <span class='ocrx_word' id='word_1_99' title='bbox 893 1240 1017 1304; x_wconf 88' lang='grc'>13);</span> <span class='ocrx_word' id='word_1_100' title='bbox 1076 1252 1205 1292; x_wconf 94' lang='lat' dir='ltr'>cum</span> <span class='ocrx_word' id='word_1_101' title='bbox 1252 1238 1389 1292; x_wconf 87' lang='lat' dir='ltr'>alibi</span> <span class='ocrx_word' id='word_1_102' title='bbox 1420 1238 1697 1308; x_wconf 87' lang='lat' dir='ltr'>scriptum</span> <span class='ocrx_word' id='word_1_103' title='bbox 1728 1238 1836 1293; x_wconf 86' lang='lat' dir='ltr'>sit:</span> 
     </span>
    </p>
   </div>
   <div class='ocr_carea' id='block_1_13' title="bbox 120 1327 1839 1395">
    <p class='ocr_par' dir='ltr' id='par_1_13' title="bbox 120 1327 1839 1395">
     <span class='ocr_line' id='line_1_13' title="bbox 120 1327 1839 1395; baseline -0.001 -15"><span class='ocrx_word' id='word_1_104' title='bbox 120 1327 277 1380; x_wconf 84' lang='lat' dir='ltr'>Mors</span> <span class='ocrx_word' id='word_1_105' title='bbox 306 1330 358 1379; x_wconf 85' lang='lat' dir='ltr'>et</span> <span class='ocrx_word' id='word_1_106' title='bbox 387 1330 562 1379; x_wconf 82' lang='lat' dir='ltr'>vitaa</span> <span class='ocrx_word' id='word_1_107' title='bbox 609 1328 831 1380; x_wconf 91' lang='lat' dir='ltr'>Domino</span> <span class='ocrx_word' id='word_1_108' title='bbox 868 1329 968 1380; x_wconf 91' lang='lat' dir='ltr'>Deo</span> <span class='ocrx_word' id='word_1_109' title='bbox 1019 1330 1097 1379; x_wconf 88' lang='lat' dir='ltr'>est</span> <span class='ocrx_word' id='word_1_110' title='bbox 1150 1328 1332 1395; x_wconf 88' lang='lat' dir='ltr'>(Eccli.</span> <span class='ocrx_word' id='word_1_111' title='bbox 1388 1343 1461 1393; x_wconf 78' lang='lat' dir='ltr'>x1,</span> <span class='ocrx_word' id='word_1_112' title='bbox 1520 1328 1622 1395; x_wconf 83' lang='grc'><strong>14).</strong></span> <span class='ocrx_word' id='word_1_113' title='bbox 1670 1327 1839 1381; x_wconf 89' lang='lat' dir='ltr'>Malo-</span> 
     </span>
    </p>
   </div>
   <div class='ocr_carea' id='block_1_14' title="bbox 121 1415 1838 1485">
    <p class='ocr_par' dir='ltr' id='par_1_14' title="bbox 121 1415 1838 1485">
     <span class='ocr_line' id='line_1_14' title="bbox 121 1415 1838 1485; baseline 0.001 -17"><span class='ocrx_word' id='word_1_114' title='bbox 121 1430 261 1468; x_wconf 89' lang='lat' dir='ltr'>rum</span> <span class='ocrx_word' id='word_1_115' title='bbox 319 1430 457 1485; x_wconf 87' lang='lat' dir='ltr'>ergo</span> <span class='ocrx_word' id='word_1_116' title='bbox 499 1430 684 1484; x_wconf 69' lang='lat' dir='ltr'>paena,</span> <span class='ocrx_word' id='word_1_117' title='bbox 736 1430 866 1485; x_wconf 65' lang='lat' dir='ltr'>qua:</span> <span class='ocrx_word' id='word_1_118' title='bbox 897 1431 928 1468; x_wconf 88' lang='lat' dir='ltr'>a</span> <span class='ocrx_word' id='word_1_119' title='bbox 961 1415 1072 1468; x_wconf 94' lang='lat' dir='ltr'>Deo</span> <span class='ocrx_word' id='word_1_120' title='bbox 1110 1419 1213 1480; x_wconf 87' lang='lat' dir='ltr'>est,</span> <span class='ocrx_word' id='word_1_121' title='bbox 1246 1415 1461 1468; x_wconf 89' lang='lat' dir='ltr'>malum</span> <span class='ocrx_word' id='word_1_122' title='bbox 1492 1419 1576 1469; x_wconf 87' lang='lat' dir='ltr'>est</span> <span class='ocrx_word' id='word_1_123' title='bbox 1603 1415 1838 1485; x_wconf 90' lang='lat' dir='ltr'>quidem</span> 
     </span>
    </p>
   </div>
   <div class='ocr_carea' id='block_1_15' title="bbox 122 1502 1838 1574">
    <p class='ocr_par' dir='ltr' id='par_1_15' title="bbox 122 1502 1838 1574">
     <span class='ocr_line' id='line_1_15' title="bbox 122 1502 1838 1574; baseline 0.001 -18"><span class='ocrx_word' id='word_1_124' title='bbox 122 1503 300 1557; x_wconf 87' lang='lat' dir='ltr'>malis</span> <span class='ocrx_word' id='word_1_125' title='bbox 324 1519 339 1569; x_wconf 89' lang='lat'><strong>;</strong></span> <span class='ocrx_word' id='word_1_126' title='bbox 368 1520 427 1557; x_wconf 92' lang='lat' dir='ltr'>se</span> <span class='ocrx_word' id='word_1_127' title='bbox 488 1503 550 1557; x_wconf 91' lang='lat' dir='ltr'>in</span> <span class='ocrx_word' id='word_1_128' title='bbox 574 1503 741 1557; x_wconf 87' lang='lat' dir='ltr'>bonis</span> <span class='ocrx_word' id='word_1_129' title='bbox 770 1502 870 1557; x_wconf 91' lang='lat' dir='ltr'>Dei</span> <span class='ocrx_word' id='word_1_130' title='bbox 901 1503 1168 1574; x_wconf 82' lang='lat' dir='ltr'>Operibus</span> <span class='ocrx_word' id='word_1_131' title='bbox 1193 1506 1294 1569; x_wconf 87' lang='lat' dir='ltr'>est,</span> <span class='ocrx_word' id='word_1_132' title='bbox 1321 1504 1591 1573; x_wconf 88' lang='lat' dir='ltr'>quoniam</span> <span class='ocrx_word' id='word_1_133' title='bbox 1616 1504 1838 1573; x_wconf 88' lang='lat' dir='ltr'>justum</span> 
     </span>
    </p>
   </div>
   <div class='ocr_carea' id='block_1_16' title="bbox 122 1590 1838 1662">
    <p class='ocr_par' dir='ltr' id='par_1_16' title="bbox 122 1590 1838 1662">
     <span class='ocr_line' id='line_1_16' title="bbox 122 1590 1838 1662; baseline 0.001 -17"><span class='ocrx_word' id='word_1_134' title='bbox 122 1596 210 1646; x_wconf 86' lang='lat' dir='ltr'>est</span> <span class='ocrx_word' id='word_1_135' title='bbox 233 1596 301 1645; x_wconf 89' lang='lat' dir='ltr'>ut</span> <span class='ocrx_word' id='word_1_136' title='bbox 320 1591 455 1645; x_wconf 88' lang='lat' dir='ltr'>mali</span> <span class='ocrx_word' id='word_1_137' title='bbox 474 1590 807 1661; x_wconf 85' lang='lat' dir='ltr'>puniantur,</span> <span class='ocrx_word' id='word_1_138' title='bbox 832 1594 887 1645; x_wconf 93' lang='lat' dir='ltr'>et</span> <span class='ocrx_word' id='word_1_139' title='bbox 915 1591 1114 1661; x_wconf 80' lang='lat' dir='ltr'>utique</span> <span class='ocrx_word' id='word_1_140' title='bbox 1148 1592 1362 1644; x_wconf 90' lang='lat' dir='ltr'>bonum</span> <span class='ocrx_word' id='word_1_141' title='bbox 1387 1595 1470 1645; x_wconf 90' lang='lat' dir='ltr'>est</span> <span class='ocrx_word' id='word_1_142' title='bbox 1487 1608 1653 1645; x_wconf 90' lang='lat' dir='ltr'>omne</span> <span class='ocrx_word' id='word_1_143' title='bbox 1682 1592 1838 1662; x_wconf 92' lang='lat' dir='ltr'>quod</span> 
     </span>
    </p>
   </div>
   <div class='ocr_carea' id='block_1_17' title="bbox 116 1679 1835 1751">
    <p class='ocr_par' dir='ltr' id='par_1_17' title="bbox 116 1679 1835 1751">
     <span class='ocr_line' id='line_1_17' title="bbox 116 1679 1835 1751; baseline -0.001 -18"><span class='ocrx_word' id='word_1_144' title='bbox 116 1682 349 1751; x_wconf 87' lang='lat' dir='ltr'>justum</span> <span class='ocrx_word' id='word_1_145' title='bbox 374 1684 483 1734; x_wconf 88' lang='lat' dir='ltr'>est.</span> <span class='ocrx_word' id='word_1_146' title='bbox 522 1679 809 1750; x_wconf 87' lang='lat' dir='ltr'>Vigesima</span> <span class='ocrx_word' id='word_1_147' title='bbox 837 1680 1106 1744; x_wconf 90' lang='lat' dir='ltr'>secunda,</span> <span class='ocrx_word' id='word_1_148' title='bbox 1143 1680 1319 1733; x_wconf 91' lang='lat' dir='ltr'>Deum</span> <span class='ocrx_word' id='word_1_149' title='bbox 1351 1696 1465 1732; x_wconf 91' lang='lat' dir='ltr'>non</span> <span class='ocrx_word' id='word_1_150' title='bbox 1496 1680 1616 1748; x_wconf 90' lang='lat' dir='ltr'>pati</span> <span class='ocrx_word' id='word_1_151' title='bbox 1643 1696 1835 1734; x_wconf 85' lang='lat' dir='ltr'>neces-</span> 
     </span>
    </p>
   </div>
   <div class='ocr_carea' id='block_1_18' title="bbox 122 1767 1837 1838">
    <p class='ocr_par' dir='ltr' id='par_1_18' title="bbox 122 1767 1837 1838">
     <span class='ocr_line' id='line_1_18' title="bbox 122 1767 1837 1838; baseline 0.001 -18"><span class='ocrx_word' id='word_1_152' title='bbox 122 1769 383 1823; x_wconf 88' lang='lat' dir='ltr'>sitatem.</span> <span class='ocrx_word' id='word_1_153' title='bbox 418 1767 704 1838; x_wconf 81' lang='lat' dir='ltr'>Vigesima</span> <span class='ocrx_word' id='word_1_154' title='bbox 732 1767 919 1836; x_wconf 87' lang='lat' dir='ltr'>tertia,</span> <span class='ocrx_word' id='word_1_155' title='bbox 952 1768 1020 1821; x_wconf 93' lang='lat' dir='ltr'>de</span> <span class='ocrx_word' id='word_1_156' title='bbox 1064 1769 1230 1821; x_wconf 83' lang='lat' dir='ltr'>Patre</span> <span class='ocrx_word' id='word_1_157' title='bbox 1274 1772 1331 1821; x_wconf 92' lang='lat' dir='ltr'>et</span> <span class='ocrx_word' id='word_1_158' title='bbox 1374 1767 1531 1821; x_wconf 85' lang='lat' dir='ltr'>Filio.</span> <span class='ocrx_word' id='word_1_159' title='bbox 1576 1768 1682 1822; x_wconf 93' lang='lat' dir='ltr'>Ubi</span> <span class='ocrx_word' id='word_1_160' title='bbox 1721 1767 1837 1822; x_wconf 88' lang='lat' dir='ltr'>dixi</span> 
     </span>
    </p>
   </div>
   <div class='ocr_carea' id='block_1_19' title="bbox 122 1854 1835 1927">
    <p class='ocr_par' dir='ltr' id='par_1_19' title="bbox 122 1854 1835 1927">
     <span class='ocr_line' id='line_1_19' title="bbox 122 1854 1835 1927; baseline 0 -17"><span class='ocrx_word' id='word_1_161' title='bbox 122 1857 288 1927; x_wconf 90' lang='lat' dir='ltr'>quod</span> <span class='ocrx_word' id='word_1_162' title='bbox 319 1872 447 1910; x_wconf 90' lang='lat' dir='ltr'>eam</span> <span class='ocrx_word' id='word_1_163' title='bbox 478 1856 598 1925; x_wconf 91' lang='lat' dir='ltr'>ipse</span> <span class='ocrx_word' id='word_1_164' title='bbox 626 1854 909 1925; x_wconf 85' lang='lat' dir='ltr'>genuerit,</span> <span class='ocrx_word' id='word_1_165' title='bbox 943 1871 1055 1925; x_wconf 92' lang='lat' dir='ltr'>qua</span> <span class='ocrx_word' id='word_1_166' title='bbox 1087 1855 1309 1925; x_wconf 85' lang='lat' dir='ltr'>sapiens</span> <span class='ocrx_word' id='word_1_167' title='bbox 1346 1855 1574 1921; x_wconf 87' lang='lat' dir='ltr'>dicitur,</span> <span class='ocrx_word' id='word_1_168' title='bbox 1606 1856 1835 1927; x_wconf 90' lang='lat' dir='ltr'>sapien-</span> 
     </span>
    </p>
   </div>
   <div class='ocr_carea' id='block_1_20' title="bbox 122 1943 1834 2014">
    <p class='ocr_par' dir='ltr' id='par_1_20' title="bbox 122 1943 1834 2014">
     <span class='ocr_line' id='line_1_20' title="bbox 122 1943 1834 2014; baseline 0.001 -15"><span class='ocrx_word' id='word_1_169' title='bbox 122 1946 271 1999; x_wconf 83' lang='lat' dir='ltr'>tiam</span> <span class='ocrx_word' id='word_1_170' title='bbox 298 1960 313 1997; x_wconf 89' lang='lat'><strong>:</strong></span> <span class='ocrx_word' id='word_1_171' title='bbox 348 1944 445 1998; x_wconf 91' lang='lat' dir='ltr'>sed</span> <span class='ocrx_word' id='word_1_172' title='bbox 469 1944 673 1997; x_wconf 90' lang='lat' dir='ltr'>melius</span> <span class='ocrx_word' id='word_1_173' title='bbox 702 1943 866 1997; x_wconf 90' lang='lat' dir='ltr'>istam</span> <span class='ocrx_word' id='word_1_174' title='bbox 894 1943 1273 2014; x_wconf 74' lang='lat' dir='ltr'>quaestionem</span> <span class='ocrx_word' id='word_1_175' title='bbox 1297 1943 1355 1997; x_wconf 90' lang='lat' dir='ltr'>in</span> <span class='ocrx_word' id='word_1_176' title='bbox 1375 1944 1520 1997; x_wconf 91' lang='lat' dir='ltr'>libro</span> <span class='ocrx_word' id='word_1_177' title='bbox 1541 1949 1738 2014; x_wconf 91' lang='lat' dir='ltr'>postea</span> <span class='ocrx_word' id='word_1_178' title='bbox 1764 1946 1834 2000; x_wconf 90' lang='lat' dir='ltr'>de</span> 
     </span>
    </p>
   </div>
   <div class='ocr_carea' id='block_1_21' title="bbox 120 2031 1833 2101">
    <p class='ocr_par' dir='ltr' id='par_1_21' title="bbox 120 2031 1833 2101">
     <span class='ocr_line' id='line_1_21' title="bbox 120 2031 1833 2101; baseline -0.001 -14"><span class='ocrx_word' id='word_1_179' title='bbox 120 2033 408 2087; x_wconf 87' lang='lat' dir='ltr'>Trinitate</span> <span class='ocrx_word' id='word_1_180' title='bbox 430 2031 815 2087; x_wconf 82' lang='lat' dir='ltr'>tractavimus.</span> <span class='ocrx_word' id='word_1_181' title='bbox 850 2031 1135 2101; x_wconf 89' lang='lat' dir='ltr'>Vigesima</span> <span class='ocrx_word' id='word_1_182' title='bbox 1166 2035 1388 2101; x_wconf 88' lang='lat' dir='ltr'>quarta,</span> <span class='ocrx_word' id='word_1_183' title='bbox 1412 2036 1607 2085; x_wconf 90' lang='lat' dir='ltr'>utrum</span> <span class='ocrx_word' id='word_1_184' title='bbox 1625 2036 1680 2085; x_wconf 88' lang='lat' dir='ltr'>et</span> <span class='ocrx_word' id='word_1_185' title='bbox 1702 2048 1833 2101; x_wconf 88' lang='lat' dir='ltr'>pec-</span> 
     </span>
    </p>
   </div>
   <div class='ocr_carea' id='block_1_22' title="bbox 118 2119 1822 2175">
    <p class='ocr_par' dir='ltr' id='par_1_22' title="bbox 118 2119 1822 2175">
     <span class='ocr_line' id='line_1_22' title="bbox 118 2119 1822 2175; baseline 0 0"><span class='ocrx_word' id='word_1_186' title='bbox 118 2126 325 2175; x_wconf 87' lang='lat' dir='ltr'>catum</span> <span class='ocrx_word' id='word_1_187' title='bbox 355 2126 413 2175; x_wconf 92' lang='lat' dir='ltr'>et</span> <span class='ocrx_word' id='word_1_188' title='bbox 442 2125 589 2174; x_wconf 87' lang='lat' dir='ltr'>recte</span> <span class='ocrx_word' id='word_1_189' title='bbox 617 2120 902 2175; x_wconf 81' lang='lat' dir='ltr'>factumin</span> <span class='ocrx_word' id='word_1_190' title='bbox 926 2120 1106 2174; x_wconf 91' lang='lat' dir='ltr'>libero</span> <span class='ocrx_word' id='word_1_191' title='bbox 1127 2120 1201 2174; x_wconf 80' lang='lat' dir='ltr'>sit</span> <span class='ocrx_word' id='word_1_192' title='bbox 1228 2119 1535 2173; x_wconf 87' lang='lat' dir='ltr'>voluntatis</span> <span class='ocrx_word' id='word_1_193' title='bbox 1563 2119 1822 2175; x_wconf 89' lang='lat' dir='ltr'>arbitrio.</span> 
     </span>
    </p>
   </div>
   <div class='ocr_carea' id='block_1_23' title="bbox 119 2208 1833 2274">
    <p class='ocr_par' dir='ltr' id='par_1_23' title="bbox 119 2208 1833 2274">
     <span class='ocr_line' id='line_1_23' title="bbox 119 2208 1833 2274; baseline -0.001 -11"><span class='ocrx_word' id='word_1_194' title='bbox 119 2210 293 2274; x_wconf 88' lang='lat' dir='ltr'>Quod</span> <span class='ocrx_word' id='word_1_195' title='bbox 326 2211 403 2263; x_wconf 89' lang='lat' dir='ltr'>ita</span> <span class='ocrx_word' id='word_1_196' title='bbox 423 2225 543 2263; x_wconf 89' lang='lat' dir='ltr'>esse</span> <span class='ocrx_word' id='word_1_197' title='bbox 573 2208 809 2262; x_wconf 91' lang='lat' dir='ltr'>omnino</span> <span class='ocrx_word' id='word_1_198' title='bbox 829 2208 1192 2263; x_wconf 91' lang='lat' dir='ltr'>verissimum</span> <span class='ocrx_word' id='word_1_199' title='bbox 1224 2211 1307 2261; x_wconf 88' lang='lat' dir='ltr'>est</span> <span class='ocrx_word' id='word_1_200' title='bbox 1332 2224 1344 2261; x_wconf 94' lang='lat'>:</span> <span class='ocrx_word' id='word_1_201' title='bbox 1382 2208 1474 2261; x_wconf 92' lang='lat' dir='ltr'>sed</span> <span class='ocrx_word' id='word_1_202' title='bbox 1507 2211 1568 2261; x_wconf 90' lang='lat' dir='ltr'>ut</span> <span class='ocrx_word' id='word_1_203' title='bbox 1589 2209 1657 2261; x_wconf 89' lang='lat' dir='ltr'>ad</span> <span class='ocrx_word' id='word_1_204' title='bbox 1683 2213 1833 2263; x_wconf 90' lang='lat' dir='ltr'>recte</span> 
     </span>
    </p>
   </div>
   <div class='ocr_carea' id='block_1_24' title="bbox 118 2296 1835 2367">
    <p class='ocr_par' dir='ltr' id='par_1_24' title="bbox 118 2296 1835 2367">
     <span class='ocr_line' id='line_1_24' title="bbox 118 2296 1835 2367; baseline -0.001 -15"><span class='ocrx_word' id='word_1_205' title='bbox 118 2299 458 2353; x_wconf 85' lang='lat' dir='ltr'>faciendum</span> <span class='ocrx_word' id='word_1_206' title='bbox 485 2297 729 2352; x_wconf 90' lang='lat' dir='ltr'>liberum</span> <span class='ocrx_word' id='word_1_207' title='bbox 759 2297 850 2361; x_wconf 89' lang='lat' dir='ltr'>sit,</span> <span class='ocrx_word' id='word_1_208' title='bbox 887 2297 986 2351; x_wconf 87' lang='lat' dir='ltr'>Dei</span> <span class='ocrx_word' id='word_1_209' title='bbox 1012 2296 1193 2367; x_wconf 90' lang='lat' dir='ltr'>gratia</span> <span class='ocrx_word' id='word_1_210' title='bbox 1217 2296 1510 2350; x_wconf 82' lang='lat' dir='ltr'>liberatur.</span> <span class='ocrx_word' id='word_1_211' title='bbox 1545 2296 1835 2367; x_wconf 84' lang='lat' dir='ltr'>Vigesima</span> 
     </span>
    </p>
   </div>
   <div class='ocr_carea' id='block_1_25' title="bbox 119 2384 1832 2458">
    <p class='ocr_par' dir='ltr' id='par_1_25' title="bbox 119 2384 1832 2458">
     <span class='ocr_line' id='line_1_25' title="bbox 119 2384 1832 2458; baseline -0.001 -18"><span class='ocrx_word' id='word_1_212' title='bbox 119 2386 355 2458; x_wconf 84' lang='lat' dir='ltr'>quinta,</span> <span class='ocrx_word' id='word_1_213' title='bbox 400 2387 467 2440; x_wconf 91' lang='lat' dir='ltr'>de</span> <span class='ocrx_word' id='word_1_214' title='bbox 515 2401 678 2439; x_wconf 85' lang='lat' dir='ltr'>cruce</span> <span class='ocrx_word' id='word_1_215' title='bbox 715 2384 940 2440; x_wconf 89' lang='lat' dir='ltr'>Christi.</span> <span class='ocrx_word' id='word_1_216' title='bbox 983 2384 1272 2455; x_wconf 90' lang='lat' dir='ltr'>Vigesima</span> <span class='ocrx_word' id='word_1_217' title='bbox 1335 2388 1512 2449; x_wconf 87' lang='lat' dir='ltr'>sexta,</span> <span class='ocrx_word' id='word_1_218' title='bbox 1556 2385 1624 2438; x_wconf 91' lang='lat' dir='ltr'>de</span> <span class='ocrx_word' id='word_1_219' title='bbox 1668 2384 1832 2438; x_wconf 73' lang='lat' dir='ltr'>diffe-</span> 
     </span>
    </p>
   </div>
   <div class='ocr_carea' id='block_1_26' title="bbox 117 2472 1828 2544">
    <p class='ocr_par' dir='ltr' id='par_1_26' title="bbox 117 2472 1828 2544">
     <span class='ocr_line' id='line_1_26' title="bbox 117 2472 1828 2544; baseline -0.001 -15"><span class='ocrx_word' id='word_1_220' title='bbox 117 2475 318 2529; x_wconf 84' lang='lat' dir='ltr'>rentia</span> <span class='ocrx_word' id='word_1_221' title='bbox 340 2480 723 2544; x_wconf 85' lang='lat' dir='ltr'>peccatorum.</span> <span class='ocrx_word' id='word_1_222' title='bbox 746 2473 1031 2544; x_wconf 88' lang='lat' dir='ltr'>Vigesima</span> <span class='ocrx_word' id='word_1_223' title='bbox 1063 2473 1325 2543; x_wconf 89' lang='lat' dir='ltr'>septima,</span> <span class='ocrx_word' id='word_1_224' title='bbox 1356 2473 1424 2526; x_wconf 93' lang='lat' dir='ltr'>de</span> <span class='ocrx_word' id='word_1_225' title='bbox 1454 2472 1828 2543; x_wconf 83' lang='lat' dir='ltr'>providentia.</span> 
     </span>
    </p>
   </div>
   <div class='ocr_carea' id='block_1_27' title="bbox 120 2560 1828 2633">
    <p class='ocr_par' dir='ltr' id='par_1_27' title="bbox 120 2560 1828 2633">
     <span class='ocr_line' id='line_1_27' title="bbox 120 2560 1828 2633; baseline 0.001 -19"><span class='ocrx_word' id='word_1_226' title='bbox 120 2563 413 2633; x_wconf 85' lang='lat' dir='ltr'>Vigesima</span> <span class='ocrx_word' id='word_1_227' title='bbox 439 2567 651 2623; x_wconf 88' lang='lat' dir='ltr'>octava,</span> <span class='ocrx_word' id='word_1_228' title='bbox 684 2578 859 2632; x_wconf 88' lang='lat' dir='ltr'>quare</span> <span class='ocrx_word' id='word_1_229' title='bbox 882 2563 1028 2615; x_wconf 91' lang='lat' dir='ltr'>Deus</span> <span class='ocrx_word' id='word_1_230' title='bbox 1049 2561 1330 2615; x_wconf 91' lang='lat' dir='ltr'>mundum</span> <span class='ocrx_word' id='word_1_231' title='bbox 1362 2560 1543 2615; x_wconf 86' lang='lat' dir='ltr'>facere</span> <span class='ocrx_word' id='word_1_232' title='bbox 1567 2561 1828 2616; x_wconf 89' lang='lat' dir='ltr'>voluerit.</span> 
     </span>
    </p>
   </div>
   <div class='ocr_carea' id='block_1_28' title="bbox 124 2649 1832 2722">
    <p class='ocr_par' dir='ltr' id='par_1_28' title="bbox 124 2649 1832 2722">
     <span class='ocr_line' id='line_1_28' title="bbox 124 2649 1832 2722; baseline 0 -19"><span class='ocrx_word' id='word_1_233' title='bbox 124 2651 420 2722; x_wconf 85' lang='lat' dir='ltr'>Vigesima</span> <span class='ocrx_word' id='word_1_234' title='bbox 450 2667 602 2704; x_wconf 88' lang='lat' dir='ltr'>nona</span> <span class='ocrx_word' id='word_1_235' title='bbox 627 2656 820 2704; x_wconf 88' lang='lat' dir='ltr'>utrum</span> <span class='ocrx_word' id='word_1_236' title='bbox 848 2649 1067 2720; x_wconf 83' lang='lat' dir='ltr'>aliquid</span> <span class='ocrx_word' id='word_1_237' title='bbox 1095 2649 1168 2703; x_wconf 88' lang='lat' dir='ltr'>sit</span> <span class='ocrx_word' id='word_1_238' title='bbox 1193 2665 1419 2703; x_wconf 88' lang='lat' dir='ltr'>sursum</span> <span class='ocrx_word' id='word_1_239' title='bbox 1445 2653 1545 2702; x_wconf 91' lang='lat' dir='ltr'>aut</span> <span class='ocrx_word' id='word_1_240' title='bbox 1564 2650 1832 2703; x_wconf 88' lang='lat' dir='ltr'>deorsum</span> 
     </span>
    </p>
   </div>
   <div class='ocr_carea' id='block_1_29' title="bbox 120 2737 1832 2809">
    <p class='ocr_par' dir='ltr' id='par_1_29' title="bbox 120 2737 1832 2809">
     <span class='ocr_line' id='line_1_29' title="bbox 120 2737 1832 2809; baseline -0.002 -15"><span class='ocrx_word' id='word_1_241' title='bbox 120 2741 184 2794; x_wconf 91' lang='lat' dir='ltr'>in</span> <span class='ocrx_word' id='word_1_242' title='bbox 246 2740 538 2793; x_wconf 87' lang='lat' dir='ltr'>universo.</span> <span class='ocrx_word' id='word_1_243' title='bbox 591 2738 925 2809; x_wconf 73' lang='lat' dir='ltr'>Trigesima,</span> <span class='ocrx_word' id='word_1_244' title='bbox 960 2742 1154 2791; x_wconf 86' lang='lat' dir='ltr'>utrum</span> <span class='ocrx_word' id='word_1_245' title='bbox 1186 2737 1381 2790; x_wconf 91' lang='lat' dir='ltr'>omnia</span> <span class='ocrx_word' id='word_1_246' title='bbox 1424 2737 1482 2791; x_wconf 95' lang='lat' dir='ltr'>in</span> <span class='ocrx_word' id='word_1_247' title='bbox 1526 2737 1832 2791; x_wconf 86' lang='lat' dir='ltr'>utilitatem</span> 
     </span>
    </p>
   </div>
   <div class='ocr_carea' id='block_1_30' title="bbox 118 2825 1833 2896">
    <p class='ocr_par' dir='ltr' id='par_1_30' title="bbox 118 2825 1833 2896">
     <span class='ocr_line' id='line_1_30' title="bbox 118 2825 1833 2896; baseline -0.002 -13"><span class='ocrx_word' id='word_1_248' title='bbox 118 2827 381 2883; x_wconf 89' lang='lat' dir='ltr'>hominis</span> <span class='ocrx_word' id='word_1_249' title='bbox 411 2830 597 2881; x_wconf 87' lang='lat' dir='ltr'>creata</span> <span class='ocrx_word' id='word_1_250' title='bbox 625 2826 756 2880; x_wconf 90' lang='lat' dir='ltr'>sint.</span> <span class='ocrx_word' id='word_1_251' title='bbox 789 2825 1105 2896; x_wconf 89' lang='lat' dir='ltr'>Trigesima</span> <span class='ocrx_word' id='word_1_252' title='bbox 1134 2826 1321 2896; x_wconf 91' lang='lat' dir='ltr'>prima</span> <span class='ocrx_word' id='word_1_253' title='bbox 1349 2829 1388 2891; x_wconf 72' lang='grc'><em>³,</em></span> <span class='ocrx_word' id='word_1_254' title='bbox 1425 2841 1527 2879; x_wconf 89' lang='lat' dir='ltr'>nec</span> <span class='ocrx_word' id='word_1_255' title='bbox 1552 2825 1677 2896; x_wconf 88' lang='lat' dir='ltr'>ipsa</span> <span class='ocrx_word' id='word_1_256' title='bbox 1706 2841 1833 2879; x_wconf 90' lang='lat' dir='ltr'>mea</span> 
     </span>
    </p>
   </div>
   <div class='ocr_carea' id='block_1_31' title="bbox 119 2914 1831 2984">
    <p class='ocr_par' dir='ltr' id='par_1_31' title="bbox 119 2914 1831 2984">
     <span class='ocr_line' id='line_1_31' title="bbox 119 2914 1831 2984; baseline -0.002 -14"><span class='ocrx_word' id='word_1_257' title='bbox 119 2921 232 2983; x_wconf 83' lang='lat' dir='ltr'>est,</span> <span class='ocrx_word' id='word_1_258' title='bbox 267 2916 366 2970; x_wconf 88' lang='lat' dir='ltr'>sed</span> <span class='ocrx_word' id='word_1_259' title='bbox 413 2914 697 2970; x_wconf 88' lang='lat' dir='ltr'>Ciceronis</span> <span class='ocrx_word' id='word_1_260' title='bbox 746 2916 994 2984; x_wconf 83' lang='lat' dir='ltr'>(Tullius,</span> <span class='ocrx_word' id='word_1_261' title='bbox 1035 2917 1108 2968; x_wconf 87' lang='lat' dir='ltr'>De</span> <span class='ocrx_word' id='word_1_262' title='bbox 1152 2915 1333 2981; x_wconf 77' lang='lat' dir='ltr'>Ofﬁc.,</span> <span class='ocrx_word' id='word_1_263' title='bbox 1380 2914 1473 2967; x_wconf 88' lang='lat' dir='ltr'>lib.</span> <span class='ocrx_word' id='word_1_264' title='bbox 1512 2916 1590 2977; x_wconf 75' lang='lat'>1):</span> <span class='ocrx_word' id='word_1_265' title='bbox 1633 2929 1831 2967; x_wconf 91' lang='lat' dir='ltr'>verum</span> 
     </span>
    </p>
   </div>
   <div class='ocr_carea' id='block_1_32' title="bbox 119 3001 1834 3076">
    <p class='ocr_par' dir='ltr' id='par_1_32' title="bbox 119 3001 1834 3076">
     <span class='ocr_line' id='line_1_32' title="bbox 119 3001 1834 3076; baseline -0.001 -18"><span class='ocrx_word' id='word_1_266' title='bbox 119 3004 264 3076; x_wconf 85' lang='lat' dir='ltr'>quia</span> <span class='ocrx_word' id='word_1_267' title='bbox 296 3008 351 3057; x_wconf 91' lang='lat' dir='ltr'>et</span> <span class='ocrx_word' id='word_1_268' title='bbox 375 3003 498 3058; x_wconf 62' lang='lat' dir='ltr'>haec</span> <span class='ocrx_word' id='word_1_269' title='bbox 526 3018 629 3075; x_wconf 89' lang='lat' dir='ltr'>per</span> <span class='ocrx_word' id='word_1_270' title='bbox 656 3019 747 3057; x_wconf 91' lang='lat' dir='ltr'>me</span> <span class='ocrx_word' id='word_1_271' title='bbox 778 3002 1028 3056; x_wconf 88' lang='lat' dir='ltr'>innotuit</span> <span class='ocrx_word' id='word_1_272' title='bbox 1067 3002 1360 3070; x_wconf 85' lang='lat' dir='ltr'>fratribus,</span> <span class='ocrx_word' id='word_1_273' title='bbox 1392 3001 1540 3055; x_wconf 90' lang='lat' dir='ltr'>inter</span> <span class='ocrx_word' id='word_1_274' title='bbox 1568 3001 1675 3055; x_wconf 89' lang='lat' dir='ltr'>ista</span> <span class='ocrx_word' id='word_1_275' title='bbox 1704 3018 1834 3072; x_wconf 70' lang='lat' dir='ltr'>qua:</span> 
     </span>
    </p>
   </div>
   <div class='ocr_carea' id='block_1_33' title="bbox 119 3091 1832 3164">
    <p class='ocr_par' dir='ltr' id='par_1_33' title="bbox 119 3091 1832 3164">
     <span class='ocr_line' id='line_1_33' title="bbox 119 3091 1832 3164; baseline -0.001 -17"><span class='ocrx_word' id='word_1_276' title='bbox 119 3093 477 3164; x_wconf 84' lang='lat' dir='ltr'>colligebant</span> <span class='ocrx_word' id='word_1_277' title='bbox 506 3092 854 3163; x_wconf 90' lang='lat' dir='ltr'>scripserunt</span> <span class='ocrx_word' id='word_1_278' title='bbox 884 3107 1031 3157; x_wconf 92' lang='lat' dir='ltr'>eam,</span> <span class='ocrx_word' id='word_1_279' title='bbox 1080 3091 1334 3144; x_wconf 87' lang='lat' dir='ltr'>volentes</span> <span class='ocrx_word' id='word_1_280' title='bbox 1364 3106 1527 3143; x_wconf 91' lang='lat' dir='ltr'>nosse</span> <span class='ocrx_word' id='word_1_281' title='bbox 1557 3092 1832 3161; x_wconf 84' lang='lat' dir='ltr'>quemad-</span> 
     </span>
    </p>
   </div>
   <div class='ocr_carea' id='block_1_34' title="bbox 118 3177 1829 3237">
    <p class='ocr_par' dir='ltr' id='par_1_34' title="bbox 118 3177 1829 3237">
     <span class='ocr_line' id='line_1_34' title="bbox 118 3177 1829 3237; baseline -0.002 0"><span class='ocrx_word' id='word_1_282' title='bbox 118 3181 370 3237; x_wconf 87' lang='lat' dir='ltr'>modum</span> <span class='ocrx_word' id='word_1_283' title='bbox 394 3180 631 3233; x_wconf 79' lang='lat' dir='ltr'>virtutes</span> <span class='ocrx_word' id='word_1_284' title='bbox 661 3178 839 3234; x_wconf 90' lang='lat' dir='ltr'>animi</span> <span class='ocrx_word' id='word_1_285' title='bbox 865 3179 934 3233; x_wconf 91' lang='lat' dir='ltr'>ab</span> <span class='ocrx_word' id='word_1_286' title='bbox 972 3178 1069 3232; x_wconf 91' lang='lat' dir='ltr'>illo</span> <span class='ocrx_word' id='word_1_287' title='bbox 1099 3177 1293 3232; x_wconf 75' lang='lat' dir='ltr'>divisas</span> <span class='ocrx_word' id='word_1_288' title='bbox 1323 3194 1387 3232; x_wconf 88' lang='lat' dir='ltr'>ac</span> <span class='ocrx_word' id='word_1_289' title='bbox 1416 3177 1665 3233; x_wconf 68' lang='lat' dir='ltr'>deﬁnita:</span> <span class='ocrx_word' id='word_1_290' title='bbox 1696 3180 1829 3233; x_wconf 88' lang='lat' dir='ltr'>sint.</span> 
     </span>
    </p>
   </div>
   <div class='ocr_carea' id='block_1_35' title="bbox 119 3266 1832 3340">
    <p class='ocr_par' dir='ltr' id='par_1_35' title="bbox 119 3266 1832 3340">
     <span class='ocr_line' id='line_1_35' title="bbox 119 3266 1832 3340; baseline -0.002 -15"><span class='ocrx_word' id='word_1_291' title='bbox 119 3269 444 3340; x_wconf 87' lang='lat' dir='ltr'>Trigesima</span> <span class='ocrx_word' id='word_1_292' title='bbox 476 3269 743 3334; x_wconf 89' lang='lat' dir='ltr'>secunda,</span> <span class='ocrx_word' id='word_1_293' title='bbox 775 3272 965 3322; x_wconf 92' lang='lat' dir='ltr'>utrum</span> <span class='ocrx_word' id='word_1_294' title='bbox 994 3284 1116 3321; x_wconf 89' lang='lat' dir='ltr'>rem</span> <span class='ocrx_word' id='word_1_295' title='bbox 1146 3266 1305 3320; x_wconf 88' lang='lat' dir='ltr'>illam</span> <span class='ocrx_word' id='word_1_296' title='bbox 1335 3266 1477 3320; x_wconf 90' lang='lat' dir='ltr'>alius</span> <span class='ocrx_word' id='word_1_297' title='bbox 1508 3266 1618 3320; x_wconf 91' lang='lat' dir='ltr'>alio</span> <span class='ocrx_word' id='word_1_298' title='bbox 1648 3268 1832 3338; x_wconf 90' lang='lat' dir='ltr'>magis</span> 
     </span>
    </p>
   </div>
   <div class='ocr_carea' id='block_1_36' title="bbox 124 3353 1833 3428">
    <p class='ocr_par' dir='ltr' id='par_1_36' title="bbox 124 3353 1833 3428">
     <span class='ocr_line' id='line_1_36' title="bbox 124 3353 1833 3428; baseline -0.004 -14"><span class='ocrx_word' id='word_1_299' title='bbox 124 3358 436 3428; x_wconf 81' lang='lat' dir='ltr'>intelligat,</span> <span class='ocrx_word' id='word_1_300' title='bbox 481 3361 651 3428; x_wconf 88' lang='lat' dir='ltr'>atque</span> <span class='ocrx_word' id='word_1_301' title='bbox 678 3356 757 3410; x_wconf 90' lang='lat' dir='ltr'>ita</span> <span class='ocrx_word' id='word_1_302' title='bbox 786 3356 1038 3427; x_wconf 88' lang='lat' dir='ltr'>ejusdem</span> <span class='ocrx_word' id='word_1_303' title='bbox 1071 3355 1155 3409; x_wconf 90' lang='lat' dir='ltr'>rei</span> <span class='ocrx_word' id='word_1_304' title='bbox 1182 3370 1286 3424; x_wconf 92' lang='lat' dir='ltr'>per</span> <span class='ocrx_word' id='word_1_305' title='bbox 1314 3353 1544 3409; x_wconf 83' lang='lat' dir='ltr'>inﬁnitu</span> <span class='ocrx_word' id='word_1_306' title='bbox 1576 3361 1725 3410; x_wconf 87' lang='lat' dir='ltr'>meat</span> <span class='ocrx_word' id='word_1_307' title='bbox 1751 3355 1833 3409; x_wconf 73' lang='lat' dir='ltr'>in~</span> 
     </span>
    </p>
   </div>
   <div class='ocr_carea' id='block_1_37' title="bbox 124 3442 1834 3519">
    <p class='ocr_par' dir='ltr' id='par_1_37' title="bbox 124 3442 1834 3519">
     <span class='ocr_line' id='line_1_37' title="bbox 124 3442 1834 3519; baseline -0.003 -17"><span class='ocrx_word' id='word_1_308' title='bbox 124 3446 469 3519; x_wconf 87' lang='lat' dir='ltr'>telligentia.</span> <span class='ocrx_word' id='word_1_309' title='bbox 528 3444 843 3517; x_wconf 87' lang='lat' dir='ltr'>Trigesima</span> <span class='ocrx_word' id='word_1_310' title='bbox 912 3443 1100 3510; x_wconf 88' lang='lat' dir='ltr'>tertia,</span> <span class='ocrx_word' id='word_1_311' title='bbox 1159 3442 1228 3496; x_wconf 93' lang='lat' dir='ltr'>de</span> <span class='ocrx_word' id='word_1_312' title='bbox 1284 3447 1459 3497; x_wconf 87' lang='lat' dir='ltr'>metu.</span> <span class='ocrx_word' id='word_1_313' title='bbox 1520 3443 1834 3515; x_wconf 88' lang='lat' dir='ltr'>Trigesima</span> 
     </span>
    </p>
   </div>
   <div class='ocr_carea' id='block_1_38' title="bbox 124 3532 1833 3608">
    <p class='ocr_par' dir='ltr' id='par_1_38' title="bbox 124 3532 1833 3608">
     <span class='ocr_line' id='line_1_38' title="bbox 124 3532 1833 3608; baseline -0.002 -19"><span class='ocrx_word' id='word_1_314' title='bbox 124 3540 334 3608; x_wconf 83' lang='lat' dir='ltr'>quarta</span> <span class='ocrx_word' id='word_1_315' title='bbox 371 3539 569 3589; x_wconf 88' lang='lat' dir='ltr'>utrum</span> <span class='ocrx_word' id='word_1_316' title='bbox 626 3550 742 3588; x_wconf 92' lang='lat' dir='ltr'>non</span> <span class='ocrx_word' id='word_1_317' title='bbox 796 3532 949 3587; x_wconf 90' lang='lat' dir='ltr'>aliud</span> <span class='ocrx_word' id='word_1_318' title='bbox 997 3532 1303 3586; x_wconf 89' lang='lat' dir='ltr'>amandum</span> <span class='ocrx_word' id='word_1_319' title='bbox 1347 3532 1419 3585; x_wconf 88' lang='lat' dir='ltr'>sit</span> <span class='ocrx_word' id='word_1_320' title='bbox 1465 3548 1636 3602; x_wconf 88' lang='lat' dir='ltr'>quam</span> <span class='ocrx_word' id='word_1_321' title='bbox 1677 3536 1833 3586; x_wconf 86' lang='lat' dir='ltr'>metu</span> 
     </span>
    </p>
   </div>
   <div class='ocr_carea' id='block_1_39' title="bbox 122 3619 1833 3693">
    <p class='ocr_par' dir='ltr' id='par_1_39' title="bbox 122 3619 1833 3693">
     <span class='ocr_line' id='line_1_39' title="bbox 122 3619 1833 3693; baseline -0.004 -14"><span class='ocrx_word' id='word_1_322' title='bbox 122 3639 344 3679; x_wconf 82' lang='lat' dir='ltr'>carere.</span> <span class='ocrx_word' id='word_1_323' title='bbox 378 3621 693 3693; x_wconf 88' lang='lat' dir='ltr'>Trigesima</span> <span class='ocrx_word' id='word_1_324' title='bbox 735 3620 955 3691; x_wconf 84' lang='lat' dir='ltr'>quinta,</span> <span class='ocrx_word' id='word_1_325' title='bbox 989 3620 1129 3691; x_wconf 91' lang='lat' dir='ltr'>quid</span> <span class='ocrx_word' id='word_1_326' title='bbox 1157 3619 1466 3673; x_wconf 91' lang='lat' dir='ltr'>amandum</span> <span class='ocrx_word' id='word_1_327' title='bbox 1501 3620 1592 3673; x_wconf 89' lang='lat' dir='ltr'>sit.</span> <span class='ocrx_word' id='word_1_328' title='bbox 1627 3621 1690 3672; x_wconf 94' lang='lat' dir='ltr'>In</span> <span class='ocrx_word' id='word_1_329' title='bbox 1721 3636 1833 3689; x_wconf 90' lang='lat' dir='ltr'>qua</span> 
     </span>
    </p>
   </div>
   <div class='ocr_carea' id='block_1_40' title="bbox 121 3707 1833 3782">
    <p class='ocr_par' dir='ltr' id='par_1_40' title="bbox 121 3707 1833 3782">
     <span class='ocr_line' id='line_1_40' title="bbox 121 3707 1833 3782; baseline -0.002 -17"><span class='ocrx_word' id='word_1_330' title='bbox 121 3712 269 3767; x_wconf 90' lang='lat' dir='ltr'>illud</span> <span class='ocrx_word' id='word_1_331' title='bbox 301 3711 451 3782; x_wconf 89' lang='lat' dir='ltr'>quod</span> <span class='ocrx_word' id='word_1_332' title='bbox 476 3709 615 3779; x_wconf 87' lang='lat' dir='ltr'>dixi,</span> <span class='ocrx_word' id='word_1_333' title='bbox 640 3709 702 3763; x_wconf 96' lang='lat' dir='ltr'>id</span> <span class='ocrx_word' id='word_1_334' title='bbox 730 3724 840 3763; x_wconf 89' lang='lat' dir='ltr'>esse</span> <span class='ocrx_word' id='word_1_335' title='bbox 869 3708 1183 3775; x_wconf 86' lang='lat' dir='ltr'>amandum,</span> <span class='ocrx_word' id='word_1_336' title='bbox 1214 3708 1358 3776; x_wconf 90' lang='lat' dir='ltr'>quod</span> <span class='ocrx_word' id='word_1_337' title='bbox 1388 3709 1527 3761; x_wconf 89' lang='lat' dir='ltr'>nihil</span> <span class='ocrx_word' id='word_1_338' title='bbox 1567 3712 1644 3761; x_wconf 87' lang='lat' dir='ltr'>est</span> <span class='ocrx_word' id='word_1_339' title='bbox 1673 3707 1833 3761; x_wconf 87' lang='lat' dir='ltr'>aliud</span> 
     </span>
    </p>
   </div>
   <div class='ocr_carea' id='block_1_41' title="bbox 122 3796 1832 3869">
    <p class='ocr_par' dir='ltr' id='par_1_41' title="bbox 122 3796 1832 3869">
     <span class='ocr_line' id='line_1_41' title="bbox 122 3796 1832 3869; baseline -0.003 -14"><span class='ocrx_word' id='word_1_340' title='bbox 122 3800 343 3867; x_wconf 84' lang='lat' dir='ltr'>habere,</span> <span class='ocrx_word' id='word_1_341' title='bbox 379 3815 542 3869; x_wconf 86' lang='lat' dir='ltr'>quam</span> <span class='ocrx_word' id='word_1_342' title='bbox 570 3813 743 3867; x_wconf 90' lang='lat' dir='ltr'>nosse,</span> <span class='ocrx_word' id='word_1_343' title='bbox 769 3813 887 3851; x_wconf 88' lang='lat' dir='ltr'>non</span> <span class='ocrx_word' id='word_1_344' title='bbox 932 3796 1067 3851; x_wconf 91' lang='lat' dir='ltr'>satis</span> <span class='ocrx_word' id='word_1_345' title='bbox 1100 3796 1373 3867; x_wconf 88' lang='lat' dir='ltr'>approbo.</span> <span class='ocrx_word' id='word_1_346' title='bbox 1428 3797 1622 3866; x_wconf 86' lang='lat' dir='ltr'>Neque</span> <span class='ocrx_word' id='word_1_347' title='bbox 1674 3796 1832 3850; x_wconf 89' lang='lat' dir='ltr'>enim</span> 
     </span>
    </p>
   </div>
   <div class='ocr_carea' id='block_1_42' title="bbox 125 3884 1834 3956">
    <p class='ocr_par' dir='ltr' id='par_1_42' title="bbox 125 3884 1834 3956">
     <span class='ocr_line' id='line_1_42' title="bbox 125 3884 1834 3956; baseline -0.002 -12"><span class='ocrx_word' id='word_1_348' title='bbox 125 3892 313 3944; x_wconf 90' lang='lat' dir='ltr'>Deum</span> <span class='ocrx_word' id='word_1_349' title='bbox 345 3904 458 3941; x_wconf 90' lang='lat' dir='ltr'>non</span> <span class='ocrx_word' id='word_1_350' title='bbox 486 3887 793 3952; x_wconf 86' lang='lat' dir='ltr'>habebant,</span> <span class='ocrx_word' id='word_1_351' title='bbox 828 3885 1035 3956; x_wconf 85' lang='lat' dir='ltr'>quibus</span> <span class='ocrx_word' id='word_1_352' title='bbox 1065 3884 1279 3940; x_wconf 90' lang='lat' dir='ltr'>dictum</span> <span class='ocrx_word' id='word_1_353' title='bbox 1313 3889 1415 3939; x_wconf 90' lang='lat' dir='ltr'>est.</span> <span class='ocrx_word' id='word_1_354' title='bbox 1450 3887 1679 3941; x_wconf 80' lang='lat' dir='ltr'>Nescitis</span> <span class='ocrx_word' id='word_1_355' title='bbox 1701 3888 1834 3954; x_wconf 86' lang='lat' dir='ltr'>quia</span> 
     </span>
    </p>
   </div>
   <div class='ocr_carea' id='block_1_43' title="bbox 124 3974 1833 4047">
    <p class='ocr_par' dir='ltr' id='par_1_43' title="bbox 124 3974 1833 4047">
     <span class='ocr_line' id='line_1_43' title="bbox 124 3974 1833 4047; baseline -0.002 -16"><span class='ocrx_word' id='word_1_356' title='bbox 124 3978 386 4047; x_wconf 82' lang='lat' dir='ltr'>templum</span> <span class='ocrx_word' id='word_1_357' title='bbox 431 3978 525 4031; x_wconf 88' lang='lat' dir='ltr'>Dei</span> <span class='ocrx_word' id='word_1_358' title='bbox 572 3977 700 4030; x_wconf 85' lang='lat' dir='ltr'>estis</span> <span class='ocrx_word' id='word_1_359' title='bbox 728 3989 841 4042; x_wconf 84' lang='lat' dir='ltr'>vos,</span> <span class='ocrx_word' id='word_1_360' title='bbox 872 3979 922 4029; x_wconf 87' lang='lat' dir='ltr'>et</span> <span class='ocrx_word' id='word_1_361' title='bbox 951 3974 1193 4043; x_wconf 86' lang='lat' dir='ltr'>Spiritus</span> <span class='ocrx_word' id='word_1_362' title='bbox 1223 3976 1320 4027; x_wconf 86' lang='lat' dir='ltr'>Dei</span> <span class='ocrx_word' id='word_1_363' title='bbox 1359 3974 1571 4027; x_wconf 80' lang='lat' dir='ltr'>habitat</span> <span class='ocrx_word' id='word_1_364' title='bbox 1596 3976 1652 4027; x_wconf 85' lang='lat' dir='ltr'>in</span> <span class='ocrx_word' id='word_1_365' title='bbox 1682 3974 1833 4028; x_wconf 78' lang='lat' dir='ltr'>vobis</span> 
     </span>
    </p>
   </div>
   <div class='ocr_carea' id='block_1_44' title="bbox 125 4063 1835 4134">
    <p class='ocr_par' dir='ltr' id='par_1_44' title="bbox 125 4063 1835 4134">
     <span class='ocr_line' id='line_1_44' title="bbox 125 4063 1835 4134; baseline -0.002 -14"><span class='ocrx_word' id='word_1_366' title='bbox 125 4068 172 4134; x_wconf 84' lang='grc' dir='ltr'>(Ι</span> <span class='ocrx_word' id='word_1_367' title='bbox 221 4066 353 4121; x_wconf 83' lang='lat' dir='ltr'>Cor.</span> <span class='ocrx_word' id='word_1_368' title='bbox 414 4082 492 4131; x_wconf 81' lang='grc' dir='ltr'>ιιι,</span> <span class='ocrx_word' id='word_1_369' title='bbox 548 4063 628 4132; x_wconf 87' lang='grc'>16)</span> <span class='ocrx_word' id='word_1_370' title='bbox 679 4079 782 4117; x_wconf 91' lang='lat' dir='ltr'>nec</span> <span class='ocrx_word' id='word_1_371' title='bbox 812 4067 1005 4117; x_wconf 85' lang='lat' dir='ltr'>tamen</span> <span class='ocrx_word' id='word_1_372' title='bbox 1044 4078 1173 4117; x_wconf 92' lang='lat' dir='ltr'>eum</span> <span class='ocrx_word' id='word_1_373' title='bbox 1229 4067 1526 4130; x_wconf 87' lang='lat' dir='ltr'>noverant,</span> <span class='ocrx_word' id='word_1_374' title='bbox 1574 4064 1663 4117; x_wconf 93' lang='lat' dir='ltr'>vel</span> <span class='ocrx_word' id='word_1_375' title='bbox 1715 4079 1835 4117; x_wconf 85' lang='lat' dir='ltr'>non</span> 
     </span>
    </p>
   </div>
   <div class='ocr_carea' id='block_1_45' title="bbox 126 4150 1833 4221">
    <p class='ocr_par' dir='ltr' id='par_1_45' title="bbox 126 4150 1833 4221">
     <span class='ocr_line' id='line_1_45' title="bbox 126 4150 1833 4221; baseline -0.002 -13"><span class='ocrx_word' id='word_1_376' title='bbox 126 4154 273 4209; x_wconf 87' lang='lat' dir='ltr'>sicut</span> <span class='ocrx_word' id='word_1_377' title='bbox 299 4153 618 4208; x_wconf 88' lang='lat' dir='ltr'>noscendus</span> <span class='ocrx_word' id='word_1_378' title='bbox 647 4156 731 4207; x_wconf 89' lang='lat' dir='ltr'>est</span> <span class='ocrx_word' id='word_1_379' title='bbox 775 4156 1066 4207; x_wconf 83' lang='lat' dir='ltr'>noverant.</span> <span class='ocrx_word' id='word_1_380' title='bbox 1102 4153 1243 4205; x_wconf 85' lang='lat' dir='ltr'>Item</span> <span class='ocrx_word' id='word_1_381' title='bbox 1275 4151 1429 4221; x_wconf 89' lang='lat' dir='ltr'>quod</span> <span class='ocrx_word' id='word_1_382' title='bbox 1481 4150 1617 4215; x_wconf 83' lang='lat' dir='ltr'>dixi,</span> <span class='ocrx_word' id='word_1_383' title='bbox 1670 4154 1833 4207; x_wconf 83' lang='lat' dir='ltr'>Nemo</span> 
     </span>
    </p>
   </div>
   <div class='ocr_carea' id='block_1_46' title="bbox 126 4238 1831 4313">
    <p class='ocr_par' dir='ltr' id='par_1_46' title="bbox 126 4238 1831 4313">
     <span class='ocr_line' id='line_1_46' title="bbox 126 4238 1831 4313; baseline -0.003 -17"><span class='ocrx_word' id='word_1_384' title='bbox 126 4246 303 4313; x_wconf 85' lang='lat' dir='ltr'>igitur</span> <span class='ocrx_word' id='word_1_385' title='bbox 358 4242 569 4297; x_wconf 85' lang='lat' dir='ltr'>beatam</span> <span class='ocrx_word' id='word_1_386' title='bbox 614 4244 787 4296; x_wconf 81' lang='lat' dir='ltr'>vitam</span> <span class='ocrx_word' id='word_1_387' title='bbox 833 4243 1002 4307; x_wconf 84' lang='lat' dir='ltr'>novit,</span> <span class='ocrx_word' id='word_1_388' title='bbox 1034 4244 1083 4295; x_wconf 90' lang='lat' dir='ltr'>et</span> <span class='ocrx_word' id='word_1_389' title='bbox 1117 4241 1281 4293; x_wconf 75' lang='lat' dir='ltr'>miser</span> <span class='ocrx_word' id='word_1_390' title='bbox 1330 4243 1428 4306; x_wconf 88' lang='lat' dir='ltr'>est,</span> <span class='ocrx_word' id='word_1_391' title='bbox 1460 4239 1639 4305; x_wconf 86' lang='lat' dir='ltr'>Novit,</span> <span class='ocrx_word' id='word_1_392' title='bbox 1698 4238 1831 4305; x_wconf 73' lang='lat' dir='ltr'>dixi,</span> 
     </span>
    </p>
   </div>
   <div class='ocr_carea' id='block_1_47' title="bbox 126 4326 1831 4403">
    <p class='ocr_par' dir='ltr' id='par_1_47' title="bbox 126 4326 1831 4403">
     <span class='ocr_line' id='line_1_47' title="bbox 126 4326 1831 4403; baseline -0.003 -18"><span class='ocrx_word' id='word_1_393' title='bbox 126 4331 421 4403; x_wconf 89' lang='lat' dir='ltr'>quomodo</span> <span class='ocrx_word' id='word_1_394' title='bbox 452 4330 738 4386; x_wconf 91' lang='lat' dir='ltr'>noscenda</span> <span class='ocrx_word' id='word_1_395' title='bbox 765 4333 866 4384; x_wconf 89' lang='lat' dir='ltr'>est.</span> <span class='ocrx_word' id='word_1_396' title='bbox 902 4331 1043 4384; x_wconf 87' lang='lat' dir='ltr'>Nam</span> <span class='ocrx_word' id='word_1_397' title='bbox 1075 4327 1206 4400; x_wconf 84' lang='lat' dir='ltr'>quis</span> <span class='ocrx_word' id='word_1_398' title='bbox 1223 4342 1349 4381; x_wconf 89' lang='lat' dir='ltr'>eam</span> <span class='ocrx_word' id='word_1_399' title='bbox 1374 4326 1604 4397; x_wconf 85' lang='lat' dir='ltr'>penitus</span> <span class='ocrx_word' id='word_1_400' title='bbox 1633 4327 1831 4393; x_wconf 89' lang='lat' dir='ltr'>nescit,</span> 
     </span>
    </p>
   </div>
   <div class='ocr_carea' id='block_1_48' title="bbox 127 4417 1833 4493">
    <p class='ocr_par' dir='ltr' id='par_1_48' title="bbox 127 4417 1833 4493">
     <span class='ocr_line' id='line_1_48' title="bbox 127 4417 1833 4493; baseline -0.005 -15"><span class='ocrx_word' id='word_1_401' title='bbox 127 4440 329 4478; x_wconf 88' lang='lat' dir='ltr'>eorum</span> <span class='ocrx_word' id='word_1_402' title='bbox 362 4423 643 4479; x_wconf 83' lang='lat' dir='ltr'>duntaxat</span> <span class='ocrx_word' id='word_1_403' title='bbox 674 4421 777 4493; x_wconf 85' lang='lat' dir='ltr'>qui</span> <span class='ocrx_word' id='word_1_404' title='bbox 799 4422 922 4493; x_wconf 89' lang='lat' dir='ltr'>jam</span> <span class='ocrx_word' id='word_1_405' title='bbox 954 4421 1175 4475; x_wconf 88' lang='lat' dir='ltr'>ratione</span> <span class='ocrx_word' id='word_1_406' title='bbox 1201 4423 1440 4473; x_wconf 89' lang='lat' dir='ltr'>utuntur</span> <span class='ocrx_word' id='word_1_407' title='bbox 1466 4417 1833 4489; x_wconf 84' lang='lat' dir='ltr'>quandoqui-</span> 
     </span>
    </p>
   </div>
   <div class='ocr_carea' id='block_1_49' title="bbox 126 4506 1831 4578">
    <p class='ocr_par' dir='ltr' id='par_1_49' title="bbox 126 4506 1831 4578">
     <span class='ocr_line' id='line_1_49' title="bbox 126 4506 1831 4578; baseline -0.003 -12"><span class='ocrx_word' id='word_1_408' title='bbox 126 4511 259 4567; x_wconf 90' lang='lat' dir='ltr'>dem</span> <span class='ocrx_word' id='word_1_409' title='bbox 297 4512 492 4566; x_wconf 88' lang='lat' dir='ltr'>beatos</span> <span class='ocrx_word' id='word_1_410' title='bbox 519 4527 576 4565; x_wconf 90' lang='lat' dir='ltr'>se</span> <span class='ocrx_word' id='word_1_411' title='bbox 618 4527 737 4565; x_wconf 88' lang='lat' dir='ltr'>esse</span> <span class='ocrx_word' id='word_1_412' title='bbox 767 4511 911 4564; x_wconf 81' lang='lat' dir='ltr'>velle</span> <span class='ocrx_word' id='word_1_413' title='bbox 943 4507 1276 4564; x_wconf 84' lang='lat' dir='ltr'>noverunt?</span> <span class='ocrx_word' id='word_1_414' title='bbox 1302 4506 1615 4578; x_wconf 88' lang='lat' dir='ltr'>Trigesima</span> <span class='ocrx_word' id='word_1_415' title='bbox 1658 4510 1831 4573; x_wconf 83' lang='lat' dir='ltr'>sexta,</span> 
     </span>
    </p>
   </div>
   <div class='ocr_carea' id='block_1_50' title="bbox 128 4597 1833 4665">
    <p class='ocr_par' dir='ltr' id='par_1_50' title="bbox 128 4597 1833 4665">
     <span class='ocr_line' id='line_1_50' title="bbox 128 4597 1833 4665; baseline -0.004 -10"><span class='ocrx_word' id='word_1_416' title='bbox 128 4601 197 4655; x_wconf 92' lang='lat' dir='ltr'>de</span> <span class='ocrx_word' id='word_1_417' title='bbox 224 4598 537 4655; x_wconf 87' lang='lat' dir='ltr'>nutrienda</span> <span class='ocrx_word' id='word_1_418' title='bbox 565 4598 859 4653; x_wconf 90' lang='lat' dir='ltr'>charitate.</span> <span class='ocrx_word' id='word_1_419' title='bbox 897 4598 1001 4653; x_wconf 90' lang='lat' dir='ltr'>Ubi</span> <span class='ocrx_word' id='word_1_420' title='bbox 1032 4597 1187 4653; x_wconf 83' lang='lat' dir='ltr'>dixi:</span> <span class='ocrx_word' id='word_1_421' title='bbox 1239 4600 1377 4651; x_wconf 84' lang='lat' dir='ltr'>Deus</span> <span class='ocrx_word' id='word_1_422' title='bbox 1416 4597 1589 4665; x_wconf 85' lang='lat' dir='ltr'>igitur</span> <span class='ocrx_word' id='word_1_423' title='bbox 1629 4600 1677 4650; x_wconf 89' lang='lat' dir='ltr'>et</span> <span class='ocrx_word' id='word_1_424' title='bbox 1706 4597 1833 4649; x_wconf 88' lang='lat' dir='ltr'>ani-</span> 
     </span>
    </p>
   </div>
   <div class='ocr_carea' id='block_1_51' title="bbox 127 4686 1837 4758">
    <p class='ocr_par' dir='ltr' id='par_1_51' title="bbox 127 4686 1837 4758">
     <span class='ocr_line' id='line_1_51' title="bbox 127 4686 1837 4758; baseline -0.004 -14"><span class='ocrx_word' id='word_1_425' title='bbox 127 4705 246 4744; x_wconf 86' lang='lat' dir='ltr'>mus</span> <span class='ocrx_word' id='word_1_426' title='bbox 277 4704 384 4758; x_wconf 87' lang='lat' dir='ltr'>quo</span> <span class='ocrx_word' id='word_1_427' title='bbox 413 4693 653 4756; x_wconf 86' lang='lat' dir='ltr'>amatur,</span> <span class='ocrx_word' id='word_1_428' title='bbox 685 4689 927 4743; x_wconf 79' lang='lat' dir='ltr'>Charitas</span> <span class='ocrx_word' id='word_1_429' title='bbox 959 4688 1178 4756; x_wconf 81' lang='lat' dir='ltr'>proprie</span> <span class='ocrx_word' id='word_1_430' title='bbox 1212 4686 1415 4739; x_wconf 84' lang='lat' dir='ltr'>dicitur</span> <span class='ocrx_word' id='word_1_431' title='bbox 1438 4686 1837 4754; x_wconf 87' lang='lat' dir='ltr'>purgatissima</span> 
     </span>
    </p>
   </div>
   <div class='ocr_carea' id='block_1_52' title="bbox 127 4771 1835 4838">
    <p class='ocr_par' dir='ltr' id='par_1_52' title="bbox 127 4771 1835 4838">
     <span class='ocr_line' id='line_1_52' title="bbox 127 4771 1835 4838; baseline -0.004 -7"><span class='ocrx_word' id='word_1_432' title='bbox 127 4784 173 4832; x_wconf 72' lang='lat' dir='ltr'>et</span> <span class='ocrx_word' id='word_1_433' title='bbox 216 4782 608 4838; x_wconf 85' lang='lat' dir='ltr'>consummata,</span> <span class='ocrx_word' id='word_1_434' title='bbox 642 4778 693 4832; x_wconf 88' lang='lat' dir='ltr'>si</span> <span class='ocrx_word' id='word_1_435' title='bbox 719 4777 859 4831; x_wconf 84' lang='lat' dir='ltr'>nihil</span> <span class='ocrx_word' id='word_1_436' title='bbox 891 4776 1046 4830; x_wconf 86' lang='lat' dir='ltr'>aliud</span> <span class='ocrx_word' id='word_1_437' title='bbox 1075 4778 1311 4828; x_wconf 88' lang='lat' dir='ltr'>amatur.</span> <span class='ocrx_word' id='word_1_438' title='bbox 1362 4773 1521 4837; x_wconf 87' lang='lat' dir='ltr'>Quod</span> <span class='ocrx_word' id='word_1_439' title='bbox 1555 4771 1600 4826; x_wconf 92' lang='lat' dir='ltr'>si</span> <span class='ocrx_word' id='word_1_440' title='bbox 1638 4788 1835 4826; x_wconf 90' lang='lat' dir='ltr'>verum</span> 
     </span>
    </p>
   </div>
   <div class='ocr_carea' id='block_1_53' title="bbox 127 4863 1834 4938">
    <p class='ocr_par' dir='ltr' id='par_1_53' title="bbox 127 4863 1834 4938">
     <span class='ocr_line' id='line_1_53' title="bbox 127 4863 1834 4938; baseline -0.005 -17"><span class='ocrx_word' id='word_1_441' title='bbox 127 4871 232 4933; x_wconf 87' lang='lat' dir='ltr'>est,</span> <span class='ocrx_word' id='word_1_442' title='bbox 265 4866 559 4938; x_wconf 88' lang='lat' dir='ltr'>quomodo</span> <span class='ocrx_word' id='word_1_443' title='bbox 592 4882 730 4937; x_wconf 88' lang='lat' dir='ltr'>ergo</span> <span class='ocrx_word' id='word_1_444' title='bbox 760 4864 1067 4937; x_wconf 80' lang='lat' dir='ltr'>Apostolus</span> <span class='ocrx_word' id='word_1_445' title='bbox 1098 4863 1179 4917; x_wconf 90' lang='lat' dir='ltr'>ait</span> <span class='ocrx_word' id='word_1_446' title='bbox 1209 4878 1221 4916; x_wconf 91' lang='lat'>:</span> <span class='ocrx_word' id='word_1_447' title='bbox 1253 4863 1414 4917; x_wconf 88' lang='lat' dir='ltr'>Nemo</span> <span class='ocrx_word' id='word_1_448' title='bbox 1444 4876 1683 4929; x_wconf 88' lang='lat' dir='ltr'>unquam</span> <span class='ocrx_word' id='word_1_449' title='bbox 1713 4877 1834 4914; x_wconf 88' lang='lat' dir='ltr'>car-</span> 
     </span>
    </p>
   </div>
   <div class='ocr_carea' id='block_1_54' title="bbox 128 4949 1838 5025">
    <p class='ocr_par' dir='ltr' id='par_1_54' title="bbox 128 4949 1838 5025">
     <span class='ocr_line' id='line_1_54' title="bbox 128 4949 1838 5025; baseline -0.004 -15"><span class='ocrx_word' id='word_1_450' title='bbox 128 4971 246 5010; x_wconf 80' lang='lat' dir='ltr'>nem</span> <span class='ocrx_word' id='word_1_451' title='bbox 277 4970 435 5010; x_wconf 87' lang='lat' dir='ltr'>suam</span> <span class='ocrx_word' id='word_1_452' title='bbox 451 4955 573 5010; x_wconf 87' lang='lat' dir='ltr'>odio</span> <span class='ocrx_word' id='word_1_453' title='bbox 588 4954 1005 5025; x_wconf 83' lang='lat' dir='ltr'>habuit(Ephes.</span> <span class='ocrx_word' id='word_1_454' title='bbox 1038 4969 1090 5019; x_wconf 89' lang='lat' dir='ltr'>v,</span> <span class='ocrx_word' id='word_1_455' title='bbox 1111 4952 1199 5023; x_wconf 76' lang='lat'>29)</span> <span class='ocrx_word' id='word_1_456' title='bbox 1216 4994 1228 5007; x_wconf 96' lang='lat'>.</span> <span class='ocrx_word' id='word_1_457' title='bbox 1258 4952 1323 5004; x_wconf 88' lang='lat' dir='ltr'>Et</span> <span class='ocrx_word' id='word_1_458' title='bbox 1345 4966 1408 5003; x_wconf 91' lang='lat' dir='ltr'>ex</span> <span class='ocrx_word' id='word_1_459' title='bbox 1437 4950 1545 5003; x_wconf 91' lang='lat' dir='ltr'>hoc</span> <span class='ocrx_word' id='word_1_460' title='bbox 1569 4949 1838 5003; x_wconf 91' lang='lat' dir='ltr'>admonet</span> 
     </span>
    </p>
   </div>
   <div class='ocr_carea' id='block_1_55' title="bbox 128 5038 1839 5114">
    <p class='ocr_par' dir='ltr' id='par_1_55' title="bbox 128 5038 1839 5114">
     <span class='ocr_line' id='line_1_55' title="bbox 128 5038 1839 5114; baseline -0.004 -16"><span class='ocrx_word' id='word_1_461' title='bbox 128 5048 194 5099; x_wconf 92' lang='lat' dir='ltr'>ut</span> <span class='ocrx_word' id='word_1_462' title='bbox 222 5044 542 5114; x_wconf 89' lang='lat' dir='ltr'>diligantur</span> <span class='ocrx_word' id='word_1_463' title='bbox 572 5059 795 5097; x_wconf 88' lang='lat' dir='ltr'>uxores.</span> <span class='ocrx_word' id='word_1_464' title='bbox 827 5043 935 5098; x_wconf 88' lang='lat' dir='ltr'>Sed</span> <span class='ocrx_word' id='word_1_465' title='bbox 974 5042 1102 5096; x_wconf 89' lang='lat' dir='ltr'>ideo</span> <span class='ocrx_word' id='word_1_466' title='bbox 1135 5040 1349 5095; x_wconf 90' lang='lat' dir='ltr'>dictum</span> <span class='ocrx_word' id='word_1_467' title='bbox 1383 5041 1482 5105; x_wconf 87' lang='lat' dir='ltr'>est,</span> <span class='ocrx_word' id='word_1_468' title='bbox 1512 5040 1733 5108; x_wconf 79' lang='lat' dir='ltr'>proprie</span> <span class='ocrx_word' id='word_1_469' title='bbox 1762 5038 1839 5092; x_wconf 88' lang='lat' dir='ltr'>di-</span> 
     </span>
    </p>
   </div>
   <div class='ocr_carea' id='block_1_56' title="bbox 199 5234 1836 5300">
    <p class='ocr_par' dir='ltr' id='par_1_56' title="bbox 199 5234 1836 5300">
     <span class='ocr_line' id='line_1_56' title="bbox 199 5234 1836 5300; baseline -0.005 -11"><span class='ocrx_word' id='word_1_470' title='bbox 199 5244 211 5276; x_wconf 91' lang='grc'>¹</span> <span class='ocrx_word' id='word_1_471' title='bbox 238 5242 375 5300; x_wconf 82' lang='lat' dir='ltr'>Am.,</span> <span class='ocrx_word' id='word_1_472' title='bbox 395 5242 478 5289; x_wconf 84' lang='lat' dir='ltr'>Er.</span> <span class='ocrx_word' id='word_1_473' title='bbox 502 5245 553 5290; x_wconf 90' lang='lat' dir='ltr'>et</span> <span class='ocrx_word' id='word_1_474' title='bbox 574 5242 691 5289; x_wconf 80' lang='lat' dir='ltr'>Mss.</span> <span class='ocrx_word' id='word_1_475' title='bbox 708 5255 815 5289; x_wconf 91' lang='lat' dir='ltr'>non</span> <span class='ocrx_word' id='word_1_476' title='bbox 833 5240 1115 5289; x_wconf 87' lang='lat' dir='ltr'>deteriores</span> <span class='ocrx_word' id='word_1_477' title='bbox 1127 5237 1339 5295; x_wconf 86' lang='lat' dir='ltr'>habent,</span> <span class='ocrx_word' id='word_1_478' title='bbox 1354 5234 1417 5284; x_wconf 84' lang='lat' dir='ltr'>de</span> <span class='ocrx_word' id='word_1_479' title='bbox 1434 5234 1596 5300; x_wconf 82' lang='lat' dir='ltr'>Trina</span> <span class='ocrx_word' id='word_1_480' title='bbox 1610 5236 1836 5300; x_wconf 71' lang='lat' dir='ltr'>unitate.</span> 
     </span>
    </p>
   </div>
   <div class='ocr_carea' id='block_1_57' title="bbox 195 5297 1839 5363">
    <p class='ocr_par' dir='ltr' id='par_1_57' title="bbox 195 5297 1839 5363">
     <span class='ocr_line' id='line_1_57' title="bbox 195 5297 1839 5363; baseline -0.005 -11"><span class='ocrx_word' id='word_1_481' title='bbox 195 5305 217 5338; x_wconf 81' lang='grc'><strong>²</strong></span> <span class='ocrx_word' id='word_1_482' title='bbox 254 5297 731 5352; x_wconf 61' lang='grc' dir='ltr'>Ηίοιονιωὶθηεοε</span> <span class='ocrx_word' id='word_1_483' title='bbox 762 5303 972 5351; x_wconf 87' lang='lat' dir='ltr'>titulum</span> <span class='ocrx_word' id='word_1_484' title='bbox 1006 5300 1279 5350; x_wconf 67' lang='lat' dir='ltr'>sententiae</span> <span class='ocrx_word' id='word_1_485' title='bbox 1301 5299 1485 5363; x_wconf 68' lang='lat' dir='ltr'>primm</span> <span class='ocrx_word' id='word_1_486' title='bbox 1512 5298 1600 5363; x_wconf 86' lang='lat' dir='ltr'>lib.</span> <span class='ocrx_word' id='word_1_487' title='bbox 1626 5301 1677 5363; x_wconf 60' lang='lat'>2:21</span> <span class='ocrx_word' id='word_1_488' title='bbox 1715 5297 1839 5363; x_wconf 82' lang='lat' dir='ltr'>Sen-</span> 
     </span>
    </p>
   </div>
   <div class='ocr_carea' id='block_1_58' title="bbox 136 5360 1841 5429">
    <p class='ocr_par' dir='ltr' id='par_1_58' title="bbox 136 5360 1841 5429">
     <span class='ocr_line' id='line_1_58' title="bbox 136 5360 1841 5429; baseline -0.005 -14"><span class='ocrx_word' id='word_1_489' title='bbox 136 5369 265 5415; x_wconf 84' lang='lat' dir='ltr'>tent.</span> <span class='ocrx_word' id='word_1_490' title='bbox 300 5366 385 5414; x_wconf 90' lang='lat' dir='ltr'>Sic</span> <span class='ocrx_word' id='word_1_491' title='bbox 407 5366 779 5429; x_wconf 89' lang='lat' dir='ltr'>interponunt:</span> <span class='ocrx_word' id='word_1_492' title='bbox 802 5365 1208 5429; x_wconf 76' lang='lat' dir='ltr'>xxx1,Eum_qui</span> <span class='ocrx_word' id='word_1_493' title='bbox 1237 5360 1607 5429; x_wconf 57' lang='lat' dir='ltr'>ul:uult_vivil,</span> <span class='ocrx_word' id='word_1_494' title='bbox 1625 5360 1841 5429; x_wconf 74' lang='lat' dir='ltr'>beatum</span> 
     </span>
    </p>
   </div>
   <div class='ocr_carea' id='block_1_59' title="bbox 133 5421 1838 5489">
    <p class='ocr_par' dir='ltr' id='par_1_59' title="bbox 133 5421 1838 5489">
     <span class='ocr_line' id='line_1_59' title="bbox 133 5421 1838 5489; baseline -0.005 -12"><span class='ocrx_word' id='word_1_495' title='bbox 133 5440 261 5477; x_wconf 74' lang='lat' dir='ltr'>esse.</span> <span class='ocrx_word' id='word_1_496' title='bbox 289 5430 400 5478; x_wconf 72' lang='lat' dir='ltr'>Nec</span> <span class='ocrx_word' id='word_1_497' title='bbox 426 5421 563 5489; x_wconf 44' lang='lat' dir='ltr'>ipsa.</span> <span class='ocrx_word' id='word_1_498' title='bbox 577 5441 689 5476; x_wconf 85' lang='lat' dir='ltr'>mea</span> <span class='ocrx_word' id='word_1_499' title='bbox 708 5431 794 5478; x_wconf 75' lang='lat' dir='ltr'>est.</span> <span class='ocrx_word' id='word_1_500' title='bbox 810 5421 1272 5489; x_wconf 65' lang='lat' dir='ltr'>luterpolatidnem</span> <span class='ocrx_word' id='word_1_501' title='bbox 1290 5423 1584 5473; x_wconf 81' lang='lat' dir='ltr'>deteximus</span> <span class='ocrx_word' id='word_1_502' title='bbox 1604 5421 1838 5469; x_wconf 83' lang='lat' dir='ltr'>subsidio</span> 
     </span>
    </p>
   </div>
   <div class='ocr_carea' id='block_1_60' title="bbox 136 5490 908 5549">
    <p class='ocr_par' dir='ltr' id='par_1_60' title="bbox 136 5490 908 5549">
     <span class='ocr_line' id='line_1_60' title="bbox 136 5490 908 5549; baseline -0.004 -9"><span class='ocrx_word' id='word_1_503' title='bbox 136 5490 269 5549; x_wconf 51' lang='lat' dir='ltr'>Am,</span> <span class='ocrx_word' id='word_1_504' title='bbox 300 5490 386 5540; x_wconf 85' lang='lat' dir='ltr'>Er.</span> <span class='ocrx_word' id='word_1_505' title='bbox 414 5490 469 5540; x_wconf 77' lang='lat' dir='ltr'>et</span> <span class='ocrx_word' id='word_1_506' title='bbox 491 5490 753 5539; x_wconf 87' lang='lat' dir='ltr'>veriorum</span> <span class='ocrx_word' id='word_1_507' title='bbox 787 5490 908 5538; x_wconf 83' lang='lat' dir='ltr'>Mss.</span> 
     </span>
    </p>
   </div>
   <div class='ocr_carea' id='block_1_61' title="bbox 1612 237 2184 299">
    <p class='ocr_par' dir='ltr' id='par_1_61' title="bbox 1612 237 2184 299">
     <span class='ocr_line' id='line_1_61' title="bbox 1612 237 2184 299; baseline 0.007 -6"><span class='ocrx_word' id='word_1_508' title='bbox 1612 237 1826 294; x_wconf 81' lang='lat' dir='ltr'><strong>LIBER</strong></span> <span class='ocrx_word' id='word_1_509' title='bbox 1898 238 2184 299; x_wconf 80' lang='lat' dir='ltr'>PRIMUS.</span> 
     </span>
    </p>
   </div>
   <div class='ocr_carea' id='block_1_62' title="bbox 3550 258 3657 311">
    <p class='ocr_par' dir='ltr' id='par_1_62' title="bbox 3550 258 3657 311">
     <span class='ocr_line' id='line_1_62' title="bbox 3550 258 3657 311; baseline 0.019 -2"><span class='ocrx_word' id='word_1_510' title='bbox 3550 258 3657 311; x_wconf 80' lang='lat'>626</span> 
     </span>
    </p>
   </div>
   <div class='ocr_carea' id='block_1_63' title="bbox 1962 362 3659 447">
    <p class='ocr_par' dir='ltr' id='par_1_63' title="bbox 1962 362 3659 447">
     <span class='ocr_line' id='line_1_63' title="bbox 1962 362 3659 447; baseline 0.008 -32"><span class='ocrx_word' id='word_1_511' title='bbox 1962 362 2114 416; x_wconf 88' lang='lat' dir='ltr'>lectio</span> <span class='ocrx_word' id='word_1_512' title='bbox 2146 362 2372 432; x_wconf 86' lang='lat' dir='ltr'>dicitur,</span> <span class='ocrx_word' id='word_1_513' title='bbox 2407 368 2680 437; x_wconf 90' lang='lat' dir='ltr'>quoniam</span> <span class='ocrx_word' id='word_1_514' title='bbox 2711 382 2842 447; x_wconf 85' lang='lat' dir='ltr'>caro</span> <span class='ocrx_word' id='word_1_515' title='bbox 2873 368 3130 440; x_wconf 81' lang='lat' dir='ltr'>diligitur</span> <span class='ocrx_word' id='word_1_516' title='bbox 3159 371 3413 442; x_wconf 90' lang='lat' dir='ltr'>quidem,</span> <span class='ocrx_word' id='word_1_517' title='bbox 3443 389 3548 428; x_wconf 90' lang='lat' dir='ltr'>nec</span> <span class='ocrx_word' id='word_1_518' title='bbox 3575 378 3659 429; x_wconf 87' lang='lat' dir='ltr'>ta-</span> 
     </span>
    </p>
   </div>
   <div class='ocr_carea' id='block_1_64' title="bbox 1957 451 3747 529">
    <p class='ocr_par' dir='ltr' id='par_1_64' title="bbox 1957 451 3747 529">
     <span class='ocr_line' id='line_1_64' title="bbox 1957 451 3747 529; baseline 0.008 -28"><span class='ocrx_word' id='word_1_519' title='bbox 1957 464 2092 503; x_wconf 89' lang='lat' dir='ltr'>men</span> <span class='ocrx_word' id='word_1_520' title='bbox 2124 451 2377 522; x_wconf 87' lang='lat' dir='ltr'>proprie,</span> <span class='ocrx_word' id='word_1_521' title='bbox 2412 454 2509 507; x_wconf 86' lang='lat' dir='ltr'>sed</span> <span class='ocrx_word' id='word_1_522' title='bbox 2564 454 2800 526; x_wconf 86' lang='lat' dir='ltr'>propter</span> <span class='ocrx_word' id='word_1_523' title='bbox 2846 454 3097 511; x_wconf 87' lang='lat' dir='ltr'>animam</span> <span class='ocrx_word' id='word_1_524' title='bbox 3144 457 3235 511; x_wconf 91' lang='lat' dir='ltr'>cui</span> <span class='ocrx_word' id='word_1_525' title='bbox 3291 458 3544 529; x_wconf 88' lang='lat' dir='ltr'>subjacet</span> <span class='ocrx_word' id='word_1_526' title='bbox 3587 462 3659 516; x_wconf 86' lang='lat' dir='ltr'>ad</span> <span class='ocrx_word' id='word_1_527' title='bbox 3740 506 3747 507; x_wconf 36' lang='grc' dir='ltr'><em>γ</em></span> 
     </span>
    </p>
   </div>
   <div class='ocr_carea' id='block_1_65' title="bbox 1956 540 3655 617">
    <p class='ocr_par' dir='ltr' id='par_1_65' title="bbox 1956 540 3655 617">
     <span class='ocr_line' id='line_1_65' title="bbox 1956 540 3655 617; baseline 0.008 -28"><span class='ocrx_word' id='word_1_528' title='bbox 1956 552 2143 591; x_wconf 91' lang='lat' dir='ltr'>usum.</span> <span class='ocrx_word' id='word_1_529' title='bbox 2181 540 2320 594; x_wconf 88' lang='lat' dir='ltr'>Nam</span> <span class='ocrx_word' id='word_1_530' title='bbox 2352 541 2457 594; x_wconf 86' lang='lat' dir='ltr'>etsi</span> <span class='ocrx_word' id='word_1_531' title='bbox 2486 548 2723 612; x_wconf 88' lang='lat' dir='ltr'>propter</span> <span class='ocrx_word' id='word_1_532' title='bbox 2760 543 3002 614; x_wconf 90' lang='lat' dir='ltr'>seipsam</span> <span class='ocrx_word' id='word_1_533' title='bbox 3033 544 3256 599; x_wconf 88' lang='lat' dir='ltr'>videtur</span> <span class='ocrx_word' id='word_1_534' title='bbox 3296 546 3479 617; x_wconf 85' lang='lat' dir='ltr'>diligi,</span> <span class='ocrx_word' id='word_1_535' title='bbox 3525 563 3655 603; x_wconf 92' lang='lat' dir='ltr'>cum</span> 
     </span>
    </p>
   </div>
   <div class='ocr_carea' id='block_1_66' title="bbox 1956 628 3657 697">
    <p class='ocr_par' dir='ltr' id='par_1_66' title="bbox 1956 628 3657 697">
     <span class='ocr_line' id='line_1_66' title="bbox 1956 628 3657 697; baseline 0.006 -19"><span class='ocrx_word' id='word_1_536' title='bbox 1956 642 2079 680; x_wconf 89' lang='lat' dir='ltr'>eam</span> <span class='ocrx_word' id='word_1_537' title='bbox 2103 628 2370 683; x_wconf 90' lang='lat' dir='ltr'>nolumus</span> <span class='ocrx_word' id='word_1_538' title='bbox 2401 646 2519 683; x_wconf 88' lang='lat' dir='ltr'>esse</span> <span class='ocrx_word' id='word_1_539' title='bbox 2551 631 2886 697; x_wconf 83' lang='lat' dir='ltr'>deformem,</span> <span class='ocrx_word' id='word_1_540' title='bbox 2912 633 2981 686; x_wconf 85' lang='lat' dir='ltr'>ad</span> <span class='ocrx_word' id='word_1_541' title='bbox 3002 633 3156 687; x_wconf 90' lang='lat' dir='ltr'>aliud</span> <span class='ocrx_word' id='word_1_542' title='bbox 3176 634 3542 689; x_wconf 89' lang='lat' dir='ltr'>referendum</span> <span class='ocrx_word' id='word_1_543' title='bbox 3572 640 3657 690; x_wconf 89' lang='lat' dir='ltr'>est</span> 
     </span>
    </p>
   </div>
   <div class='ocr_carea' id='block_1_67' title="bbox 1954 715 3654 792">
    <p class='ocr_par' dir='ltr' id='par_1_67' title="bbox 1954 715 3654 792">
     <span class='ocr_line' id='line_1_67' title="bbox 1954 715 3654 792; baseline 0.006 -24"><span class='ocrx_word' id='word_1_544' title='bbox 1954 715 2123 768; x_wconf 90' lang='lat' dir='ltr'>decus</span> <span class='ocrx_word' id='word_1_545' title='bbox 2154 718 2297 785; x_wconf 89' lang='lat' dir='ltr'>ejus,</span> <span class='ocrx_word' id='word_1_546' title='bbox 2327 718 2395 771; x_wconf 88' lang='lat' dir='ltr'>ad</span> <span class='ocrx_word' id='word_1_547' title='bbox 2426 717 2569 773; x_wconf 90' lang='lat' dir='ltr'>illud</span> <span class='ocrx_word' id='word_1_548' title='bbox 2599 719 2811 773; x_wconf 90' lang='lat' dir='ltr'>scilicet</span> <span class='ocrx_word' id='word_1_549' title='bbox 2842 738 2874 774; x_wconf 92' lang='lat' dir='ltr'>a</span> <span class='ocrx_word' id='word_1_550' title='bbox 2904 737 3018 792; x_wconf 89' lang='lat' dir='ltr'>quo</span> <span class='ocrx_word' id='word_1_551' title='bbox 3049 722 3253 776; x_wconf 90' lang='lat' dir='ltr'>decora</span> <span class='ocrx_word' id='word_1_552' title='bbox 3281 727 3414 777; x_wconf 91' lang='lat' dir='ltr'>sunt</span> <span class='ocrx_word' id='word_1_553' title='bbox 3439 724 3654 778; x_wconf 86' lang='lat' dir='ltr'>omnia.</span> 
     </span>
    </p>
   </div>
   <div class='ocr_carea' id='block_1_68' title="bbox 1953 802 3653 879">
    <p class='ocr_par' dir='ltr' id='par_1_68' title="bbox 1953 802 3653 879">
     <span class='ocr_line' id='line_1_68' title="bbox 1953 802 3653 879; baseline 0.006 -24"><span class='ocrx_word' id='word_1_554' title='bbox 1953 802 2267 873; x_wconf 86' lang='lat' dir='ltr'>Trigesima</span> <span class='ocrx_word' id='word_1_555' title='bbox 2297 805 2558 874; x_wconf 89' lang='lat' dir='ltr'>septima,</span> <span class='ocrx_word' id='word_1_556' title='bbox 2581 806 2649 861; x_wconf 93' lang='lat' dir='ltr'>de</span> <span class='ocrx_word' id='word_1_557' title='bbox 2673 823 2898 876; x_wconf 89' lang='lat' dir='ltr'>semper</span> <span class='ocrx_word' id='word_1_558' title='bbox 2918 813 3069 862; x_wconf 88' lang='lat' dir='ltr'>nato.</span> <span class='ocrx_word' id='word_1_559' title='bbox 3104 808 3418 879; x_wconf 86' lang='lat' dir='ltr'>Trigesima</span> <span class='ocrx_word' id='word_1_560' title='bbox 3440 815 3653 877; x_wconf 88' lang='lat' dir='ltr'>octava,</span> 
     </span>
    </p>
   </div>
   <div class='ocr_carea' id='block_1_69' title="bbox 1953 891 3651 966">
    <p class='ocr_par' dir='ltr' id='par_1_69' title="bbox 1953 891 3651 966">
     <span class='ocr_line' id='line_1_69' title="bbox 1953 891 3651 966; baseline 0.005 -22"><span class='ocrx_word' id='word_1_561' title='bbox 1953 891 2019 945; x_wconf 92' lang='lat' dir='ltr'>de</span> <span class='ocrx_word' id='word_1_562' title='bbox 2032 893 2482 948; x_wconf 87' lang='lat' dir='ltr'>conformatione</span> <span class='ocrx_word' id='word_1_563' title='bbox 2496 895 2720 950; x_wconf 70' lang='lat' dir='ltr'>animae.</span> <span class='ocrx_word' id='word_1_564' title='bbox 2738 896 3051 966; x_wconf 81' lang='lat' dir='ltr'>Trigesima</span> <span class='ocrx_word' id='word_1_565' title='bbox 3064 914 3237 965; x_wconf 86' lang='lat' dir='ltr'>nona,</span> <span class='ocrx_word' id='word_1_566' title='bbox 3253 899 3324 953; x_wconf 91' lang='lat' dir='ltr'>de</span> <span class='ocrx_word' id='word_1_567' title='bbox 3346 899 3651 954; x_wconf 86' lang='lat' dir='ltr'>alimentis.</span> 
     </span>
    </p>
   </div>
   <div class='ocr_carea' id='block_1_70' title="bbox 1952 981 3655 1051">
    <p class='ocr_par' dir='ltr' id='par_1_70' title="bbox 1952 981 3655 1051">
     <span class='ocr_line' id='line_1_70' title="bbox 1952 981 3655 1051; baseline 0.005 -18"><span class='ocrx_word' id='word_1_568' title='bbox 1952 981 2418 1051; x_wconf 88' lang='lat' dir='ltr'>Quadragesima,</span> <span class='ocrx_word' id='word_1_569' title='bbox 2445 1000 2573 1038; x_wconf 92' lang='lat' dir='ltr'>cum</span> <span class='ocrx_word' id='word_1_570' title='bbox 2589 985 2912 1038; x_wconf 89' lang='lat' dir='ltr'>animarum</span> <span class='ocrx_word' id='word_1_571' title='bbox 2931 990 3133 1039; x_wconf 88' lang='lat' dir='ltr'>natura</span> <span class='ocrx_word' id='word_1_572' title='bbox 3148 1002 3260 1041; x_wconf 91' lang='lat' dir='ltr'>una</span> <span class='ocrx_word' id='word_1_573' title='bbox 3275 987 3366 1049; x_wconf 77' lang='lat' dir='ltr'>Sit,</span> <span class='ocrx_word' id='word_1_574' title='bbox 3382 988 3533 1041; x_wconf 92' lang='lat' dir='ltr'>unde</span> <span class='ocrx_word' id='word_1_575' title='bbox 3554 988 3655 1042; x_wconf 92' lang='lat' dir='ltr'>ho-</span> 
     </span>
    </p>
   </div>
   <div class='ocr_carea' id='block_1_71' title="bbox 1952 1069 3651 1145">
    <p class='ocr_par' dir='ltr' id='par_1_71' title="bbox 1952 1069 3651 1145">
     <span class='ocr_line' id='line_1_71' title="bbox 1952 1069 3651 1145; baseline 0.005 -24"><span class='ocrx_word' id='word_1_576' title='bbox 1952 1069 2174 1123; x_wconf 91' lang='lat' dir='ltr'>minum</span> <span class='ocrx_word' id='word_1_577' title='bbox 2207 1069 2445 1124; x_wconf 63' lang='lat' dir='ltr'>diversae</span> <span class='ocrx_word' id='word_1_578' title='bbox 2468 1073 2803 1126; x_wconf 86' lang='lat' dir='ltr'>voluntates.</span> <span class='ocrx_word' id='word_1_579' title='bbox 2821 1073 3263 1143; x_wconf 88' lang='lat' dir='ltr'>Quadragesima</span> <span class='ocrx_word' id='word_1_580' title='bbox 3283 1074 3493 1145; x_wconf 90' lang='lat' dir='ltr'>prima,</span> <span class='ocrx_word' id='word_1_581' title='bbox 3520 1092 3651 1130; x_wconf 91' lang='lat' dir='ltr'>cum</span> 
     </span>
    </p>
   </div>
   <div class='ocr_carea' id='block_1_72' title="bbox 1951 1156 3651 1232">
    <p class='ocr_par' dir='ltr' id='par_1_72' title="bbox 1951 1156 3651 1232">
     <span class='ocr_line' id='line_1_72' title="bbox 1951 1156 3651 1232; baseline 0.004 -23"><span class='ocrx_word' id='word_1_582' title='bbox 1951 1156 2143 1210; x_wconf 89' lang='lat' dir='ltr'>omnia</span> <span class='ocrx_word' id='word_1_583' title='bbox 2162 1158 2309 1211; x_wconf 84' lang='lat' dir='ltr'>Deus</span> <span class='ocrx_word' id='word_1_584' title='bbox 2320 1158 2719 1229; x_wconf 86' lang='lat' dir='ltr'>fecerit,quare</span> <span class='ocrx_word' id='word_1_585' title='bbox 2732 1176 2849 1214; x_wconf 92' lang='lat' dir='ltr'>non</span> <span class='ocrx_word' id='word_1_586' title='bbox 2864 1163 3159 1232; x_wconf 65' lang='lat' dir='ltr'>aequaliter</span> <span class='ocrx_word' id='word_1_587' title='bbox 3169 1164 3385 1218; x_wconf 88' lang='lat' dir='ltr'>fecerit.</span> <span class='ocrx_word' id='word_1_588' title='bbox 3402 1164 3557 1227; x_wconf 88' lang='lat' dir='ltr'>Quad</span> <span class='ocrx_word' id='word_1_589' title='bbox 3566 1179 3651 1217; x_wconf 90' lang='lat' dir='ltr'>ra-</span> 
     </span>
    </p>
   </div>
   <div class='ocr_carea' id='block_1_73' title="bbox 1950 1244 3653 1321">
    <p class='ocr_par' dir='ltr' id='par_1_73' title="bbox 1950 1244 3653 1321">
     <span class='ocr_line' id='line_1_73' title="bbox 1950 1244 3653 1321; baseline 0.004 -24"><span class='ocrx_word' id='word_1_590' title='bbox 1950 1244 2167 1314; x_wconf 87' lang='lat' dir='ltr'>gesima</span> <span class='ocrx_word' id='word_1_591' title='bbox 2182 1247 2449 1313; x_wconf 88' lang='lat' dir='ltr'>secunda,</span> <span class='ocrx_word' id='word_1_592' title='bbox 2464 1249 2948 1317; x_wconf 90' lang='lat' dir='ltr'>quemadmodum</span> <span class='ocrx_word' id='word_1_593' title='bbox 2966 1250 3062 1303; x_wconf 93' lang='lat' dir='ltr'>Dei</span> <span class='ocrx_word' id='word_1_594' title='bbox 3075 1250 3364 1321; x_wconf 88' lang='lat' dir='ltr'>Sapientia</span> <span class='ocrx_word' id='word_1_595' title='bbox 3381 1251 3653 1305; x_wconf 91' lang='lat' dir='ltr'>Dominus</span> 
     </span>
    </p>
   </div>
   <div class='ocr_carea' id='block_1_74' title="bbox 1947 1333 3651 1404">
    <p class='ocr_par' dir='ltr' id='par_1_74' title="bbox 1947 1333 3651 1404">
     <span class='ocr_line' id='line_1_74' title="bbox 1947 1333 3651 1404; baseline 0.004 -17"><span class='ocrx_word' id='word_1_596' title='bbox 1947 1334 2106 1387; x_wconf 83' lang='lat' dir='ltr'>Jesus</span> <span class='ocrx_word' id='word_1_597' title='bbox 2136 1333 2388 1387; x_wconf 84' lang='lat' dir='ltr'>Christus</span> <span class='ocrx_word' id='word_1_598' title='bbox 2410 1335 2536 1388; x_wconf 90' lang='lat' dir='ltr'>etin</span> <span class='ocrx_word' id='word_1_599' title='bbox 2561 1339 2721 1389; x_wconf 91' lang='lat' dir='ltr'>utero</span> <span class='ocrx_word' id='word_1_600' title='bbox 2749 1337 2947 1391; x_wconf 90' lang='lat' dir='ltr'>matris</span> <span class='ocrx_word' id='word_1_601' title='bbox 2973 1338 3144 1391; x_wconf 83' lang='lat' dir='ltr'>fuerit</span> <span class='ocrx_word' id='word_1_602' title='bbox 3164 1343 3219 1392; x_wconf 90' lang='lat' dir='ltr'>et</span> <span class='ocrx_word' id='word_1_603' title='bbox 3235 1338 3296 1392; x_wconf 92' lang='lat' dir='ltr'>in</span> <span class='ocrx_word' id='word_1_604' title='bbox 3315 1339 3487 1393; x_wconf 74' lang='lat' dir='ltr'>cmlis.</span> <span class='ocrx_word' id='word_1_605' title='bbox 3508 1340 3651 1404; x_wconf 87' lang='lat' dir='ltr'>Qua-</span> 
     </span>
    </p>
   </div>
   <div class='ocr_carea' id='block_1_75' title="bbox 1949 1421 3653 1495">
    <p class='ocr_par' dir='ltr' id='par_1_75' title="bbox 1949 1421 3653 1495">
     <span class='ocr_line' id='line_1_75' title="bbox 1949 1421 3653 1495; baseline 0.004 -22"><span class='ocrx_word' id='word_1_606' title='bbox 1949 1421 2265 1491; x_wconf 89' lang='lat' dir='ltr'>dragesima</span> <span class='ocrx_word' id='word_1_607' title='bbox 2283 1422 2653 1492; x_wconf 89' lang='lat' dir='ltr'>tertia,quare</span> <span class='ocrx_word' id='word_1_608' title='bbox 2670 1423 2844 1477; x_wconf 91' lang='lat' dir='ltr'>Filius</span> <span class='ocrx_word' id='word_1_609' title='bbox 2866 1425 2963 1477; x_wconf 92' lang='lat' dir='ltr'>Dei</span> <span class='ocrx_word' id='word_1_610' title='bbox 2978 1424 3036 1477; x_wconf 91' lang='lat' dir='ltr'>in</span> <span class='ocrx_word' id='word_1_611' title='bbox 3050 1426 3283 1478; x_wconf 88' lang='lat' dir='ltr'>homine</span> <span class='ocrx_word' id='word_1_612' title='bbox 3296 1425 3582 1495; x_wconf 88' lang='lat' dir='ltr'>apparuit,</span> <span class='ocrx_word' id='word_1_613' title='bbox 3597 1430 3653 1481; x_wconf 90' lang='lat' dir='ltr'>et</span> 
     </span>
    </p>
   </div>
   <div class='ocr_carea' id='block_1_76' title="bbox 1947 1509 3652 1583">
    <p class='ocr_par' dir='ltr' id='par_1_76' title="bbox 1947 1509 3652 1583">
     <span class='ocr_line' id='line_1_76' title="bbox 1947 1509 3652 1583; baseline 0.002 -20"><span class='ocrx_word' id='word_1_614' title='bbox 1947 1509 2191 1578; x_wconf 86' lang='lat' dir='ltr'>Spiritus</span> <span class='ocrx_word' id='word_1_615' title='bbox 2223 1515 2450 1564; x_wconf 89' lang='lat' dir='ltr'>sanctus</span> <span class='ocrx_word' id='word_1_616' title='bbox 2483 1510 2541 1563; x_wconf 92' lang='lat' dir='ltr'>in</span> <span class='ocrx_word' id='word_1_617' title='bbox 2568 1512 2832 1566; x_wconf 90' lang='lat' dir='ltr'>columba</span> <span class='ocrx_word' id='word_1_618' title='bbox 2864 1514 3055 1577; x_wconf 80' lang='lat' dir='ltr'>(Math.</span> <span class='ocrx_word' id='word_1_619' title='bbox 3088 1530 3168 1578; x_wconf 84' lang='lat' dir='ltr'><strong>III,</strong></span> <span class='ocrx_word' id='word_1_620' title='bbox 3192 1512 3295 1581; x_wconf 87' lang='grc'><strong>16).</strong></span> <span class='ocrx_word' id='word_1_621' title='bbox 3329 1513 3652 1583; x_wconf 87' lang='lat' dir='ltr'>Quadrage-</span> 
     </span>
    </p>
   </div>
   <div class='ocr_carea' id='block_1_77' title="bbox 1947 1597 3651 1669">
    <p class='ocr_par' dir='ltr' id='par_1_77' title="bbox 1947 1597 3651 1669">
     <span class='ocr_line' id='line_1_77' title="bbox 1947 1597 3651 1669; baseline 0.002 -19"><span class='ocrx_word' id='word_1_622' title='bbox 1947 1597 2091 1651; x_wconf 90' lang='lat' dir='ltr'>sima</span> <span class='ocrx_word' id='word_1_623' title='bbox 2103 1602 2325 1668; x_wconf 86' lang='lat' dir='ltr'>quarta,</span> <span class='ocrx_word' id='word_1_624' title='bbox 2341 1614 2516 1669; x_wconf 91' lang='lat' dir='ltr'>quare</span> <span class='ocrx_word' id='word_1_625' title='bbox 2533 1603 2690 1652; x_wconf 90' lang='lat' dir='ltr'>tanto</span> <span class='ocrx_word' id='word_1_626' title='bbox 2705 1605 2834 1668; x_wconf 89' lang='lat' dir='ltr'>post</span> <span class='ocrx_word' id='word_1_627' title='bbox 2846 1601 2999 1654; x_wconf 87' lang='lat' dir='ltr'>venit</span> <span class='ocrx_word' id='word_1_628' title='bbox 3014 1600 3285 1654; x_wconf 85' lang='lat' dir='ltr'>Dominus</span> <span class='ocrx_word' id='word_1_629' title='bbox 3307 1601 3333 1654; x_wconf 90' lang='lat' dir='ltr'><strong>J</strong></span> <span class='ocrx_word' id='word_1_630' title='bbox 3339 1616 3467 1653; x_wconf 88' lang='lat' dir='ltr'>esus</span> <span class='ocrx_word' id='word_1_631' title='bbox 3492 1600 3651 1654; x_wconf 91' lang='lat' dir='ltr'>Chri-</span> 
     </span>
    </p>
   </div>
   <div class='ocr_carea' id='block_1_78' title="bbox 1947 1686 3650 1760">
    <p class='ocr_par' dir='ltr' id='par_1_78' title="bbox 1947 1686 3650 1760">
     <span class='ocr_line' id='line_1_78' title="bbox 1947 1686 3650 1760; baseline 0.002 -22"><span class='ocrx_word' id='word_1_632' title='bbox 1947 1690 2089 1740; x_wconf 89' lang='lat' dir='ltr'>stus.</span> <span class='ocrx_word' id='word_1_633' title='bbox 2123 1686 2224 1741; x_wconf 91' lang='lat' dir='ltr'>Ubi</span> <span class='ocrx_word' id='word_1_634' title='bbox 2246 1702 2377 1739; x_wconf 91' lang='lat' dir='ltr'>cum</span> <span class='ocrx_word' id='word_1_635' title='bbox 2393 1687 2621 1756; x_wconf 81' lang='lat' dir='ltr'>generis</span> <span class='ocrx_word' id='word_1_636' title='bbox 2641 1688 2883 1742; x_wconf 86' lang='lat' dir='ltr'>humani</span> <span class='ocrx_word' id='word_1_637' title='bbox 2904 1693 3181 1760; x_wconf 88' lang='lat' dir='ltr'>tanquam</span> <span class='ocrx_word' id='word_1_638' title='bbox 3202 1688 3375 1742; x_wconf 91' lang='lat' dir='ltr'>unius</span> <span class='ocrx_word' id='word_1_639' title='bbox 3400 1687 3650 1742; x_wconf 87' lang='lat' dir='ltr'>hominis</span> 
     </span>
    </p>
   </div>
   <div class='ocr_carea' id='block_1_79' title="bbox 1947 1774 3650 1844">
    <p class='ocr_par' dir='ltr' id='par_1_79' title="bbox 1947 1774 3650 1844">
     <span class='ocr_line' id='line_1_79' title="bbox 1947 1774 3650 1844; baseline 0.002 -19"><span class='ocrx_word' id='word_1_640' title='bbox 1947 1776 2137 1826; x_wconf 80' lang='lat' dir='ltr'>aetates</span> <span class='ocrx_word' id='word_1_641' title='bbox 2171 1788 2697 1833; x_wconf 87' lang='lat' dir='ltr'>commemorarem,</span> <span class='ocrx_word' id='word_1_642' title='bbox 2716 1774 2829 1827; x_wconf 83' lang='lat' dir='ltr'>dixi</span> <span class='ocrx_word' id='word_1_643' title='bbox 2858 1777 2991 1829; x_wconf 88' lang='lat' dir='ltr'>:Nec</span> <span class='ocrx_word' id='word_1_644' title='bbox 3004 1777 3243 1844; x_wconf 84' lang='lat' dir='ltr'>oportuit</span> <span class='ocrx_word' id='word_1_645' title='bbox 3254 1776 3436 1828; x_wconf 81' lang='lat' dir='ltr'>venire</span> <span class='ocrx_word' id='word_1_646' title='bbox 3452 1775 3650 1829; x_wconf 85' lang='lat' dir='ltr'>divini-</span> 
     </span>
    </p>
   </div>
   <div class='ocr_carea' id='block_1_80' title="bbox 1945 1862 3649 1930">
    <p class='ocr_par' dir='ltr' id='par_1_80' title="bbox 1945 1862 3649 1930">
     <span class='ocr_line' id='line_1_80' title="bbox 1945 1862 3649 1930; baseline 0.001 -17"><span class='ocrx_word' id='word_1_647' title='bbox 1945 1865 2030 1914; x_wconf 88' lang='lat' dir='ltr'>tus</span> <span class='ocrx_word' id='word_1_648' title='bbox 2060 1862 2405 1927; x_wconf 81' lang='lat' dir='ltr'>magistrum,</span> <span class='ocrx_word' id='word_1_649' title='bbox 2426 1862 2581 1928; x_wconf 84' lang='lat' dir='ltr'>cujus</span> <span class='ocrx_word' id='word_1_650' title='bbox 2600 1864 2902 1916; x_wconf 84' lang='lat' dir='ltr'>imitatione</span> <span class='ocrx_word' id='word_1_651' title='bbox 2923 1865 2982 1915; x_wconf 86' lang='lat' dir='ltr'>in</span> <span class='ocrx_word' id='word_1_652' title='bbox 3002 1878 3171 1916; x_wconf 86' lang='lat' dir='ltr'>mores</span> <span class='ocrx_word' id='word_1_653' title='bbox 3198 1864 3425 1930; x_wconf 87' lang='lat' dir='ltr'>optimos</span> <span class='ocrx_word' id='word_1_654' title='bbox 3444 1864 3649 1928; x_wconf 83' lang='lat' dir='ltr'>forma-</span> 
     </span>
    </p>
   </div>
   <div class='ocr_carea' id='block_1_81' title="bbox 1943 1949 3646 2017">
    <p class='ocr_par' dir='ltr' id='par_1_81' title="bbox 1943 1949 3646 2017">
     <span class='ocr_line' id='line_1_81' title="bbox 1943 1949 3646 2017; baseline 0.001 -16"><span class='ocrx_word' id='word_1_655' title='bbox 1943 1953 2114 2013; x_wconf 85' lang='lat' dir='ltr'>relur,</span> <span class='ocrx_word' id='word_1_656' title='bbox 2142 1949 2253 2002; x_wconf 87' lang='lat' dir='ltr'>nisi</span> <span class='ocrx_word' id='word_1_657' title='bbox 2281 1953 2513 2016; x_wconf 85' lang='lat' dir='ltr'>tempore</span> <span class='ocrx_word' id='word_1_658' title='bbox 2534 1949 2860 2017; x_wconf 86' lang='lat' dir='ltr'>juventutis.</span> <span class='ocrx_word' id='word_1_659' title='bbox 2890 1951 2954 2003; x_wconf 90' lang='lat' dir='ltr'>Et</span> <span class='ocrx_word' id='word_1_660' title='bbox 2984 1949 3215 2017; x_wconf 88' lang='lat' dir='ltr'>adjunxi</span> <span class='ocrx_word' id='word_1_661' title='bbox 3235 1950 3303 2003; x_wconf 92' lang='lat' dir='ltr'>ad</span> <span class='ocrx_word' id='word_1_662' title='bbox 3328 1950 3437 2003; x_wconf 93' lang='lat' dir='ltr'>hoc</span> <span class='ocrx_word' id='word_1_663' title='bbox 3460 1949 3646 2002; x_wconf 89' lang='lat' dir='ltr'>valere</span> 
     </span>
    </p>
   </div>
   <div class='ocr_carea' id='block_1_82' title="bbox 1945 2018 3649 2109">
    <p class='ocr_par' dir='ltr' id='par_1_82' title="bbox 1945 2018 3649 2109">
     <span class='ocr_line' id='line_1_82' title="bbox 1945 2018 3649 2109; baseline 0 -20"><span class='ocrx_word' id='word_1_664' title='bbox 1945 2039 2098 2106; x_wconf 89' lang='lat' dir='ltr'>quod</span> <span class='ocrx_word' id='word_1_665' title='bbox 2143 2037 2445 2106; x_wconf 84' lang='lat' dir='ltr'>Apostolus</span> <span class='ocrx_word' id='word_1_666' title='bbox 2475 2037 2630 2105; x_wconf 88' lang='lat' dir='ltr'>dicit,</span> <span class='ocrx_word' id='word_1_667' title='bbox 2671 2018 2955 2109; x_wconf 46' lang='lat' dir='ltr'>sub/Lege</span> <span class='ocrx_word' id='word_1_668' title='bbox 2985 2041 3263 2108; x_wconf 89' lang='lat' dir='ltr'>tanquam</span> <span class='ocrx_word' id='word_1_669' title='bbox 3294 2036 3397 2090; x_wconf 92' lang='lat' dir='ltr'>sub</span> <span class='ocrx_word' id='word_1_670' title='bbox 3456 2036 3649 2107; x_wconf 63' lang='lat' dir='ltr'>panda-</span> 
     </span>
    </p>
   </div>
   <div class='ocr_carea' id='block_1_83' title="bbox 1943 2124 3649 2195">
    <p class='ocr_par' dir='ltr' id='par_1_83' title="bbox 1943 2124 3649 2195">
     <span class='ocr_line' id='line_1_83' title="bbox 1943 2124 3649 2195; baseline -0.001 -17"><span class='ocrx_word' id='word_1_671' title='bbox 1943 2140 2091 2195; x_wconf 90' lang='lat' dir='ltr'>gogo</span> <span class='ocrx_word' id='word_1_672' title='bbox 2121 2125 2356 2195; x_wconf 87' lang='lat' dir='ltr'>parvulo</span> <span class='ocrx_word' id='word_1_673' title='bbox 2387 2126 2695 2179; x_wconf 89' lang='lat' dir='ltr'>custoditos</span> <span class='ocrx_word' id='word_1_674' title='bbox 2736 2125 2938 2195; x_wconf 85' lang='lat' dir='ltr'>(Galat.</span> <span class='ocrx_word' id='word_1_675' title='bbox 2994 2142 3078 2192; x_wconf 86' lang='lat' dir='ltr'>III,</span> <span class='ocrx_word' id='word_1_676' title='bbox 3126 2127 3244 2193; x_wconf 77' lang='grc'>23).</span> <span class='ocrx_word' id='word_1_677' title='bbox 3304 2124 3414 2179; x_wconf 90' lang='lat' dir='ltr'>Sed</span> <span class='ocrx_word' id='word_1_678' title='bbox 3462 2126 3649 2193; x_wconf 88' lang='lat' dir='ltr'>potest</span> 
     </span>
    </p>
   </div>
   <div class='ocr_carea' id='block_1_84' title="bbox 1944 2211 3650 2282">
    <p class='ocr_par' dir='ltr' id='par_1_84' title="bbox 1944 2211 3650 2282">
     <span class='ocr_line' id='line_1_84' title="bbox 1944 2211 3650 2282; baseline -0.001 -17"><span class='ocrx_word' id='word_1_679' title='bbox 1944 2228 2170 2267; x_wconf 89' lang='lat' dir='ltr'>movere</span> <span class='ocrx_word' id='word_1_680' title='bbox 2202 2229 2303 2266; x_wconf 92' lang='lat' dir='ltr'>cur</span> <span class='ocrx_word' id='word_1_681' title='bbox 2331 2213 2467 2267; x_wconf 90' lang='lat' dir='ltr'>alibi</span> <span class='ocrx_word' id='word_1_682' title='bbox 2487 2213 2818 2275; x_wconf 87' lang='lat' dir='ltr'>dixerimus,</span> <span class='ocrx_word' id='word_1_683' title='bbox 2836 2212 3121 2269; x_wconf 88' lang='lat' dir='ltr'>Christum</span> <span class='ocrx_word' id='word_1_684' title='bbox 3135 2212 3195 2265; x_wconf 92' lang='lat' dir='ltr'>in</span> <span class='ocrx_word' id='word_1_685' title='bbox 3208 2211 3435 2282; x_wconf 84' lang='lat' dir='ltr'>generis</span> <span class='ocrx_word' id='word_1_686' title='bbox 3450 2211 3650 2265; x_wconf 86' lang='lat' dir='ltr'>huma-</span> 
     </span>
    </p>
   </div>
   <div class='ocr_carea' id='block_1_85' title="bbox 1944 2298 3651 2372">
    <p class='ocr_par' dir='ltr' id='par_1_85' title="bbox 1944 2298 3651 2372">
     <span class='ocr_line' id='line_1_85' title="bbox 1944 2298 3651 2372; baseline 0 -19"><span class='ocrx_word' id='word_1_687' title='bbox 1944 2301 2004 2354; x_wconf 90' lang='lat' dir='ltr'>ni</span> <span class='ocrx_word' id='word_1_688' title='bbox 2035 2306 2191 2354; x_wconf 89' lang='lat' dir='ltr'>sexta</span> <span class='ocrx_word' id='word_1_689' title='bbox 2221 2306 2388 2355; x_wconf 69' lang='lat' dir='ltr'>astate</span> <span class='ocrx_word' id='word_1_690' title='bbox 2410 2306 2688 2372; x_wconf 88' lang='lat' dir='ltr'>tanquam</span> <span class='ocrx_word' id='word_1_691' title='bbox 2718 2301 2778 2354; x_wconf 91' lang='lat' dir='ltr'>in</span> <span class='ocrx_word' id='word_1_692' title='bbox 2804 2305 3096 2354; x_wconf 89' lang='lat' dir='ltr'>senectute</span> <span class='ocrx_word' id='word_1_693' title='bbox 3118 2299 3337 2353; x_wconf 90' lang='lat' dir='ltr'>venisse</span> <span class='ocrx_word' id='word_1_694' title='bbox 3363 2299 3499 2366; x_wconf 88' lang='lat' dir='ltr'>(Lib.</span> <span class='ocrx_word' id='word_1_695' title='bbox 3538 2302 3557 2352; x_wconf 95' lang='grc'>1</span> <span class='ocrx_word' id='word_1_696' title='bbox 3583 2298 3651 2353; x_wconf 81' lang='lat' dir='ltr'>de</span> 
     </span>
    </p>
   </div>
   <div class='ocr_carea' id='block_1_86' title="bbox 1944 2385 3644 2456">
    <p class='ocr_par' dir='ltr' id='par_1_86' title="bbox 1944 2385 3644 2456">
     <span class='ocr_line' id='line_1_86' title="bbox 1944 2385 3644 2456; baseline -0.001 -16"><span class='ocrx_word' id='word_1_697' title='bbox 1944 2388 2085 2444; x_wconf 89' lang='lat' dir='ltr'>Gen.</span> <span class='ocrx_word' id='word_1_698' title='bbox 2125 2394 2312 2443; x_wconf 86' lang='lat' dir='ltr'>contra</span> <span class='ocrx_word' id='word_1_699' title='bbox 2339 2390 2603 2454; x_wconf 86' lang='lat' dir='ltr'>Manich.,</span> <span class='ocrx_word' id='word_1_700' title='bbox 2634 2404 2688 2443; x_wconf 77' lang='grc' dir='ltr'>θ.</span> <span class='ocrx_word' id='word_1_701' title='bbox 2724 2392 2816 2453; x_wconf 82' lang='lat'>23,</span> <span class='ocrx_word' id='word_1_702' title='bbox 2841 2404 2897 2441; x_wconf 90' lang='lat' dir='ltr'>n.</span> <span class='ocrx_word' id='word_1_703' title='bbox 2930 2388 3040 2455; x_wconf 84' lang='grc'>40).</span> <span class='ocrx_word' id='word_1_704' title='bbox 3085 2388 3199 2440; x_wconf 83' lang='lat' dir='ltr'>Hoc</span> <span class='ocrx_word' id='word_1_705' title='bbox 3229 2401 3363 2455; x_wconf 92' lang='lat' dir='ltr'>ergo</span> <span class='ocrx_word' id='word_1_706' title='bbox 3394 2386 3545 2456; x_wconf 91' lang='lat' dir='ltr'>quod</span> <span class='ocrx_word' id='word_1_707' title='bbox 3574 2385 3644 2439; x_wconf 89' lang='lat' dir='ltr'>de</span> 
     </span>
    </p>
   </div>
   <div class='ocr_carea' id='block_1_87' title="bbox 1939 2471 3648 2547">
    <p class='ocr_par' dir='ltr' id='par_1_87' title="bbox 1939 2471 3648 2547">
     <span class='ocr_line' id='line_1_87' title="bbox 1939 2471 3648 2547; baseline -0.001 -18"><span class='ocrx_word' id='word_1_708' title='bbox 1939 2477 2237 2546; x_wconf 86' lang='lat' dir='ltr'>juventute</span> <span class='ocrx_word' id='word_1_709' title='bbox 2293 2477 2506 2531; x_wconf 89' lang='lat' dir='ltr'>dictum</span> <span class='ocrx_word' id='word_1_710' title='bbox 2538 2480 2640 2541; x_wconf 91' lang='lat' dir='ltr'>est,</span> <span class='ocrx_word' id='word_1_711' title='bbox 2675 2476 2745 2530; x_wconf 89' lang='lat' dir='ltr'>ad</span> <span class='ocrx_word' id='word_1_712' title='bbox 2790 2474 3045 2547; x_wconf 81' lang='lat' dir='ltr'>vigorem</span> <span class='ocrx_word' id='word_1_713' title='bbox 3084 2475 3479 2544; x_wconf 88' lang='lat' dir='ltr'>fervoremque</span> <span class='ocrx_word' id='word_1_714' title='bbox 3509 2471 3648 2527; x_wconf 85' lang='lat' dir='ltr'>ﬁdei</span> 
     </span>
    </p>
   </div>
   <div class='ocr_carea' id='block_1_88' title="bbox 1943 2561 3647 2635">
    <p class='ocr_par' dir='ltr' id='par_1_88' title="bbox 1943 2561 3647 2635">
     <span class='ocr_line' id='line_1_88' title="bbox 1943 2561 3647 2635; baseline -0.001 -17"><span class='ocrx_word' id='word_1_715' title='bbox 1943 2565 2207 2627; x_wconf 83' lang='lat' dir='ltr'>refertur,</span> <span class='ocrx_word' id='word_1_716' title='bbox 2242 2581 2373 2635; x_wconf 70' lang='lat' dir='ltr'>quae</span> <span class='ocrx_word' id='word_1_717' title='bbox 2405 2581 2506 2634; x_wconf 86' lang='lat' dir='ltr'>per</span> <span class='ocrx_word' id='word_1_718' title='bbox 2535 2564 2901 2618; x_wconf 90' lang='lat' dir='ltr'>dilectionem</span> <span class='ocrx_word' id='word_1_719' title='bbox 2932 2566 3236 2633; x_wconf 90' lang='lat' dir='ltr'>operatur;</span> <span class='ocrx_word' id='word_1_720' title='bbox 3280 2561 3424 2616; x_wconf 87' lang='lat' dir='ltr'>illud</span> <span class='ocrx_word' id='word_1_721' title='bbox 3454 2564 3647 2616; x_wconf 89' lang='lat' dir='ltr'>autem</span> 
     </span>
    </p>
   </div>
   <div class='ocr_carea' id='block_1_89' title="bbox 1942 2648 3648 2722">
    <p class='ocr_par' dir='ltr' id='par_1_89' title="bbox 1942 2648 3648 2722">
     <span class='ocr_line' id='line_1_89' title="bbox 1942 2648 3648 2722; baseline -0.003 -16"><span class='ocrx_word' id='word_1_722' title='bbox 1942 2653 2011 2707; x_wconf 92' lang='lat' dir='ltr'>de</span> <span class='ocrx_word' id='word_1_723' title='bbox 2041 2657 2347 2721; x_wconf 90' lang='lat' dir='ltr'>senectute,</span> <span class='ocrx_word' id='word_1_724' title='bbox 2377 2654 2449 2707; x_wconf 90' lang='lat' dir='ltr'>ad</span> <span class='ocrx_word' id='word_1_725' title='bbox 2470 2657 2790 2722; x_wconf 89' lang='lat' dir='ltr'>temporum</span> <span class='ocrx_word' id='word_1_726' title='bbox 2817 2666 3141 2705; x_wconf 88' lang='lat' dir='ltr'>numerum.</span> <span class='ocrx_word' id='word_1_727' title='bbox 3167 2652 3359 2704; x_wconf 87' lang='lat' dir='ltr'>Potest</span> <span class='ocrx_word' id='word_1_728' title='bbox 3372 2648 3526 2703; x_wconf 90' lang='lat' dir='ltr'>enim</span> <span class='ocrx_word' id='word_1_729' title='bbox 3558 2648 3648 2702; x_wconf 85' lang='lat' dir='ltr'>in-</span> 
     </span>
    </p>
   </div>
   <div class='ocr_carea' id='block_1_90' title="bbox 1943 2737 3648 2812">
    <p class='ocr_par' dir='ltr' id='par_1_90' title="bbox 1943 2737 3648 2812">
     <span class='ocr_line' id='line_1_90' title="bbox 1943 2737 3648 2812; baseline -0.004 -17"><span class='ocrx_word' id='word_1_730' title='bbox 1943 2741 2121 2811; x_wconf 88' lang='lat' dir='ltr'>telligi</span> <span class='ocrx_word' id='word_1_731' title='bbox 2152 2748 2459 2812; x_wconf 87' lang='lat' dir='ltr'>utrumque</span> <span class='ocrx_word' id='word_1_732' title='bbox 2491 2741 2551 2795; x_wconf 88' lang='lat' dir='ltr'>in</span> <span class='ocrx_word' id='word_1_733' title='bbox 2591 2739 2960 2794; x_wconf 89' lang='lat' dir='ltr'>universitate</span> <span class='ocrx_word' id='word_1_734' title='bbox 2989 2737 3312 2801; x_wconf 87' lang='lat' dir='ltr'>hominum,</span> <span class='ocrx_word' id='word_1_735' title='bbox 3346 2737 3499 2807; x_wconf 89' lang='lat' dir='ltr'>quod</span> <span class='ocrx_word' id='word_1_736' title='bbox 3528 2752 3648 2790; x_wconf 91' lang='lat' dir='ltr'>non</span> 
     </span>
    </p>
   </div>
   <div class='ocr_carea' id='block_1_91' title="bbox 1949 2825 3642 2900">
    <p class='ocr_par' dir='ltr' id='par_1_91' title="bbox 1949 2825 3642 2900">
     <span class='ocr_line' id='line_1_91' title="bbox 1949 2825 3642 2900; baseline -0.004 -17"><span class='ocrx_word' id='word_1_737' title='bbox 1949 2833 2130 2900; x_wconf 87' lang='lat' dir='ltr'>potest</span> <span class='ocrx_word' id='word_1_738' title='bbox 2168 2830 2227 2883; x_wconf 91' lang='lat' dir='ltr'>in</span> <span class='ocrx_word' id='word_1_739' title='bbox 2260 2830 2519 2883; x_wconf 61' lang='lat' dir='ltr'>aetatibus</span> <span class='ocrx_word' id='word_1_740' title='bbox 2566 2828 2963 2899; x_wconf 84' lang='lat' dir='ltr'>singulorum:</span> <span class='ocrx_word' id='word_1_741' title='bbox 2998 2826 3144 2880; x_wconf 89' lang='lat' dir='ltr'>sicut</span> <span class='ocrx_word' id='word_1_742' title='bbox 3168 2825 3228 2878; x_wconf 92' lang='lat' dir='ltr'>in</span> <span class='ocrx_word' id='word_1_743' title='bbox 3257 2839 3495 2894; x_wconf 85' lang='lat' dir='ltr'>corpore</span> <span class='ocrx_word' id='word_1_744' title='bbox 3525 2839 3642 2878; x_wconf 91' lang='lat' dir='ltr'>non</span> 
     </span>
    </p>
   </div>
   <div class='ocr_carea' id='block_1_92' title="bbox 1940 2910 3646 2987">
    <p class='ocr_par' dir='ltr' id='par_1_92' title="bbox 1940 2910 3646 2987">
     <span class='ocr_line' id='line_1_92' title="bbox 1940 2910 3646 2987; baseline -0.004 -17"><span class='ocrx_word' id='word_1_745' title='bbox 1940 2920 2127 2987; x_wconf 88' lang='lat' dir='ltr'>potest</span> <span class='ocrx_word' id='word_1_746' title='bbox 2157 2932 2275 2969; x_wconf 90' lang='lat' dir='ltr'>esse</span> <span class='ocrx_word' id='word_1_747' title='bbox 2307 2916 2474 2969; x_wconf 89' lang='lat' dir='ltr'>simul</span> <span class='ocrx_word' id='word_1_748' title='bbox 2517 2919 2570 2969; x_wconf 82' lang='lat' dir='ltr'>et</span> <span class='ocrx_word' id='word_1_749' title='bbox 2592 2916 2863 2985; x_wconf 89' lang='lat' dir='ltr'>juventus</span> <span class='ocrx_word' id='word_1_750' title='bbox 2912 2918 2967 2967; x_wconf 90' lang='lat' dir='ltr'>et</span> <span class='ocrx_word' id='word_1_751' title='bbox 3013 2918 3298 2980; x_wconf 90' lang='lat' dir='ltr'>senectus,</span> <span class='ocrx_word' id='word_1_752' title='bbox 3347 2911 3408 2965; x_wconf 90' lang='lat' dir='ltr'>in</span> <span class='ocrx_word' id='word_1_753' title='bbox 3451 2910 3646 2964; x_wconf 89' lang='lat' dir='ltr'>animo</span> 
     </span>
    </p>
   </div>
   <div class='ocr_carea' id='block_1_93' title="bbox 1943 3000 3647 3075">
    <p class='ocr_par' dir='ltr' id='par_1_93' title="bbox 1943 3000 3647 3075">
     <span class='ocr_line' id='line_1_93' title="bbox 1943 3000 3647 3075; baseline -0.004 -16"><span class='ocrx_word' id='word_1_754' title='bbox 1943 3010 2133 3060; x_wconf 88' lang='lat' dir='ltr'>autem</span> <span class='ocrx_word' id='word_1_755' title='bbox 2165 3008 2382 3075; x_wconf 89' lang='lat' dir='ltr'>potest;</span> <span class='ocrx_word' id='word_1_756' title='bbox 2416 3004 2514 3057; x_wconf 91' lang='lat' dir='ltr'>illa</span> <span class='ocrx_word' id='word_1_757' title='bbox 2561 3008 2798 3074; x_wconf 89' lang='lat' dir='ltr'>propter</span> <span class='ocrx_word' id='word_1_758' title='bbox 2847 3001 3218 3070; x_wconf 87' lang='lat' dir='ltr'>alacritatem,</span> <span class='ocrx_word' id='word_1_759' title='bbox 3263 3000 3371 3054; x_wconf 87' lang='lat' dir='ltr'>ista</span> <span class='ocrx_word' id='word_1_760' title='bbox 3408 3003 3647 3071; x_wconf 91' lang='lat' dir='ltr'>propter</span> 
     </span>
    </p>
   </div>
   <div class='ocr_carea' id='block_1_94' title="bbox 1942 3088 3646 3165">
    <p class='ocr_par' dir='ltr' id='par_1_94' title="bbox 1942 3088 3646 3165">
     <span class='ocr_line' id='line_1_94' title="bbox 1942 3088 3646 3165; baseline -0.003 -18"><span class='ocrx_word' id='word_1_761' title='bbox 1942 3093 2298 3165; x_wconf 89' lang='lat' dir='ltr'>gravitatem.</span> <span class='ocrx_word' id='word_1_762' title='bbox 2363 3092 2806 3162; x_wconf 86' lang='lat' dir='ltr'>Quadragesima</span> <span class='ocrx_word' id='word_1_763' title='bbox 2846 3091 3048 3162; x_wconf 85' lang='lat' dir='ltr'>quinta</span> <span class='ocrx_word' id='word_1_764' title='bbox 3097 3090 3365 3144; x_wconf 89' lang='lat' dir='ltr'>adversus</span> <span class='ocrx_word' id='word_1_765' title='bbox 3424 3088 3646 3143; x_wconf 86' lang='lat' dir='ltr'>mathe-</span> 
     </span>
    </p>
   </div>
   <div class='ocr_carea' id='block_1_95' title="bbox 1941 3176 3645 3250">
    <p class='ocr_par' dir='ltr' id='par_1_95' title="bbox 1941 3176 3645 3250">
     <span class='ocr_line' id='line_1_95' title="bbox 1941 3176 3645 3250; baseline -0.004 -15"><span class='ocrx_word' id='word_1_766' title='bbox 1941 3181 2197 3235; x_wconf 87' lang='lat' dir='ltr'>maticos.</span> <span class='ocrx_word' id='word_1_767' title='bbox 2228 3180 2673 3250; x_wconf 89' lang='lat' dir='ltr'>Quadragesima</span> <span class='ocrx_word' id='word_1_768' title='bbox 2703 3182 2877 3245; x_wconf 84' lang='lat' dir='ltr'>sexta,</span> <span class='ocrx_word' id='word_1_769' title='bbox 2912 3180 2980 3234; x_wconf 94' lang='lat' dir='ltr'>de</span> <span class='ocrx_word' id='word_1_770' title='bbox 3006 3178 3165 3233; x_wconf 88' lang='lat' dir='ltr'>ideis.</span> <span class='ocrx_word' id='word_1_771' title='bbox 3198 3176 3645 3248; x_wconf 85' lang='lat' dir='ltr'>Quadragesima</span> 
     </span>
    </p>
   </div>
   <div class='ocr_carea' id='block_1_96' title="bbox 1943 3264 3645 3340">
    <p class='ocr_par' dir='ltr' id='par_1_96' title="bbox 1943 3264 3645 3340">
     <span class='ocr_line' id='line_1_96' title="bbox 1943 3264 3645 3340; baseline -0.004 -16"><span class='ocrx_word' id='word_1_772' title='bbox 1943 3269 2210 3340; x_wconf 88' lang='lat' dir='ltr'>septima,</span> <span class='ocrx_word' id='word_1_773' title='bbox 2237 3275 2434 3323; x_wconf 88' lang='lat' dir='ltr'>utrum</span> <span class='ocrx_word' id='word_1_774' title='bbox 2466 3268 2773 3339; x_wconf 88' lang='lat' dir='ltr'>aliquando</span> <span class='ocrx_word' id='word_1_775' title='bbox 2802 3267 3173 3339; x_wconf 90' lang='lat' dir='ltr'>cogitationes</span> <span class='ocrx_word' id='word_1_776' title='bbox 3198 3270 3422 3320; x_wconf 91' lang='lat' dir='ltr'>nostras</span> <span class='ocrx_word' id='word_1_777' title='bbox 3452 3264 3645 3319; x_wconf 89' lang='lat' dir='ltr'>videre</span> 
     </span>
    </p>
   </div>
   <div class='ocr_carea' id='block_1_97' title="bbox 1941 3354 3646 3428">
    <p class='ocr_par' dir='ltr' id='par_1_97' title="bbox 1941 3354 3646 3428">
     <span class='ocr_line' id='line_1_97' title="bbox 1941 3354 3646 3428; baseline -0.004 -15"><span class='ocrx_word' id='word_1_778' title='bbox 1941 3359 2246 3428; x_wconf 88' lang='lat' dir='ltr'>possimus.</span> <span class='ocrx_word' id='word_1_779' title='bbox 2284 3358 2389 3412; x_wconf 92' lang='lat' dir='ltr'>Ubi</span> <span class='ocrx_word' id='word_1_780' title='bbox 2419 3356 2573 3428; x_wconf 90' lang='lat' dir='ltr'>quod</span> <span class='ocrx_word' id='word_1_781' title='bbox 2603 3356 2738 3423; x_wconf 85' lang='lat' dir='ltr'>dixi,</span> <span class='ocrx_word' id='word_1_782' title='bbox 2771 3357 3017 3424; x_wconf 72' lang='lat' dir='ltr'>angelica</span> <span class='ocrx_word' id='word_1_783' title='bbox 3039 3371 3284 3425; x_wconf 88' lang='lat' dir='ltr'>corpora,</span> <span class='ocrx_word' id='word_1_784' title='bbox 3318 3354 3509 3423; x_wconf 88' lang='lat' dir='ltr'>qualia</span> <span class='ocrx_word' id='word_1_785' title='bbox 3550 3368 3646 3407; x_wconf 89' lang='lat' dir='ltr'>nos</span> 
     </span>
    </p>
   </div>
   <div class='ocr_carea' id='block_1_98' title="bbox 1941 3444 3644 3517">
    <p class='ocr_par' dir='ltr' id='par_1_98' title="bbox 1941 3444 3644 3517">
     <span class='ocr_line' id='line_1_98' title="bbox 1941 3444 3644 3517; baseline -0.005 -15"><span class='ocrx_word' id='word_1_786' title='bbox 1941 3462 2221 3517; x_wconf 86' lang='lat' dir='ltr'>speramus</span> <span class='ocrx_word' id='word_1_787' title='bbox 2255 3447 2555 3511; x_wconf 85' lang='lat' dir='ltr'>habituros,</span> <span class='ocrx_word' id='word_1_788' title='bbox 2589 3445 2927 3499; x_wconf 87' lang='lat' dir='ltr'>lucidissima</span> <span class='ocrx_word' id='word_1_789' title='bbox 2952 3448 3113 3513; x_wconf 88' lang='lat' dir='ltr'>atque</span> <span class='ocrx_word' id='word_1_790' title='bbox 3140 3444 3369 3497; x_wconf 73' lang='lat' dir='ltr'>aetherea</span> <span class='ocrx_word' id='word_1_791' title='bbox 3397 3455 3507 3496; x_wconf 85' lang='lat' dir='ltr'>esse</span> <span class='ocrx_word' id='word_1_792' title='bbox 3531 3456 3644 3495; x_wconf 88' lang='lat' dir='ltr'>cre-</span> 
     </span>
    </p>
   </div>
   <div class='ocr_carea' id='block_1_99' title="bbox 1934 3529 3642 3607">
    <p class='ocr_par' dir='ltr' id='par_1_99' title="bbox 1934 3529 3642 3607">
     <span class='ocr_line' id='line_1_99' title="bbox 1934 3529 3642 3607; baseline -0.006 -17"><span class='ocrx_word' id='word_1_793' title='bbox 1934 3537 2181 3607; x_wconf 84' lang='lat' dir='ltr'>dendum</span> <span class='ocrx_word' id='word_1_794' title='bbox 2207 3539 2285 3589; x_wconf 83' lang='lat' dir='ltr'>est</span> <span class='ocrx_word' id='word_1_795' title='bbox 2309 3552 2321 3601; x_wconf 89' lang='lat'><strong>;</strong></span> <span class='ocrx_word' id='word_1_796' title='bbox 2354 3534 2401 3587; x_wconf 90' lang='lat' dir='ltr'>si</span> <span class='ocrx_word' id='word_1_797' title='bbox 2426 3534 2533 3587; x_wconf 92' lang='lat' dir='ltr'>hoc</span> <span class='ocrx_word' id='word_1_798' title='bbox 2555 3533 2677 3587; x_wconf 91' lang='lat' dir='ltr'>sine</span> <span class='ocrx_word' id='word_1_799' title='bbox 2698 3532 2971 3586; x_wconf 85' lang='lat' dir='ltr'>membris</span> <span class='ocrx_word' id='word_1_800' title='bbox 3000 3547 3129 3601; x_wconf 71' lang='lat' dir='ltr'>quas</span> <span class='ocrx_word' id='word_1_801' title='bbox 3159 3546 3313 3583; x_wconf 91' lang='lat' dir='ltr'>nunc</span> <span class='ocrx_word' id='word_1_802' title='bbox 3342 3529 3642 3589; x_wconf 88' lang='lat' dir='ltr'>habemus,</span> 
     </span>
    </p>
   </div>
   <div class='ocr_carea' id='block_1_100' title="bbox 1942 3616 3643 3691">
    <p class='ocr_par' dir='ltr' id='par_1_100' title="bbox 1942 3616 3643 3691">
     <span class='ocr_line' id='line_1_100' title="bbox 1942 3616 3643 3691; baseline -0.005 -14"><span class='ocrx_word' id='word_1_803' title='bbox 1942 3628 1997 3678; x_wconf 91' lang='lat' dir='ltr'>et</span> <span class='ocrx_word' id='word_1_804' title='bbox 2046 3624 2166 3677; x_wconf 91' lang='lat' dir='ltr'>sine</span> <span class='ocrx_word' id='word_1_805' title='bbox 2211 3621 2547 3687; x_wconf 89' lang='lat' dir='ltr'>substantia,</span> <span class='ocrx_word' id='word_1_806' title='bbox 2608 3620 2867 3691; x_wconf 89' lang='lat' dir='ltr'>quamvis</span> <span class='ocrx_word' id='word_1_807' title='bbox 2923 3616 3391 3687; x_wconf 91' lang='lat' dir='ltr'>incorruptibilis,</span> <span class='ocrx_word' id='word_1_808' title='bbox 3448 3620 3643 3669; x_wconf 89' lang='lat' dir='ltr'>tamen</span> 
     </span>
    </p>
   </div>
   <div class='ocr_carea' id='block_1_101' title="bbox 1942 3701 3646 3780">
    <p class='ocr_par' dir='ltr' id='par_1_101' title="bbox 1942 3701 3646 3780">
     <span class='ocr_line' id='line_1_101' title="bbox 1942 3701 3646 3780; baseline -0.006 -15"><span class='ocrx_word' id='word_1_809' title='bbox 1942 3711 2124 3765; x_wconf 87' lang='lat' dir='ltr'>carnis</span> <span class='ocrx_word' id='word_1_810' title='bbox 2179 3708 2505 3780; x_wconf 85' lang='lat' dir='ltr'>accipiatur,</span> <span class='ocrx_word' id='word_1_811' title='bbox 2561 3713 2801 3762; x_wconf 90' lang='lat' dir='ltr'>erratur.</span> <span class='ocrx_word' id='word_1_812' title='bbox 2868 3706 3040 3761; x_wconf 86' lang='lat' dir='ltr'>Multo</span> <span class='ocrx_word' id='word_1_813' title='bbox 3090 3709 3279 3758; x_wconf 91' lang='lat' dir='ltr'>autem</span> <span class='ocrx_word' id='word_1_814' title='bbox 3335 3703 3540 3757; x_wconf 82' lang='lat' dir='ltr'>melius</span> <span class='ocrx_word' id='word_1_815' title='bbox 3584 3701 3646 3756; x_wconf 91' lang='lat' dir='ltr'>in</span> 
     </span>
    </p>
   </div>
   <div class='ocr_carea' id='block_1_102' title="bbox 1942 3790 3645 3870">
    <p class='ocr_par' dir='ltr' id='par_1_102' title="bbox 1942 3790 3645 3870">
     <span class='ocr_line' id='line_1_102' title="bbox 1942 3790 3645 3870; baseline -0.006 -16"><span class='ocrx_word' id='word_1_816' title='bbox 1942 3816 2112 3870; x_wconf 90' lang='lat' dir='ltr'>opere</span> <span class='ocrx_word' id='word_1_817' title='bbox 2145 3799 2214 3853; x_wconf 92' lang='lat' dir='ltr'>de</span> <span class='ocrx_word' id='word_1_818' title='bbox 2261 3796 2497 3851; x_wconf 89' lang='lat' dir='ltr'>Civitate</span> <span class='ocrx_word' id='word_1_819' title='bbox 2544 3796 2661 3865; x_wconf 89' lang='lat' dir='ltr'>Dei,</span> <span class='ocrx_word' id='word_1_820' title='bbox 2698 3794 2939 3862; x_wconf 66' lang='lat' dir='ltr'>quaestio</span> <span class='ocrx_word' id='word_1_821' title='bbox 2985 3794 3089 3847; x_wconf 90' lang='lat' dir='ltr'>ista</span> <span class='ocrx_word' id='word_1_822' title='bbox 3129 3796 3370 3846; x_wconf 88' lang='lat' dir='ltr'>tractata</span> <span class='ocrx_word' id='word_1_823' title='bbox 3421 3794 3523 3856; x_wconf 92' lang='lat' dir='ltr'>est,</span> <span class='ocrx_word' id='word_1_824' title='bbox 3574 3790 3645 3845; x_wconf 90' lang='lat' dir='ltr'>de</span> 
     </span>
    </p>
   </div>
   <div class='ocr_carea' id='block_1_103' title="bbox 1940 3879 3645 3956">
    <p class='ocr_par' dir='ltr' id='par_1_103' title="bbox 1940 3879 3645 3956">
     <span class='ocr_line' id='line_1_103' title="bbox 1940 3879 3645 3956; baseline -0.004 -17"><span class='ocrx_word' id='word_1_825' title='bbox 1940 3887 2197 3943; x_wconf 86' lang='lat' dir='ltr'>videndis</span> <span class='ocrx_word' id='word_1_826' title='bbox 2224 3885 2665 3956; x_wconf 88' lang='lat' dir='ltr'>cogitationibus</span> <span class='ocrx_word' id='word_1_827' title='bbox 2701 3884 2907 3937; x_wconf 87' lang='lat' dir='ltr'>nostris</span> <span class='ocrx_word' id='word_1_828' title='bbox 2939 3884 3077 3952; x_wconf 90' lang='lat' dir='ltr'>(Lib.</span> <span class='ocrx_word' id='word_1_829' title='bbox 3112 3883 3201 3942; x_wconf 69' lang='lat'>2?,</span> <span class='ocrx_word' id='word_1_830' title='bbox 3252 3897 3298 3935; x_wconf 83' lang='grc' dir='ltr'>ο.</span> <span class='ocrx_word' id='word_1_831' title='bbox 3339 3879 3446 3950; x_wconf 77' lang='grc'>29).</span> <span class='ocrx_word' id='word_1_832' title='bbox 3494 3879 3645 3943; x_wconf 83' lang='lat' dir='ltr'>Qua-</span> 
     </span>
    </p>
   </div>
   <div class='ocr_carea' id='block_1_104' title="bbox 1942 3965 3646 4046">
    <p class='ocr_par' dir='ltr' id='par_1_104' title="bbox 1942 3965 3646 4046">
     <span class='ocr_line' id='line_1_104' title="bbox 1942 3965 3646 4046; baseline -0.008 -17"><span class='ocrx_word' id='word_1_833' title='bbox 1942 3974 2261 4046; x_wconf 89' lang='lat' dir='ltr'>dragesima</span> <span class='ocrx_word' id='word_1_834' title='bbox 2293 3978 2507 4035; x_wconf 90' lang='lat' dir='ltr'>octava,</span> <span class='ocrx_word' id='word_1_835' title='bbox 2531 3971 2599 4025; x_wconf 93' lang='lat' dir='ltr'>de</span> <span class='ocrx_word' id='word_1_836' title='bbox 2613 3969 2995 4025; x_wconf 90' lang='lat' dir='ltr'>credibilibus.</span> <span class='ocrx_word' id='word_1_837' title='bbox 3011 3965 3457 4037; x_wconf 87' lang='lat' dir='ltr'>Quadragesima</span> <span class='ocrx_word' id='word_1_838' title='bbox 3470 3979 3646 4031; x_wconf 90' lang='lat' dir='ltr'>nona,</span> 
     </span>
    </p>
   </div>
   <div class='ocr_carea' id='block_1_105' title="bbox 1942 4051 3648 4135">
    <p class='ocr_par' dir='ltr' id='par_1_105' title="bbox 1942 4051 3648 4135">
     <span class='ocr_line' id='line_1_105' title="bbox 1942 4051 3648 4135; baseline -0.006 -18"><span class='ocrx_word' id='word_1_839' title='bbox 1942 4080 2117 4135; x_wconf 90' lang='lat' dir='ltr'>quare</span> <span class='ocrx_word' id='word_1_840' title='bbox 2147 4061 2253 4116; x_wconf 85' lang='lat' dir='ltr'>ﬁlii</span> <span class='ocrx_word' id='word_1_841' title='bbox 2275 4060 2445 4114; x_wconf 90' lang='lat' dir='ltr'>Israel</span> <span class='ocrx_word' id='word_1_842' title='bbox 2471 4058 2865 4113; x_wconf 76' lang='lat' dir='ltr'>sacrificabant</span> <span class='ocrx_word' id='word_1_843' title='bbox 2886 4056 3184 4111; x_wconf 85' lang='lat' dir='ltr'>visibiliter</span> <span class='ocrx_word' id='word_1_844' title='bbox 3196 4069 3468 4125; x_wconf 90' lang='lat' dir='ltr'>pecorum</span> <span class='ocrx_word' id='word_1_845' title='bbox 3490 4051 3648 4106; x_wconf 90' lang='lat' dir='ltr'>victi-</span> 
     </span>
    </p>
   </div>
   <div class='ocr_carea' id='block_1_106' title="bbox 1944 4138 3648 4221">
    <p class='ocr_par' dir='ltr' id='par_1_106' title="bbox 1944 4138 3648 4221">
     <span class='ocr_line' id='line_1_106' title="bbox 1944 4138 3648 4221; baseline -0.009 -14"><span class='ocrx_word' id='word_1_846' title='bbox 1944 4170 2083 4207; x_wconf 86' lang='lat' dir='ltr'>mas.</span> <span class='ocrx_word' id='word_1_847' title='bbox 2103 4148 2611 4221; x_wconf 87' lang='lat' dir='ltr'>Quinquagesima,</span> <span class='ocrx_word' id='word_1_848' title='bbox 2629 4147 2697 4201; x_wconf 89' lang='lat' dir='ltr'>de</span> <span class='ocrx_word' id='word_1_849' title='bbox 2717 4145 3041 4218; x_wconf 63' lang='lat' dir='ltr'>aequalitate</span> <span class='ocrx_word' id='word_1_850' title='bbox 3059 4144 3201 4199; x_wconf 77' lang='lat' dir='ltr'>Filii.</span> <span class='ocrx_word' id='word_1_851' title='bbox 3231 4138 3648 4212; x_wconf 87' lang='lat' dir='ltr'>Quinquagesi-</span> 
     </span>
    </p>
   </div>
   <div class='ocr_carea' id='block_1_107' title="bbox 1944 4226 3647 4308">
    <p class='ocr_par' dir='ltr' id='par_1_107' title="bbox 1944 4226 3647 4308">
     <span class='ocr_line' id='line_1_107' title="bbox 1944 4226 3647 4308; baseline -0.007 -17"><span class='ocrx_word' id='word_1_852' title='bbox 1944 4254 2033 4291; x_wconf 86' lang='lat' dir='ltr'>ma</span> <span class='ocrx_word' id='word_1_853' title='bbox 2054 4237 2344 4308; x_wconf 79' lang='lat' dir='ltr'>prima,de</span> <span class='ocrx_word' id='word_1_854' title='bbox 2376 4236 2609 4289; x_wconf 90' lang='lat' dir='ltr'>homine</span> <span class='ocrx_word' id='word_1_855' title='bbox 2638 4235 2784 4289; x_wconf 86' lang='lat' dir='ltr'>facto</span> <span class='ocrx_word' id='word_1_856' title='bbox 2815 4235 2884 4288; x_wconf 88' lang='lat' dir='ltr'>ad</span> <span class='ocrx_word' id='word_1_857' title='bbox 2914 4233 3226 4303; x_wconf 86' lang='lat' dir='ltr'>imaginem</span> <span class='ocrx_word' id='word_1_858' title='bbox 3247 4234 3302 4284; x_wconf 90' lang='lat' dir='ltr'>et</span> <span class='ocrx_word' id='word_1_859' title='bbox 3323 4226 3647 4282; x_wconf 87' lang='lat' dir='ltr'>similitudi-</span> 
     </span>
    </p>
   </div>
   <div class='ocr_carea' id='block_1_108' title="bbox 1944 4318 3649 4394">
    <p class='ocr_par' dir='ltr' id='par_1_108' title="bbox 1944 4318 3649 4394">
     <span class='ocr_line' id='line_1_108' title="bbox 1944 4318 3649 4394; baseline -0.007 -15"><span class='ocrx_word' id='word_1_860' title='bbox 1944 4342 2074 4379; x_wconf 90' lang='lat' dir='ltr'>nem</span> <span class='ocrx_word' id='word_1_861' title='bbox 2106 4324 2227 4379; x_wconf 93' lang='lat' dir='ltr'>Dei.</span> <span class='ocrx_word' id='word_1_862' title='bbox 2260 4323 2364 4378; x_wconf 92' lang='lat' dir='ltr'>Ubi</span> <span class='ocrx_word' id='word_1_863' title='bbox 2396 4322 2534 4393; x_wconf 90' lang='lat' dir='ltr'>quid</span> <span class='ocrx_word' id='word_1_864' title='bbox 2565 4327 2665 4385; x_wconf 87' lang='lat' dir='ltr'>est,</span> <span class='ocrx_word' id='word_1_865' title='bbox 2701 4322 2849 4394; x_wconf 88' lang='lat' dir='ltr'>quod</span> <span class='ocrx_word' id='word_1_866' title='bbox 2882 4320 3017 4387; x_wconf 86' lang='lat' dir='ltr'>dixi,</span> <span class='ocrx_word' id='word_1_867' title='bbox 3046 4322 3211 4375; x_wconf 89' lang='lat' dir='ltr'>Homo</span> <span class='ocrx_word' id='word_1_868' title='bbox 3249 4319 3362 4372; x_wconf 87' lang='lat' dir='ltr'>sine</span> <span class='ocrx_word' id='word_1_869' title='bbox 3396 4318 3513 4369; x_wconf 83' lang='lat' dir='ltr'>vita</span> <span class='ocrx_word' id='word_1_870' title='bbox 3541 4329 3649 4368; x_wconf 89' lang='lat' dir='ltr'>non</span> 
     </span>
    </p>
   </div>
   <div class='ocr_carea' id='block_1_109' title="bbox 1943 4402 3648 4483">
    <p class='ocr_par' dir='ltr' id='par_1_109' title="bbox 1943 4402 3648 4483">
     <span class='ocr_line' id='line_1_109' title="bbox 1943 4402 3648 4483; baseline -0.006 -15"><span class='ocrx_word' id='word_1_871' title='bbox 1943 4419 2078 4469; x_wconf 84' lang='lat' dir='ltr'>recte</span> <span class='ocrx_word' id='word_1_872' title='bbox 2094 4413 2432 4483; x_wconf 88' lang='lat' dir='ltr'>appellatur;</span> <span class='ocrx_word' id='word_1_873' title='bbox 2458 4427 2584 4465; x_wconf 92' lang='lat' dir='ltr'>cum</span> <span class='ocrx_word' id='word_1_874' title='bbox 2602 4411 2824 4466; x_wconf 86' lang='lat' dir='ltr'>dicatur</span> <span class='ocrx_word' id='word_1_875' title='bbox 2835 4411 3008 4464; x_wconf 90' lang='lat' dir='ltr'>homo</span> <span class='ocrx_word' id='word_1_876' title='bbox 3022 4407 3192 4461; x_wconf 91' lang='lat' dir='ltr'>etiam</span> <span class='ocrx_word' id='word_1_877' title='bbox 3207 4405 3444 4458; x_wconf 88' lang='lat' dir='ltr'>cadaver</span> <span class='ocrx_word' id='word_1_878' title='bbox 3464 4402 3648 4457; x_wconf 87' lang='lat' dir='ltr'>homi-</span> 
     </span>
    </p>
   </div>
   <div class='ocr_carea' id='block_1_110' title="bbox 1942 4490 3648 4571">
    <p class='ocr_par' dir='ltr' id='par_1_110' title="bbox 1942 4490 3648 4571">
     <span class='ocr_line' id='line_1_110' title="bbox 1942 4490 3648 4571; baseline -0.008 -15"><span class='ocrx_word' id='word_1_879' title='bbox 1942 4502 2069 4556; x_wconf 85' lang='lat' dir='ltr'>nis?</span> <span class='ocrx_word' id='word_1_880' title='bbox 2084 4502 2226 4571; x_wconf 85' lang='lat' dir='ltr'>Ergo</span> <span class='ocrx_word' id='word_1_881' title='bbox 2241 4501 2439 4555; x_wconf 90' lang='lat' dir='ltr'>saltem</span> <span class='ocrx_word' id='word_1_882' title='bbox 2455 4500 2642 4555; x_wconf 89' lang='lat' dir='ltr'>dicere</span> <span class='ocrx_word' id='word_1_883' title='bbox 2664 4498 2857 4562; x_wconf 86' lang='lat' dir='ltr'>debui,</span> <span class='ocrx_word' id='word_1_884' title='bbox 2891 4499 3013 4551; x_wconf 88' lang='lat' dir='ltr'>Non</span> <span class='ocrx_word' id='word_1_885' title='bbox 3036 4493 3264 4566; x_wconf 90' lang='lat' dir='ltr'>proprie</span> <span class='ocrx_word' id='word_1_886' title='bbox 3279 4490 3487 4546; x_wconf 90' lang='lat' dir='ltr'>dicitur</span> <span class='ocrx_word' id='word_1_887' title='bbox 3507 4508 3520 4557; x_wconf 91' lang='lat'><strong>;</strong></span> <span class='ocrx_word' id='word_1_888' title='bbox 3547 4490 3648 4545; x_wconf 91' lang='lat' dir='ltr'>ubi</span> 
     </span>
    </p>
   </div>
   <div class='ocr_carea' id='block_1_111' title="bbox 1945 4579 3647 4658">
    <p class='ocr_par' dir='ltr' id='par_1_111' title="bbox 1945 4579 3647 4658">
     <span class='ocr_line' id='line_1_111' title="bbox 1945 4579 3647 4658; baseline -0.008 -14"><span class='ocrx_word' id='word_1_889' title='bbox 1945 4590 2081 4658; x_wconf 81' lang='lat' dir='ltr'>dixi,</span> <span class='ocrx_word' id='word_1_890' title='bbox 2110 4604 2217 4643; x_wconf 85' lang='lat' dir='ltr'>non</span> <span class='ocrx_word' id='word_1_891' title='bbox 2245 4592 2383 4643; x_wconf 89' lang='lat' dir='ltr'>recte</span> <span class='ocrx_word' id='word_1_892' title='bbox 2413 4588 2633 4643; x_wconf 85' lang='lat' dir='ltr'>dicitur.</span> <span class='ocrx_word' id='word_1_893' title='bbox 2662 4590 2803 4642; x_wconf 89' lang='lat' dir='ltr'>Item</span> <span class='ocrx_word' id='word_1_894' title='bbox 2833 4583 2949 4639; x_wconf 91' lang='lat' dir='ltr'>dixi</span> <span class='ocrx_word' id='word_1_895' title='bbox 2974 4600 2985 4637; x_wconf 89' lang='lat'><strong><em>:</em></strong></span> <span class='ocrx_word' id='word_1_896' title='bbox 3022 4585 3201 4651; x_wconf 89' lang='lat' dir='ltr'>Neque</span> <span class='ocrx_word' id='word_1_897' title='bbox 3233 4582 3425 4633; x_wconf 79' lang='lat' dir='ltr'>inscite</span> <span class='ocrx_word' id='word_1_898' title='bbox 3447 4579 3647 4633; x_wconf 80' lang='lat' dir='ltr'>distin-</span> 
     </span>
    </p>
   </div>
   <div class='ocr_carea' id='block_1_112' title="bbox 1943 4665 3650 4746">
    <p class='ocr_par' dir='ltr' id='par_1_112' title="bbox 1943 4665 3650 4746">
     <span class='ocr_line' id='line_1_112' title="bbox 1943 4665 3650 4746; baseline -0.009 -13"><span class='ocrx_word' id='word_1_899' title='bbox 1943 4681 2148 4746; x_wconf 87' lang='lat' dir='ltr'>guitur,</span> <span class='ocrx_word' id='word_1_900' title='bbox 2184 4678 2329 4746; x_wconf 90' lang='lat' dir='ltr'>quod</span> <span class='ocrx_word' id='word_1_901' title='bbox 2357 4677 2514 4731; x_wconf 85' lang='lat' dir='ltr'>aliud</span> <span class='ocrx_word' id='word_1_902' title='bbox 2542 4678 2614 4731; x_wconf 85' lang='lat' dir='ltr'>sit</span> <span class='ocrx_word' id='word_1_903' title='bbox 2640 4677 2817 4741; x_wconf 88' lang='lat' dir='ltr'>imago</span> <span class='ocrx_word' id='word_1_904' title='bbox 2848 4676 2897 4726; x_wconf 86' lang='lat' dir='ltr'>et</span> <span class='ocrx_word' id='word_1_905' title='bbox 2926 4669 3224 4726; x_wconf 88' lang='lat' dir='ltr'>similitudo</span> <span class='ocrx_word' id='word_1_906' title='bbox 3252 4669 3367 4729; x_wconf 88' lang='lat' dir='ltr'>Dei,</span> <span class='ocrx_word' id='word_1_907' title='bbox 3397 4666 3554 4721; x_wconf 87' lang='lat' dir='ltr'>aliud</span> <span class='ocrx_word' id='word_1_908' title='bbox 3575 4665 3650 4719; x_wconf 84' lang='lat' dir='ltr'>ad</span> 
     </span>
    </p>
   </div>
   <div class='ocr_carea' id='block_1_113' title="bbox 1944 4755 3651 4835">
    <p class='ocr_par' dir='ltr' id='par_1_113' title="bbox 1944 4755 3651 4835">
     <span class='ocr_line' id='line_1_113' title="bbox 1944 4755 3651 4835; baseline -0.009 -13"><span class='ocrx_word' id='word_1_909' title='bbox 1944 4768 2235 4835; x_wconf 86' lang='lat' dir='ltr'>imaginem</span> <span class='ocrx_word' id='word_1_910' title='bbox 2265 4770 2313 4820; x_wconf 88' lang='lat' dir='ltr'>et</span> <span class='ocrx_word' id='word_1_911' title='bbox 2359 4764 2771 4820; x_wconf 85' lang='lat' dir='ltr'>similitudinem</span> <span class='ocrx_word' id='word_1_912' title='bbox 2799 4761 2915 4825; x_wconf 90' lang='lat' dir='ltr'>Dei,</span> <span class='ocrx_word' id='word_1_913' title='bbox 2947 4760 3086 4813; x_wconf 86' lang='lat' dir='ltr'>sicut</span> <span class='ocrx_word' id='word_1_914' title='bbox 3129 4758 3392 4811; x_wconf 84' lang='lat' dir='ltr'>hominem</span> <span class='ocrx_word' id='word_1_915' title='bbox 3440 4755 3651 4821; x_wconf 83' lang='lat' dir='ltr'>factum</span> 
     </span>
    </p>
   </div>
   <div class='ocr_carea' id='block_1_114' title="bbox 1946 4841 3650 4925">
    <p class='ocr_par' dir='ltr' id='par_1_114' title="bbox 1946 4841 3650 4925">
     <span class='ocr_line' id='line_1_114' title="bbox 1946 4841 3650 4925; baseline -0.01 -14"><span class='ocrx_word' id='word_1_916' title='bbox 1946 4858 2259 4925; x_wconf 87' lang='lat' dir='ltr'>accipimus.</span> <span class='ocrx_word' id='word_1_917' title='bbox 2288 4852 2449 4918; x_wconf 86' lang='lat' dir='ltr'>Quod</span> <span class='ocrx_word' id='word_1_918' title='bbox 2471 4846 3136 4917; x_wconf 88' lang='lat' dir='ltr'>nonitaintelligendum</span> <span class='ocrx_word' id='word_1_919' title='bbox 3165 4848 3269 4910; x_wconf 90' lang='lat' dir='ltr'>est,</span> <span class='ocrx_word' id='word_1_920' title='bbox 3295 4841 3456 4914; x_wconf 90' lang='lat' dir='ltr'>quasi</span> <span class='ocrx_word' id='word_1_921' title='bbox 3475 4842 3650 4896; x_wconf 89' lang='lat' dir='ltr'>homo</span> 
     </span>
    </p>
   </div>
   <div class='ocr_carea' id='block_1_115' title="bbox 1945 4931 3652 5011">
    <p class='ocr_par' dir='ltr' id='par_1_115' title="bbox 1945 4931 3652 5011">
     <span class='ocr_line' id='line_1_115' title="bbox 1945 4931 3652 5011; baseline -0.009 -13"><span class='ocrx_word' id='word_1_922' title='bbox 1945 4961 2062 4999; x_wconf 90' lang='lat' dir='ltr'>non</span> <span class='ocrx_word' id='word_1_923' title='bbox 2093 4942 2314 4996; x_wconf 90' lang='lat' dir='ltr'>dicatur</span> <span class='ocrx_word' id='word_1_924' title='bbox 2352 4942 2542 5011; x_wconf 88' lang='lat' dir='ltr'>imago</span> <span class='ocrx_word' id='word_1_925' title='bbox 2603 4937 2723 5003; x_wconf 89' lang='lat' dir='ltr'>Dei,</span> <span class='ocrx_word' id='word_1_926' title='bbox 2784 4952 2913 4990; x_wconf 93' lang='lat' dir='ltr'>cum</span> <span class='ocrx_word' id='word_1_927' title='bbox 2966 4934 3115 4989; x_wconf 91' lang='lat' dir='ltr'>dicat</span> <span class='ocrx_word' id='word_1_928' title='bbox 3161 4931 3482 5003; x_wconf 84' lang='lat' dir='ltr'>Apostolus,</span> <span class='ocrx_word' id='word_1_929' title='bbox 3550 4931 3652 4983; x_wconf 89' lang='lat' dir='ltr'>Vir</span> 
     </span>
    </p>
   </div>
   <div class='ocr_carea' id='block_1_116' title="bbox 1948 5018 3649 5102">
    <p class='ocr_par' dir='ltr' id='par_1_116' title="bbox 1948 5018 3649 5102">
     <span class='ocr_line' id='line_1_116' title="bbox 1948 5018 3649 5102; baseline -0.011 -16"><span class='ocrx_word' id='word_1_930' title='bbox 1948 5032 2165 5102; x_wconf 86' lang='lat' dir='ltr'>quidem</span> <span class='ocrx_word' id='word_1_931' title='bbox 2192 5045 2297 5083; x_wconf 89' lang='lat' dir='ltr'>non</span> <span class='ocrx_word' id='word_1_932' title='bbox 2324 5029 2475 5082; x_wconf 86' lang='lat' dir='ltr'>debet</span> <span class='ocrx_word' id='word_1_933' title='bbox 2498 5027 2676 5080; x_wconf 83' lang='lat' dir='ltr'>velare</span> <span class='ocrx_word' id='word_1_934' title='bbox 2704 5027 2886 5093; x_wconf 89' lang='lat' dir='ltr'>caput,</span> <span class='ocrx_word' id='word_1_935' title='bbox 2919 5038 3039 5077; x_wconf 86' lang='lat' dir='ltr'>cum</span> <span class='ocrx_word' id='word_1_936' title='bbox 3069 5024 3142 5076; x_wconf 89' lang='lat' dir='ltr'>sit</span> <span class='ocrx_word' id='word_1_937' title='bbox 3166 5023 3345 5087; x_wconf 88' lang='lat' dir='ltr'>imago</span> <span class='ocrx_word' id='word_1_938' title='bbox 3375 5023 3424 5072; x_wconf 88' lang='lat' dir='ltr'>et</span> <span class='ocrx_word' id='word_1_939' title='bbox 3471 5018 3649 5083; x_wconf 86' lang='lat' dir='ltr'>gloria</span> 
     </span>
    </p>
   </div>
   <div class='ocr_carea' id='block_1_117' title="bbox 1948 5105 3649 5186">
    <p class='ocr_par' dir='ltr' id='par_1_117' title="bbox 1948 5105 3649 5186">
     <span class='ocr_line' id='line_1_117' title="bbox 1948 5105 3649 5186; baseline -0.011 -12"><span class='ocrx_word' id='word_1_940' title='bbox 1948 5122 2043 5175; x_wconf 87' lang='lat' dir='ltr'>Dei</span> <span class='ocrx_word' id='word_1_941' title='bbox 2073 5120 2121 5186; x_wconf 93' lang='grc' dir='ltr'>(Ι</span> <span class='ocrx_word' id='word_1_942' title='bbox 2180 5120 2300 5174; x_wconf 73' lang='lat' dir='ltr'>Cor.</span> <span class='ocrx_word' id='word_1_943' title='bbox 2333 5132 2410 5178; x_wconf 84' lang='lat' dir='ltr'>x1,</span> <span class='ocrx_word' id='word_1_944' title='bbox 2457 5116 2557 5185; x_wconf 81' lang='lat'>&#39;7):</span> <span class='ocrx_word' id='word_1_945' title='bbox 2606 5114 2701 5166; x_wconf 91' lang='lat' dir='ltr'>sed</span> <span class='ocrx_word' id='word_1_946' title='bbox 2746 5111 2952 5167; x_wconf 90' lang='lat' dir='ltr'>dicitur</span> <span class='ocrx_word' id='word_1_947' title='bbox 3004 5109 3176 5164; x_wconf 87' lang='lat' dir='ltr'>etiam</span> <span class='ocrx_word' id='word_1_948' title='bbox 3221 5109 3289 5163; x_wconf 91' lang='lat' dir='ltr'>ad</span> <span class='ocrx_word' id='word_1_949' title='bbox 3338 5105 3649 5175; x_wconf 90' lang='lat' dir='ltr'>imaginem</span> 
     </span>
    </p>
   </div>
   <div class='ocr_carea' id='block_1_118' title="bbox 1950 5190 3645 5278">
    <p class='ocr_par' dir='ltr' id='par_1_118' title="bbox 1950 5190 3645 5278">
     <span class='ocr_line' id='line_1_118' title="bbox 1950 5190 3645 5278; baseline -0.012 -14"><span class='ocrx_word' id='word_1_950' title='bbox 1950 5209 2069 5273; x_wconf 91' lang='lat' dir='ltr'>Dei,</span> <span class='ocrx_word' id='word_1_951' title='bbox 2101 5206 2254 5278; x_wconf 85' lang='lat' dir='ltr'>quod</span> <span class='ocrx_word' id='word_1_952' title='bbox 2288 5203 2625 5274; x_wconf 85' lang='lat' dir='ltr'>Unigenitus</span> <span class='ocrx_word' id='word_1_953' title='bbox 2663 5218 2780 5255; x_wconf 92' lang='lat' dir='ltr'>non</span> <span class='ocrx_word' id='word_1_954' title='bbox 2832 5200 3059 5266; x_wconf 90' lang='lat' dir='ltr'>dicitur,</span> <span class='ocrx_word' id='word_1_955' title='bbox 3102 5198 3201 5269; x_wconf 91' lang='lat' dir='ltr'>qui</span> <span class='ocrx_word' id='word_1_956' title='bbox 3250 5190 3645 5278; x_wconf 83' lang='lat' dir='ltr'>tantummodo</span> 
     </span>
    </p>
   </div>
   <div class='ocr_carea' id='block_1_119' title="bbox 1948 5276 3647 5367">
    <p class='ocr_par' dir='ltr' id='par_1_119' title="bbox 1948 5276 3647 5367">
     <span class='ocr_line' id='line_1_119' title="bbox 1948 5276 3647 5367; baseline -0.013 -17"><span class='ocrx_word' id='word_1_957' title='bbox 1948 5276 2137 5367; x_wconf 83' lang='lat' dir='ltr'>imago</span> <span class='ocrx_word' id='word_1_958' title='bbox 2168 5298 2269 5359; x_wconf 87' lang='lat' dir='ltr'>est,</span> <span class='ocrx_word' id='word_1_959' title='bbox 2287 5310 2401 5348; x_wconf 93' lang='lat' dir='ltr'>non</span> <span class='ocrx_word' id='word_1_960' title='bbox 2420 5290 2833 5362; x_wconf 88' lang='lat' dir='ltr'>adimagincm.</span> <span class='ocrx_word' id='word_1_961' title='bbox 2864 5284 3353 5359; x_wconf 88' lang='lat' dir='ltr'>Quinquagesima</span> <span class='ocrx_word' id='word_1_962' title='bbox 3374 5276 3647 5343; x_wconf 88' lang='lat' dir='ltr'>secunda,</span> 
     </span>
    </p>
   </div>
   <div class='ocr_carea' id='block_1_120' title="bbox 1950 5367 3650 5455">
    <p class='ocr_par' dir='ltr' id='par_1_120' title="bbox 1950 5367 3650 5455">
     <span class='ocr_line' id='line_1_120' title="bbox 1950 5367 3650 5455; baseline -0.014 -16"><span class='ocrx_word' id='word_1_963' title='bbox 1950 5386 2019 5439; x_wconf 91' lang='lat' dir='ltr'>de</span> <span class='ocrx_word' id='word_1_964' title='bbox 2049 5402 2115 5439; x_wconf 92' lang='lat' dir='ltr'>eo</span> <span class='ocrx_word' id='word_1_965' title='bbox 2149 5383 2303 5455; x_wconf 92' lang='lat' dir='ltr'>quod</span> <span class='ocrx_word' id='word_1_966' title='bbox 2351 5382 2567 5437; x_wconf 89' lang='lat' dir='ltr'>dictum</span> <span class='ocrx_word' id='word_1_967' title='bbox 2611 5384 2716 5447; x_wconf 89' lang='lat' dir='ltr'>est,</span> <span class='ocrx_word' id='word_1_968' title='bbox 2766 5381 2989 5436; x_wconf 75' lang='lat' dir='ltr'>Pwnilet</span> <span class='ocrx_word' id='word_1_969' title='bbox 3030 5393 3111 5431; x_wconf 90' lang='lat' dir='ltr'>me</span> <span class='ocrx_word' id='word_1_970' title='bbox 3154 5374 3341 5441; x_wconf 83' lang='lat' dir='ltr'>fecisse</span> <span class='ocrx_word' id='word_1_971' title='bbox 3386 5367 3650 5422; x_wconf 84' lang='lat' dir='ltr'>hominem</span> 
     </span>
    </p>
   </div>
   <div class='ocr_carea' id='block_1_121' title="bbox 1951 5456 3647 5541">
    <p class='ocr_par' dir='ltr' id='par_1_121' title="bbox 1951 5456 3647 5541">
     <span class='ocr_line' id='line_1_121' title="bbox 1951 5456 3647 5541; baseline -0.021 0"><span class='ocrx_word' id='word_1_972' title='bbox 1951 5474 2102 5541; x_wconf 67' lang='lat' dir='ltr'>(GM-</span> <span class='ocrx_word' id='word_1_973' title='bbox 2139 5488 2211 5535; x_wconf 67' lang='lat' dir='ltr'>VI,</span> <span class='ocrx_word' id='word_1_974' title='bbox 2256 5473 2309 5538; x_wconf 84' lang='grc'>6,</span> <span class='ocrx_word' id='word_1_975' title='bbox 2339 5471 2413 5541; x_wconf 69' lang='lat'>7).</span> <span class='ocrx_word' id='word_1_976' title='bbox 2453 5468 2940 5541; x_wconf 86' lang='lat' dir='ltr'>Quinquagesima</span> <span class='ocrx_word' id='word_1_977' title='bbox 2970 5463 3155 5530; x_wconf 89' lang='lat' dir='ltr'>tertia,</span> <span class='ocrx_word' id='word_1_978' title='bbox 3188 5461 3256 5515; x_wconf 90' lang='lat' dir='ltr'>de</span> <span class='ocrx_word' id='word_1_979' title='bbox 3295 5472 3433 5512; x_wconf 90' lang='lat' dir='ltr'>auro</span> <span class='ocrx_word' id='word_1_980' title='bbox 3467 5456 3522 5508; x_wconf 88' lang='lat' dir='ltr'>et</span> <span class='ocrx_word' id='word_1_981' title='bbox 3552 5467 3647 5506; x_wconf 86' lang='lat' dir='ltr'>ar-</span> 
     </span>
    </p>
   </div>
  </div>
