4028 6174
148 192 266 256 629

1585 201 1801 260 LIBER
1868 200 2255 262 SECUNDUS.

3572 216 3677 271 630

141 326 274 377 est:
315 324 462 377 Tunc
490 325 543 377 et
567 324 684 392 ipse
704 322 877 377 Filius
899 322 1171 393 subjectus
1200 326 1305 380 erit
1323 325 1374 380 ei
1396 325 1495 395 qui
1517 326 1605 381 illi
1633 326 1863 396 subjecit
1976 341 2183 381 omnem
2212 328 2388 396 ﬁlium
2416 343 2573 398 quem
2609 330 2802 399 recipit
2826 329 3008 400 (Hebr.
3051 347 3149 388 xu.
3182 336 3254 398 6).
3315 335 3679 407 Octogesima

136 414 332 468 omnia
359 412 403 483 (Ι
434 413 552 468 Cor.
581 428 668 475 xv,
701 413 812 483 28).
838 413 1297 483 Septuagesima,
1330 415 1399 469 de
1430 431 1497 470 eo
1532 417 1686 487 quod
1713 418 1861 487 Apo-

138 501 328 555 stolus
365 499 531 554 dicit:
568 500 845 570 Absorpta
863 506 941 555 est
986 517 1128 557 mors
1167 504 1227 556 in
1254 505 1558 559 victoriam.
1613 506 1715 560 Ubi
1739 509 1853 573 est,

142 604 316 655 mors,
341 590 605 643 contentio
626 592 763 643 tua?
778 589 875 644 ubi
892 594 971 645 est
997 606 1159 658 mors,
1183 593 1398 647 aculeus
1428 596 1594 648 tuus?
1625 594 1858 649 Aculeus

134 682 330 731 autem
349 678 536 731 mortis
553 681 853 746 peccatum,
876 681 1053 733 virtus
1076 694 1199 734 vero
1214 683 1424 749 peccati
1449 682 1535 735 lem
1557 681 1737 752 (Ibid.,
1766 685 1854 751 54,

130 766 254 834 55).
302 765 735 836 Septuagesima
773 766 981 837 prima,
1037 767 1106 822 de
1136 784 1202 822 eo
1239 769 1393 839 quod
1421 769 1693 840 scriptum
1733 775 1853 826 est:

125 855 377 909 Invicem
402 870 567 909 onera
593 861 773 911 vestra
813 859 1047 926 portate,
1078 859 1129 910 et
1158 859 1237 911 sic
1277 857 1644 927 adimplebitis
1692 860 1857 928 legem

126 943 353 999 Christi
410 942 613 1014 (Galat.
684 960 760 1011 vI,
817 943 892 1015 2).
948 944 1377 1017 Septuagesima
1444 946 1713 1013 secunda,
1785 948 1854 1002 de

128 1029 514 1101 temporibus
561 1031 808 1086 mternis.
842 1031 1268 1102 Septuagesima
1292 1033 1479 1100 tertia,
1508 1033 1578 1087 de
1609 1050 1673 1088 eo
1705 1034 1857 1105 quod

127 1117 426 1188 scriptum
473 1122 594 1173 est:
643 1122 714 1174 Et
761 1120 953 1174 habitu
992 1122 1239 1176 inventus
1290 1124 1353 1175 ut
1392 1122 1543 1175 homo
1592 1121 1850 1192 (Philipp.

129 1223 194 1272 ιι,
221 1206 304 1274 '7).
336 1207 771 1279 Septuagesima
799 1212 1022 1279 quarta,
1064 1209 1134 1263 de
1163 1225 1231 1263 eo
1262 1208 1418 1281 quod
1455 1209 1733 1281 scriptum
1771 1215 1856 1265 est

123 1292 190 1347 in
226 1294 492 1365 Epistola
518 1295 682 1350 Pauli
711 1296 784 1351 ad
818 1297 1208 1352 Colossenses:
1238 1299 1303 1352 In
1332 1313 1436 1368 quo
1469 1298 1723 1354 habemus
1759 1314 1853 1353 re-

125 1384 506 1453 demptionem
546 1388 597 1439 et
640 1386 1006 1441 remissionem
1040 1391 1401 1456 peccatorum,
1437 1388 1535 1455 qui
1569 1391 1648 1442 est
1676 1389 1853 1455 imago

127 1474 232 1527 Dei
254 1473 558 1527 invisibilis
586 1472 816 1545 (Coloss.
849 1490 888 1542 ι,
924 1476 1011 1541 14,
1047 1472 1157 1545 15).
1176 1474 1607 1545 Septuagesima
1629 1475 1851 1546 quinta,

125 1560 203 1615 de
235 1560 582 1615 haereditate
625 1561 748 1616 Dei.
790 1562 1223 1634 Septuagesima
1262 1567 1437 1627 sexta,
1481 1564 1551 1618 de
1581 1580 1648 1618 eo
1696 1566 1854 1635 quod

126 1650 441 1720 apostolus
481 1650 722 1705 Iacobus
756 1650 925 1705 dicit:
973 1652 1066 1706 Vis
1098 1656 1275 1707 autem
1313 1654 1468 1717 scire,
1498 1668 1526 1706 ο
1557 1653 1708 1708 homo
1737 1655 1855 1708 ina-

126 1741 241 1805 nis,
276 1742 413 1808 quia
439 1739 574 1809 ﬁdes
602 1742 720 1795 sine
764 1740 1015 1809 operibus
1072 1741 1246 1795 otiosa
1273 1744 1352 1795 est
1401 1738 1617 1811 (Jacobi
1642 1757 1701 1808 Il,
1723 1740 1853 1810 20)?

124 1828 576 1898 Septuagesima
622 1828 887 1898 septima,
933 1828 1003 1883 de
1032 1828 1267 1894 timore;
1314 1832 1511 1883 utrum
1556 1832 1853 1899 peccatum

124 1915 227 1970 sit.
260 1915 697 1988 Septuagesima
726 1921 941 1985 octava,
966 1917 1042 1972 de
1070 1917 1492 1988 pulchritudine
1522 1916 1853 1972 simulacro-

123 2018 291 2058 rum.
343 2004 775 2075 Septuagesima
813 2021 986 2073 nona,
1028 2022 1205 2077 quare
1238 2006 1393 2076 magi
1430 2005 1741 2060 Pharaonis
1769 2006 1852 2060 fe-

123 2095 342 2146 cerunt
384 2091 661 2147 miracula
694 2094 961 2164 quaedam
1005 2093 1151 2148 sicut
1196 2095 1411 2165 Moyses
1455 2093 1702 2148 famulus
1753 2093 1854 2148 Dei

121 2179 345 2249 (Exod.
377 2197 476 2250 vn,
506 2183 614 2246 22).
654 2182 1028 2253 Octogesima,
1069 2182 1337 2237 adversus
1378 2182 1843 2253 Apollinaristas.

124 2269 502 2340 Octogesima
530 2270 739 2342 prima,
770 2271 839 2326 de
877 2270 1322 2342 Quadragesima
1348 2274 1404 2327 et
1432 2270 1852 2342 Quinquagesi-

125 2375 253 2414 ma.
296 2359 660 2430 Octogesima
698 2362 963 2426 secunda,
1003 2361 1072 2416 de
1119 2377 1186 2415 eo
1225 2360 1380 2432 quod
1418 2360 1695 2431 scriptum
1726 2363 1848 2415 est:

128 2449 311 2513 Quem
350 2450 494 2502 enim
544 2449 732 2518 diligit
771 2451 1025 2505 Dominus
1067 2452 1322 2520 corripit;
1380 2448 1622 2517 ﬂagellat
1674 2451 1853 2503 autem

1971 415 2159 482 tertia,
2182 415 2251 470 de
2275 416 2564 489 conjugio,
2583 416 2645 472 in
2665 433 2732 473 eo
2749 418 2904 489 quod
2934 420 3212 476 Dominus
3233 421 3314 476 ait
3335 439 3348 477 :
3374 424 3437 478 Si
3455 425 3578 493 quis
3593 425 3675 479 di-

1968 505 2178 559 miserit
2199 520 2424 560 uworem
2448 520 2603 560 suam
2630 511 2855 577 excepta
2882 522 3048 563 causa
3071 511 3452 576 fornicationis
3476 511 3671 582 (Math.

1966 608 2077 660 xxx,
2108 592 2182 664 9).
2216 594 2331 648 Hoc
2353 609 2498 665 opus
2526 594 2606 649 sic
2619 593 2821 666 incipit
2844 612 2856 650 :
2882 599 3073 652 Utrum
3097 600 3286 654 anima
3312 615 3348 655 a
3368 599 3556 671 seipse
3576 599 3668 658 sit.

2580 685 2804 740 CAPUT
2854 687 3058 741 XXVII.

2426 773 2503 826 De
2532 772 2833 840 Mendacio,
2871 774 3007 828 liber
3046 790 3205 831 unus.

2035 859 2179 913 Item
2199 857 2269 913 de
2300 859 2588 915 Mendacio
2620 861 2818 932 scripsi
2847 861 3081 930 librum,
3113 864 3213 935 qui
3237 864 3345 920 etsi
3386 880 3518 921 cum
3557 865 3662 922 ali-

1962 961 2075 1017 quo
2106 946 2297 1001 labore
2328 947 2688 1019 intelligitur,
2711 950 2886 1005 habet
2912 954 3110 1007 tamen
3129 968 3249 1008 non
3276 952 3541 1009 inutilem
3567 952 3662 1007 in-

1959 1034 2119 1105 genii
2141 1039 2199 1090 et
2224 1034 2434 1090 mentis
2460 1037 2944 1103 exercitationem,
2976 1040 3275 1112 magisque
3299 1040 3557 1096 moribus
3582 1040 3657 1095 ad

1960 1123 2340 1194 veriloquium
2358 1124 2714 1195 diligendum
2732 1126 2978 1196 proficit.
3003 1130 3163 1183 Hunc
3183 1145 3411 1200 quoque
3435 1128 3662 1184 auferre

1960 1215 2270 1265 statueram
2300 1211 2368 1266 de
2397 1213 2685 1282 opusculis
2718 1214 2878 1284 meis,
2911 1214 3047 1285 quia
3070 1220 3127 1271 et
3155 1217 3427 1271 obscurus
3458 1221 3515 1272 et
3559 1232 3663 1271 an-

1958 1298 2293 1370 fractuosus,
2324 1303 2381 1354 et
2418 1300 2651 1355 omnino
2685 1302 2958 1357 molestus
2987 1304 3134 1359 mihi
3180 1304 3502 1372 videbatur,
3533 1320 3667 1375 pro-

1958 1392 2087 1459 pter
2111 1388 2266 1459 quod
2294 1403 2428 1442 eum
2454 1404 2559 1443 nec
2576 1389 2888 1445 edideram.
2916 1391 3131 1446 Deinde
3161 1407 3294 1447 cum
3317 1395 3518 1463 postea
3533 1391 3668 1448 scri-

1958 1476 2197 1547 psissem
2216 1477 2483 1536 alterum.
2505 1478 2667 1548 cujus
2686 1477 2907 1542 titulus,
2926 1483 3029 1545 est,
3053 1480 3264 1535 Contra
3284 1480 3666 1547 Mendacium,

1958 1566 2141 1620 multo
2171 1564 2355 1636 magis
2378 1564 2553 1620 istum
2578 1581 2698 1621 non
2722 1583 2850 1621 esse
2879 1568 3243 1623 decreveram
3274 1572 3332 1624 et
3352 1569 3666 1640 jusseram,

1959 1653 2059 1709 sed
2078 1669 2197 1707 non
2239 1657 2325 1707 est
2350 1653 2586 1709 factum.
2619 1655 2817 1726 Itaque
2845 1654 2906 1710 in
2949 1655 3055 1711 ista
3085 1656 3490 1712 retractatione
3520 1672 3667 1728 opu-

1958 1743 2248 1797 sculorum
2275 1757 2537 1798 meorum
2586 1759 2717 1797 cum
2747 1759 2876 1798 eum
2908 1743 3242 1803 incolumen
3297 1744 3664 1815 reperissem,

1959 1830 2133 1885 etiam
2176 1830 2369 1901 ipsum
2414 1833 2787 1887 retractatum
2823 1847 3056 1887 manere
3093 1832 3376 1904 praecepi:
3410 1832 3660 1887 maxime

1958 1920 2093 1991 quia
2111 1921 2173 1974 in
2192 1936 2257 1974 eo
2276 1920 2555 1975 nonnulla
2574 1923 2709 1975 sunt
2725 1920 3096 1988 neccessaria,
3118 1937 3251 1993 quae
3271 1921 3335 1975 in
3355 1921 3454 1975 illo
3479 1922 3660 1976 altero

1957 2024 2076 2063 non
2106 2011 2256 2062 sunt.
2290 2010 2600 2079 Propterea
2621 2024 2757 2063 vero
2785 2009 2938 2064 illius
2967 2009 3265 2080 inscriptio
3307 2013 3414 2073 est,
3448 2009 3663 2065 Contra

1959 2095 2345 2163 Mendacium;
2390 2095 2555 2151 istius
2601 2101 2813 2164 autem,
2863 2099 2943 2152 De
3009 2097 3331 2153 Mendacio:
3388 2096 3665 2167 quoniam

1957 2199 2061 2255 per
2078 2184 2245 2238 illum
2265 2188 2448 2239 totum
2471 2186 2827 2257 oppugnatio
2846 2189 2930 2240 est
2952 2182 3148 2257 aperta
3166 2185 3482 2256 mendacii;
3503 2184 3667 2240 istius

1958 2278 2158 2327 autem
2189 2288 2401 2344 magna
2444 2289 2578 2343 pars
2607 2273 2669 2328 in
2695 2273 3088 2346 inquisitionis
3126 2272 3515 2344 disputatione
3546 2288 3667 2327 ver-

1961 2364 2138 2414 satur.
2183 2359 2271 2415 Ad
2316 2360 2582 2415 eumdem
2629 2362 2825 2415 tamen
2870 2359 3049 2414 ﬁnem
3088 2360 3331 2429 uterque
3375 2355 3662 2427 dirigitur.

1956 2447 2060 2503 Hic
2090 2447 2237 2503 liber
2288 2447 2369 2503 sic
2388 2448 2590 2519 incipit
2621 2450 2845 2517 :Magna
2872 2448 3098 2519 quaestio
3126 2451 3203 2503 est
3249 2446 3317 2501 de
3360 2444 3665 2501 Mendacio

1150 2696 1665 2818 LIBER
1744 2692 2658 2818 SECUNDUS.

978 2905 1039 2949 IN
1086 2904 1204 2959 QUO
1250 2901 1725 2950 RETRACTANTUB
1772 2899 1933 2945 LIBRI
1980 2900 2132 2955 QUOS
2178 2899 2443 2945 SCRIPSIT
2491 2898 2828 2946 EPISCOPUS.

711 3138 931 3193 CAPUT
971 3136 1275 3193 PRIMUM.

562 3228 655 3284 Ad
680 3229 1118 3297 Simplicianum,
1146 3227 1275 3281 libri
1302 3225 1427 3280 duo.

212 3323 263 3373 1.
313 3319 614 3373 Librorum
649 3333 793 3388 quos
832 3316 1132 3386 episcopus
1170 3311 1474 3380 elaboravi,
1513 3311 1689 3384 primi
1734 3311 1846 3367 duo

132 3412 278 3463 sunt
305 3407 376 3461 ad
402 3405 838 3477 Simplicianum
872 3403 1131 3459 Ecclesia;
1158 3401 1593 3458 Mediolanensis
1624 3400 1848 3455 antisti-

130 3502 281 3564 tem,
314 3496 416 3566 qui
438 3494 767 3549 beatissimo
808 3492 1074 3548 successit
1119 3491 1441 3554 Ambrosio,
1494 3491 1563 3545 de
1613 3487 1848 3544 diversis

134 3584 576 3658 questionibus,
606 3599 851 3654 quarum
875 3582 1016 3637 duas
1046 3598 1113 3635 ex
1140 3579 1391 3651 Epistola
1418 3578 1577 3633 Pauli
1607 3576 1848 3647 apostoli

132 3674 208 3730 ad
236 3676 550 3737 Romanos,
583 3672 644 3726 in
670 3671 924 3742 primum
955 3669 1168 3725 librum
1191 3668 1429 3724 contuli.
1455 3670 1668 3722 Harum
1689 3666 1846 3736 prior

136 3768 226 3819 est
255 3764 328 3817 de
358 3778 426 3816 eo
456 3761 608 3833 quod
651 3759 926 3830 scriptum
956 3762 1057 3824 est,
1099 3758 1242 3824 Quid
1277 3774 1402 3827 ergo
1432 3757 1708 3811 dicemus?
1734 3757 1847 3809 Leu:

128 3855 419 3922 peccatum
448 3852 565 3904 est?
592 3848 779 3912 Absit;
810 3862 991 3918 usque
1028 3846 1100 3900 ad
1140 3845 1282 3899 illud
1307 3844 1407 3900 ubi
1436 3844 1517 3898 ait
1545 3860 1558 3897 :
1601 3844 1740 3908 Quis
1769 3858 1849 3896 me

136 3939 399 3994 liberabit
428 3938 495 3992 de
514 3952 730 4006 corpore
744 3936 932 3990 mortis
958 3934 1162 4004 hujus?
1191 3935 1387 3990 Gratia
1414 3934 1511 3988 Dei
1535 3948 1634 4002 per
1659 3934 1849 3987 Jesum

135 4029 419 4086 Christum
460 4028 743 4082 Dominum
780 4028 1022 4080 nostrum
1070 4023 1237 4093 (Rom.
1278 4039 1373 4089 vn,
1404 4021 1588 4092 7—25).
1623 4022 1688 4074 In
1736 4035 1850 4090 qua

137 4117 236 4172 illa
259 4115 521 4187 Apostoli
548 4115 736 4180 verba,
769 4116 883 4168 Lea:
910 4112 1219 4182 spiritualis
1248 4115 1353 4176 est;
1390 4126 1482 4178 ego
1513 4112 1693 4164 autem
1722 4123 1847 4162 car-

138 4207 285 4260 nalis
312 4219 459 4272 sum,
492 4206 580 4257 etc
612 4243 626 4269 ,
650 4201 858 4273 quibus
882 4216 1011 4255 caro
1030 4204 1231 4255 contra
1250 4198 1515 4270 spiritum
1536 4196 1848 4265 conﬂigere

140 4293 488 4357 ostenditur,
520 4307 587 4345 eo
617 4289 787 4345 modo
818 4288 1077 4359 exposui,
1118 4292 1393 4359 tanquam
1427 4286 1601 4340 homo
1632 4282 1847 4338 descri-

138 4379 311 4433 batur
338 4378 525 4434 adhuc
545 4379 649 4434 sub
670 4379 832 4450 Lege,
858 4377 1116 4432 nondum
1143 4377 1249 4431 sub
1279 4374 1464 4448 gratia
1484 4373 1847 4429 constitutus.

144 4468 338 4539 Longe
368 4467 524 4522 enim
563 4470 758 4538 postea
791 4466 963 4521 etiam
993 4464 1304 4536 spiritualis
1336 4462 1586 4518 hominis
1627 4461 1705 4533 (et
1742 4461 1852 4515 hoc

141 4555 525 4627 probabilius)
554 4572 674 4610 esse
705 4571 866 4626 posse
887 4555 986 4609 illa
1002 4554 1171 4607 verba
1193 4551 1453 4624 cognovi.
1482 4549 1765 4605 Posterior
1791 4549 1851 4604 in

140 4645 246 4700 hoc
274 4645 429 4699 libro
461 4644 701 4713 qumstio
726 4648 827 4706 est,
849 4643 917 4697 ab
939 4658 1005 4697 eo
1023 4643 1144 4695 loco
1167 4641 1264 4695 ubi
1284 4640 1385 4707 ait,
1411 4641 1525 4694 Non
1549 4640 1720 4693 solum
1750 4654 1848 4691 au-

140 4736 265 4797 tem,
287 4730 391 4788 sed
413 4735 465 4784 et
488 4731 719 4785 Rebecca
745 4746 813 4784 ea:
834 4744 940 4783 uno
969 4727 1252 4782 concubitu
1273 4727 1471 4780 habens
1501 4727 1655 4779 Isaac
1669 4726 1850 4793 patris

139 4823 335 4885 nostri;
364 4835 545 4889 usque
566 4819 633 4873 ad
654 4818 797 4872 illud
820 4817 919 4871 ubi
936 4816 1043 4871 ait:
1067 4817 1194 4873 Nisi
1208 4816 1463 4871 Dominus
1478 4813 1705 4868 sabaoth
1723 4813 1851 4866 reli-

142 4912 345 4979 quisset
367 4908 521 4963 nobis
547 4923 740 4974 semen,
772 4910 910 4962 sicut
937 4905 1167 4961 Sodoma
1194 4906 1335 4972 facti
1357 4916 1608 4967 essemus,
1639 4905 1687 4955 et
1714 4902 1853 4955 sicut

142 4997 447 5053 Gomorrha
466 4997 665 5051 similes
680 4998 971 5064 fuissemus
993 4993 1094 5064 (1d.
1118 5008 1190 5060 1x,
1216 4992 1416 5059 10-29).
1437 4990 1504 5043 In
1521 4990 1681 5059 cujus
1702 5003 1854 5058 quoe-

143 5087 347 5141 stionis
368 5085 651 5139 solutione
672 5085 993 5138 laboratum
1014 5085 1097 5136 est
1119 5080 1355 5152 quidem
1376 5094 1478 5150 pro
1504 5077 1686 5131 libero
1708 5074 1854 5129 arbi-

140 5177 250 5230 trio
278 5174 595 5230 voluntatis
622 5174 921 5237 humanae;
955 5171 1048 5225 sed
1081 5170 1212 5224 vicit
1241 5168 1340 5223 Dei
1360 5165 1577 5239 gratia:
1611 5180 1716 5219 nec
1742 5162 1852 5217 nisi

142 5265 209 5319 ad
234 5264 379 5319 illud
389 5262 581 5334 potuit
593 5259 902 5333 perveniri,
919 5264 980 5314 ut
998 5258 1383 5330 liquidissima
1399 5254 1631 5310 veritate
1646 5252 1852 5308 dixisse

141 5352 500 5423 intelligatur
543 5350 870 5421 Apostolus,
915 5349 1046 5415 Quis
1095 5349 1235 5402 enim
1285 5350 1333 5400 te
1377 5345 1677 5400 discernit?
1720 5341 1854 5411 quid

144 5447 323 5497 autem
366 5441 532 5496 habes
577 5439 721 5509 quod
763 5454 870 5494 non
909 5438 1204 5508 accepisti?
1247 5436 1308 5509 Si
1357 5438 1536 5488 autem
1575 5431 1849 5501 accepisti,

1956 3135 2093 3205 quid
2121 3135 2381 3203 gloriaris
2410 3136 2572 3205 quasi
2598 3148 2707 3189 non
2743 3134 3010 3204 acceperis
3042 3131 3087 3204 (Ι
3108 3131 3230 3190 Cor.
3259 3146 3333 3199 1v,
3362 3129 3466 3203 7)?
3495 3130 3661 3197 Quod

1955 3223 2150 3277 volens
2182 3222 2353 3277 etiam
2371 3226 2589 3293 martyr
2614 3220 2930 3293 Cyprianus
2964 3220 3288 3288 ostendere,
3318 3219 3427 3274 hoc
3470 3221 3659 3274 totum

1955 3310 2080 3383 ipso
2135 3310 2302 3365 titulo
2363 3309 2640 3377 deﬁnivit,
2689 3309 2912 3365 dicens:
2961 3311 3028 3364 In
3077 3309 3228 3363 nullo
3282 3306 3656 3376 gloriandum,

1957 3399 2175 3469 quando
2203 3403 2448 3454 nostrum
2475 3399 2616 3453 nihil
2641 3402 2719 3453 est
2749 3398 2970 3469 (Cypr.,
3003 3396 3101 3451 lib.
3133 3397 3185 3462 3,
3216 3397 3412 3450 testim.
3436 3394 3514 3463 4).

2026 3490 2077 3541 2.
2111 3489 2176 3542 In
2205 3487 2450 3543 secundo
2479 3487 2626 3541 libro
2656 3490 2973 3541 tractantur
3008 3487 3230 3539 cazterae
3278 3482 3653 3554 quaestiones,

1956 3579 2012 3629 et
2065 3591 2169 3646 pro
2207 3579 2399 3630 nostra
2450 3574 2975 3646 quantulacumque
3022 3571 3287 3626 facultate
3331 3571 3655 3638 solvuntur,

1956 3679 2085 3735 quas
2115 3668 2249 3718 sunt
2278 3679 2476 3717 omnes
2504 3663 2573 3717 de
2614 3662 2892 3733 scriptura
2916 3677 3046 3732 quae
3091 3661 3426 3730 Regnorum
3454 3658 3654 3729 appel-

1954 3752 2128 3808 latur.
2162 3753 2370 3806 Harum
2407 3749 2596 3821 prima
2624 3752 2709 3804 est
2732 3749 2802 3804 de
2850 3763 2916 3802 eo
2947 3746 3100 3816 quod
3139 3744 3418 3816 scriptum
3443 3748 3553 3815 est,
3582 3748 3657 3801 Et

1954 3839 2155 3892 insiliit
2197 3841 2426 3908 spiritus
2476 3838 2691 3893 Domini
2743 3838 2802 3890 in
2851 3836 2985 3892 Saul
3029 3834 3072 3906 (I
3100 3837 3231 3901 Reg.
3264 3850 3321 3901 x,
3357 3832 3474 3904 10);
3521 3849 3654 3889 cum

1956 3926 2093 3981 alibi
2119 3927 2358 3993 dicatur,
2389 3929 2459 3982 Et
2487 3927 2716 3996 spiritus
2740 3926 2958 3979 Domini
2987 3923 3162 3978 malus
3209 3924 3271 3976 in
3319 3922 3453 3978 Saul
3486 3921 3658 3994 (Ibid.

1954 4032 2067 4083 xw,
2098 4015 2202 4086 li).
2240 4016 2420 4080 Quam
2449 4031 2580 4069 cum
2610 4028 2976 4084 exponerem,
3010 4010 3162 4067 dixi:
3201 4010 3457 4077 Quamvis
3494 4012 3569 4065 sit
3597 4011 3658 4065 in

1955 4105 2215 4174 cujusque
2237 4108 2498 4174 potestate
2527 4102 2665 4174 quid
2710 4103 2859 4167 velit,
2893 4116 3000 4155 non
3045 4104 3123 4155 est
3154 4104 3333 4153 tamen
3364 4101 3423 4152 in
3469 4098 3653 4167 cujus-

1957 4207 2122 4262 quam
2144 4195 2408 4261 potestate
2426 4190 2563 4260 quid
2572 4191 2747 4260 possit
2779 4188 2916 4256 (Lib.
2940 4191 2997 4256 2,
3021 4191 3210 4256 quast.
3242 4187 3316 4254 1).
3342 4183 3506 4248 Quod
3529 4183 3658 4238 ideo

1960 4280 2171 4335 dictum
2201 4282 2302 4345 est,
2329 4278 2464 4349 quia
2479 4294 2598 4332 non
2620 4276 2864 4332 dicimus
2893 4291 3016 4330 esse
3039 4274 3101 4328 in
3134 4275 3416 4344 potestate
3443 4274 3658 4338 nostra,

1958 4368 2070 4423 nisi
2098 4367 2271 4439 quod,
2306 4383 2436 4421 cum
2465 4366 2749 4433 volumus,
2778 4364 2871 4442 ﬁt;
2905 4362 3004 4417 ubi
3034 4361 3193 4432 prius
3222 4363 3280 4414 et
3313 4355 3558 4412 maxime
3579 4359 3666 4410 est

1958 4456 2150 4526 ipsum
2191 4455 2362 4511 velle.
2412 4452 2544 4509 Sine
2607 4453 2723 4508 ullo
2771 4451 2984 4524 quippe
3033 4446 3333 4504 intervallo
3379 4442 3660 4515 temporis

1958 4545 2168 4613 praesto
2217 4544 2303 4594 est
2355 4540 2615 4593 voluntas
2657 4536 2802 4609 ipsa,
2862 4551 2993 4591 cum
3039 4533 3341 4597 volumus;
3378 4528 3476 4583 sed
3517 4528 3667 4583 hanc

1961 4645 2191 4701 quoque
2240 4628 2309 4683 ad
2336 4627 2480 4683 bene
2526 4625 2834 4682 vivendum
2882 4622 3128 4691 desuper
3166 4616 3478 4689 accipimus
3506 4619 3665 4688 pote-

1961 4723 2185 4785 statem,
2212 4733 2342 4772 cum
2370 4719 2726 4788 praeparatur
2757 4711 3020 4766 voluntas
3051 4724 3083 4762 a
3110 4706 3373 4763 Domino.
3401 4704 3665 4760 Secunda

1962 4808 2204 4879 quaestio
2253 4811 2358 4874 est,
2390 4802 2675 4876 quomodo
2720 4800 2936 4855 dictum
2986 4795 3079 4863 sit,
3127 4797 3351 4851 Pcenitct
3397 4810 3478 4849 me
3524 4791 3671 4863 quod

1961 4898 2325 4954 constituerim
2345 4909 2523 4962 regem
2550 4892 2683 4948 Saul
2712 4890 2760 4961 (Ι
2790 4891 2919 4955 Reg.
2950 4902 3045 4954 xv,
3082 4886 3196 4956 11).
3247 4883 3436 4939 Tertia
3470 4887 3668 4938 utrum

1963 4986 2199 5056 spiritus
2244 4981 2574 5038 immundus
2605 4977 2706 5049 qui
2749 4979 2872 5031 erat
2914 4974 2976 5029 in
3012 4973 3366 5046 pythonissa,
3414 4969 3672 5043 potuerit

1964 5091 2131 5146 agere
2159 5077 2225 5127 ut
2244 5071 2472 5126 Samuel
2496 5086 2531 5122 a
2561 5066 2726 5122 Saule
2754 5065 3061 5132 videretur,
3086 5067 3142 5117 et
3166 5063 3495 5146 loqueretur
3538 5073 3671 5112 cum

1964 5144 2030 5218 eo
2063 5162 2220 5229 (Ibid.
2250 5175 2439 5225 xxvm,
2470 5158 2646 5225 7-20).
2681 5155 2910 5220 Quarta,
2960 5152 3031 5207 de
3079 5167 3147 5206 eo
3191 5148 3345 5221 quod
3393 5144 3669 5216 scriptum

1965 5255 2076 5305 est:
2111 5248 2348 5304 Intravit
2376 5261 2474 5299 rea:
2503 5243 2757 5309 David,et
2794 5240 2935 5297 sedit
2963 5243 3088 5295 ante
3120 5238 3405 5293 Dominum
3430 5233 3498 5300 (ΙΙ
3537 5235 3667 5298 Reg.

1967 5356 2064 5408 vn,
2110 5337 2216 5408 l8).
2270 5333 2502 5402 Quinta,
2550 5331 2620 5387 de
2650 5347 2716 5385 eo
2746 5329 2898 5402 quod
2949 5326 3091 5383 dixit
3129 5323 3315 5379 Elias:
3348 5323 3390 5378 Ο
3428 5321 3670 5385 Domine,

1970 5429 2120 5484 testis
2151 5424 2311 5496 hujus
2350 5422 2530 5478 vidua
2574 5437 2693 5477 cum
2721 5435 2830 5491 qua
2865 5434 2960 5489 ego
2989 5413 3232 5472 inhabile
3271 5408 3422 5480 apud
3456 5409 3667 5479 ipsam:
