4028 6174
383 232 478 285 831
1521 225 2176 284 RETRACTATIONUM
2230 226 2283 282 S.
2344 221 2754 281 AUGUSTINI.
3795 228 3880 283 632

383 356 442 408 tu
467 352 608 407 male
632 351 815 419 fecisti
855 350 1092 406 occidere
1132 350 1308 422 ﬁlium
1343 353 1458 421 ejus
1490 350 1582 420 (ΙΙΙ
1619 353 1748 418 Reg.
1789 365 1922 417 xvu,
1959 349 2072 420 20).

382 443 498 496 Hoc
525 456 669 512 Opus
693 439 773 495 sic
797 439 1032 511 incipit:
1068 441 1452 497 Gratissimum
1467 441 1650 510 plane.

1069 530 1292 585 CAPUT
1337 530 1406 584 II.

384 619 594 674 Contra
623 619 924 690 Epistolam
945 633 1108 687 quam
1140 622 1330 673 vocant
1359 617 1736 682 Fundamcnti,
1763 615 1897 672 liber
1918 631 2077 670 unus.

457 707 624 762 Liber
669 713 864 762 contra
914 707 1218 778 Epistolam
1288 705 1604 772 Manichaai,
1656 721 1829 777 quam
1880 709 2081 759 vocant

387 795 763 850 Fundamenti
804 796 1085 866 principia
1132 797 1255 866 ejus
1313 796 1431 850 sola
1473 795 1798 866 redarguit;
1872 795 1971 849 sed
2019 793 2079 848 in

381 885 597 938 caeteris
639 885 792 940 illius
829 886 1130 956 partibus‘
1165 885 1559 940 annotationes
1608 884 1705 939 ubi
1755 884 2074 951 videbatur,

380 972 561 1026 afﬁne
587 977 736 1042 sunt,
769 974 976 1045 quibus
1006 978 1123 1028 tota
1172 975 1543 1044 subvertitur,
1577 978 1632 1029 et
1680 973 1888 1046 quibus
1933 989 2080 1027 com-

378 1075 667 1130 monerer,
690 1061 737 1115 si
766 1063 996 1134 quando
1025 1067 1220 1117 contra
1248 1068 1427 1117 totam
1459 1062 1705 1119 scribere
1735 1062 2070 1119 vacavisset.

382 1146 480 1202 Hic
505 1147 652 1204 liber
671 1149 751 1205 sic
777 1150 1012 1222 incipit:
1050 1154 1223 1207 Unam
1250 1167 1436 1206 verum
1471 1155 1659 1206 Deum.

1051 1240 1276 1294 CAPUT
1315 1240 1408 1294 III.

734 1329 806 1382 De
834 1327 1020 1394 Agone
1049 1329 1378 1394 Christiano,
1403 1328 1537 1381 liber
1558 1342 1719 1383 unus.

452 1414 618 1470 Liber
635 1415 703 1469 de
724 1416 922 1486 Agone
942 1415 1257 1470 Christiano
1275 1416 1543 1470 fratribus
1563 1415 1624 1470 in
1645 1414 1874 1487 eloquio
1897 1414 2078 1470 latino

380 1503 682 1558 ineruditis
692 1503 1170 1558 humilisermone
1183 1504 1536 1575 conscriptus
1549 1508 1650 1570 est,
1669 1504 1802 1558 ﬁdei
1817 1505 2079 1574 regulam

380 1591 700 1660 continens,
743 1596 799 1645 ct
851 1597 1133 1663 praecepta
1167 1593 1412 1647 vivendi.
1459 1594 1524 1647 In
1570 1609 1683 1664 quo
1726 1593 1873 1647 illud
1918 1592 2071 1664 posi-

382 1683 507 1734 tum
534 1684 637 1745 est,
656 1681 760 1735 Nec
777 1695 861 1734 eos
881 1677 1195 1749 audiamus,
1217 1684 1314 1750 qui
1335 1684 1517 1736 carnis
1539 1685 1976 1736 resurrectionem
1993 1684 2082 1749 fu-

384 1772 564 1821 turam
579 1773 796 1834 negant,
818 1773 869 1821 et
883 1774 1291 1823 commemorant
1305 1770 1448 1838 quod
1465 1773 1545 1825 ait
1565 1772 1838 1840 apostolus
1853 1772 2078 1837 Paulus,

385 1874 412 1906 «
435 1871 559 1910 caro
579 1860 629 1909 et
647 1859 870 1924 sanguis
886 1873 1109 1925 regnum
1123 1860 1220 1911 Dei
1229 1874 1334 1912 non
1351 1859 1728 1928 possidebunt;
1751 1878 1777 1911 n
1802 1876 1906 1914 non
1925 1863 2078 1914 intel-

381 1945 600 2010 ligentes
632 1945 776 2012 quod
802 1947 918 2013 ipse
931 1945 1069 2000 dicit
1098 1947 1410 2016 Apostolus.
1436 1966 1462 1997 ‹‹
1487 1948 1707 2017 Oportet
1723 1949 2072 2018 corruptibile

382 2034 476 2086 hoc
504 2033 728 2086 induere
752 2036 1228 2104 incorruptionem,
1272 2040 1322 2090 et
1360 2039 1584 2091 mortale
1604 2038 1698 2092 hoc
1727 2038 1949 2092 induere
1979 2039 2081 2091 im-

381 2122 766 2176 mortalitatem
789 2143 810 2171 ι
839 2122 884 2190 (Ι
907 2123 1035 2178 Cor.
1059 2139 1148 2185 xv,
1176 2126 1263 2191 50,
1288 2125 1406 2195 53);
1439 2141 1555 2179 cum
1584 2127 1725 2179 enim
1751 2127 1844 2180 hoc
1871 2127 2081 2192 factum

378 2211 568 2274 fuerit,
593 2213 715 2278 jam
744 2225 851 2264 non
887 2213 991 2265 erit
1031 2228 1154 2267 caro
1183 2217 1234 2266 et
1261 2216 1507 2283 sanguis,
1543 2214 1637 2268 sed
1655 2215 1856 2269 cmleste
1885 2229 2078 2283 corpus

382 2298 541 2367 (Cap.
583 2300 671 2368 32,
717 2315 773 2354 η.
808 2301 923 2364 34);
958 2315 1075 2354 nou
1096 2299 1176 2355 sic
1205 2301 1601 2372 accipiendum
1631 2307 1734 2368 est,
1768 2302 1930 2373 quasi
1955 2319 2078 2356 car-

381 2385 468 2440 nis
497 2402 614 2440 non
641 2386 715 2441 sit
742 2386 934 2442 futura
974 2388 1309 2453 substantia,
1351 2390 1445 2456 sed
1481 2390 1664 2444 carnis
1693 2394 1751 2445 et
1779 2390 2080 2461 sanguinis

381 2474 616 2529 nomine
661 2475 847 2546 ipsam
875 2477 1300 2547 corruptionem
1342 2478 1526 2532 carnis
1569 2485 1625 2532 et
1656 2477 1953 2548 sanguinis
1983 2478 2073 2533 in-

379 2561 721 2634 telligendus
751 2568 834 2618 est
859 2565 1166 2634 Apostolus
1205 2581 1592 2636 nuncupasse;
1635 2583 1764 2637 quas
1797 2566 1992 2638 utique
2015 2566 2077 2620 in

379 2667 557 2721 regno
576 2651 674 2706 illo
696 2668 809 2706 non
833 2653 957 2719 erit,
982 2653 1082 2708 ubi
1101 2669 1230 2708 caro
1248 2654 1700 2725 incorruptibilis
1722 2654 1848 2709 erit.
1873 2654 2078 2719 Quam-

381 2739 462 2793 vis
484 2744 539 2794 et
588 2741 756 2795 aliter
785 2741 965 2812 possit
991 2741 1260 2814 intelligi,
1289 2747 1354 2797 ut
1382 2759 1611 2798 carnem
1635 2749 1691 2798 et
1739 2743 2078 2814 sanguinem

381 2843 555 2898 opera
585 2828 771 2883 carnis
809 2835 865 2884 et
890 2831 1182 2898 sanguinis
1212 2830 1419 2886 dixisse
1449 2831 1793 2903 accipiamus
1836 2834 2077 2902 Aposto-

381 2917 520 2981 lum,
541 2920 596 2970 et
607 2933 700 2971 eos
713 2933 955 2989 regnum
972 2919 1068 2973 Dei
1081 2936 1194 2974 non
1208 2936 1588 2992 possessuros,
1613 2920 1713 2993 qui
1726 2936 2080 2992 perseveran-

380 3008 467 3058 ter
482 3004 590 3059 ista
608 3005 930 3062 dilexerint.
958 3007 1056 3062 Hic
1076 3008 1220 3062 liber
1239 3009 1318 3062 sic
1340 3009 1569 3080 incipit:
1592 3011 1798 3067 Corona
1819 3012 2074 3065 victoriae.

1056 3097 1281 3151 CAPUT
1313 3100 1398 3152 IV.

544 3193 547 3195 '
643 3182 713 3234 Dc
745 3184 1004 3238 Doctrina
1034 3186 1370 3246 Christiana,
1394 3187 1524 3240 libri
1551 3184 1806 3256 quatuor.

456 3271 505 3320 l.
538 3266 729 3321 Libros
755 3269 823 3323 de
859 3271 1123 3326 Doctrina
1169 3272 1507 3340 Christiana,
1551 3291 1679 3328 cum
1711 3274 2074 3345 imperfectos

379 3356 804 3426 comperissem,
829 3359 1103 3428 perﬁcere
1139 3362 1315 3415 malui
1345 3378 1517 3432 quam
1545 3363 1625 3416 eis
1655 3363 1734 3417 sic
1759 3363 1967 3418 relictis
2007 3365 2074 3419 ad

379 3443 489 3498 alia
519 3448 876 3502 retractanda
904 3449 1173 3506 transire.
1206 3450 1498 3520 Complevi
1539 3467 1675 3522 ergo
1707 3451 1942 3506 tertium
1973 3451 2074 3523 qui

377 3532 618 3603 scriptus
676 3535 862 3591 fuerat
928 3553 1109 3609 usque
1158 3538 1228 3592 ad
1293 3555 1426 3593 eum
1496 3540 1687 3594 locum
1758 3539 1920 3610 (Cap.
1979 3543 2116 3608 25,‘

377 3637 429 3675 η.
461 3621 573 3691 36),
607 3623 704 3678 ubi
733 3631 1247 3682 commemoratum
1274 3631 1357 3682 est
1386 3644 1450 3682 ex
1485 3628 1790 3699 Evangelia
1823 3629 2076 3684 testimo-

377 3709 539 3765 nium
602 3712 670 3766 de
728 3715 986 3777 muliere,
1049 3731 1179 3786 quae
1252 3716 1550 3771 abscondit
1605 3717 1952 3772 fermentum
2014 3717 2073 3770 in

375 3798 557 3852 tribus
603 3803 885 3856 mensuris
940 3803 1138 3858 farinae
1187 3805 1368 3859 donec
1407 3806 1848 3861 fermentaretur
1890 3810 2073 3861 totum

381 3887 525 3951 (Luc,
558 3902 679 3952 xm,
731 3890 842 3958 2t).
871 3891 1075 3945 Addidi
1105 3892 1281 3947 etiam
1324 3893 1700 3948 novissimum
1729 3895 1960 3957 librum,
2013 3899 2069 3950 et

379 3976 627 4042 quatuor
656 3974 818 4030 libris
848 3993 992 4046 opus
1021 3978 1164 4034 illud
1185 3979 1448 4048 implevi:
1482 3997 1728 4052 quorum
1758 3983 1926 4053 primi
1959 3988 2074 4038 tres

376 4061 646 4131 adjuvant
689 4068 753 4117 ut
781 4064 1088 4134 Scripturas
1129 4066 1546 4139 intelligantur,
1598 4075 1836 4139 quartus
1879 4075 2072 4127 autem

377 4149 665 4218 quomodo
699 4167 829 4222 qua:
854 4153 1228 4226 intelligimus
1257 4155 1598 4226 proferenda
1627 4157 1766 4213 sint.

443 4238 493 4290 2.
525 4239 590 4294 In
635 4241 882 4296 secundo
927 4258 1062 4297 sane
1105 4243 1252 4298 libro
1300 4245 1370 4299 de
1414 4249 1644 4302 auctore
1685 4246 1836 4314 libri,
1895 4264 2066 4320 quem

375 4325 565 4395 plures
619 4332 823 4384 vocant
879 4330 1228 4402 Sapientiam
1289 4332 1631 4400 Salomonis,
1680 4337 1833 4407 quod
1895 4337 2072 4392 etiam

373 4414 562 4485 ipsum
587 4415 729 4472 sicut
761 4419 1214 4474 Ecclesiasticum
1258 4423 1420 4477 Jesus
1456 4423 1652 4479 Sirach
1680 4423 1704 4456 ³
1751 4425 2069 4497 scripserit,

375 4517 492 4556 non
545 4504 624 4558 ita
677 4510 936 4562 constare
985 4508 1130 4563 sicut
1181 4525 1214 4563 a
1273 4525 1365 4564 me
1408 4511 1624 4566 dictum
1686 4517 1772 4568 est
1815 4516 1964 4584 (Cap.
2015 4517 2068 4581 8,

371 4611 428 4648 n.
473 4598 583 4665 t3),
616 4604 814 4667 postea
843 4600 1037 4670 didici,
1069 4607 1126 4656 et
1173 4601 1408 4657 ominno
1441 4604 1794 4673 probabilius
1815 4607 2068 4676 comperi

372 4699 490 4736 non
519 4699 637 4738 esse
667 4687 821 4741 hunc
847 4690 968 4760 ejus
1015 4689 1146 4744 libri
1176 4695 1494 4745 auctorem.
1544 4692 1648 4747 Ubi
1697 4698 1888 4748 autem
1927 4695 2068 4764 dixi,

375 4773 471 4825 His
501 4774 874 4843 quadraginta
895 4784 1128 4846 quatuor
1156 4781 1311 4835 libris
1349 4783 1671 4836 Testamenti
1721 4784 1927 4838 Veteris
1959 4790 2069 4840 ter-

371 4857 615 4914 minatur
651 4867 980 4934 auctoritas;
1007 4883 1074 4922 ex
1102 4869 1510 4924 consuetudine
1540 4886 1653 4941 qua
1669 4870 1788 4940 jam
1810 4871 2069 4943 loquitur

374 4948 636 5018 Ecclesia,
658 4951 828 5005 Vetus
843 4954 1293 5025 Testamentum,
1309 4957 1593 5029 appellavi
1613 4975 1626 5014 :
1645 4961 1948 5030 Apostolus
1973 4978 2071 5015 au-

432 5147 457 5221 17
473 5145 531 5192 In
549 5147 744 5221 septem
764 5144 886 5221 Mss.
907 5147 979 5194 sic
997 5147 1100 5221 fere
1119 5149 1338 5221 legitur;
1363 5151 1463 5202 Sed
1482 5157 1541 5204 in
1557 5153 1768 5221 ultimis
1784 5155 1938 5221 illius
1951 5169 2069 5218 par-

369 5207 508 5278 tibus
521 5207 1002 5278 an[ra.ctusomnes_,
1017 5211 1110 5278 ubi
1130 5207 1427 5278 uidebatur,
1443 5216 1650 5278 explosi
1661 5221 1790 5267 sunt
1807 5233 1818 5265 :
1839 5219 1930 5265 sed
1943 5207 1992 5268 et
2012 5221 2066 5267 in

367 5269 729 5334 ctfelerisAtin
759 5271 1261 5334 I’arcensilegebnnt
1282 5269 1656 5327 Lovanienses:
1680 5279 1784 5330 Sed
1794 5283 1844 5329 in
1859 5279 2067 5331 ultimis

364 5331 478 5407 eius
505 5333 742 5407 partibus
755 5345 887 5407 .eum
906 5331 1187 5395 anfractus
1211 5349 1406 5397 omnes,
1431 5340 1517 5390 ubi
1556 5340 1844 5401 videbatur,
1861 5342 2065 5407 explost

365 5395 492 5452 sint.
506 5395 902 5448 ’annotationes.

430 5456 451 5490 ²
473 5456 587 5507 Am.
621 5458 748 5523 Lug.
779 5460 926 5517 Ven.,
947 5461 1099 5510 Iesus
1121 5458 1268 5522 ﬁlius
1311 5462 1517 5512 Sirach.
1543 5465 1608 5512 Μ.

2188 352 2302 404 tem
2315 365 2433 404 non
2442 349 2666 405 videtur
2677 349 2964 421 appellare
2975 350 3146 404 Vetus
3155 351 3610 414 Testamentum,
3626 351 3737 406 nisi
3745 357 3881 425 quod

2190 439 2388 494 datum
2415 443 2501 494 est
2521 439 2581 492 in
2617 444 2810 493 monte
2832 439 2967 493 Sina
2991 439 3200 508 (Galat.
3226 456 3301 508 iv,
3334 441 3447 508 24).
3489 441 3556 495 Et
3576 440 3638 494 in
3661 457 3730 495 eo
3750 445 3884 514 quod

2188 528 2324 595 dixi,
2349 531 2420 583 De
2439 531 2735 598 temporum
2757 529 2987 582 historia
3011 534 3259 583 sanctum
3276 530 3622 584 Ambrosium
3646 532 3666 567 ί
3689 533 3888 588 soluisse

2188 619 2532 686 quastionem
2555 618 2715 688 (Cap.
2739 619 2828 683 28,
2860 633 2916 671 η.
2944 619 3058 685 43),
3083 621 3361 688 tanquam
3385 619 3666 672 coaetanei
3691 619 3889 676 fuerint

2187 707 2344 761 Plato
2375 709 2430 760 et
2457 706 2762 772 Jeremias;
2793 721 2884 761 me
2915 705 3118 760 fefellit
3145 706 3444 761 memoria.
3466 707 3608 762 Nam
3632 707 3780 778 quid
3808 708 3889 764 ille

2190 795 2258 850 de
2303 795 2409 850 hac
2450 811 2511 849 re
2569 794 2870 866 episcopus
2926 795 3158 863 dixerit,
3204 795 3262 850 in
3311 794 3457 850 libro
3502 796 3626 866 ejus
3668 797 3887 868 legitur,

2188 900 2362 955 quem
2409 883 2478 938 de
2525 883 2917 951 sacramentis,
2960 883 3075 937 sive
3117 883 3187 937 de
3235 883 3603 955 philosophia
3651 885 3885 956 scripsit.

2189 974 2303 1028 Hoc
2333 988 2477 1042 opus
2505 971 2584 1026 sic
2604 970 2839 1043 incipit:
2874 972 3014 1028 Sunt
3043 978 3315 1042 precepta
3342 973 3614 1042 quadam.

2878 1060 3103 1114 CAPUT
3144 1061 3206 1114 V.

2260 1149 2458 1205 Contra
2485 1150 2697 1204 Partem
2726 1151 2941 1215 Donati,
2975 1149 3108 1204 libri
3135 1149 3337 1204 duo.—
3369 1148 3525 1223 [Non
3556 1151 3829 1224 exstant]

2260 1237 2404 1292 Sunt
2431 1237 2545 1292 duo
2575 1236 2709 1292 libri
2738 1236 2871 1303 mei,
2895 1252 3144 1308 quorum
3169 1236 3366 1292 titulus
3387 1242 3490 1306 est,
3525 1239 3749 1294 Contra
3776 1241 3895 1294 Par-

2187 1328 2304 1380 tem
2350 1325 2571 1380 Donati.
2611 1326 2674 1379 In
2702 1341 2950 1397 quorum
2994 1324 3179 1396 primo
3220 1326 3365 1380 libro
3413 1326 3557 1394 dixi,
3608 1343 3742 1382 non
3768 1327 3893 1382 mihi

2189 1415 2411 1485 placere
2434 1413 2607 1468 ullius
2636 1413 2926 1468 saecularis
2975 1415 3274 1485 potestatis
3317 1414 3538 1487 impetu
3583 1416 3892 1472 schismati-

2189 1520 2280 1557 cos
2307 1503 2378 1558 ad
2416 1503 2884 1558 communionem
2931 1505 3210 1559 violenter
3243 1505 3470 1559 arctari.
3505 1507 3573 1560 Et
3598 1521 3742 1560 vere
3778 1510 3894 1561 tunc

2189 1592 2330 1646 mihi
2359 1608 2476 1647 non
2505 1593 2785 1663 placebat,
2817 1593 3091 1664 quoniam
3132 1594 3390 1648 nondum
3421 1599 3697 1665 expertus
3733 1611 3891 1662 eram,

2189 1683 2274 1736 vel
2297 1686 2575 1754 quantum
2596 1682 2732 1736 mali
2752 1697 2954 1737 eorum
2977 1683 3214 1737 auderet
3233 1683 3568 1754 impunitas,
3597 1685 3689 1738 vel
3728 1702 3894 1756 quan-

2189 1775 2313 1825 tum
2331 1771 2410 1825 eis
2431 1770 2490 1825 in
2506 1770 2708 1825 melius
2719 1771 3008 1826 mutandis
3023 1771 3278 1825 conferre
3293 1775 3483 1842 posset
3492 1772 3801 1842 diligentia
3814 1773 3891 1827 di-

2189 1860 2462 1931 sciplinas.
2480 1862 2595 1915 Hoc
2608 1876 2752 1932 opus
2774 1859 3094 1930 sicincipit:
3120 1861 3382 1927 Quoniam
3402 1862 3712 1916 Donatista:
3735 1862 3888 1916 nobis.

2817 2010 2824 2016 ,
2865 1948 3091 2004 CAPUT
3128 1949 3220 2002 v1.

2605 2037 3008 2104 Confessionum
3036 2037 3166 2091 libri
3193 2036 3470 2092 tredecim.

2266 2128 2312 2179 l.
2355 2123 2795 2180 Confessionum
2870 2141 3129 2180 mearum
3195 2125 3328 2180 libri
3379 2126 3682 2194 tredecim,
3738 2130 3794 2181 et
3837 2127 3892 2182 de

2191 2212 2352 2267 malis
2383 2217 2439 2267 et
2468 2214 2537 2268 de
2584 2213 2748 2268 bonis
2787 2213 2929 2268 meis
2980 2215 3161 2268 Deum
3189 2213 3424 2268 laudant
3464 2215 3695 2285 justum
3731 2220 3790 2270 et
3807 2216 3892 2270 bo-

2188 2317 2347 2366 num,
2383 2304 2552 2373 atque
2580 2301 2640 2355 in
2670 2317 2802 2356 eum
2833 2301 3081 2356 excitant
3102 2302 3424 2356 humanum
3452 2302 3820 2359 intellectum
3847 2309 3895 2361 et

2188 2389 2492 2458 affectum;
2533 2390 2765 2445 interim
2809 2390 2960 2462 quod
3003 2390 3074 2444 ad
3114 2406 3205 2444 me
3255 2390 3479 2460 attinet,
3534 2392 3652 2446 hoc
3703 2393 3768 2448 in
3814 2410 3892 2448 me

2189 2479 2453 2549 legerunt
2481 2495 2610 2533 cum
2652 2479 3058 2545 scriberentur,
3108 2483 3167 2533 et
3197 2483 3375 2549 agunt
3423 2495 3555 2534 cum
3604 2481 3885 2552 leguntur.

2189 2565 2333 2631 Quid
2381 2567 2449 2621 de
2489 2566 2600 2620 illis
2645 2567 2744 2621 alii
2791 2567 3058 2634 sentiant,
3096 2567 3207 2639 ipsi
3250 2567 3536 2635 viderint;
3573 2570 3782 2626 multis
3820 2576 3890 2626 ta-

2188 2671 2321 2709 men
2347 2655 2616 2709 fratribus
2655 2671 2752 2709 eos
2797 2656 3044 2710 multum
3087 2655 3367 2726 placuisse
3403 2661 3460 2711 et
3493 2658 3730 2727 placere
3771 2661 3890 2715 scio.

2187 2742 2442 2813 Aprimo
2487 2759 2668 2814 usque
2700 2744 2770 2797 ad
2811 2743 3097 2798 decimum
3141 2743 3212 2798 de
3257 2758 3349 2798 me
3399 2744 3598 2816 scripti
3645 2752 3816 2802 sunt:
3844 2747 3894 2801 in

2191 2830 2374 2884 tribus
2402 2830 2638 2894 caeteris,
2673 2831 2739 2885 de
2769 2830 3073 2900 Scripturis
3105 2832 3331 2901 sanctis,
3362 2831 3432 2886 ab
3465 2849 3533 2887 eo
3571 2834 3739 2906 quod
3769 2835 3892 2890 scri-

2187 2922 2347 2988 ptum
2402 2923 2506 2984 est,
2563 2921 2626 2972 In
2651 2917 2926 2989 principio
2969 2921 3102 2986 fecit
3151 2923 3289 2975 Deus
3337 2921 3526 2975 ccelum
3572 2926 3627 2976 et
3680 2927 3890 2986 terram.

2187 3022 2369 3077 usque
2399 3007 2470 3061 ad
2503 3006 2720 3061 sabbati
2748 3006 3006 3079 requiem
3037 3009 3189 3076 (Gen.
3215 3027 3254 3075 ι,
3294 3013 3432 3076 Ι;ιι,
3456 3011 3530 3076 2.)

2258 3099 2309 3150 2.
2352 3096 2416 3148 In
2437 3100 2639 3166 quarto
2671 3094 2836 3164 libro,
2869 3111 2999 3149 cum
3030 3096 3098 3150 de
3142 3096 3312 3151 amici
3341 3102 3530 3153 morte
3563 3099 3752 3154 animi
3793 3097 3891 3154 mei

2189 3182 2476 3237 miseriam
2503 3183 2825 3249 conﬁterer,
2878 3184 3071 3238 dicens
3097 3186 3249 3256 quod
3299 3186 3489 3241 anima
3537 3193 3737 3243 nostra
3788 3204 3890 3243 una

2188 3271 2610 3343 quodammodo
2639 3272 2786 3326 facta
2814 3273 3001 3327 fuerat
3029 3289 3092 3327 ex
3123 3273 3361 3341 duabus,
3391 3279 3445 3330 et
3472 3276 3617 3342 ideo,
3649 3279 3884 3348 inquam,

2184 3363 2327 3425 forte
2379 3363 2520 3414 mori
2565 3362 2879 3428 metuebam,
2937 3376 3002 3415 ne
3045 3366 3184 3417 totus
3243 3365 3332 3418 ille
3387 3371 3709 3433 moreretur,
3748 3382 3887 3436 quem

2187 3448 2411 3502 multum
2446 3463 2757 3503 amaveram
2790 3449 2944 3519 (Cap.
2965 3448 3051 3518 6):
3088 3466 3216 3521 quae
3244 3450 3384 3505 mihi
3407 3452 3571 3523 quasi
3606 3453 3887 3508 declama-

2186 3534 2265 3589 tio
2294 3535 2450 3602 levis,
2484 3552 2655 3607 quam
2686 3537 2872 3607 gravis
2914 3537 3191 3592 confessio
3229 3539 3470 3602 videtur,
3511 3543 3780 3612 quamvis
3811 3548 3883 3596 ut-

2187 3640 2431 3695 cumque
2465 3629 2781 3696 temperata
2810 3625 2883 3680 sit
2916 3626 3041 3680 haec
3081 3626 3295 3698 ineptia
3340 3628 3399 3682 in
3432 3645 3500 3682 eo
3545 3631 3685 3700 quid
3736 3631 3882 3686 addi-

2185 3717 2306 3766 tum
2337 3718 2438 3782 est,
2487 3715 2646 3780 forte.
2682 3715 2747 3768 Et
2774 3713 2833 3768 in
2884 3714 3028 3770 libro
3076 3715 3244 3770 tertio
3288 3716 3512 3771 decimo
3561 3719 3721 3790 quod
3761 3719 3882 3785 dixi,

2183 3803 2601 3856 Firmamentum
2630 3803 2840 3869 factum
2873 3805 3016 3858 inter
3043 3806 3356 3874 spirituales
3387 3821 3563 3876 aquas
3593 3811 3882 3878 superiores

2183 3894 2234 3943 et
2275 3892 2574 3960 corporales
2630 3893 2914 3959 inferiores
2959 3893 3114 3962 (Cap.
3167 3894 3294 3962 32);
3342 3909 3457 3948 non
3514 3895 3655 3948 satis
3709 3897 3883 3951 consi-

2185 3981 2304 4032 rate
2349 3979 2562 4033 dictum
2595 3983 2710 4034 est:
2741 3995 2832 4035 res
2877 3985 3071 4035 autem
3096 3980 3157 4035 in
3196 3981 3390 4036 abdito
3419 3986 3508 4037 est
3543 3983 3732 4039 valde.
3782 3987 3882 4039 Hoc

2183 4083 2326 4137 opus
2357 4066 2436 4121 sic
2464 4067 2666 4139 incipit
2691 4084 2706 4123 :
2737 4070 2968 4137 Magnus
2995 4085 3068 4135 es,
3096 4071 3341 4124 Domine.

2837 4157 3064 4212 CAPUT
3103 4158 3228 4212 VII.

2295 4242 2498 4300 Contra
2525 4244 2786 4298 Faustum
2809 4246 3182 4312 manichaeum,
3211 4245 3345 4301 libri
3373 4247 3608 4315 triginta
3633 4254 3765 4305 tres.

2258 4333 2304 4385 Ι.
2349 4331 2557 4386 Contra
2616 4332 2883 4386 Faustum
2947 4333 3327 4389 manichazum
3392 4335 3877 4408 blasphemautem

2184 4418 2387 4489 Legem
2426 4424 2483 4474 et
2520 4420 2850 4490 Prophetas,
2883 4423 2940 4475 et
2967 4437 3168 4476 eorum
3213 4423 3414 4492 Deum,
3455 4428 3512 4479 et
3544 4425 3878 4482 incarnatio-

2182 4520 2315 4560 nem
2347 4506 2581 4574 Christi;
2614 4507 2931 4579 Scripturas
2959 4513 3154 4565 autem
3178 4511 3318 4566 Novi
3355 4513 3729 4585 Testamenti,
3760 4512 3878 4586 qui-

2179 4592 2286 4647 bus
2315 4594 2691 4663 convincitur,
2713 4596 2943 4651 falsatas
2969 4614 3090 4653 esse
3105 4598 3410 4667 dicentem,
3433 4601 3640 4673 scripsi
3671 4603 3877 4674 grande

2181 4698 2352 4753 opus,
2409 4683 2591 4738 verbis
2643 4685 2765 4756 ejus
2819 4686 3124 4758 propositis
3180 4687 3423 4742 reddens
3478 4691 3874 4762 responsiones

2180 4787 2357 4828 meas.
2389 4772 2642 4843 Triginta
2674 4777 2731 4828 et
2756 4778 2870 4829 tres
2899 4775 3314 4847 disputationes
3345 4781 3507 4846 sunt;
3539 4795 3685 4850 quas
3714 4781 3873 4835 etiam

2179 4858 2351 4914 libros
2381 4876 2482 4916 cur
2523 4877 2638 4916 non
2674 4861 2962 4918 dixerim?
2994 4865 3136 4919 Nam
3177 4864 3280 4920 etsi
3317 4870 3452 4928 sunt
3487 4865 3545 4923 in
3588 4868 3674 4924 eis
3708 4867 3874 4940 aliqui

2176 4947 2499 5017 perbreves,
2529 4953 2723 5005 tamen
2761 4951 2891 5006 libri
2918 4957 3070 5009 sunt.
3123 4955 3276 5009 Unus
3298 4971 3433 5010 vero
3465 4972 3690 5024 eorum,
3721 4956 3810 5012 ubi
3841 4971 3874 5010 ι

2176 5035 2340 5090 nobis
2392 5038 2694 5094 adversum
2744 5040 2866 5110 ejus
2921 5040 3366 5110 criminationes,
3419 5045 3868 5101 Patriarcharum

2173 5124 2287 5178 vita
2319 5125 2664 5198 defenditur,
2693 5132 2866 5183 tantas
2904 5131 3248 5199 prolixitatis
3274 5136 3379 5200 est,
3413 5140 3646 5205 quantae
3691 5134 3869 5189 nullus

2174 5212 2290 5268 fere
2321 5214 2600 5271 librorum
2630 5233 2913 5273 meorum.

2243 5304 2296 5355 2.
2340 5303 2405 5355 In
2433 5302 2578 5358 libro
2610 5320 2746 5374 ergo
2786 5304 2956 5360 tertio
2991 5323 3120 5362 cum
3155 5309 3435 5364 solverem
3471 5310 3858 5382 quaestionem,

2239 5409 2249 5441 ¹
2271 5403 2432 5472 Εᾱὶιίε
2451 5409 3100 5462 SecundumAmbrosium
3117 5413 3370 5472 solvisse;
3385 5414 3578 5465 atMss.
3598 5417 3860 5466 :Sanctm

2175 5470 2210 5520 Α
2217 5469 2501 5520 mbrosium
2511 5507 2522 5519 .
