4028 6174
192 220 299 272 633

188 334 477 405 quomodo
520 333 777 405 potuerit
823 333 965 390 duos
1007 338 1197 407 patres
1243 336 1453 393 habere
1498 340 1731 410 Ioseph,
1778 340 1895 395 dixi

189 423 427 495 quidem
457 424 603 493 quod
638 440 706 479 ea:
753 425 862 479 alio
906 430 1092 494 natus,
1140 426 1209 480 ab
1246 426 1356 480 alio
1400 429 1570 493 fuerit
1605 429 1896 498 adoptatus

186 512 322 582 (Cap
353 511 443 582 3);
491 512 589 567 sed
620 529 801 583 genus
830 529 1059 585 quoque
1089 514 1411 585 adoptionis
1442 515 1629 571 dicere
1684 517 1892 573 debui:

192 601 273 656 sic
299 601 451 657 enim
486 607 649 657 sonat
681 603 829 674 quod
863 603 1001 671 dixi,
1029 609 1304 675 tanquam
1328 621 1457 659 eum
1481 605 1639 660 vivus
1666 607 1897 679 adopta-

194 690 340 745 verit
367 690 510 744 alius
540 694 722 761 pater.
766 692 873 746 Lex
901 697 1093 747 autem
1134 692 1285 747 filios
1319 693 1491 748 etiam
1521 694 1764 748 mortuis
1803 695 1897 749 ad-

184 777 425 848 optabat
454 777 495 843 ¹,
511 777 722 848 jubens
754 783 815 832 ut
844 778 1032 834 fratris
1074 780 1338 835 defuncto
1382 798 1576 836 semen
1599 799 1663 836 ex
1695 783 1896 838 eadem

181 866 366 920 frater
404 883 663 936 uxorem,
722 871 777 921 et
807 867 969 922 fratri
1028 868 1293 923 defuncto
1356 886 1554 925 semen
1584 887 1649 925 ex
1696 871 1895 926 eadem

179 955 485 1010 suscitaret
505 956 683 1024 (Deut.
714 973 843 1023 xxx,
872 961 925 1024 5,
954 957 1006 1029 6)
1043 974 1056 1012 :
1089 974 1220 1029 quia
1272 958 1525 1030 profecto
1556 959 1625 1013 de
1664 959 1897 1014 duobus

179 1041 362 1096 unius
391 1042 640 1097 hominis
667 1044 923 1115 patribus
953 1045 1273 1116 expeditior
1317 1045 1397 1100 ibi
1427 1045 1685 1101 redditur
1722 1046 1892 1102 ratio.

182 1131 413 1186 Uterini
442 1137 633 1187 autem
660 1133 859 1187 fratres
877 1134 1112 1188 fuerunt
1138 1134 1199 1188 in
1221 1134 1430 1206 quibus
1450 1135 1555 1189 hoc
1576 1135 1817 1207 contigit
1835 1139 1898 1190 ut

176 1220 361 1275 unius
388 1220 640 1276 defuncti
669 1222 769 1292 qui
799 1224 1107 1278 vocabatur
1137 1223 1280 1292 Heli,
1315 1224 1545 1279 duceret
1575 1225 1718 1278 alter
1743 1239 1887 1278 uxo-

176 1324 334 1375 rem,
357 1308 415 1363 id
437 1314 521 1364 est
543 1310 731 1377 Jacob,
764 1326 797 1364 a
814 1327 928 1381 quo
953 1312 1250 1366 Mattheus
1281 1317 1475 1367 narrat
1495 1312 1752 1384 genitum
1776 1328 1895 1367 esse

175 1398 399 1468 Ioseph
430 1415 443 1453 :
476 1399 573 1453 sed
625 1398 854 1453 uterino
908 1399 1070 1454 fratri
1134 1417 1237 1454 suo
1288 1416 1419 1455 eum
1449 1400 1683 1471 'genuit,
1735 1401 1896 1471 cujus

176 1485 373 1541 ﬁlium
406 1487 581 1540 Lucas
610 1486 745 1539 dicit
772 1486 945 1541 fuisse
964 1488 1197 1557 Joseph,
1224 1504 1338 1541 non
1369 1488 1569 1559 utique
1609 1488 1890 1559 genitum,

174 1574 286 1628 sed
320 1590 386 1627 ex
419 1576 564 1645 Lege
595 1574 945 1645 adoptivum.
984 1576 1095 1629 Hoc
1134 1574 1193 1629 in
1223 1592 1421 1630 eorum
1457 1575 1661 1631 litteris
1689 1576 1887 1630 inven-

178 1664 316 1717 tum
348 1666 453 1727 est,
486 1661 585 1733 qui
624 1662 837 1717 recenti
870 1664 1148 1717 memoria
1186 1669 1319 1734 post
1360 1665 1751 1720 ascensionem
1784 1667 1892 1721 Do-

177 1750 335 1804 mini
365 1750 433 1805 de
462 1750 567 1805 hac
597 1767 654 1804 re
686 1752 1054 1822 scripserunt.
1090 1754 1230 1806 Nam
1280 1753 1454 1807 etiam
1502 1770 1714 1809 nomen
1743 1756 1895 1825 ejus-

177 1838 320 1892 dem
354 1838 609 1893 mulieris
643 1854 770 1909 quaz
822 1839 1045 1910 peperit
1089 1840 1260 1894 Jacob
1308 1846 1528 1911 patrem
1584 1842 1794 1912 Joseph
1825 1842 1894 1896 de

176 1927 380 1998 priore
412 1927 616 1981 marito
654 1928 899 1994 Mathan,
933 1928 1033 1999 qui
1070 1929 1177 1983 fuit
1218 1935 1383 2000 pater
1410 1930 1603 1996 lacob,
1638 1946 1774 1984 avus
1800 1932 1893 1985 lo-

180 2016 348 2087 seph,
381 2016 695 2071 secundum
737 2017 1102 2085 Matthzeum;
1160 2021 1217 2071 et
1245 2018 1313 2072 de
1344 2017 1549 2073 marito
1579 2018 1895 2089 posteriore

183 2104 397 2160 Melchi
429 2105 652 2176 peperit
676 2105 821 2172 Heli,
850 2106 1010 2176 cujus
1039 2110 1161 2160 erat
1189 2106 1491 2177 adoptivus
1515 2107 1745 2178 Ioseph,
1777 2123 1895 2161 non

185 2193 373 2248 tacuit
402 2193 717 2248 Africanus.
746 2194 907 2258 Quod
954 2194 1209 2265 quidem,
1249 2210 1380 2249 cum
1414 2196 1617 2250 Fausto
1650 2212 1893 2267 respon-

182 2282 412 2347 derem,
447 2282 703 2336 nondum
733 2282 982 2352 legeram
1010 2299 1023 2349 ;
1056 2282 1153 2336 sed
1174 2287 1365 2337 tamen
1396 2300 1499 2355 per
1528 2283 1894 2355 adoptionem

184 2370 447 2442 potuisse
476 2370 804 2441 contingere
834 2375 899 2425 ut
928 2387 1077 2425 unus
1115 2371 1287 2425 homo
1336 2372 1480 2427 duos
1531 2373 1769 2427 haberet
1793 2388 1895 2442 pa-

186 2463 328 2525 tres,
362 2459 622 2514 dubitare
652 2475 769 2513 non
806 2464 1088 2531 poteram.

264 2552 317 2603 3.
353 2549 417 2602 In
449 2548 788 2602 duodecimo
816 2552 870 2602 et
900 2547 1071 2602 tertio
1125 2546 1368 2615 decimo,
1410 2548 1480 2601 de
1510 2546 1630 2602 tilio
1661 2549 1780 2602 Noe
1814 2565 1897 2603 se-

184 2637 379 2691 eundo
411 2636 511 2709 qui
559 2641 643 2691 est
674 2637 991 2708 appellatus
1040 2637 1234 2702 Cham,
1285 2636 1363 2690 ita
1405 2636 1758 2707 disputatum
1790 2639 1891 2703 est,

188 2731 470 2796 tanquam
502 2742 619 2779 non
649 2725 708 2779 in
730 2725 848 2779 tilio
879 2742 983 2779 suo
1009 2726 1294 2791 Chanaan,
1324 2724 1469 2779 sicut
1488 2725 1777 2796 Scriptura
1802 2725 1896 2779 de-

186 2818 489 2879 monstrat,
516 2814 615 2868 sed
638 2814 697 2868 in
728 2814 912 2885 seipso
945 2814 1117 2868 fuerit
1136 2831 1168 2868 a
1190 2818 1350 2884 patre
1380 2813 1715 2868 maledictus
1748 2814 1891 2884 (Lib.

197 2905 281 2968 l2,
337 2918 382 2957 c.
435 2907 541 2971 23;
598 2908 649 2958 et
685 2904 875 2970 lib.l3,
926 2918 971 2957 c.
1022 2903 1123 2973 l0).
1182 2904 1245 2956 In
1304 2907 1506 2974 quarto
1552 2902 1772 2958 decimo
1822 2902 1894 2957 de

187 2991 309 3044 sole
336 2994 393 3045 et
421 2991 555 3045 luna
583 2991 721 3045 talia
749 2991 900 3045 dicta
920 2994 1366 3061 sunt,tanquam
1386 2990 1657 3060 sentiant,
1688 2996 1745 3045 et
1766 2990 1895 3045 ideo

191 3080 445 3134 tolerent
500 3096 675 3133 vanos
731 3079 1059 3134 adoratores
1116 3096 1248 3132 suos
1288 3078 1441 3150 (Cap.
1488 3080 1565 3149 12)
1593 3096 1606 3133 :
1637 3078 1897 3151 quamvis

188 3168 360 3222 verba
387 3167 466 3222 ibi
497 3168 675 3239 accipi
699 3168 998 3239 possintab
1030 3166 1263 3222 animali
1287 3168 1356 3221 ad
1378 3167 1688 3223 inanimale
1717 3173 1897 3223 trans-

191 3257 330 3323 lata,
363 3257 534 3311 modo
571 3256 869 3311 locutionis
909 3256 1007 3327 qui
1032 3260 1264 3310 vocatur
1301 3272 1485 3327 graece
1520 3257 1854 3327 metaphora
1882 3276 1896 3323 ;

193 3346 340 3401 sicut
370 3345 439 3401 de
465 3345 610 3400 mari
640 3344 914 3416 scriptum
937 3350 1023 3399 est
1050 3346 1201 3416 quod
1222 3347 1424 3411 fremat
1446 3348 1505 3399 in
1526 3350 1675 3401 utero
1703 3347 1896 3401 matris

192 3450 324 3501 suae,
353 3436 533 3490 volens
564 3434 823 3505 progredi
842 3434 991 3501 (Job.
1029 3436 1116 3500 38,
1141 3436 1194 3498 8,
1218 3448 1319 3489 sec.
1348 3434 1513 3502 LXX),
1537 3450 1666 3488 cum
1694 3434 1895 3505 utique

190 3540 313 3578 non
334 3524 545 3578 habeat
572 3524 944 3577 voluntatem.
976 3523 1041 3576 In
1071 3521 1543 3593 undetrigesimo,
1581 3522 1763 3588 Absit,
1804 3524 1897 3575 in—

192 3628 382 3682 quam,
405 3618 466 3666 ut
492 3614 565 3667 sit
594 3614 652 3665 in
697 3612 948 3666 membris
1002 3614 1311 3665 sanctorum
1359 3613 1523 3665 etiam
1572 3611 1898 3677 genitalibus

191 3701 387 3768 aliqua
417 3699 715 3769 turpitudo.
748 3701 1013 3754 Dicuntur
1033 3699 1251 3768 quidem
1289 3698 1597 3765 inhonesta,
1625 3699 1757 3767 quia
1785 3712 1893 3751 non

193 3788 395 3842 habent
422 3804 539 3843 eam
558 3790 783 3858 speciem
797 3787 1019 3853 decoris,
1049 3803 1213 3857 quam
1239 3787 1479 3842 membra
1503 3803 1621 3857 quae
1637 3789 1695 3841 in
1718 3800 1896 3856 prom-

186 3881 293 3948 ptu
334 3878 512 3932 locata
567 3879 693 3931 sunt
746 3877 895 3946 (Cap.
953 3875 1042 3946 li):
1104 3875 1200 3930 sed
1247 3874 1600 3947 probabilior
1653 3874 1715 3927 in
1772 3871 1898 3927 aliis

194 3970 401 4037 postea
428 3965 650 4037 scriptis
680 3964 891 4020 nostris
920 3964 1143 4019 reddita
1166 3964 1313 4019 ratio
1329 3969 1433 4031 est,
1457 3980 1557 4018 cur
1584 3980 1650 4018 ea
1682 3961 1895 4017 dixerit

195 4054 371 4110 etiam
396 4054 698 4127 Apostolus
728 4052 1031 4108 inhonesta
1076 4052 1120 4123 (Ι
1170 4054 1295 4110 Cor.
1346 4070 1445 4121 xu,
1496 4052 1611 4119 23),
1659 4054 1900 4123 propter

196 4144 386 4214 legem
416 4142 628 4197 scilicet
654 4143 714 4197 in
746 4141 1019 4196 membris
1074 4145 1491 4213 repugnantem
1550 4139 1663 4211 legi
1693 4138 1901 4193 mentis

140 4240 146 4246 ‘
197 4232 372 4303 (Rom.
403 4249 497 4299 vu,
529 4233 637 4300 23),
673 4247 800 4303 quae
831 4230 902 4286 de
930 4233 1160 4302 peccato
1197 4229 1419 4297 accidit,
1452 4245 1568 4283 non
1608 4228 1677 4282 de
1715 4226 1902 4298 prima

196 4326 409 4376 nostrae
439 4319 798 4376 institutione
820 4324 1059 4375 naturae.
1094 4320 1209 4373 Hoc
1226 4334 1371 4389 opus
1402 4317 1478 4371 sic
1506 4316 1897 4388 incipitzFau-

195 4414 309 4465 stus
341 4409 569 4479 quidam
585 4411 719 4476 fuit.

840 4498 1066 4553 CAPUT
1109 4498 1255 4551 VIII.

476 4587 673 4644 Contra
696 4588 917 4640 Felicem
945 4588 1314 4653 manichaeum,
1347 4585 1476 4639 libri
1498 4584 1621 4638 duo.

262 4675 869 4745 Contrajmanichaaum
885 4674 1190 4746 quemdam
1204 4674 1436 4727 nomine
1460 4672 1724 4737 Felicem,
1758 4687 1903 4743 prie-

197 4770 358 4819 sente
394 4764 632 4835 populo,
666 4763 726 4817 in
756 4762 991 4817 ecclesia
1020 4762 1193 4817 biduo
1225 4760 1530 4832 disputavi.
1576 4760 1899 4831 Hipponem

194 4854 413 4925 quippe
444 4855 697 4916 venerat,
727 4851 994 4905 eumdem
1013 4850 1397 4904 seminaturus
1426 4865 1679 4903 errorem
1704 4866 1717 4915 ;
1753 4864 1903 4902 unus

195 4942 350 4996 enim
383 4945 508 4995 erat
548 4956 614 4994 ex
652 4939 979 4994 doctoribus
1027 4954 1247 5004 eorum,
1288 4940 1547 5009 quamvis
1583 4936 1901 4991 ineruditus

193 5030 530 5085 liberalibus
573 5027 794 5095 litteris,
860 5028 959 5083 sed
1006 5031 1199 5081 tamen
1240 5026 1519 5080 versutior
1568 5027 1897 5080 Fortunato.

194 5120 359 5173 Gesta
384 5123 519 5171 sunt
558 5116 953 5182 ecclesiastica,
1005 5116 1102 5170 sed
1141 5115 1291 5169 inter
1324 5132 1480 5169 meos
1535 5115 1713 5168 libros
1741 5130 1898 5167 com-

190 5212 491 5276 putantur.
523 5207 643 5259 Duo
667 5220 802 5274 ergo
834 5204 961 5257 libri
983 5209 1133 5270 sunt,
1163 5204 1221 5259 in
1243 5219 1487 5274 quorum
1513 5202 1762 5257 secundo
1782 5202 1893 5256 dis—

195 5300 461 5366 putatum
493 5298 579 5349 est
616 5294 685 5349 de
712 5292 894 5348 libero
926 5292 1233 5347 voluntatis
1265 5292 1520 5359 arbitrio,
1543 5292 1658 5347 sive
1685 5291 1753 5345 ad
1778 5307 1898 5343 ma-

259 5474 434 5534 1Edd.,
469 5474 710 5524 mortuos
730 5470 1035 5535 adoptabat.
1072 5470 1254 5527 Verius
1285 5470 1426 5527 Mss,
1455 5470 1691 5518 mor/uis.

1655 220 1861 276 LIBER
1897 219 2273 276 SECUNDUS.
3605 236 3705 290 634

2010 341 2132 397 lum
2163 342 2541 413 operandum,
2592 344 2707 398 sive
2752 346 2822 401 ad
2848 346 3065 403 bonum
3097 364 3109 402 :
3143 350 3239 404 sed
3282 352 3352 406 de
3382 356 3563 424 gratia
3593 374 3709 429 qua

2008 446 2137 485 vere
2169 430 2334 485 liberi
2362 431 2526 500 ﬁunt,
2561 432 2630 488 de
2661 433 2869 505 quibus
2890 434 3166 507 scriptum
3198 444 3304 508 est,
3336 442 3398 496 Si
3417 457 3508 497 vos
3539 446 3706 501 Filius

2010 519 2477 587 liberaverit,tunc
2494 536 2614 575 vere
2643 522 2802 577 liberi
2820 525 2972 578 eritis
2986 526 3158 595 (Joan.
3183 543 3298 593 vm,
3328 531 3441 599 36),
3475 530 3709 602 diligen-

2010 606 2120 661 tius
2149 607 2457 679 disputare,
2494 610 2762 681 quoniam
2793 612 2921 667 talis
2942 618 3211 670 eratcum
3231 632 3345 688 quo
3374 618 3705 687 agebamus,

2009 696 2167 750 nulla
2194 712 2391 751 sumus
2418 699 2747 755 necessitate
2778 703 3078 773 compulsi.
3114 705 3228 759 Hoc
3259 722 3403 776 opus
3450 706 3529 761 sic
3557 707 3705 762 inci-

2007 784 2091 853 pit
2124 800 2137 837 :
2172 786 2403 840 Honorio
2429 786 2676 854 Augusto
2705 794 2917 845 semtum
2947 794 3175 860 consule,
3214 798 3442 867 septimo
3470 797 3593 853 idus
3621 797 3707 851 dc-

2007 872 2250 928 cembris.

2681 966 2907 1021 CAPUT
2940 968 3026 1025 IX.

2426 1055 2500 1106 De
2522 1055 2737 1109 Natura
2775 1058 2928 1125 Boni,
2960 1057 3095 1111 liber
3124 1074 3282 1114 unus.

2080 1134 2245 1191 Liber
2274 1138 2343 1192 de
2374 1140 2583 1194 Natura
2615 1142 2756 1197 Boni
2786 1145 3056 1200 adversus
3091 1148 3429 1207 Manichaeos
3468 1154 3571 1218 est,
3606 1152 3705 1207 ubi

2008 1223 2326 1279 ostenditur
2372 1231 2635 1282 naturam
2691 1230 3218 1289 incommutabilem
3261 1237 3441 1293 Deum
3492 1254 3611 1293 esse
3642 1255 3707 1293 ac
3724 1220 3743 1289 Χ

2007 1326 2298 1365 summum
2327 1313 2566 1379 bonum,
2600 1321 2773 1387 atque
2813 1318 2883 1372 ab
2912 1319 3010 1373 illo
3050 1337 3170 1375 esse
3196 1328 3429 1378 caeteras
3472 1329 3704 1379 naturas

2007 1399 2120 1453 sive
2151 1400 2473 1471 spirituales
2505 1403 2620 1458 sive
2651 1407 2995 1475 corporales,
3016 1413 3184 1480 atque
3210 1427 3408 1465 omnes
3438 1411 3497 1465 in
3520 1429 3703 1483 quan-

2006 1492 2130 1543 tum
2161 1494 2379 1544 naturae
2399 1495 2551 1558 sunt,
2580 1492 2759 1547 bonas
2786 1510 2906 1549 esse
2937 1512 2949 1563 ;
2978 1500 3035 1550 et
3060 1496 3193 1567 quid
3209 1498 3297 1552 vel
3317 1500 3472 1553 unde
3494 1500 3565 1554 sit
3585 1517 3704 1554 ma-

2006 1579 2146 1646 lum,
2170 1583 2221 1633 et
2253 1586 2467 1651 quanta
2498 1584 2649 1636 mala
2670 1582 2961 1640 Manichcei
2987 1591 3207 1657 ponant
3236 1586 3296 1642 in
3326 1593 3532 1643 natura
3564 1590 3701 1644 boni

2006 1672 2059 1721 et
2082 1673 2293 1739 quanta
2312 1670 2461 1724 bona
2491 1670 2551 1724 in
2576 1676 2779 1726 natura
2809 1674 2966 1741 mali,
2995 1690 3137 1745 quas
3165 1679 3399 1729 naturas
3430 1676 3591 1732 ﬁnxit
3612 1662 3709 1729 er?

2005 1772 2101 1809 ror
2126 1755 2399 1827 ipsorum.
2436 1758 2533 1813 Hic
2570 1759 2715 1813 liber
2754 1760 2830 1814 sic
2878 1762 3118 1833 incipit:
3157 1764 3437 1819 Summum
3488 1765 3702 1831 bonum,

2006 1860 2109 1914 quo
2130 1849 2379 1915 superius
2405 1862 2513 1901 non
2541 1850 2640 1917 est,
2672 1851 2809 1903 Deus
2837 1854 2934 1904 est.

2698 1936 2828 1990 CAP
2838 1938 2921 1991 UT
2958 1938 3020 1993 X.

2183 2022 2380 2078 Contra
2407 2024 2770 2079 Secundinum
2796 2028 3172 2096 manichaeum,
3202 2027 3337 2082 liber
3366 2043 3523 2083 unus.

2076 2109 2429 2166 Secundinus
2460 2113 2715 2183 quidam,
2744 2130 2860 2168 non
2888 2131 2953 2168 ex
2992 2114 3073 2169 eis
3102 2131 3245 2186 quos
3271 2115 3563 2174 Manichazi
3585 2116 3707 2172 ele-

2006 2202 2146 2264 ctos,
2191 2199 2291 2253 sed
2319 2215 2385 2254 ex
2415 2200 2496 2255 eis
2527 2217 2671 2271 quos
2692 2202 2979 2256 auditores
3004 2207 3227 2269 vocant,
3261 2220 3431 2274 quem
3462 2221 3534 2259 ne
3563 2204 3707 2259 facie

2007 2285 2245 2357 quidem
2286 2303 2579 2353 noveram,
2616 2288 2843 2360 scripsit
2871 2289 2940 2344 ad
2970 2305 3062 2344 me
3089 2291 3244 2345 velut
3271 2291 3506 2359 amicus,
3532 2292 3710 2346 hono-

2008 2375 2162 2429 riiice
2195 2375 2510 2446 objurgans
2533 2377 2687 2448 quod
2712 2393 3109 2449 oppugnarem
3139 2377 3344 2433 litteris
3364 2378 3521 2433 illam
3544 2380 3703 2435 haere

2008 2463 2135 2530 sim,
2165 2468 2220 2518 et
2248 2464 2561 2519 admonens
2583 2482 2654 2519 ne
2702 2465 2969 2532 facerem,
3019 2472 3191 2537 atque
3237 2467 3308 2521 ad
3347 2483 3471 2522 eam
3518 2468 3711 2538 potius

2007 2552 2330 2607 sectandam
2362 2554 2688 2620 exhortans,
2730 2570 2860 2608 cum
2900 2554 3022 2625 ejus
3071 2554 3424 2623 defensione,
3467 2559 3522 2609 et
3577 2555 3713 2611 fidei

2007 2640 2299 2695 catholica:
2328 2641 2791 2712 reprehensione.
2827 2642 2967 2696 Huic
3010 2642 3278 2715 respondi
3305 2662 3320 2711 ;
3363 2643 3458 2697 sed
3490 2642 3627 2714 quia
3650 2643 3713 2699 in

2008 2730 2261 2800 ejusdem
2291 2730 2550 2800 opusculi
2577 2730 2762 2800 capite
2789 2747 2907 2785 non
2935 2730 3102 2801 posui
3130 2730 3258 2801 quis
3287 2729 3379 2785 cui
3412 2730 3707 2797 scriberet,

2008 2834 2123 2871 non
2154 2817 2212 2871 in
2242 2816 2497 2888 epistolis
2535 2817 2697 2883 meis,
2733 2818 2830 2872 sed
2862 2818 2921 2871 in
2950 2817 3112 2871 libris
3167 2818 3431 2873 habetur.
3486 2819 3608 2873 Illic
3638 2819 3710 2874 ab

2008 2905 2232 2961 exordio
2262 2906 2584 2977 conscripta
2612 2910 2695 2960 est
2725 2904 2896 2960 etiam
2928 2906 3050 2977 ejus
3072 2904 3335 2975 epistola.
3376 2906 3553 2977 Hujus
3606 2923 3710 2961 au-

2006 2998 2123 3049 tem
2170 2994 2476 3049 voluminis
2528 2994 2641 3048 mei
2696 2994 2895 3049 titulus
2936 2998 3043 3061 est,
3080 2994 3290 3049 Contra
3319 2994 3711 3050 Secundinum

2008 3081 2389 3137 manichaaum
2421 3098 2434 3137 :
2466 3082 2637 3154 quod,
2671 3098 2799 3137 mea
2826 3081 3127 3150 sententia,
3160 3080 3427 3136 omnibus
3453 3097 3584 3153 quae
3609 3082 3709 3136 ad—

2008 3188 2200 3226 versus
2229 3171 2385 3225 illam
2442 3175 2662 3242 pestem
2701 3168 2944 3224 scribere
2982 3168 3166 3241 potui,
3211 3168 3375 3223 facile
3414 3184 3710 3240 prepono.

2012 3261 2109 3315 Hic
2139 3261 2282 3316 liber
2309 3259 2389 3314 sic
2414 3259 2616 3330 incipit
2645 3275 2658 3313 :
2697 3261 2809 3313 Tua
2840 3260 2899 3312 in
2928 3273 3010 3312 me
3037 3258 3426 3312 benevolentia.

2684 3347 2908 3403 CAPUT
2940 3348 3031 3402 XI.

2156 3439 2355 3496 Contra
2382 3437 2656 3502 Hilarum,
2685 3436 2819 3490 liber
2845 3450 3004 3489 unus.
3038 3464 3099 3475 --
3136 3434 3288 3507 [Non
3321 3432 3551 3506 exstat]

2081 3528 2234 3582 Inter
2268 3526 2390 3581 haec
2441 3524 2665 3579 Hilarus
2698 3525 2714 3560 ί
2746 3522 2979 3594 quidam
3021 3522 3107 3575 vir
3145 3520 3501 3589 tribunitius,
3536 3520 3715 3576 laicus

2009 3615 2339 3680 catholicus,
2390 3611 2584 3667 nescio
2632 3612 2785 3666 unde
2843 3611 3113 3664 adversus
3170 3609 3271 3664 Dei
3302 3608 3617 3671 ministros,
3647 3614 3714 3663 ut

2010 3702 2135 3758 ﬁeri
2173 3702 2398 3767 assolet,
2450 3698 2727 3766 irritatus,
2778 3713 2999 3752 morem
3047 3696 3147 3769 qui
3198 3700 3335 3751 tunc
3384 3710 3506 3749 esse
3559 3695 3714 3765 apud
3796 3758 3805 3767 ,

2012 3789 2413 3860 Carthaginem
2441 3792 2687 3859 coeperat
2732 3791 2794 3841 ut
2844 3784 3045 3856 hymni
3074 3784 3145 3839 ad
3180 3784 3358 3837 altare
3389 3781 3716 3838 dicerentur

2012 3880 2082 3935 de
2112 3878 2472 3934 Psalmorum
2504 3877 2674 3945 libro,
2702 3874 2818 3929 sive
2867 3878 2997 3928 ante
3027 3872 3401 3934 oblationem,
3438 3869 3552 3923 sive
3582 3884 3715 3924 cum

2012 3967 2449 4022 distribueretur
2473 3963 2687 4036 populo
2714 3962 2871 4034 quod
2900 3961 3101 4017 fuisset
3134 3961 3409 4026 oblatum,
3435 3957 3718 4013 maledica

2011 4054 2476 4128 reprehensione,
2509 4051 2854 4123 ubicumque
2873 4053 3116 4121 poterat,
3143 4048 3446 4114 lacerabat,
3463 4062 3717 4100 asserens

2013 4143 2138 4199 ﬁeri
2169 4160 2282 4198 non
2313 4146 2592 4214 oportere.
2628 4139 2771 4195 Huic
2799 4137 3094 4209 respondi,
3138 4136 3477 4205 jubentibus
3524 4132 3717 4187 fratri-

2011 4234 2118 4289 bus
2144 4237 2199 4287 et
2228 4236 2459 4285 vocatur
2495 4229 2642 4283 liber
2669 4227 2810 4299 ipse,
2845 4228 3055 4282 Contra
3106 4225 3384 4279 Hilarum.
3442 4221 3539 4277 Hic
3570 4220 3718 4276 liber

2012 4320 2092 4375 sic
2119 4319 2320 4391 incipit
2352 4335 2365 4373 :
2399 4318 2507 4384 Qui
2534 4317 2722 4371 dicunt
2770 4317 3090 4370 mentionem
3125 4314 3331 4369 Veteris
3365 4311 3709 4367 Testamenti.

2675 4404 2900 4459 CAPUT
2928 4404 3051 4459 XII.

2295 4496 2621 4563 Quzstiones
2660 4494 3095 4561 Evangeliorum,
3138 4489 3270 4545 libri
3301 4487 3427 4543 duo.

2082 4587 2225 4642 Sunt
2250 4585 2512 4658 quaadam
2543 4581 2923 4654 expositiones
2960 4577 3345 4651 quorumdam
3367 4576 3624 4630 locorum
3649 4590 3720 4631 ex

2016 4674 2313 4746 Evangelio
2356 4672 2669 4727 secundum
2716 4669 3063 4733 Matthaaum,
3088 4673 3145 4721 et
3174 4665 3299 4720 aliae
3330 4663 3596 4719 similiter
3623 4680 3712 4718 se-

2012 4764 2263 4819 cundum
2297 4763 2501 4817 Lucam
2530 4778 2543 4828 ;
2568 4760 2628 4813 in
2656 4774 2837 4813 unum
2859 4753 3223 4824 librumillaa,
3255 4753 3316 4808 in
3335 4752 3718 4809 alterumistae

2013 4852 2251 4907 redacta
2297 4854 2449 4906 sunt.
2492 4848 2712 4905 Titulus
2751 4844 2940 4916 operis
2986 4844 3158 4915 hujus
3199 4847 3282 4899 est
3315 4860 3329 4899 :
3361 4843 3717 4909 Quaestiones

2014 4940 2469 5013 Evangeliorum.
2502 4937 2608 4992 Sed
2633 4950 2809 5006 quare
2837 4934 2934 4988 illa
2954 4934 3073 4988 sola
3090 4934 3160 4989 de
3188 4932 3527 5005 supradictis
3547 4948 3716 4986 evan-

2013 5029 2208 5100 gelicis
2239 5028 2419 5083 Libris
2458 5024 2710 5097 exposita
2763 5022 2998 5091 fuerint,
3057 5038 3186 5093 quae
3234 5021 3326 5077 his
3357 5020 3516 5076 libris
3570 5018 3711 5074 meis

2012 5118 2393 5183 continentur,
2439 5119 2494 5170 et
2523 5130 2653 5186 quae
2680 5113 2787 5167 ista
2815 5112 2945 5175 sint,
3000 5113 3271 5183 prologus
3302 5127 3482 5177 meus,
3514 5108 3715 5177 adjun-

2011 5208 2115 5263 ctis
2143 5213 2316 5278 atque
2347 5201 2737 5260 annumeratis
2785 5199 2999 5256 eisdem
3051 5198 3487 5273 quaestionibus,
3520 5196 3601 5251 ita
3651 5197 3717 5249 ut

2081 5407 2089 5434 '
2122 5405 2183 5453 lu
2214 5401 2343 5453 Edd.
2371 5398 2643 5464 scribitur,
2661 5397 2932 5464 Hilarius,
2955 5399 3009 5464 et
3030 5395 3320 5464 Hilarium.
3345 5393 3405 5442 In
3421 5392 3543 5441 Mss.
3569 5403 3713 5447 vero,

2014 5466 2257 5522 Hilarus,
2282 5466 2336 5513 et
2357 5462 2630 5519 Hilarum,
2669 5464 2728 5509 ut
2749 5458 2977 5524 imprimi
3008 5458 3325 5506 curavimus.
