4028 6174
338 211 440 265 635

337 330 582 402 quisque
600 331 791 405 legere
822 334 975 406 quod
1004 336 1265 406 voluerit,
1312 353 1583 393 numeros
1621 342 1845 395 secutus
1873 340 2026 396 inve-

333 418 475 484 niat,
508 420 644 475 satis
675 420 909 478 indicat.
951 425 1014 479 In
1049 425 1238 495 primo
1278 442 1413 498 ergo
1462 427 1607 483 libro
1638 428 1862 499 (Quwst.
1917 430 2030 499 27),

336 507 395 562 in
422 524 490 563 eo
522 510 673 580 quod
704 510 957 581 positum
988 518 1090 582 est,
1123 517 1408 570 Dominum
1437 531 1673 572 seorsum
1692 518 1899 574 duobus
1924 519 2034 573 dis-

335 598 532 667 cipulis
588 614 744 654 suam
810 603 1056 657 retulisse
1116 606 1425 672 passionem
1484 608 1691 667 (Matth.
1758 623 1850 672 xx,
1928 609 2030 679 17),

337 686 684 742 mendositas
714 689 923 744 codicis
970 708 1073 746 nos
1103 692 1306 747 fefellit
1337 710 1349 747 :
1384 710 1519 747 nam
1564 695 1845 751 duodecim
1892 698 2033 751 scri-

335 779 501 847 ptum
530 780 649 844 est;
681 794 817 846 non,
848 780 1073 836 duobus.
1108 782 1170 835 In
1187 783 1433 837 secundo
1456 783 1600 837 libro
1630 786 1827 839 volens
1856 801 2033 856 expo-

336 880 471 919 nere
502 866 788 936 quomodo
842 868 984 922 duos
1026 874 1215 939 patres
1261 871 1511 941 potuerit
1548 872 1757 929 habere
1799 875 2030 945 Joseph,

338 952 497 1022 cujus
526 954 730 1023 conjux
754 954 902 1009 dicta
930 960 1014 1011 est
1043 956 1200 1028 virgo
1235 958 1444 1026 Maria;
1486 959 1627 1014 illud
1658 961 1808 1032 quod
1836 961 2033 1031 perhi-

332 1041 499 1095 betur
543 1042 778 1097 fratrem
823 1044 1050 1100 duxisse
1081 1046 1331 1101 defuncti
1368 1048 1557 1102 fratris
1586 1065 1850 1115 uxorem,
1882 1053 1949 1103 ut
1979 1049 2032 1104 ei

332 1146 528 1185 semen
560 1132 871 1187 secundum
909 1134 1092 1205 legem
1120 1136 1415 1190 suscitaret
1448 1137 1618 1205 (Deut.
1643 1154 1770 1200 xxv,
1805 1139 1877 1206 5),
1904 1137 2031 1192 ideo

335 1218 449 1274 dixi
487 1235 597 1275 esse
624 1223 918 1291 inﬁrmum,
946 1226 1202 1291 quoniam
1235 1227 1331 1292 qui
1359 1229 1686 1291 nasceretur,
1719 1241 1904 1279 nomen
1941 1225 2034 1277 de-

331 1309 512 1373 functi
547 1310 659 1364 Lecc
714 1326 832 1364 eum
861 1312 1349 1381 jubebataccipere
1378 1313 1602 1383 (Quwst.
1655 1314 1704 1380 5)
1740 1328 1898 1367 :non
1952 1317 2037 1367 est

334 1411 553 1450 verum.
589 1398 809 1452 Nomen
827 1398 982 1452 enim
1015 1400 1268 1454 defuncti
1289 1401 1434 1472 quod
1468 1400 1685 1455 dictum
1705 1403 1808 1471 est,
1831 1401 1901 1456 ad
1928 1401 2035 1455 hoc

337 1483 445 1538 Lex
477 1484 663 1539 valere
701 1486 996 1557 praecepit,
1027 1491 1093 1541 ut
1122 1489 1245 1558 ejus
1275 1489 1427 1543 filius
1471 1489 1791 1557 diceretur;
1826 1506 1943 1544 non
1969 1492 2036 1544 ut

254 1596 264 1605 -
334 1569 443 1625 hoc
472 1572 626 1643 quod
656 1573 752 1627 ille
782 1578 1080 1630 vocaretur
1110 1576 1203 1647 (a).
1232 1579 1345 1632 Hoc
1373 1593 1517 1648 opus
1556 1577 1633 1632 sic
1662 1577 1894 1650 incipit:
1922 1582 2035 1635 Hoc

336 1672 468 1729 opus
488 1674 595 1715 non
623 1662 706 1716 ita
736 1664 998 1734 scriptum
1028 1668 1124 1718 est.

979 1768 1206 1823 CAPUT
1235 1770 1377 1826 XIII.

692 1854 1079 1911 Annotationes
1107 1860 1164 1911 in
1186 1859 1302 1924 Job,
1338 1858 1472 1912 liber
1505 1873 1665 1914 unus.

404 1937 572 1993 Liber
602 1941 765 2012 cujus
803 1947 886 1997 est
915 1943 1133 2008 titulus,
1166 1945 1579 2000 Annotationes
1600 1946 1661 2000 in
1688 1947 1811 2012 Job,
1839 1949 2030 1999 utrum

332 2042 493 2081 meus
521 2028 818 2084 habendus
840 2031 930 2098 sit,
960 2049 1032 2087 an
1053 2034 1244 2104 potius
1271 2050 1470 2089 eorum
1494 2035 1592 2106 qui
1621 2051 1735 2095 eas,
1764 2035 1906 2089 sicut
1926 2051 2030 2105 po-

336 2120 573 2172 tuerunt
589 2120 677 2172 vel
695 2119 1016 2190 voluerunt,
1052 2122 1398 2193 redegerunt
1425 2124 1485 2178 in
1513 2140 1696 2178 unum
1714 2140 1921 2194 corpus
1941 2123 2033 2178 de-

334 2204 573 2276 scriptas
602 2206 670 2261 de
697 2208 977 2263 frontibus
1006 2210 1233 2278 codicis,
1266 2213 1382 2266 nd'n
1412 2212 1575 2266 facile
1605 2212 1863 2267 dixerim.
1893 2212 2033 2266 Sua-

334 2310 431 2348 ves
461 2295 616 2350 enim
646 2297 1004 2368 paucissimis
1032 2299 1487 2371 intelligentibus
1513 2305 1664 2368 sunt,
1712 2301 1811 2371 qui
1839 2305 2033 2354 tamen

332 2397 562 2438 necesse
593 2391 679 2440 est
709 2386 1075 2442 offenduntur
1094 2389 1275 2443 multa
1303 2406 1419 2444 non
1448 2389 1829 2460 intelligentes
1858 2404 1870 2460 ;
1898 2390 2032 2460 quia

330 2487 433 2526 nec
455 2472 577 2544 ipsa
606 2475 777 2529 verba
806 2491 935 2546 quae
962 2482 1348 2547 exponuntur,
1378 2478 1458 2531 ita
1487 2478 1768 2549 descripta
1808 2483 1939 2531 sunt
1969 2478 2029 2532 in

329 2561 524 2616 multis
551 2562 710 2632 locis,
741 2567 803 2618 ut
832 2570 1104 2636 appareat
1118 2566 1255 2637 quid
1287 2570 1623 2637 exponatur.
1655 2566 1869 2621 Deinde
1898 2567 2028 2621 bre-

329 2648 557 2704 vitatem
586 2652 997 2707 sententiarum
1035 2658 1194 2709 tanta
1245 2661 1436 2709 secuta
1465 2659 1549 2710 est
1602 2655 1935 2723 obscuritas,
1967 2659 2031 2710 ut

329 2753 453 2793 eam
485 2738 663 2794 lector
690 2740 779 2795 vix
801 2742 949 2796 ferre
979 2742 1176 2813 possit,
1211 2759 1382 2815 quem
1408 2760 1635 2799 necesse
1666 2748 1751 2798 est
1778 2744 2030 2814 plurima

328 2843 443 2882 non
461 2828 750 2884 intellecta
771 2831 1031 2886 transire.
1058 2834 1353 2887 Postremo
1367 2838 1483 2888 tam
1507 2833 1845 2888 mendosum
1871 2849 2027 2887 com-

325 2915 447 2987 peri
478 2932 622 2987 opus
643 2918 833 2988 ipsum
863 2919 924 2973 in
948 2920 1235 2975 codicibus
1255 2921 1466 2976 nostris
1496 2926 1561 2976 ut
1585 2921 1889 2977 emendare
1911 2937 2027 2976 non

326 3019 573 3075 possem,
613 3022 718 3060 nec
748 3008 965 3063 editum
1004 3026 1037 3063 a
1065 3025 1157 3065 me
1188 3010 1298 3065 dici
1327 3011 1552 3077 vellem,
1607 3009 1717 3065 nisi
1747 3009 1882 3080 quia
1911 3009 2026 3064 scio

324 3090 525 3147 fratres
555 3093 609 3149 id
639 3095 875 3163 habere,
905 3113 1153 3168 quorum
1175 3099 1361 3153 studio
1390 3115 1503 3153 non
1523 3099 1712 3169 potuit
1734 3097 2025 3169 denegari.

326 3178 427 3233 llic
456 3179 599 3235 liber
627 3182 706 3236 sic
726 3181 934 3254 incipit
965 3201 978 3239 :
1009 3188 1079 3240 Et
1091 3202 1254 3256 opera
1271 3203 1468 3256 magna
1493 3189 1710 3242 crantei
1735 3202 1898 3256 super
1927 3191 2028 3241 ter-

325 3281 445 3321 ram
458 3306 473 3322 ο

977 3377 1204 3433 CAPUT
1234 3379 1371 3433 XIV.

604 3466 678 3519 De
705 3465 1119 3521 Catechizandis
1137 3467 1389 3536 rudibus,
1422 3465 1557 3520 liber
1577 3481 1734 3522 unus.

394 3551 486 3605 Est
516 3550 686 3607 etiam
719 3554 864 3609 liber
894 3559 1086 3609 noster
1114 3555 1182 3610 de
1212 3555 1637 3611 Catechizandis
1658 3554 1896 3610 rudibus
1916 3555 2026 3610 hoc

321 3637 636 3709 ipso.titulo
659 3648 1031 3713 praenotatos.
1066 3645 1129 3698 In
1153 3661 1269 3717 quo
1302 3645 1446 3700 libro
1478 3643 1574 3699 ubi
1606 3644 1722 3700 dixi
1756 3661 1768 3699 :
1797 3647 1899 3700 Nec
1924 3661 2023 3699 an-

315 3728 465 3794 gelus
496 3732 594 3798 qui
612 3746 730 3785 cum
743 3733 1028 3802 spiritibus
1041 3735 1168 3788 aliis
1188 3734 1518 3788 satellitibus
1534 3736 1648 3788 suis
1669 3734 2023 3804 superbiendo

322 3814 560 3869 deseruit
588 3817 946 3873 obedientiam
976 3821 1094 3887 Dei,
1126 3825 1176 3875 et
1204 3821 1450 3875 diabolus
1474 3823 1654 3888 factus
1684 3826 1779 3889 est,
1808 3821 2026 3890 aliquid

320 3904 503 3956 nocuit
531 3906 656 3969 Deo,
688 3906 782 3959 sed
810 3906 918 3960 sibi
945 3922 958 3959 :
988 3910 1137 3961 novit
1167 3909 1308 3960 enim
1334 3911 1471 3961 Deus
1502 3908 1756 3961 ordinare
1785 3908 2024 3962 deseren-

319 3994 394 4045 tes
422 4005 476 4044 se
507 3993 719 4047 animas
745 3994 909 4062 (Cap.
948 3997 1034 4062 18,
1082 4010 1137 4048 η.
1172 3997 1255 4067 39)
1283 4011 1295 4061 ;
1329 3994 1759 4049 convenientius
1791 3991 2020 4050 'dicere-

319 4081 433 4147 tur,
465 4079 533 4134 Se
564 4079 815 4151 spiritus,
863 4081 1136 4152 quoniam
1184 4082 1251 4136 de
1301 4082 1530 4153 Angelis
1582 4083 1877 4153 agebatur.
1925 4084 2022 4139 Hic

320 4166 466 4222 liber
495 4168 573 4223 sic
601 4167 804 4241 incipit
835 4186 848 4226 :
880 4172 1071 4225 Petisti
1102 4187 1135 4224 a
1166 4186 1265 4239 me,
1296 4173 1476 4239 frater
1498 4174 1840 4239 Deogratias.

987 4277 1212 4332 CAPUT
1247 4279 1352 4333 XV.

702 4368 777 4420 De
810 4367 1098 4435 Trinitate,
1132 4366 1263 4422 libri
1289 4368 1615 4437 quindecim.

396 4456 443 4508 1.
477 4453 669 4509 Libros
700 4454 769 4510 de
817 4454 1113 4524 Trinitate,
1146 4472 1291 4533 ‘quze
1336 4458 1484 4512 Deus
1532 4461 1635 4525 est,
1694 4456 2021 4528 quindecim

320 4540 518 4613 scripsi
555 4559 660 4614 per
687 4543 903 4615 aliquot
932 4561 1131 4600 annos.
1191 4544 1295 4599 Sed
1338 4561 1469 4599 cum
1515 4561 1714 4600 eorum
1748 4544 2021 4599 duodeci—

320 4644 479 4684 mum
524 4632 779 4687 nondum
833 4632 1223 4705 perfecissem,
1282 4636 1337 4687 et
1370 4648 1467 4687 eos
1519 4631 1735 4687 diutius
1766 4636 2021 4687 tenerem

318 4734 491 4789 quam
523 4725 756 4789 possent
780 4722 1061 4777 sustinere
1107 4721 1206 4795 qui
1237 4722 1608 4777 vehementer
1636 4721 1761 4775 illos
1810 4720 2020 4777 habere

319 4804 644 4877 cupiebant,
672 4808 944 4865 subtracti
975 4817 1108 4866 sunt
1138 4811 1282 4867 mihi
1312 4812 1503 4866 minus
1528 4809 1809 4864 emendati
1848 4827 2021 4882 quam

316 4895 592 4951 deberent
620 4912 684 4951 ac
731 4902 982 4966 possent,
1056 4900 1287 4972 quando
1333 4915 1428 4955 eos
1476 4899 1645 4954 edere
1694 4899 2019 4954 voluissem.

200 5042 211 5057 ,
315 4984 478 5050 Quod
507 4987 880 5057 posteaquam
912 4987 1186 5060 comperi,
1218 4988 1352 5062 quia
1391 4992 1448 5043 et
1498 4988 1608 5043 alia
1634 5004 1832 5042 eorum
1865 4988 2017 5060 apud

379 5144 451 5210 (ᾳ)
472 5161 499 5190 ‹‹
514 5145 645 5194 Nam
662 5158 783 5193 cum
809 5144 944 5210 Booz
955 5146 1197 5210 duxisset
1212 5147 1351 5195 Ruth
1366 5150 1425 5197 ut
1437 5161 1615 5196 semen
1629 5147 1879 5197 excitaret
1899 5160 2018 5210 pro~

317 5223 345 5254 ‹‹
364 5206 566 5272 pinquo
594 5220 719 5272 suo,
741 5206 830 5270 qui
860 5207 924 5255 de
950 5208 1040 5256 illa
1062 5213 1215 5272 natus
1244 5214 1339 5265 est,
1367 5224 1433 5258 ex
1461 5210 1677 5259 nomine
1698 5206 1915 5272 quidem
1936 5209 2021 5257 de-

317 5287 343 5314 ‹‹
362 5270 529 5344 functi
554 5270 874 5344 constitutus
885 5273 981 5344 est,
1008 5271 1131 5344 quin
1146 5271 1282 5344 titius
1304 5272 1418 5344 ejus
1443 5277 1521 5344 est
1544 5270 1746 5344 dictus;
1770 5276 1927 5344 atque
1947 5272 2020 5319 ita

322 5348 348 5376 α
364 5334 559 5382 factum
577 5337 657 5382 est
674 5337 730 5381 ut
744 5345 935 5381 nomen
952 5333 1185 5380 defuncti
1204 5347 1311 5381 non
1327 5333 1590 5383 deleretur
1601 5347 1661 5383 ex
1686 5333 1880 5383 Israel:
1910 5347 2017 5382 non

320 5397 541 5459 qtamen
563 5394 922 5459 ejusrnomine
948 5394 1371 5459 appellatusiest.
1402 5413 1428 5441 ι)
1468 5396 1625 5445 Plura
1658 5396 1711 5443 in
1742 5396 1879 5445 hanc
1906 5409 2017 5445 rem

321 5453 370 5508 S.
404 5453 646 5526 August,
676 5458 765 5509 lib.
785 5461 812 5508 5
835 5453 1031 5517 Quwstl
1064 5470 1220 5521 super
1249 5458 1476 5516 Deuter.,
1507 5462 1693 5521 quaest.
1722 5461 1799 5507 46.

1475 214 2140 275 RETRACTATIONUM
2189 216 2243 273 S.
2303 215 2711 275 AUGUSTINI.
3746 229 3842 282 636

2140 357 2246 397 nos
2272 343 2619 415 exemplaria
2645 348 3059 413 remanserant,
3091 348 3403 401 statueram
3447 361 3545 403 eos
3561 349 3689 419 jam
3731 349 3842 421 ipse

2140 446 2259 485 non
2284 432 2468 499 edere,
2513 433 2608 487 sed
2649 432 2728 488 sic
2756 434 2967 489 habere
3011 435 3162 489 utin
3202 436 3311 489 alio
3348 436 3537 508 aliquo
3575 440 3842 507 opusculo

2142 536 2272 575 meo
2305 520 2441 592 quid
2474 521 2617 575 mihi
2666 522 2735 576 de
2766 522 2853 576 his
2889 524 3143 578 evenerit
3181 524 3431 579 dicerem
3463 516 3845 597 {urgentibus

2144 613 2333 664 tamen
2360 609 2652 671 fratribus,
2686 610 2894 682 quibus
2928 612 3190 666 resistere
3212 628 3329 667 non
3349 614 3520 679 valui,
3555 615 3846 669 emendavi

2143 714 2238 752 eos
2268 702 2546 770 quantum
2560 699 2944 754 emendandos
2968 701 3183 771 putavi,
3217 704 3275 754 et
3293 702 3594 772 complevi,
3623 708 3685 757 et
3703 703 3846 758 edidi

2142 788 2464 858 adjungcns
2494 787 2574 842 eis
2602 805 2636 842 a
2664 789 2847 859 capite
2876 790 3197 860 epistolam,
3231 806 3405 861 quam
3433 791 3633 861 scripsi
3664 790 3737 845 ad
3760 807 3848 845 ve-

2143 876 2457 931 nerabilem
2486 877 2787 932 Aurelium
2818 878 3147 949 episcopum
3177 880 3642 951 Carthaginensis
3672 881 3849 935 Eccle-

2142 964 2274 1031 siae;
2300 980 2413 1035 quo
2442 970 2716 1037 tanquam
2746 968 2983 1037 prologo
3013 967 3251 1038 exposui
3265 969 3334 1037 fet
3368 968 3507 1039 quid
3528 968 3844 1037 accidisset,

2143 1057 2199 1106 et
2226 1054 2363 1124 quid
2390 1054 2575 1108 facere
2599 1071 2727 1109 mea
2764 1055 3107 1125 cogitatione
3137 1057 3466 1124 voluissem,
3484 1064 3544 1112 et
3565 1058 3710 1130 quid
3738 1057 3845 1112 fra-

2144 1145 2296 1196 trum
2322 1142 2594 1197 charitate
2624 1144 3001 1214 compellente
3024 1144 3304 1199 fecissem.

2211 1234 2263 1284 2.
2302 1232 2367 1284 In
2398 1247 2645 1302 quorum
2676 1232 2821 1286 libro
2853 1232 3151 1287 undecimo
3182 1249 3313 1287 cum
3340 1234 3408 1288 de
3437 1249 3683 1305 corpore
3714 1235 3843 1290 visi-

2144 1318 2243 1373 bili
2272 1335 2521 1390 agerem,
2552 1320 2689 1388 dixi,
2715 1322 2972 1386 Quocirca
3010 1321 3069 1375 id
3091 1337 3295 1387 amare,
3318 1323 3555 1376 alienari
3583 1328 3669 1377 est
3699 1324 3840 1393 (Cap.

2143 1411 2281 1475 5,11.
2332 1410 2406 1478 9).
2441 1409 2603 1473 Quod
2633 1409 2946 1463 secundum
2994 1424 3128 1464 eum
3175 1425 3434 1464 amorem
3481 1410 3711 1465 dictum
3739 1418 3836 1478 est,

2142 1513 2256 1569 quo
2286 1497 2504 1569 aliquid
2530 1498 2609 1551 sic
2655 1502 2898 1567 amatur,
2925 1502 2990 1552 ut
3016 1514 3085 1553 eo
3114 1498 3356 1553 fruendo
3388 1499 3683 1553 existimet
3714 1499 3842 1555 bea~

2141 1590 2264 1640 tum
2295 1602 2352 1640 se
2391 1603 2512 1641 esse
2540 1587 2639 1657 qui
2664 1586 2770 1642 hoc
2799 1591 2971 1641 amat.
3007 1589 3150 1641 Nam
3195 1603 3317 1641 non
3369 1592 3453 1642 est
3489 1588 3760 1655 alienari,
3789 1589 3842 1643 in

2140 1673 2370 1728 laudem
2402 1676 2681 1729 Creatoris
2711 1692 2903 1731 amare
2936 1676 3182 1747 speciem
3212 1678 3593 1747 corporalem,
3632 1682 3698 1731 ut
3730 1677 3843 1749 ipso

2142 1768 2396 1818 creatore
2424 1764 2618 1818 fruens
2669 1765 2913 1836 quisque
2943 1780 3074 1819 vere
3117 1766 3317 1820 beatus
3360 1766 3453 1820 sit.
3492 1766 3764 1837 Itemque
3790 1767 3843 1821 in

2142 1852 2362 1918 eodem,
2420 1852 2521 1906 ubi
2579 1852 2713 1914 dixi.
2771 1854 2873 1910 Nec
2929 1868 3080 1907 avem
3142 1854 3552 1923 quadrupedem
3596 1857 3840 1921 memini,

2142 1943 2273 2009 quia
2303 1957 2405 1995 non
2434 1942 2580 2007 vidi,-
2605 1942 2699 1996 sed
2732 1942 3088 2011 phantasiam
3130 1944 3290 1996 talem
3317 1944 3583 2009 facillime
3614 1945 3841 2008 intueor,

2141 2029 2269 2083 dum
2299 2032 2468 2084 alicui
2494 2033 2685 2097 forma
2721 2032 2951 2096 volatili,
2986 2033 3198 2099 qualem
3238 2032 3376 2098 vidi,
3425 2031 3676 2101 adjungo
3719 2034 3845 2087 alios

2141 2118 2273 2172 duos
2301 2120 2480 2187 pedes,
2516 2120 2699 2189 quales
2746 2120 2934 2173 itidem
2979 2120 3101 2174 vidi
3128 2121 3288 2190 (Cap.
3350 2122 3431 2182 10,
3466 2136 3521 2174 η.
3582 2125 3693 2189 17),
3731 2122 3843 2176 haec

2143 2206 2334 2260 dicens
2361 2223 2476 2261 non
2504 2208 2665 2277 potui
2692 2208 2940 2262 recolere
2985 2208 3237 2263 volatilia
3287 2208 3691 2280 quadrupedia
3721 2226 3842 2281 qua

2142 2294 2251 2347 Lex
2280 2299 2686 2348 commemorat
2716 2294 2905 2365 (Levit.
2938 2311 3013 2358 x1,
3046 2295 3161 2365 20).
3204 2297 3397 2366 Neque
3427 2297 3583 2350 enim
3614 2313 3846 2368 compu-

2141 2385 2229 2436 tat
2248 2383 2306 2436 in
2345 2383 2584 2452 pedibus
2615 2383 2727 2437 duo
2776 2384 3095 2454 posteriora
3141 2400 3307 2438 crura
3339 2385 3549 2454 quibus
3605 2386 3842 2440 locusta:

2142 2471 2372 2538 saliunt,
2406 2488 2548 2542 quas
2579 2472 2716 2527 dicit
2758 2473 3019 2539 mundas,
3060 2476 3118 2526 et
3158 2472 3286 2526 ideo
3323 2473 3598 2527 discernit
3637 2474 3710 2528 ab
3742 2475 3842 2528 im-

2141 2561 2372 2615 mundis
2399 2561 2605 2615 talibus
2634 2560 2975 2628 volatilibus,
3009 2576 3139 2631 quae
3167 2575 3282 2614 non
3313 2561 3528 2616 saliunt
3574 2561 3691 2615 illis
3717 2578 3842 2616 cru-

2139 2649 2313 2715 ribus,
2357 2650 2501 2704 sicut
2524 2654 2655 2704 sunt
2698 2648 2986 2704 scarabaei.
3022 2649 3228 2705 Omnia
3258 2650 3474 2720 quippe
3509 2649 3842 2721 hujusmodi

2139 2737 2390 2792 volatilia
2422 2738 2820 2810 quadrupedia
2848 2741 3120 2793 vocantur
3143 2737 3203 2791 in
3236 2739 3401 2809 Lege.
3484 2754 3495 2758 ·

2211 2830 2261 2882 3.
2297 2829 2360 2882 ln
2391 2827 2727 2883 duodecimo
2777 2829 2934 2899 (Cap.
2990 2844 3045 2894 x,
3078 2842 3133 2882 π.
3199 2831 3303 2895 15),
3355 2828 3512 2882 velut
3568 2828 3843 2900 expositio

2138 2916 2441 2970 verborum
2505 2915 2779 2986 Apostoli,
2842 2916 2935 2970 ubi
2986 2916 3083 2983 ait,
3126 2917 3291 2971 Omne
3340 2921 3625 2987 peccatum
3680 2917 3842 2987 quod-

2139 3019 2364 3073 cumque
2387 3006 2577 3072 fecerit
2606 3006 2781 3075 homo,
2812 3009 2971 3059 eastra
3000 3020 3192 3074 corpus
3221 3009 3318 3073 est,
3344 3021 3464 3059 non
3514 3004 3664 3059 mihi
3690 3005 3842 3060 satis-

2137 3092 2305 3161 facit;
2358 3108 2460 3148 nec
2500 3093 2579 3147 sic
2629 3097 2768 3164 puto
2808 3093 3251 3164 intelligendum
3306 3094 3459 3165 quod
3491 3092 3711 3149 dictum
3743 3098 3839 3159 est,

2139 3182 2247 3246 Qui
2275 3185 2452 3235 autem
2482 3182 2808 3249 fornicatur,
2833 3184 2891 3236 in
2909 3197 3101 3252 corpus
3127 3185 3417 3252 proprium
3444 3187 3633 3251 peccat
3664 3185 3704 3252 (Ι
3723 3185 3837 3240 Cor.

2136 3286 2211 3337 v1,
2247 3270 2357 3339 18),
2400 3274 2674 3341 tanquam
2721 3270 2817 3325 ille
2872 3272 2979 3326 hoc
3009 3271 3195 3339 faciat,
3228 3272 3326 3343 qui
3371 3276 3613 3343 propter
3665 3271 3840 3342 adipi-

2138 3359 2343 3412 scenda
2375 3374 2441 3413 ea
2472 3375 2601 3429 quae
2634 3375 2737 3431 per
2765 3375 2972 3431 corpus
3002 3360 3349 3428 sentiuntur,
3373 3366 3436 3414 ut
3464 3361 3525 3414 in
3552 3360 3644 3415 his
3669 3360 3834 3415 tinem

2136 3446 2274 3501 boni
2305 3448 2391 3501 sui
2421 3451 2617 3516 ponat,
2680 3448 2895 3519 aliquid
2932 3448 3069 3519 agit.
3129 3450 3245 3503 Hoc
3273 3449 3429 3503 enim
3478 3449 3651 3519 longe
3680 3449 3835 3519 plura

2135 3540 2365 3606 peccata
2395 3536 2817 3606 complectitur,
2852 3553 3027 3607 quam
3068 3538 3169 3591 illa
3199 3537 3498 3591 fornicatio
3528 3553 3660 3608 quae
3709 3553 3831 3591 con-

2136 3623 2328 3678 cubitu
2353 3628 2720 3695 perpetratur
2746 3624 2968 3691 illicito,
3001 3626 3070 3680 de
3100 3641 3213 3696 qua
3248 3626 3527 3692 locutum,
3570 3641 3705 3679 cum
3733 3624 3830 3678 hoc

2136 3712 2345 3781 dicere;
2379 3714 2715 3783 Apostolum
2754 3718 3010 3785 apparet.
3058 3717 3173 3769 Hoc
3220 3731 3385 3785 opus,
3437 3718 3673 3786 excepta
3714 3714 3830 3785 epi-

2135 3801 2279 3855 stola
2309 3818 2437 3873 quze
2466 3807 2596 3874 post
2621 3803 2855 3857 modum
2888 3804 2954 3858 ad
2969 3804 3091 3874 ejus
3121 3808 3293 3874 caput
3318 3803 3591 3873 adjuncta
3620 3806 3723 3869 est,
3761 3802 3829 3855 sic

2135 3888 2332 3960 incipit
2362 3907 2376 3946 :
2410 3893 2666 3946 Lecturus
2696 3892 2803 3946 haec
2833 3907 2951 3962 quae
2978 3892 3044 3946 de
3076 3894 3347 3946 Trinitate
3375 3892 3716 3947 disserimus.

2781 4017 3009 4071 CAPUT
3043 4017 3177 4072 XVI.

2271 4107 2344 4159 De
2395 4106 2672 4160 Consensu
2714 4107 3210 4173 Evangelz’starum,
3260 4104 3388 4159 libri
3430 4109 3690 4174 quatuor.

2202 4212 2310 4264 Per
2335 4211 2565 4266 eosdem
2587 4226 2769 4265 annos
2803 4210 3009 4282 quibus
3039 4210 3317 4283 paulatim
3350 4210 3526 4265 libros
3560 4211 3632 4266 de
3661 4208 3833 4265 Trini-

2129 4301 2245 4353 tate
2272 4298 2579 4365 dictabam,
2609 4298 2809 4370 scripsi
2846 4303 2901 4354 et
2929 4299 3072 4353 alios
3102 4299 3297 4353 labore
3329 4299 3628 4368 continuo,
3662 4298 3830 4353 inter-

2130 4403 2349 4458 ponens
2374 4405 2471 4442 eos
2499 4388 2729 4442 illorum
2760 4388 3137 4458 temporibus,
3170 4388 3231 4441 in
3285 4387 3496 4460 quibus
3529 4392 3671 4442 sunt
3709 4384 3832 4441 libri

2133 4480 2379 4547 quatuor
2407 4476 2475 4530 de
2504 4477 2791 4530 Consensu
2825 4475 3335 4547 Evangelistarum,
3359 4479 3599 4547 propter
3626 4491 3723 4530 eos
3741 4474 3833 4545 qui

2130 4567 2405 4635 tanquam
2441 4564 2906 4618 dissentientibus
2945 4565 3366 4620 calumniantur
3396 4580 3409 4618 :
3439 4580 3691 4636 quorum
3722 4562 3831 4634 pri-

2130 4669 2257 4707 mus
2284 4652 2431 4707 liber
2461 4653 2729 4707 adversus
2751 4653 2882 4708 illos
2911 4653 3267 4724 conscriptus
3296 4657 3398 4719 est,
3433 4652 3537 4723 qui
3562 4657 3830 4724 tanquam

2131 4740 2378 4796 maxime
2401 4740 2721 4811 sapientem
2752 4740 3042 4796 Christum
3083 4741 3171 4795 vel
3200 4741 3491 4795 honorant
3535 4741 3625 4794 vel
3657 4740 3832 4794 hono-

2130 4845 2257 4884 rare
2312 4845 2370 4883 se
2395 4830 2660 4900 tingunt;
2694 4833 2750 4884 et
2776 4828 2904 4884 ideo
2958 4829 3166 4883 nolunt
3220 4828 3524 4899 Evangelio
3564 4828 3828 4894 credere;

2129 4918 2264 4990 quia
2301 4934 2415 4972 non
2443 4917 2513 4971 ab
2535 4917 2659 4988 ipso
2689 4917 2786 4971 illa
2808 4917 3127 4988 conscripta
3148 4922 3297 4982 sunt,
3332 4916 3430 4971 sed
3457 4917 3528 4970 ab
3555 4917 3684 4988 ejus
3722 4916 3829 4971 dis-

2127 5006 2353 5078 cipulis,
2383 5023 2523 5078 quos
2565 5005 2896 5060 existimant
2941 5005 2996 5059 ei
3042 5005 3422 5075 divinitatem,
3469 5022 3586 5077 qua
3643 5005 3830 5059 crede-

2126 5100 2287 5150 retur
2315 5098 2485 5163 Deus,
2518 5111 2711 5150 errore
2749 5093 3035 5148 tribuisse.
3066 5095 3130 5148 In
3177 5110 3291 5164 quo
3321 5093 3466 5147 libro
3496 5093 3654 5164 quod
3699 5091 3830 5160 dixi,

2134 5187 2214 5239 Em
2257 5185 2540 5239 Abraham
2601 5186 2819 5253 corpisse
2871 5187 3079 5250 gentem
3132 5184 3472 5237 Hebrzeorum
3530 5182 3689 5253 (Cap.
3748 5182 3827 5246 14,

2127 5288 2187 5328 η.
2222 5274 2356 5342 21);
2385 5276 2469 5326 est
2500 5271 2734 5343 quidem
2768 5276 2824 5326 et
2850 5271 2957 5325 hoc
2986 5270 3276 5338 credibile,
3310 5275 3373 5325 ut
3402 5270 3649 5337 Hebraei,
3682 5270 3829 5324 velut

2129 5359 2413 5427 Abrahzei,
2447 5359 2584 5415 dicti
2615 5377 2739 5414 esse
2789 5359 3127 5416 videantur:
3161 5360 3257 5413 sed
3291 5376 3358 5413 ex
3388 5358 3487 5413 illo
3527 5358 3718 5413 verius
3750 5357 3827 5411 in-

2126 5448 2465 5520 telliguntur
2493 5448 2786 5521 appellati,
2818 5448 2918 5521 qui
2956 5448 3261 5505 vocabatur
3321 5447 3524 5515 Heber,
3556 5450 3821 5519 tanquam
