  <div class='ocr_page' id='page_1' title='image "/cluster/home/n/w/nwhite01/storage/ocr_20150623/32/hvd.32044096580550/338.png"; bbox 0 0 4028 6174; ppageno 0'>
   <div class='ocr_carea' id='block_1_1' title="bbox 169 211 1885 271">
    <p class='ocr_par' dir='ltr' id='par_1_1' title="bbox 169 212 1885 271">
     <span class='ocr_line' id='line_1_1' title="bbox 169 212 1885 271; baseline -0.001 -2"><span class='ocrx_word' id='word_1_1' title='bbox 169 217 272 269; x_wconf 82' lang='grc'>637</span> <span class='ocrx_word' id='word_1_2' title='bbox 1375 233 1387 247; x_wconf 87' lang='grc'><strong>·</strong></span> <span class='ocrx_word' id='word_1_3' title='bbox 1598 212 1812 271; x_wconf 83' lang='lat' dir='ltr'>LIBER</span> <span class='ocrx_word' id='word_1_4' title='bbox 1880 219 1885 267; x_wconf 73' lang='grc' dir='ltr'><strong>ε</strong></span> 
     </span>
    </p>
   </div>
   <div class='ocr_carea' id='block_1_2' title="bbox 2065 211 2277 271">
    <p class='ocr_par' dir='ltr' id='par_1_2' title="bbox 2065 212 2277 270">
     <span class='ocr_line' id='line_1_2' title="bbox 2065 212 2277 270; baseline 0.005 -1"><span class='ocrx_word' id='word_1_5' title='bbox 2065 212 2277 270; x_wconf 83' lang='lat' dir='ltr'>NDUS.</span> 
     </span>
    </p>
   </div>
   <div class='ocr_carea' id='block_1_3' title="bbox 168 333 1874 406">
    <p class='ocr_par' dir='ltr' id='par_1_3' title="bbox 168 333 1874 406">
     <span class='ocr_line' id='line_1_3' title="bbox 168 333 1874 406; baseline -0.002 -13"><span class='ocrx_word' id='word_1_6' title='bbox 168 336 395 394; x_wconf 63' lang='lat' dir='ltr'>Hebraii</span> <span class='ocrx_word' id='word_1_7' title='bbox 416 336 517 405; x_wconf 84' lang='lat' dir='ltr'>(a),</span> <span class='ocrx_word' id='word_1_8' title='bbox 548 335 618 389; x_wconf 91' lang='lat' dir='ltr'>de</span> <span class='ocrx_word' id='word_1_9' title='bbox 648 349 761 406; x_wconf 88' lang='lat' dir='ltr'>qua</span> <span class='ocrx_word' id='word_1_10' title='bbox 790 350 852 389; x_wconf 89' lang='lat' dir='ltr'>re</span> <span class='ocrx_word' id='word_1_11' title='bbox 881 334 942 388; x_wconf 91' lang='lat' dir='ltr'>in</span> <span class='ocrx_word' id='word_1_12' title='bbox 971 333 1117 389; x_wconf 91' lang='lat' dir='ltr'>libro</span> <span class='ocrx_word' id='word_1_13' title='bbox 1146 337 1304 389; x_wconf 84' lang='lat' dir='ltr'>sexto</span> <span class='ocrx_word' id='word_1_14' title='bbox 1347 334 1569 389; x_wconf 90' lang='lat' dir='ltr'>decimo</span> <span class='ocrx_word' id='word_1_15' title='bbox 1612 335 1681 390; x_wconf 91' lang='lat' dir='ltr'>de</span> <span class='ocrx_word' id='word_1_16' title='bbox 1728 334 1874 391; x_wconf 82' lang='lat' dir='ltr'>Civi-</span> 
     </span>
    </p>
   </div>
   <div class='ocr_carea' id='block_1_4' title="bbox 168 423 1875 495">
    <p class='ocr_par' dir='ltr' id='par_1_4' title="bbox 168 423 1875 495">
     <span class='ocr_line' id='line_1_4' title="bbox 168 423 1875 495; baseline -0.002 -14"><span class='ocrx_word' id='word_1_17' title='bbox 168 430 285 481; x_wconf 85' lang='lat' dir='ltr'>tate</span> <span class='ocrx_word' id='word_1_18' title='bbox 319 425 441 490; x_wconf 85' lang='lat' dir='ltr'>Dei,</span> <span class='ocrx_word' id='word_1_19' title='bbox 476 424 613 479; x_wconf 82' lang='lat' dir='ltr'>satis</span> <span class='ocrx_word' id='word_1_20' title='bbox 660 423 901 478; x_wconf 81' lang='lat' dir='ltr'>disserui</span> <span class='ocrx_word' id='word_1_21' title='bbox 948 424 1098 495; x_wconf 87' lang='lat' dir='ltr'>(Cap.</span> <span class='ocrx_word' id='word_1_22' title='bbox 1159 424 1265 493; x_wconf 82' lang='lat' dir='ltr'>ll).</span> <span class='ocrx_word' id='word_1_23' title='bbox 1320 425 1383 478; x_wconf 90' lang='lat' dir='ltr'>In</span> <span class='ocrx_word' id='word_1_24' title='bbox 1428 424 1698 493; x_wconf 91' lang='lat' dir='ltr'>secundo,</span> <span class='ocrx_word' id='word_1_25' title='bbox 1746 439 1875 478; x_wconf 92' lang='lat' dir='ltr'>cum</span> 
     </span>
    </p>
   </div>
   <div class='ocr_carea' id='block_1_5' title="bbox 169 512 1875 586">
    <p class='ocr_par' dir='ltr' id='par_1_5' title="bbox 169 512 1875 586">
     <span class='ocr_line' id='line_1_5' title="bbox 169 512 1875 586; baseline -0.002 -16"><span class='ocrx_word' id='word_1_26' title='bbox 169 530 401 586; x_wconf 80' lang='lat' dir='ltr'>agerem</span> <span class='ocrx_word' id='word_1_27' title='bbox 429 514 499 569; x_wconf 88' lang='lat' dir='ltr'>de</span> <span class='ocrx_word' id='word_1_28' title='bbox 528 512 749 568; x_wconf 89' lang='lat' dir='ltr'>duobus</span> <span class='ocrx_word' id='word_1_29' title='bbox 777 512 1037 583; x_wconf 87' lang='lat' dir='ltr'>patribus</span> <span class='ocrx_word' id='word_1_30' title='bbox 1057 513 1290 583; x_wconf 89' lang='lat' dir='ltr'>.loseph,</span> <span class='ocrx_word' id='word_1_31' title='bbox 1323 513 1393 567; x_wconf 91' lang='lat' dir='ltr'>ab</span> <span class='ocrx_word' id='word_1_32' title='bbox 1423 514 1603 567; x_wconf 89' lang='lat' dir='ltr'>altero</span> <span class='ocrx_word' id='word_1_33' title='bbox 1631 513 1746 567; x_wconf 85' lang='lat' dir='ltr'>dixi</span> <span class='ocrx_word' id='word_1_34' title='bbox 1777 529 1875 584; x_wconf 87' lang='lat' dir='ltr'>ge-</span> 
     </span>
    </p>
   </div>
   <div class='ocr_carea' id='block_1_6' title="bbox 170 600 1874 672">
    <p class='ocr_par' dir='ltr' id='par_1_6' title="bbox 170 600 1874 672">
     <span class='ocr_line' id='line_1_6' title="bbox 170 600 1874 672; baseline -0.002 -13"><span class='ocrx_word' id='word_1_35' title='bbox 170 604 381 671; x_wconf 89' lang='lat' dir='ltr'>nitum,</span> <span class='ocrx_word' id='word_1_36' title='bbox 417 603 486 658; x_wconf 90' lang='lat' dir='ltr'>ab</span> <span class='ocrx_word' id='word_1_37' title='bbox 513 602 693 657; x_wconf 87' lang='lat' dir='ltr'>altero</span> <span class='ocrx_word' id='word_1_38' title='bbox 718 600 1054 672; x_wconf 83' lang='lat' dir='ltr'>adoptatum</span> <span class='ocrx_word' id='word_1_39' title='bbox 1094 601 1243 671; x_wconf 88' lang='lat' dir='ltr'>(Cap.</span> <span class='ocrx_word' id='word_1_40' title='bbox 1297 604 1349 666; x_wconf 90' lang='lat'>3,</span> <span class='ocrx_word' id='word_1_41' title='bbox 1405 617 1461 655; x_wconf 90' lang='lat' dir='ltr'>n.</span> <span class='ocrx_word' id='word_1_42' title='bbox 1510 600 1582 671; x_wconf 81' lang='grc'>5).</span> <span class='ocrx_word' id='word_1_43' title='bbox 1635 601 1745 656; x_wconf 90' lang='lat' dir='ltr'>Sed</span> <span class='ocrx_word' id='word_1_44' title='bbox 1787 601 1874 656; x_wconf 83' lang='lat' dir='ltr'>di—</span> 
     </span>
    </p>
   </div>
   <div class='ocr_carea' id='block_1_7' title="bbox 165 686 1875 759">
    <p class='ocr_par' dir='ltr' id='par_1_7' title="bbox 165 686 1875 759">
     <span class='ocr_line' id='line_1_7' title="bbox 165 686 1875 759; baseline -0.002 -14"><span class='ocrx_word' id='word_1_45' title='bbox 165 691 416 745; x_wconf 90' lang='lat' dir='ltr'>cendum</span> <span class='ocrx_word' id='word_1_46' title='bbox 444 689 575 756; x_wconf 85' lang='lat' dir='ltr'>fuit,</span> <span class='ocrx_word' id='word_1_47' title='bbox 602 688 769 744; x_wconf 84' lang='lat' dir='ltr'>alteri</span> <span class='ocrx_word' id='word_1_48' title='bbox 796 688 1148 759; x_wconf 80' lang='lat' dir='ltr'>adoptatum.</span> <span class='ocrx_word' id='word_1_49' title='bbox 1196 686 1474 741; x_wconf 86' lang='lat' dir='ltr'>Defuncto</span> <span class='ocrx_word' id='word_1_50' title='bbox 1514 686 1690 751; x_wconf 92' lang='lat' dir='ltr'>enim,</span> <span class='ocrx_word' id='word_1_51' title='bbox 1723 687 1875 757; x_wconf 91' lang='lat' dir='ltr'>quod</span> 
     </span>
    </p>
   </div>
   <div class='ocr_carea' id='block_1_8' title="bbox 163 776 1878 851">
    <p class='ocr_par' dir='ltr' id='par_1_8' title="bbox 163 776 1878 851">
     <span class='ocr_line' id='line_1_8' title="bbox 163 776 1878 851; baseline -0.003 -17"><span class='ocrx_word' id='word_1_52' title='bbox 163 779 358 851; x_wconf 89' lang='lat' dir='ltr'>magis</span> <span class='ocrx_word' id='word_1_53' title='bbox 380 778 734 833; x_wconf 90' lang='lat' dir='ltr'>credendum</span> <span class='ocrx_word' id='word_1_54' title='bbox 750 782 854 845; x_wconf 89' lang='lat' dir='ltr'>est,</span> <span class='ocrx_word' id='word_1_55' title='bbox 877 777 1192 832; x_wconf 88' lang='lat' dir='ltr'>secundum</span> <span class='ocrx_word' id='word_1_56' title='bbox 1215 777 1422 847; x_wconf 84' lang='lat' dir='ltr'><strong>Legem</strong></span> <span class='ocrx_word' id='word_1_57' title='bbox 1444 776 1627 831; x_wconf 86' lang='lat' dir='ltr'>fuerat</span> <span class='ocrx_word' id='word_1_58' title='bbox 1647 776 1878 847; x_wconf 89' lang='lat' dir='ltr'>adopta-</span> 
     </span>
    </p>
   </div>
   <div class='ocr_carea' id='block_1_9' title="bbox 157 864 1876 940">
    <p class='ocr_par' dir='ltr' id='par_1_9' title="bbox 157 864 1876 940">
     <span class='ocr_line' id='line_1_9' title="bbox 157 864 1876 940; baseline -0.003 -17"><span class='ocrx_word' id='word_1_59' title='bbox 157 872 291 936; x_wconf 87' lang='lat' dir='ltr'>tus;</span> <span class='ocrx_word' id='word_1_60' title='bbox 322 867 600 940; x_wconf 89' lang='lat' dir='ltr'>quoniam</span> <span class='ocrx_word' id='word_1_61' title='bbox 634 866 734 938; x_wconf 85' lang='lat' dir='ltr'>qui</span> <span class='ocrx_word' id='word_1_62' title='bbox 764 882 897 921; x_wconf 91' lang='lat' dir='ltr'>eum</span> <span class='ocrx_word' id='word_1_63' title='bbox 937 865 1156 937; x_wconf 79' lang='lat' dir='ltr'>genuit,</span> <span class='ocrx_word' id='word_1_64' title='bbox 1206 866 1330 936; x_wconf 87' lang='lat' dir='ltr'>ejus</span> <span class='ocrx_word' id='word_1_65' title='bbox 1372 870 1635 931; x_wconf 82' lang='lat' dir='ltr'>matrem,</span> <span class='ocrx_word' id='word_1_66' title='bbox 1685 864 1876 919; x_wconf 80' lang='lat' dir='ltr'>fratris</span> 
     </span>
    </p>
   </div>
   <div class='ocr_carea' id='block_1_10' title="bbox 158 954 1877 1027">
    <p class='ocr_par' dir='ltr' id='par_1_10' title="bbox 158 954 1877 1027">
     <span class='ocr_line' id='line_1_10' title="bbox 158 954 1877 1027; baseline -0.003 -15"><span class='ocrx_word' id='word_1_67' title='bbox 158 956 427 1011; x_wconf 83' lang='lat' dir='ltr'>defuncti</span> <span class='ocrx_word' id='word_1_68' title='bbox 456 956 760 1027; x_wconf 89' lang='lat' dir='ltr'>conjugem</span> <span class='ocrx_word' id='word_1_69' title='bbox 787 955 1042 1009; x_wconf 87' lang='lat' dir='ltr'>duxerat.</span> <span class='ocrx_word' id='word_1_70' title='bbox 1077 956 1221 1009; x_wconf 89' lang='lat' dir='ltr'>Item</span> <span class='ocrx_word' id='word_1_71' title='bbox 1252 954 1349 1008; x_wconf 89' lang='lat' dir='ltr'>ubi</span> <span class='ocrx_word' id='word_1_72' title='bbox 1384 954 1521 1021; x_wconf 80' lang='lat' dir='ltr'>dixi,</span> <span class='ocrx_word' id='word_1_73' title='bbox 1552 955 1725 1009; x_wconf 87' lang='lat' dir='ltr'>Lucas</span> <span class='ocrx_word' id='word_1_74' title='bbox 1752 968 1877 1007; x_wconf 81' lang='lat' dir='ltr'>vero</span> 
     </span>
    </p>
   </div>
   <div class='ocr_carea' id='block_1_11' title="bbox 159 1042 1874 1115">
    <p class='ocr_par' dir='ltr' id='par_1_11' title="bbox 159 1042 1874 1115">
     <span class='ocr_line' id='line_1_11' title="bbox 159 1042 1874 1115; baseline -0.003 -15"><span class='ocrx_word' id='word_1_75' title='bbox 159 1045 238 1100; x_wconf 87' lang='lat' dir='ltr'>ad</span> <span class='ocrx_word' id='word_1_76' title='bbox 266 1048 458 1115; x_wconf 85' lang='lat' dir='ltr'>ipsum</span> <span class='ocrx_word' id='word_1_77' title='bbox 488 1044 667 1098; x_wconf 81' lang='lat' dir='ltr'>David</span> <span class='ocrx_word' id='word_1_78' title='bbox 684 1059 788 1113; x_wconf 86' lang='lat' dir='ltr'>per</span> <span class='ocrx_word' id='word_1_79' title='bbox 822 1044 1063 1099; x_wconf 85' lang='lat' dir='ltr'>Natham</span> <span class='ocrx_word' id='word_1_80' title='bbox 1106 1042 1369 1111; x_wconf 81' lang='lat' dir='ltr'>ascendit,</span> <span class='ocrx_word' id='word_1_81' title='bbox 1410 1058 1510 1112; x_wconf 89' lang='lat' dir='ltr'>per</span> <span class='ocrx_word' id='word_1_82' title='bbox 1553 1056 1707 1110; x_wconf 85' lang='lat' dir='ltr'><strong>quem</strong></span> <span class='ocrx_word' id='word_1_83' title='bbox 1742 1056 1874 1111; x_wconf 81' lang='lat' dir='ltr'>pro-</span> 
     </span>
    </p>
   </div>
   <div class='ocr_carea' id='block_1_12' title="bbox 155 1129 1876 1201">
    <p class='ocr_par' dir='ltr' id='par_1_12' title="bbox 155 1129 1876 1201">
     <span class='ocr_line' id='line_1_12' title="bbox 155 1129 1876 1201; baseline -0.001 -16"><span class='ocrx_word' id='word_1_84' title='bbox 155 1132 393 1201; x_wconf 84' lang='lat' dir='ltr'>phetam</span> <span class='ocrx_word' id='word_1_85' title='bbox 430 1134 571 1186; x_wconf 87' lang='lat' dir='ltr'>Deus</span> <span class='ocrx_word' id='word_1_86' title='bbox 598 1135 875 1199; x_wconf 87' lang='lat' dir='ltr'>peccatum</span> <span class='ocrx_word' id='word_1_87' title='bbox 919 1132 1069 1185; x_wconf 81' lang='lat' dir='ltr'>illius</span> <span class='ocrx_word' id='word_1_88' title='bbox 1114 1132 1360 1200; x_wconf 61' lang='lat' dir='ltr'>expiavit</span> <span class='ocrx_word' id='word_1_89' title='bbox 1396 1130 1547 1200; x_wconf 88' lang='lat' dir='ltr'><strong><em>(Cap.</em></strong></span> <span class='ocrx_word' id='word_1_90' title='bbox 1584 1131 1638 1196; x_wconf 81' lang='grc'>4,</span> <span class='ocrx_word' id='word_1_91' title='bbox 1665 1145 1721 1183; x_wconf 88' lang='lat' dir='ltr'>n.</span> <span class='ocrx_word' id='word_1_92' title='bbox 1758 1129 1876 1199; x_wconf 72' lang='lat'>12),-</span> 
     </span>
    </p>
   </div>
   <div class='ocr_carea' id='block_1_13' title="bbox 160 1216 1877 1289">
    <p class='ocr_par' dir='ltr' id='par_1_13' title="bbox 160 1216 1877 1289">
     <span class='ocr_line' id='line_1_13' title="bbox 160 1216 1877 1289; baseline -0.002 -17"><span class='ocrx_word' id='word_1_93' title='bbox 160 1234 273 1288; x_wconf 90' lang='lat' dir='ltr'>per</span> <span class='ocrx_word' id='word_1_94' title='bbox 303 1218 472 1289; x_wconf 86' lang='lat' dir='ltr'>cujus</span> <span class='ocrx_word' id='word_1_95' title='bbox 502 1217 753 1273; x_wconf 85' lang='lat' dir='ltr'>nominis</span> <span class='ocrx_word' id='word_1_96' title='bbox 788 1218 1148 1289; x_wconf 84' lang='lat' dir='ltr'>prophetam,</span> <span class='ocrx_word' id='word_1_97' title='bbox 1184 1218 1369 1273; x_wconf 86' lang='lat' dir='ltr'><strong>dicere</strong></span> <span class='ocrx_word' id='word_1_98' title='bbox 1408 1216 1599 1286; x_wconf 88' lang='lat' dir='ltr'>debui,</span> <span class='ocrx_word' id='word_1_99' title='bbox 1646 1232 1718 1271; x_wconf 92' lang='lat' dir='ltr'>ne</span> <span class='ocrx_word' id='word_1_100' title='bbox 1763 1231 1877 1286; x_wconf 92' lang='lat' dir='ltr'>pu-</span> 
     </span>
    </p>
   </div>
   <div class='ocr_carea' id='block_1_14' title="bbox 158 1304 1878 1376">
    <p class='ocr_par' dir='ltr' id='par_1_14' title="bbox 158 1304 1878 1376">
     <span class='ocr_line' id='line_1_14' title="bbox 158 1304 1878 1376; baseline -0.002 -15"><span class='ocrx_word' id='word_1_101' title='bbox 158 1311 397 1361; x_wconf 88' lang='lat' dir='ltr'>taretur</span> <span class='ocrx_word' id='word_1_102' title='bbox 425 1306 577 1361; x_wconf 88' lang='lat' dir='ltr'>idem</span> <span class='ocrx_word' id='word_1_103' title='bbox 607 1306 782 1361; x_wconf 86' lang='lat' dir='ltr'>fuisse</span> <span class='ocrx_word' id='word_1_104' title='bbox 812 1307 1007 1373; x_wconf 91' lang='lat' dir='ltr'>homo,</span> <span class='ocrx_word' id='word_1_105' title='bbox 1041 1323 1171 1361; x_wconf 91' lang='lat' dir='ltr'>cum</span> <span class='ocrx_word' id='word_1_106' title='bbox 1200 1307 1342 1360; x_wconf 85' lang='lat' dir='ltr'>alter</span> <span class='ocrx_word' id='word_1_107' title='bbox 1384 1304 1575 1372; x_wconf 90' lang='lat' dir='ltr'>fuerit,</span> <span class='ocrx_word' id='word_1_108' title='bbox 1617 1304 1878 1376; x_wconf 85' lang='lat' dir='ltr'>quamvis</span> 
     </span>
    </p>
   </div>
   <div class='ocr_carea' id='block_1_15' title="bbox 158 1392 1879 1466">
    <p class='ocr_par' dir='ltr' id='par_1_15' title="bbox 158 1392 1879 1466">
     <span class='ocr_line' id='line_1_15' title="bbox 158 1392 1879 1466; baseline -0.002 -16"><span class='ocrx_word' id='word_1_109' title='bbox 158 1399 223 1450; x_wconf 87' lang='lat' dir='ltr'>et</span> <span class='ocrx_word' id='word_1_110' title='bbox 263 1394 394 1466; x_wconf 86' lang='lat' dir='ltr'>ipse</span> <span class='ocrx_word' id='word_1_111' title='bbox 434 1395 544 1450; x_wconf 91' lang='lat' dir='ltr'>hoc</span> <span class='ocrx_word' id='word_1_112' title='bbox 585 1399 909 1449; x_wconf 84' lang='lat' dir='ltr'>vocaretur.</span> <span class='ocrx_word' id='word_1_113' title='bbox 962 1397 1079 1449; x_wconf 87' lang='lat' dir='ltr'>Hoc</span> <span class='ocrx_word' id='word_1_114' title='bbox 1121 1410 1264 1465; x_wconf 91' lang='lat' dir='ltr'>opus</span> <span class='ocrx_word' id='word_1_115' title='bbox 1306 1394 1385 1448; x_wconf 91' lang='lat' dir='ltr'>sic</span> <span class='ocrx_word' id='word_1_116' title='bbox 1431 1392 1635 1465; x_wconf 89' lang='lat' dir='ltr'>incipit</span> <span class='ocrx_word' id='word_1_117' title='bbox 1676 1395 1879 1449; x_wconf 86' lang='lat' dir='ltr'>:Inter</span> 
     </span>
    </p>
   </div>
   <div class='ocr_carea' id='block_1_16' title="bbox 157 1484 1001 1540">
    <p class='ocr_par' dir='ltr' id='par_1_16' title="bbox 157 1484 1001 1540">
     <span class='ocr_line' id='line_1_16' title="bbox 157 1484 1001 1540; baseline -0.001 -1"><span class='ocrx_word' id='word_1_118' title='bbox 157 1500 350 1540; x_wconf 87' lang='lat' dir='ltr'>omnes</span> <span class='ocrx_word' id='word_1_119' title='bbox 379 1484 601 1540; x_wconf 83' lang='lat' dir='ltr'>divinas</span> <span class='ocrx_word' id='word_1_120' title='bbox 635 1485 1001 1540; x_wconf 78' lang='lat' dir='ltr'>auctoritates.</span> 
     </span>
    </p>
   </div>
   <div class='ocr_carea' id='block_1_17' title="bbox 804 1572 1245 1628">
    <p class='ocr_par' dir='ltr' id='par_1_17' title="bbox 804 1572 1245 1628">
     <span class='ocr_line' id='line_1_17' title="bbox 804 1572 1245 1628; baseline -0.007 0"><span class='ocrx_word' id='word_1_121' title='bbox 804 1572 1032 1628; x_wconf 83' lang='lat' dir='ltr'>CAPUT</span> <span class='ocrx_word' id='word_1_122' title='bbox 1083 1573 1245 1628; x_wconf 85' lang='lat' dir='ltr'><strong>XVII.</strong></span> 
     </span>
    </p>
   </div>
   <div class='ocr_carea' id='block_1_18' title="bbox 405 1660 1651 1732">
    <p class='ocr_par' dir='ltr' id='par_1_18' title="bbox 405 1660 1651 1732">
     <span class='ocr_line' id='line_1_18' title="bbox 405 1660 1651 1732; baseline -0.006 -12"><span class='ocrx_word' id='word_1_123' title='bbox 405 1663 605 1720; x_wconf 82' lang='lat' dir='ltr'>Contra</span> <span class='ocrx_word' id='word_1_124' title='bbox 630 1662 932 1732; x_wconf 85' lang='lat' dir='ltr'>Epistolam</span> <span class='ocrx_word' id='word_1_125' title='bbox 961 1662 1331 1728; x_wconf 89' lang='lat' dir='ltr'>Parmeniani,</span> <span class='ocrx_word' id='word_1_126' title='bbox 1365 1660 1495 1715; x_wconf 80' lang='lat' dir='ltr'>libri</span> <span class='ocrx_word' id='word_1_127' title='bbox 1526 1662 1651 1714; x_wconf 86' lang='lat' dir='ltr'>tres.</span> 
     </span>
    </p>
   </div>
   <div class='ocr_carea' id='block_1_19' title="bbox 239 1746 1879 1821">
    <p class='ocr_par' dir='ltr' id='par_1_19' title="bbox 239 1746 1879 1821">
     <span class='ocr_line' id='line_1_19' title="bbox 239 1746 1879 1821; baseline -0.002 -16"><span class='ocrx_word' id='word_1_128' title='bbox 239 1752 308 1805; x_wconf 88' lang='lat' dir='ltr'><strong>In</strong></span> <span class='ocrx_word' id='word_1_129' title='bbox 355 1749 540 1805; x_wconf 86' lang='lat' dir='ltr'>tribus</span> <span class='ocrx_word' id='word_1_130' title='bbox 586 1749 747 1805; x_wconf 88' lang='lat' dir='ltr'>libris</span> <span class='ocrx_word' id='word_1_131' title='bbox 794 1753 991 1804; x_wconf 90' lang='lat' dir='ltr'>contra</span> <span class='ocrx_word' id='word_1_132' title='bbox 1020 1749 1326 1821; x_wconf 89' lang='lat' dir='ltr'>Epistolam</span> <span class='ocrx_word' id='word_1_133' title='bbox 1371 1746 1735 1804; x_wconf 89' lang='lat' dir='ltr'>Parmeniani</span> <span class='ocrx_word' id='word_1_134' title='bbox 1766 1749 1879 1802; x_wconf 86' lang='lat' dir='ltr'>Do-</span> 
     </span>
    </p>
   </div>
   <div class='ocr_carea' id='block_1_20' title="bbox 161 1835 1877 1908">
    <p class='ocr_par' dir='ltr' id='par_1_20' title="bbox 161 1835 1877 1908">
     <span class='ocr_line' id='line_1_20' title="bbox 161 1835 1877 1908; baseline -0.002 -16"><span class='ocrx_word' id='word_1_135' title='bbox 161 1838 515 1893; x_wconf 86' lang='lat' dir='ltr'>natistarum</span> <span class='ocrx_word' id='word_1_136' title='bbox 575 1836 1037 1908; x_wconf 89' lang='lat' dir='ltr'>Carthaginensis</span> <span class='ocrx_word' id='word_1_137' title='bbox 1107 1836 1359 1908; x_wconf 90' lang='lat' dir='ltr'>episcopi</span> <span class='ocrx_word' id='word_1_138' title='bbox 1427 1835 1877 1907; x_wconf 91' lang='lat' dir='ltr'>successorisque</span> 
     </span>
    </p>
   </div>
   <div class='ocr_carea' id='block_1_21' title="bbox 165 1924 1877 1998">
    <p class='ocr_par' dir='ltr' id='par_1_21' title="bbox 165 1924 1877 1998">
     <span class='ocr_line' id='line_1_21' title="bbox 165 1924 1877 1998; baseline -0.004 -16"><span class='ocrx_word' id='word_1_139' title='bbox 165 1926 404 1994; x_wconf 85' lang='lat' dir='ltr'>Donati,</span> <span class='ocrx_word' id='word_1_140' title='bbox 438 1925 678 1997; x_wconf 66' lang='lat' dir='ltr'>quaistio</span> <span class='ocrx_word' id='word_1_141' title='bbox 705 1942 913 1998; x_wconf 89' lang='lat' dir='ltr'>magna</span> <span class='ocrx_word' id='word_1_142' title='bbox 942 1929 1200 1980; x_wconf 83' lang='lat' dir='ltr'>versatur</span> <span class='ocrx_word' id='word_1_143' title='bbox 1221 1929 1278 1980; x_wconf 91' lang='lat' dir='ltr'>et</span> <span class='ocrx_word' id='word_1_144' title='bbox 1302 1925 1544 1979; x_wconf 87' lang='lat' dir='ltr'>solvitur</span> <span class='ocrx_word' id='word_1_145' title='bbox 1568 1940 1583 1979; x_wconf 89' lang='lat'><strong>:</strong></span> <span class='ocrx_word' id='word_1_146' title='bbox 1604 1929 1794 1979; x_wconf 89' lang='lat' dir='ltr'>utrum</span> <span class='ocrx_word' id='word_1_147' title='bbox 1820 1924 1877 1977; x_wconf 89' lang='lat' dir='ltr'>in</span> 
     </span>
    </p>
   </div>
   <div class='ocr_carea' id='block_1_22' title="bbox 161 2014 1880 2070">
    <p class='ocr_par' dir='ltr' id='par_1_22' title="bbox 161 2014 1880 2070">
     <span class='ocr_line' id='line_1_22' title="bbox 161 2014 1880 2070; baseline -0.002 -1"><span class='ocrx_word' id='word_1_148' title='bbox 161 2015 395 2070; x_wconf 87' lang='lat' dir='ltr'>unitate</span> <span class='ocrx_word' id='word_1_149' title='bbox 443 2017 501 2068; x_wconf 92' lang='lat' dir='ltr'>et</span> <span class='ocrx_word' id='word_1_150' title='bbox 545 2015 879 2070; x_wconf 90' lang='lat' dir='ltr'>eorumdem</span> <span class='ocrx_word' id='word_1_151' title='bbox 926 2014 1326 2069; x_wconf 88' lang='lat' dir='ltr'>communione</span> <span class='ocrx_word' id='word_1_152' title='bbox 1378 2014 1880 2068; x_wconf 88' lang='lat' dir='ltr'>Sacramentorum</span> 
     </span>
    </p>
   </div>
   <div class='ocr_carea' id='block_1_23' title="bbox 161 2102 1878 2174">
    <p class='ocr_par' dir='ltr' id='par_1_23' title="bbox 161 2102 1878 2174">
     <span class='ocr_line' id='line_1_23' title="bbox 161 2102 1878 2174; baseline -0.002 -16"><span class='ocrx_word' id='word_1_153' title='bbox 161 2104 311 2158; x_wconf 88' lang='lat' dir='ltr'>mali</span> <span class='ocrx_word' id='word_1_154' title='bbox 345 2102 738 2158; x_wconf 87' lang='lat' dir='ltr'>contaminent</span> <span class='ocrx_word' id='word_1_155' title='bbox 763 2104 968 2173; x_wconf 91' lang='lat' dir='ltr'>bonos,</span> <span class='ocrx_word' id='word_1_156' title='bbox 1001 2107 1057 2157; x_wconf 90' lang='lat' dir='ltr'>et</span> <span class='ocrx_word' id='word_1_157' title='bbox 1080 2103 1568 2174; x_wconf 88' lang='lat' dir='ltr'>quemadmodum</span> <span class='ocrx_word' id='word_1_158' title='bbox 1596 2119 1714 2157; x_wconf 90' lang='lat' dir='ltr'>non</span> <span class='ocrx_word' id='word_1_159' title='bbox 1742 2118 1878 2155; x_wconf 90' lang='lat' dir='ltr'>con-</span> 
     </span>
    </p>
   </div>
   <div class='ocr_carea' id='block_1_24' title="bbox 162 2190 1879 2263">
    <p class='ocr_par' dir='ltr' id='par_1_24' title="bbox 162 2190 1879 2263">
     <span class='ocr_line' id='line_1_24' title="bbox 162 2190 1879 2263; baseline -0.002 -17"><span class='ocrx_word' id='word_1_160' title='bbox 162 2192 460 2246; x_wconf 87' lang='lat' dir='ltr'>taminent</span> <span class='ocrx_word' id='word_1_161' title='bbox 509 2192 851 2263; x_wconf 87' lang='lat' dir='ltr'>disputatur,</span> <span class='ocrx_word' id='word_1_162' title='bbox 916 2196 1153 2263; x_wconf 89' lang='lat' dir='ltr'>pr0pter</span> <span class='ocrx_word' id='word_1_163' title='bbox 1214 2192 1523 2247; x_wconf 89' lang='lat' dir='ltr'>Ecclesiam</span> <span class='ocrx_word' id='word_1_164' title='bbox 1576 2195 1693 2246; x_wconf 87' lang='lat' dir='ltr'>toto</span> <span class='ocrx_word' id='word_1_165' title='bbox 1745 2190 1879 2244; x_wconf 84' lang='lat' dir='ltr'>orbe</span> 
     </span>
    </p>
   </div>
   <div class='ocr_carea' id='block_1_25' title="bbox 163 2280 1879 2350">
    <p class='ocr_par' dir='ltr' id='par_1_25' title="bbox 163 2280 1879 2350">
     <span class='ocr_line' id='line_1_25' title="bbox 163 2280 1879 2350; baseline -0.001 -15"><span class='ocrx_word' id='word_1_166' title='bbox 163 2281 465 2348; x_wconf 78' lang='lat' dir='ltr'>diffusam,</span> <span class='ocrx_word' id='word_1_167' title='bbox 496 2281 588 2335; x_wconf 92' lang='lat' dir='ltr'>cui</span> <span class='ocrx_word' id='word_1_168' title='bbox 618 2281 1020 2335; x_wconf 84' lang='lat' dir='ltr'>calumniando</span> <span class='ocrx_word' id='word_1_169' title='bbox 1047 2280 1293 2335; x_wconf 90' lang='lat' dir='ltr'>schisma</span> <span class='ocrx_word' id='word_1_170' title='bbox 1330 2281 1607 2344; x_wconf 85' lang='lat' dir='ltr'>fecerunt,</span> <span class='ocrx_word' id='word_1_171' title='bbox 1639 2280 1704 2334; x_wconf 92' lang='lat' dir='ltr'><strong>In</strong></span> <span class='ocrx_word' id='word_1_172' title='bbox 1736 2295 1879 2350; x_wconf 88' lang='lat' dir='ltr'>quo-</span> 
     </span>
    </p>
   </div>
   <div class='ocr_carea' id='block_1_26' title="bbox 165 2366 1880 2441">
    <p class='ocr_par' dir='ltr' id='par_1_26' title="bbox 165 2366 1880 2441">
     <span class='ocr_line' id='line_1_26' title="bbox 165 2366 1880 2441; baseline -0.002 -17"><span class='ocrx_word' id='word_1_173' title='bbox 165 2387 303 2424; x_wconf 89' lang='lat' dir='ltr'>rum</span> <span class='ocrx_word' id='word_1_174' title='bbox 335 2370 481 2424; x_wconf 90' lang='lat' dir='ltr'>libro</span> <span class='ocrx_word' id='word_1_175' title='bbox 513 2371 702 2438; x_wconf 90' lang='lat' dir='ltr'>tertio,</span> <span class='ocrx_word' id='word_1_176' title='bbox 725 2387 855 2425; x_wconf 92' lang='lat' dir='ltr'>cum</span> <span class='ocrx_word' id='word_1_177' title='bbox 903 2370 1277 2424; x_wconf 90' lang='lat' dir='ltr'>dissereretur</span> <span class='ocrx_word' id='word_1_178' title='bbox 1318 2369 1602 2441; x_wconf 90' lang='lat' dir='ltr'>quomodo</span> <span class='ocrx_word' id='word_1_179' title='bbox 1632 2367 1704 2422; x_wconf 88' lang='lat' dir='ltr'>sit</span> <span class='ocrx_word' id='word_1_180' title='bbox 1732 2366 1880 2421; x_wconf 85' lang='lat' dir='ltr'>acci-</span> 
     </span>
    </p>
   </div>
   <div class='ocr_carea' id='block_1_27' title="bbox 166 2456 1880 2530">
    <p class='ocr_par' dir='ltr' id='par_1_27' title="bbox 166 2456 1880 2530">
     <span class='ocr_line' id='line_1_27' title="bbox 166 2456 1880 2530; baseline -0.002 -18"><span class='ocrx_word' id='word_1_181' title='bbox 166 2460 458 2530; x_wconf 85' lang='lat' dir='ltr'>piendum</span> <span class='ocrx_word' id='word_1_182' title='bbox 483 2459 636 2529; x_wconf 87' lang='lat' dir='ltr'>quod</span> <span class='ocrx_word' id='word_1_183' title='bbox 671 2459 750 2513; x_wconf 90' lang='lat' dir='ltr'>ait</span> <span class='ocrx_word' id='word_1_184' title='bbox 775 2460 1098 2530; x_wconf 82' lang='lat' dir='ltr'>Apostolus,</span> <span class='ocrx_word' id='word_1_185' title='bbox 1132 2459 1360 2525; x_wconf 82' lang='lat' dir='ltr'>Auferte</span> <span class='ocrx_word' id='word_1_186' title='bbox 1386 2459 1588 2511; x_wconf 86' lang='lat' dir='ltr'>malum</span> <span class='ocrx_word' id='word_1_187' title='bbox 1620 2473 1687 2511; x_wconf 80' lang='lat' dir='ltr'>ea:</span> <span class='ocrx_word' id='word_1_188' title='bbox 1730 2456 1880 2510; x_wconf 74' lang='lat' dir='ltr'>vobis</span> 
     </span>
    </p>
   </div>
   <div class='ocr_carea' id='block_1_28' title="bbox 166 2542 1881 2618">
    <p class='ocr_par' dir='ltr' id='par_1_28' title="bbox 166 2542 1881 2618">
     <span class='ocr_line' id='line_1_28' title="bbox 166 2542 1881 2618; baseline -0.002 -17"><span class='ocrx_word' id='word_1_189' title='bbox 166 2550 313 2618; x_wconf 82' lang='lat' dir='ltr'>ipsis</span> <span class='ocrx_word' id='word_1_190' title='bbox 342 2547 389 2614; x_wconf 86' lang='grc' dir='ltr'>(Ι</span> <span class='ocrx_word' id='word_1_191' title='bbox 414 2542 540 2604; x_wconf 83' lang='lat' dir='ltr'>Cor.</span> <span class='ocrx_word' id='word_1_192' title='bbox 573 2565 627 2615; x_wconf 73' lang='grc' dir='ltr'>ν,</span> <span class='ocrx_word' id='word_1_193' title='bbox 666 2549 781 2616; x_wconf 78' lang='grc'>13);</span> <span class='ocrx_word' id='word_1_194' title='bbox 805 2548 943 2602; x_wconf 91' lang='lat' dir='ltr'>illud</span> <span class='ocrx_word' id='word_1_195' title='bbox 974 2548 1128 2617; x_wconf 89' lang='lat' dir='ltr'>quod</span> <span class='ocrx_word' id='word_1_196' title='bbox 1155 2547 1295 2614; x_wconf 79' lang='lat' dir='ltr'>dixi,</span> <span class='ocrx_word' id='word_1_197' title='bbox 1334 2549 1398 2600; x_wconf 83' lang='lat' dir='ltr'>Ut</span> <span class='ocrx_word' id='word_1_198' title='bbox 1424 2563 1491 2600; x_wconf 77' lang='lat' dir='ltr'>ea:</span> <span class='ocrx_word' id='word_1_199' title='bbox 1520 2548 1692 2614; x_wconf 79' lang='lat' dir='ltr'>seipse</span> <span class='ocrx_word' id='word_1_200' title='bbox 1730 2547 1881 2614; x_wconf 88' lang='lat' dir='ltr'>quis-</span> 
     </span>
    </p>
   </div>
   <div class='ocr_carea' id='block_1_29' title="bbox 168 2632 1881 2708">
    <p class='ocr_par' dir='ltr' id='par_1_29' title="bbox 168 2632 1881 2708">
     <span class='ocr_line' id='line_1_29' title="bbox 168 2632 1881 2708; baseline -0.004 -17"><span class='ocrx_word' id='word_1_201' title='bbox 168 2653 279 2708; x_wconf 83' lang='lat' dir='ltr'>que</span> <span class='ocrx_word' id='word_1_202' title='bbox 307 2641 531 2704; x_wconf 84' lang='lat' dir='ltr'>auferat</span> <span class='ocrx_word' id='word_1_203' title='bbox 557 2639 761 2691; x_wconf 87' lang='lat' dir='ltr'>malum</span> <span class='ocrx_word' id='word_1_204' title='bbox 789 2636 944 2707; x_wconf 85' lang='lat' dir='ltr'>(Cap.</span> <span class='ocrx_word' id='word_1_205' title='bbox 985 2639 1033 2703; x_wconf 82' lang='grc'>1,</span> <span class='ocrx_word' id='word_1_206' title='bbox 1066 2652 1123 2691; x_wconf 90' lang='lat' dir='ltr'>n.</span> <span class='ocrx_word' id='word_1_207' title='bbox 1155 2635 1231 2706; x_wconf 91' lang='grc'>2),</span> <span class='ocrx_word' id='word_1_208' title='bbox 1266 2651 1382 2688; x_wconf 89' lang='lat' dir='ltr'>non</span> <span class='ocrx_word' id='word_1_209' title='bbox 1412 2634 1492 2688; x_wconf 91' lang='lat' dir='ltr'>sic</span> <span class='ocrx_word' id='word_1_210' title='bbox 1521 2650 1642 2687; x_wconf 88' lang='lat' dir='ltr'>esse</span> <span class='ocrx_word' id='word_1_211' title='bbox 1672 2632 1881 2687; x_wconf 87' lang='lat' dir='ltr'>intelli-</span> 
     </span>
    </p>
   </div>
   <div class='ocr_carea' id='block_1_30' title="bbox 168 2723 1882 2796">
    <p class='ocr_par' dir='ltr' id='par_1_30' title="bbox 168 2723 1882 2796">
     <span class='ocr_line' id='line_1_30' title="bbox 168 2723 1882 2796; baseline -0.002 -17"><span class='ocrx_word' id='word_1_212' title='bbox 168 2726 456 2796; x_wconf 83' lang='lat' dir='ltr'>gendum,</span> <span class='ocrx_word' id='word_1_213' title='bbox 488 2725 585 2779; x_wconf 91' lang='lat' dir='ltr'>sed</span> <span class='ocrx_word' id='word_1_214' title='bbox 616 2724 694 2778; x_wconf 89' lang='lat' dir='ltr'>sic</span> <span class='ocrx_word' id='word_1_215' title='bbox 722 2725 914 2795; x_wconf 90' lang='lat' dir='ltr'>potius</span> <span class='ocrx_word' id='word_1_216' title='bbox 942 2729 1008 2778; x_wconf 87' lang='lat' dir='ltr'>ut</span> <span class='ocrx_word' id='word_1_217' title='bbox 1039 2724 1212 2778; x_wconf 89' lang='lat' dir='ltr'>homo</span> <span class='ocrx_word' id='word_1_218' title='bbox 1256 2723 1442 2777; x_wconf 89' lang='lat' dir='ltr'>malus</span> <span class='ocrx_word' id='word_1_219' title='bbox 1481 2724 1774 2777; x_wconf 83' lang='lat' dir='ltr'>auferatur</span> <span class='ocrx_word' id='word_1_220' title='bbox 1814 2736 1882 2775; x_wconf 83' lang='lat' dir='ltr'>ex</span> 
     </span>
    </p>
   </div>
   <div class='ocr_carea' id='block_1_31' title="bbox 168 2804 1877 2885">
    <p class='ocr_par' dir='ltr' id='par_1_31' title="bbox 168 2804 1877 2885">
     <span class='ocr_line' id='line_1_31' title="bbox 168 2804 1877 2885; baseline -0.004 -16"><span class='ocrx_word' id='word_1_221' title='bbox 168 2813 508 2869; x_wconf 89' lang='lat' dir='ltr'>hominibus</span> <span class='ocrx_word' id='word_1_222' title='bbox 526 2813 714 2880; x_wconf 89' lang='lat' dir='ltr'>bonis,</span> <span class='ocrx_word' id='word_1_223' title='bbox 746 2804 998 2885; x_wconf 32' lang='lat' dir='ltr'>quodiﬁt</span> <span class='ocrx_word' id='word_1_224' title='bbox 1025 2829 1131 2884; x_wconf 88' lang='lat' dir='ltr'>per</span> <span class='ocrx_word' id='word_1_225' title='bbox 1159 2811 1594 2867; x_wconf 88' lang='lat' dir='ltr'>ecclesiasticam</span> <span class='ocrx_word' id='word_1_226' title='bbox 1625 2809 1877 2880; x_wconf 88' lang='lat' dir='ltr'>discipli-</span> 
     </span>
    </p>
   </div>
   <div class='ocr_carea' id='block_1_32' title="bbox 170 2898 1877 2974">
    <p class='ocr_par' dir='ltr' id='par_1_32' title="bbox 170 2898 1877 2974">
     <span class='ocr_line' id='line_1_32' title="bbox 170 2898 1877 2974; baseline -0.002 -18"><span class='ocrx_word' id='word_1_227' title='bbox 170 2918 333 2968; x_wconf 88' lang='lat' dir='ltr'>nam,</span> <span class='ocrx_word' id='word_1_228' title='bbox 363 2902 502 2956; x_wconf 86' lang='lat' dir='ltr'>satis</span> <span class='ocrx_word' id='word_1_229' title='bbox 549 2917 733 2972; x_wconf 66' lang='lat' dir='ltr'>graeca</span> <span class='ocrx_word' id='word_1_230' title='bbox 780 2902 979 2974; x_wconf 83' lang='lat' dir='ltr'>lingua</span> <span class='ocrx_word' id='word_1_231' title='bbox 1010 2900 1243 2968; x_wconf 90' lang='lat' dir='ltr'>indicat,</span> <span class='ocrx_word' id='word_1_232' title='bbox 1273 2901 1373 2955; x_wconf 90' lang='lat' dir='ltr'>ubi</span> <span class='ocrx_word' id='word_1_233' title='bbox 1420 2900 1544 2954; x_wconf 90' lang='lat' dir='ltr'>sine</span> <span class='ocrx_word' id='word_1_234' title='bbox 1590 2898 1877 2969; x_wconf 90' lang='lat' dir='ltr'>ambigui-</span> 
     </span>
    </p>
   </div>
   <div class='ocr_carea' id='block_1_33' title="bbox 170 2986 1876 3061">
    <p class='ocr_par' dir='ltr' id='par_1_33' title="bbox 170 2986 1876 3061">
     <span class='ocr_line' id='line_1_33' title="bbox 170 2986 1876 3061; baseline -0.003 -16"><span class='ocrx_word' id='word_1_235' title='bbox 170 2995 290 3045; x_wconf 86' lang='lat' dir='ltr'>tate</span> <span class='ocrx_word' id='word_1_236' title='bbox 319 2990 667 3061; x_wconf 84' lang='lat' dir='ltr'>scriptnrum</span> <span class='ocrx_word' id='word_1_237' title='bbox 699 2992 805 3059; x_wconf 90' lang='lat' dir='ltr'>est,</span> <span class='ocrx_word' id='word_1_238' title='bbox 832 2994 898 3044; x_wconf 92' lang='lat' dir='ltr'>ut</span> <span class='ocrx_word' id='word_1_239' title='bbox 925 2988 1298 3060; x_wconf 89' lang='lat' dir='ltr'>intelligatur,</span> <span class='ocrx_word' id='word_1_240' title='bbox 1345 2990 1504 3043; x_wconf 85' lang='lat' dir='ltr'>Hunc</span> <span class='ocrx_word' id='word_1_241' title='bbox 1539 2988 1757 3042; x_wconf 87' lang='lat' dir='ltr'>malum</span> <span class='ocrx_word' id='word_1_242' title='bbox 1785 2986 1876 3057; x_wconf 90' lang='lat' dir='ltr'>(b),</span> 
     </span>
    </p>
   </div>
   <div class='ocr_carea' id='block_1_34' title="bbox 182 3074 1882 3148">
    <p class='ocr_par' dir='ltr' id='par_1_34' title="bbox 182 3074 1882 3148">
     <span class='ocr_line' id='line_1_34' title="bbox 182 3074 1882 3148; baseline -0.004 -13"><span class='ocrx_word' id='word_1_243' title='bbox 182 3096 317 3147; x_wconf 91' lang='lat' dir='ltr'>non,</span> <span class='ocrx_word' id='word_1_244' title='bbox 352 3080 467 3134; x_wconf 86' lang='lat' dir='ltr'>Hoc</span> <span class='ocrx_word' id='word_1_245' title='bbox 496 3079 732 3145; x_wconf 91' lang='lat' dir='ltr'>malum,</span> <span class='ocrx_word' id='word_1_246' title='bbox 767 3077 1027 3148; x_wconf 86' lang='lat' dir='ltr'>quamvis</span> <span class='ocrx_word' id='word_1_247' title='bbox 1054 3082 1111 3133; x_wconf 94' lang='lat' dir='ltr'>et</span> <span class='ocrx_word' id='word_1_248' title='bbox 1139 3077 1451 3132; x_wconf 90' lang='lat' dir='ltr'>secundum</span> <span class='ocrx_word' id='word_1_249' title='bbox 1496 3076 1668 3130; x_wconf 90' lang='lat' dir='ltr'>istum</span> <span class='ocrx_word' id='word_1_250' title='bbox 1712 3074 1882 3129; x_wconf 86' lang='lat' dir='ltr'>intel-</span> 
     </span>
    </p>
   </div>
   <div class='ocr_carea' id='block_1_35' title="bbox 174 3164 1880 3238">
    <p class='ocr_par' dir='ltr' id='par_1_35' title="bbox 174 3164 1880 3238">
     <span class='ocr_line' id='line_1_35' title="bbox 174 3164 1880 3238; baseline -0.003 -14"><span class='ocrx_word' id='word_1_251' title='bbox 174 3171 390 3224; x_wconf 90' lang='lat' dir='ltr'>lectum</span> <span class='ocrx_word' id='word_1_252' title='bbox 409 3167 809 3238; x_wconf 80' lang='lat' dir='ltr'>responderim</span> <span class='ocrx_word' id='word_1_253' title='bbox 829 3166 1226 3221; x_wconf 85' lang='lat' dir='ltr'>Parmeniano.</span> <span class='ocrx_word' id='word_1_254' title='bbox 1253 3168 1367 3221; x_wconf 83' lang='lat' dir='ltr'>Hoc</span> <span class='ocrx_word' id='word_1_255' title='bbox 1387 3182 1530 3237; x_wconf 90' lang='lat' dir='ltr'>opus</span> <span class='ocrx_word' id='word_1_256' title='bbox 1546 3165 1624 3220; x_wconf 91' lang='lat' dir='ltr'>sic</span> <span class='ocrx_word' id='word_1_257' title='bbox 1646 3164 1847 3236; x_wconf 88' lang='lat' dir='ltr'>incipit</span> <span class='ocrx_word' id='word_1_258' title='bbox 1867 3180 1880 3219; x_wconf 91' lang='lat'>:</span> 
     </span>
    </p>
   </div>
   <div class='ocr_carea' id='block_1_36' title="bbox 175 3257 1409 3326">
    <p class='ocr_par' dir='ltr' id='par_1_36' title="bbox 175 3257 1409 3326">
     <span class='ocr_line' id='line_1_36' title="bbox 175 3257 1409 3326; baseline -0.004 -11"><span class='ocrx_word' id='word_1_259' title='bbox 175 3259 351 3315; x_wconf 76' lang='lat' dir='ltr'>Multa</span> <span class='ocrx_word' id='word_1_260' title='bbox 380 3257 598 3326; x_wconf 86' lang='lat' dir='ltr'>quidem</span> <span class='ocrx_word' id='word_1_261' title='bbox 622 3258 762 3311; x_wconf 88' lang='lat' dir='ltr'>alias</span> <span class='ocrx_word' id='word_1_262' title='bbox 791 3258 1048 3311; x_wconf 81' lang='lat' dir='ltr'>adversus</span> <span class='ocrx_word' id='word_1_263' title='bbox 1085 3258 1409 3312; x_wconf 88' lang='lat' dir='ltr'>Donatistas.</span> 
     </span>
    </p>
   </div>
   <div class='ocr_carea' id='block_1_37' title="bbox 806 3344 1260 3399">
    <p class='ocr_par' dir='ltr' id='par_1_37' title="bbox 806 3344 1260 3399">
     <span class='ocr_line' id='line_1_37' title="bbox 806 3344 1260 3399; baseline -0.004 0"><span class='ocrx_word' id='word_1_264' title='bbox 806 3344 1032 3399; x_wconf 85' lang='lat' dir='ltr'>CAPUT</span> <span class='ocrx_word' id='word_1_265' title='bbox 1071 3345 1260 3399; x_wconf 80' lang='lat' dir='ltr'><strong>XVIII.</strong></span> 
     </span>
    </p>
   </div>
   <div class='ocr_carea' id='block_1_38' title="bbox 620 3433 1434 3502">
    <p class='ocr_par' dir='ltr' id='par_1_38' title="bbox 620 3433 1434 3502">
     <span class='ocr_line' id='line_1_38' title="bbox 620 3433 1434 3502; baseline -0.002 -15"><span class='ocrx_word' id='word_1_266' title='bbox 620 3436 696 3487; x_wconf 91' lang='lat' dir='ltr'>De</span> <span class='ocrx_word' id='word_1_267' title='bbox 732 3434 1027 3502; x_wconf 84' lang='lat' dir='ltr'>Baptismo,</span> <span class='ocrx_word' id='word_1_268' title='bbox 1060 3433 1189 3488; x_wconf 86' lang='lat' dir='ltr'>libri</span> <span class='ocrx_word' id='word_1_269' title='bbox 1216 3437 1434 3501; x_wconf 87' lang='lat' dir='ltr'>septem.</span> 
     </span>
    </p>
   </div>
   <div class='ocr_carea' id='block_1_39' title="bbox 245 3518 1884 3590">
    <p class='ocr_par' dir='ltr' id='par_1_39' title="bbox 245 3518 1884 3590">
     <span class='ocr_line' id='line_1_39' title="bbox 245 3518 1884 3590; baseline -0.002 -13"><span class='ocrx_word' id='word_1_270' title='bbox 245 3523 466 3577; x_wconf 89' lang='lat' dir='ltr'>Contra</span> <span class='ocrx_word' id='word_1_271' title='bbox 513 3520 853 3588; x_wconf 89' lang='lat' dir='ltr'>Donatistas,</span> <span class='ocrx_word' id='word_1_272' title='bbox 888 3520 1222 3575; x_wconf 87' lang='lat' dir='ltr'>auctoritate</span> <span class='ocrx_word' id='word_1_273' title='bbox 1269 3518 1585 3575; x_wconf 85' lang='lat' dir='ltr'>beatissimi</span> <span class='ocrx_word' id='word_1_274' title='bbox 1630 3518 1884 3590; x_wconf 90' lang='lat' dir='ltr'>episcopi</span> 
     </span>
    </p>
   </div>
   <div class='ocr_carea' id='block_1_40' title="bbox 174 3609 1884 3683">
    <p class='ocr_par' dir='ltr' id='par_1_40' title="bbox 174 3609 1884 3683">
     <span class='ocr_line' id='line_1_40' title="bbox 174 3609 1884 3683; baseline -0.003 -16"><span class='ocrx_word' id='word_1_275' title='bbox 174 3615 231 3667; x_wconf 86' lang='lat' dir='ltr'><strong>et</strong></span> <span class='ocrx_word' id='word_1_276' title='bbox 260 3611 533 3683; x_wconf 73' lang='lat' dir='ltr'>martyris</span> <span class='ocrx_word' id='word_1_277' title='bbox 563 3610 832 3681; x_wconf 80' lang='lat' dir='ltr'>Cypriani</span> <span class='ocrx_word' id='word_1_278' title='bbox 857 3627 914 3664; x_wconf 90' lang='lat' dir='ltr'>se</span> <span class='ocrx_word' id='word_1_279' title='bbox 945 3610 1249 3665; x_wconf 83' lang='lat' dir='ltr'>defendere</span> <span class='ocrx_word' id='word_1_280' title='bbox 1296 3609 1620 3672; x_wconf 88' lang='lat' dir='ltr'>molientes,</span> <span class='ocrx_word' id='word_1_281' title='bbox 1665 3612 1884 3679; x_wconf 89' lang='lat' dir='ltr'>septem</span> 
     </span>
    </p>
   </div>
   <div class='ocr_carea' id='block_1_41' title="bbox 172 3697 1887 3770">
    <p class='ocr_par' dir='ltr' id='par_1_41' title="bbox 172 3697 1887 3770">
     <span class='ocr_line' id='line_1_41' title="bbox 172 3697 1887 3770; baseline -0.003 -14"><span class='ocrx_word' id='word_1_282' title='bbox 172 3700 355 3756; x_wconf 79' lang='lat' dir='ltr'>libros</span> <span class='ocrx_word' id='word_1_283' title='bbox 385 3700 455 3755; x_wconf 90' lang='lat' dir='ltr'>de</span> <span class='ocrx_word' id='word_1_284' title='bbox 488 3700 776 3770; x_wconf 88' lang='lat' dir='ltr'>Baptismo</span> <span class='ocrx_word' id='word_1_285' title='bbox 810 3697 1044 3769; x_wconf 87' lang='lat' dir='ltr'>scripsi;</span> <span class='ocrx_word' id='word_1_286' title='bbox 1079 3697 1138 3752; x_wconf 90' lang='lat' dir='ltr'>in</span> <span class='ocrx_word' id='word_1_287' title='bbox 1184 3698 1393 3770; x_wconf 87' lang='lat' dir='ltr'>quibus</span> <span class='ocrx_word' id='word_1_288' title='bbox 1422 3697 1592 3753; x_wconf 89' lang='lat' dir='ltr'>docui</span> <span class='ocrx_word' id='word_1_289' title='bbox 1636 3697 1777 3751; x_wconf 85' lang='lat' dir='ltr'>nihil</span> <span class='ocrx_word' id='word_1_290' title='bbox 1809 3697 1887 3751; x_wconf 92' lang='lat' dir='ltr'>sic</span> 
     </span>
    </p>
   </div>
   <div class='ocr_carea' id='block_1_42' title="bbox 173 3786 1886 3858">
    <p class='ocr_par' dir='ltr' id='par_1_42' title="bbox 173 3786 1886 3858">
     <span class='ocr_line' id='line_1_42' title="bbox 173 3786 1886 3858; baseline -0.002 -15"><span class='ocrx_word' id='word_1_291' title='bbox 173 3790 367 3845; x_wconf 88' lang='lat' dir='ltr'>valere</span> <span class='ocrx_word' id='word_1_292' title='bbox 396 3788 469 3843; x_wconf 92' lang='lat' dir='ltr'>ad</span> <span class='ocrx_word' id='word_1_293' title='bbox 497 3788 840 3843; x_wconf 85' lang='lat' dir='ltr'>refellendos</span> <span class='ocrx_word' id='word_1_294' title='bbox 870 3786 1209 3854; x_wconf 88' lang='lat' dir='ltr'>Donatistas,</span> <span class='ocrx_word' id='word_1_295' title='bbox 1243 3791 1300 3842; x_wconf 88' lang='lat' dir='ltr'>et</span> <span class='ocrx_word' id='word_1_296' title='bbox 1324 3787 1393 3841; x_wconf 91' lang='lat' dir='ltr'>ad</span> <span class='ocrx_word' id='word_1_297' title='bbox 1421 3803 1622 3842; x_wconf 88' lang='lat' dir='ltr'>eorum</span> <span class='ocrx_word' id='word_1_298' title='bbox 1652 3801 1886 3858; x_wconf 86' lang='lat' dir='ltr'>prorsus</span> 
     </span>
    </p>
   </div>
   <div class='ocr_carea' id='block_1_43' title="bbox 174 3875 1887 3945">
    <p class='ocr_par' dir='ltr' id='par_1_43' title="bbox 174 3875 1887 3945">
     <span class='ocr_line' id='line_1_43' title="bbox 174 3875 1887 3945; baseline -0.003 -12"><span class='ocrx_word' id='word_1_299' title='bbox 174 3894 297 3943; x_wconf 87' lang='lat' dir='ltr'>ora,</span> <span class='ocrx_word' id='word_1_300' title='bbox 322 3877 664 3945; x_wconf 90' lang='lat' dir='ltr'>claudenda,</span> <span class='ocrx_word' id='word_1_301' title='bbox 684 3892 757 3932; x_wconf 92' lang='lat' dir='ltr'>ne</span> <span class='ocrx_word' id='word_1_302' title='bbox 777 3877 1042 3931; x_wconf 88' lang='lat' dir='ltr'>adversus</span> <span class='ocrx_word' id='word_1_303' title='bbox 1056 3875 1402 3931; x_wconf 87' lang='lat' dir='ltr'>Catholicam</span> <span class='ocrx_word' id='word_1_304' title='bbox 1427 3877 1441 3913; x_wconf 84' lang='grc'>¹</span> <span class='ocrx_word' id='word_1_305' title='bbox 1463 3892 1630 3931; x_wconf 88' lang='lat' dir='ltr'>suum</span> <span class='ocrx_word' id='word_1_306' title='bbox 1645 3875 1887 3930; x_wconf 88' lang='lat' dir='ltr'>schisma</span> 
     </span>
    </p>
   </div>
   <div class='ocr_carea' id='block_1_44' title="bbox 175 3964 1887 4037">
    <p class='ocr_par' dir='ltr' id='par_1_44' title="bbox 175 3964 1887 4037">
     <span class='ocr_line' id='line_1_44' title="bbox 175 3964 1887 4037; baseline -0.002 -16"><span class='ocrx_word' id='word_1_307' title='bbox 175 3966 508 4034; x_wconf 85' lang='lat' dir='ltr'>defendant,</span> <span class='ocrx_word' id='word_1_308' title='bbox 540 3966 828 4037; x_wconf 88' lang='lat' dir='ltr'>quomodo</span> <span class='ocrx_word' id='word_1_309' title='bbox 861 3965 1076 4020; x_wconf 89' lang='lat' dir='ltr'>litteras</span> <span class='ocrx_word' id='word_1_310' title='bbox 1095 3966 1423 4036; x_wconf 89' lang='lat' dir='ltr'>factumque</span> <span class='ocrx_word' id='word_1_311' title='bbox 1446 3964 1731 4036; x_wconf 84' lang='lat' dir='ltr'>Cypriani.</span> <span class='ocrx_word' id='word_1_312' title='bbox 1759 3964 1887 4019; x_wconf 59' lang='lat' dir='ltr'>Ubi-</span> 
     </span>
    </p>
   </div>
   <div class='ocr_carea' id='block_1_45' title="bbox 175 4043 1884 4127">
    <p class='ocr_par' dir='ltr' id='par_1_45' title="bbox 175 4043 1884 4127">
     <span class='ocr_line' id='line_1_45' title="bbox 175 4043 1884 4127; baseline -0.001 -17"><span class='ocrx_word' id='word_1_313' title='bbox 175 4071 426 4127; x_wconf 89' lang='lat' dir='ltr'>cumque</span> <span class='ocrx_word' id='word_1_314' title='bbox 454 4055 662 4125; x_wconf 46' lang='lat' dir='ltr'>iantem</span> <span class='ocrx_word' id='word_1_315' title='bbox 702 4054 762 4109; x_wconf 92' lang='lat' dir='ltr'>in</span> <span class='ocrx_word' id='word_1_316' title='bbox 810 4053 901 4109; x_wconf 91' lang='lat' dir='ltr'>his</span> <span class='ocrx_word' id='word_1_317' title='bbox 944 4053 1103 4109; x_wconf 89' lang='lat' dir='ltr'>libris</span> <span class='ocrx_word' id='word_1_318' title='bbox 1150 4043 1592 4108; x_wconf 86' lang='lat' dir='ltr'>commemoravi</span> <span class='ocrx_word' id='word_1_319' title='bbox 1642 4053 1785 4124; x_wconf 88' lang='lat' dir='ltr'>(Lib.</span> <span class='ocrx_word' id='word_1_320' title='bbox 1836 4057 1884 4121; x_wconf 78' lang='grc' dir='ltr'><strong>ί,</strong></span> 
     </span>
    </p>
   </div>
   <div class='ocr_carea' id='block_1_46' title="bbox 177 4146 1888 4217">
    <p class='ocr_par' dir='ltr' id='par_1_46' title="bbox 177 4146 1888 4217">
     <span class='ocr_line' id='line_1_46' title="bbox 177 4146 1888 4217; baseline -0.003 -14"><span class='ocrx_word' id='word_1_321' title='bbox 177 4164 223 4204; x_wconf 92' lang='lat' dir='ltr'>c.</span> <span class='ocrx_word' id='word_1_322' title='bbox 265 4152 324 4203; x_wconf 77' lang='grc' dir='ltr'><strong><em>Π</em></strong></span> <span class='ocrx_word' id='word_1_323' title='bbox 348 4167 364 4215; x_wconf 84' lang='lat'><strong>;</strong></span> <span class='ocrx_word' id='word_1_324' title='bbox 388 4147 484 4202; x_wconf 89' lang='lat' dir='ltr'>lib.</span> <span class='ocrx_word' id='word_1_325' title='bbox 517 4150 569 4217; x_wconf 87' lang='lat'>3,</span> <span class='ocrx_word' id='word_1_326' title='bbox 602 4162 647 4201; x_wconf 90' lang='lat' dir='ltr'>c.</span> <span class='ocrx_word' id='word_1_327' title='bbox 689 4150 782 4217; x_wconf 70' lang='lat'>18;</span> <span class='ocrx_word' id='word_1_328' title='bbox 814 4151 864 4201; x_wconf 88' lang='lat' dir='ltr'>et</span> <span class='ocrx_word' id='word_1_329' title='bbox 893 4147 988 4202; x_wconf 84' lang='lat' dir='ltr'>lib.</span> <span class='ocrx_word' id='word_1_330' title='bbox 1017 4148 1073 4214; x_wconf 87' lang='grc'>4,</span> <span class='ocrx_word' id='word_1_331' title='bbox 1113 4162 1187 4201; x_wconf 91' lang='lat' dir='ltr'>cc.</span> <span class='ocrx_word' id='word_1_332' title='bbox 1224 4149 1276 4213; x_wconf 88' lang='lat'>3,</span> <span class='ocrx_word' id='word_1_333' title='bbox 1325 4146 1402 4216; x_wconf 75' lang='grc'>4),</span> <span class='ocrx_word' id='word_1_334' title='bbox 1447 4146 1740 4200; x_wconf 85' lang='lat' dir='ltr'>Ecclesiam</span> <span class='ocrx_word' id='word_1_335' title='bbox 1781 4161 1888 4199; x_wconf 90' lang='lat' dir='ltr'>non</span> 
     </span>
    </p>
   </div>
   <div class='ocr_carea' id='block_1_47' title="bbox 180 4232 1888 4304">
    <p class='ocr_par' dir='ltr' id='par_1_47' title="bbox 180 4232 1888 4304">
     <span class='ocr_line' id='line_1_47' title="bbox 180 4232 1888 4304; baseline -0.004 -12"><span class='ocrx_word' id='word_1_336' title='bbox 180 4237 464 4293; x_wconf 87' lang='lat' dir='ltr'>habentem</span> <span class='ocrx_word' id='word_1_337' title='bbox 488 4237 755 4291; x_wconf 83' lang='lat' dir='ltr'>maculam</span> <span class='ocrx_word' id='word_1_338' title='bbox 801 4241 897 4291; x_wconf 88' lang='lat' dir='ltr'>aut</span> <span class='ocrx_word' id='word_1_339' title='bbox 943 4250 1140 4304; x_wconf 85' lang='lat' dir='ltr'>rugam</span> <span class='ocrx_word' id='word_1_340' title='bbox 1188 4234 1346 4304; x_wconf 84' lang='lat' dir='ltr'>(Eph.</span> <span class='ocrx_word' id='word_1_341' title='bbox 1392 4250 1444 4299; x_wconf 88' lang='lat' dir='ltr'>v,</span> <span class='ocrx_word' id='word_1_342' title='bbox 1480 4235 1599 4300; x_wconf 82' lang='lat'>27);</span> <span class='ocrx_word' id='word_1_343' title='bbox 1648 4249 1764 4287; x_wconf 91' lang='lat' dir='ltr'>non</span> <span class='ocrx_word' id='word_1_344' title='bbox 1808 4232 1888 4287; x_wconf 89' lang='lat' dir='ltr'>sic</span> 
     </span>
    </p>
   </div>
   <div class='ocr_carea' id='block_1_48' title="bbox 180 4322 1888 4397">
    <p class='ocr_par' dir='ltr' id='par_1_48' title="bbox 180 4322 1888 4397">
     <span class='ocr_line' id='line_1_48' title="bbox 180 4322 1888 4397; baseline -0.003 -16"><span class='ocrx_word' id='word_1_345' title='bbox 180 4325 581 4397; x_wconf 88' lang='lat' dir='ltr'>accipiendum</span> <span class='ocrx_word' id='word_1_346' title='bbox 615 4329 699 4379; x_wconf 89' lang='lat' dir='ltr'>est</span> <span class='ocrx_word' id='word_1_347' title='bbox 727 4325 890 4396; x_wconf 87' lang='lat' dir='ltr'>quasi</span> <span class='ocrx_word' id='word_1_348' title='bbox 911 4325 1033 4396; x_wconf 89' lang='lat' dir='ltr'>jam</span> <span class='ocrx_word' id='word_1_349' title='bbox 1056 4324 1146 4389; x_wconf 83' lang='lat' dir='ltr'>sit,</span> <span class='ocrx_word' id='word_1_350' title='bbox 1172 4322 1270 4378; x_wconf 90' lang='lat' dir='ltr'>sed</span> <span class='ocrx_word' id='word_1_351' title='bbox 1294 4339 1423 4394; x_wconf 76' lang='lat' dir='ltr'>quae</span> <span class='ocrx_word' id='word_1_352' title='bbox 1444 4325 1803 4392; x_wconf 63' lang='lat' dir='ltr'>praeparatur</span> <span class='ocrx_word' id='word_1_353' title='bbox 1826 4326 1888 4376; x_wconf 89' lang='lat' dir='ltr'>ut</span> 
     </span>
    </p>
   </div>
   <div class='ocr_carea' id='block_1_49' title="bbox 182 4409 1889 4487">
    <p class='ocr_par' dir='ltr' id='par_1_49' title="bbox 182 4409 1889 4487">
     <span class='ocr_line' id='line_1_49' title="bbox 182 4409 1889 4487; baseline -0.003 -18"><span class='ocrx_word' id='word_1_354' title='bbox 182 4415 275 4482; x_wconf 88' lang='lat' dir='ltr'>sit,</span> <span class='ocrx_word' id='word_1_355' title='bbox 308 4413 540 4487; x_wconf 87' lang='lat' dir='ltr'>quando</span> <span class='ocrx_word' id='word_1_356' title='bbox 573 4414 870 4485; x_wconf 82' lang='lat' dir='ltr'>apparebit</span> <span class='ocrx_word' id='word_1_357' title='bbox 893 4413 1065 4468; x_wconf 86' lang='lat' dir='ltr'>etiam</span> <span class='ocrx_word' id='word_1_358' title='bbox 1091 4410 1351 4483; x_wconf 88' lang='lat' dir='ltr'>gloriosa.</span> <span class='ocrx_word' id='word_1_359' title='bbox 1395 4412 1555 4465; x_wconf 86' lang='lat' dir='ltr'>Nunc</span> <span class='ocrx_word' id='word_1_360' title='bbox 1584 4409 1736 4463; x_wconf 88' lang='lat' dir='ltr'>enim</span> <span class='ocrx_word' id='word_1_361' title='bbox 1758 4426 1889 4480; x_wconf 84' lang='lat' dir='ltr'>pro-</span> 
     </span>
    </p>
   </div>
   <div class='ocr_carea' id='block_1_50' title="bbox 184 4497 1883 4576">
    <p class='ocr_par' dir='ltr' id='par_1_50' title="bbox 184 4497 1883 4576">
     <span class='ocr_line' id='line_1_50' title="bbox 184 4497 1883 4576; baseline -0.004 -18"><span class='ocrx_word' id='word_1_362' title='bbox 184 4507 310 4576; x_wconf 86' lang='lat' dir='ltr'>pter</span> <span class='ocrx_word' id='word_1_363' title='bbox 342 4504 618 4575; x_wconf 88' lang='lat' dir='ltr'>quasdam</span> <span class='ocrx_word' id='word_1_364' title='bbox 648 4502 1003 4574; x_wconf 86' lang='lat' dir='ltr'>ignorantias</span> <span class='ocrx_word' id='word_1_365' title='bbox 1034 4506 1089 4555; x_wconf 92' lang='lat' dir='ltr'>et</span> <span class='ocrx_word' id='word_1_366' title='bbox 1116 4499 1478 4555; x_wconf 86' lang='lat' dir='ltr'>inﬁrmitates</span> <span class='ocrx_word' id='word_1_367' title='bbox 1498 4497 1883 4552; x_wconf 86' lang='lat' dir='ltr'>membrorum</span> 
     </span>
    </p>
   </div>
   <div class='ocr_carea' id='block_1_51' title="bbox 218 4593 1889 4654">
    <p class='ocr_par' dir='ltr' id='par_1_51' title="bbox 218 4593 1889 4654">
     <span class='ocr_line' id='line_1_51' title="bbox 218 4593 1889 4654; baseline -0.004 -6"><span class='ocrx_word' id='word_1_368' title='bbox 218 4599 261 4633; x_wconf 67' lang='grc' dir='ltr'><strong><em>ιι</em></strong></span> <span class='ocrx_word' id='word_1_369' title='bbox 282 4598 443 4654; x_wconf 84' lang='lat' dir='ltr'>Editi,</span> <span class='ocrx_word' id='word_1_370' title='bbox 457 4611 519 4647; x_wconf 82' lang='lat' dir='ltr'>ne</span> <span class='ocrx_word' id='word_1_371' title='bbox 532 4598 795 4648; x_wconf 83' lang='lat' dir='ltr'>adversus</span> <span class='ocrx_word' id='word_1_372' title='bbox 805 4596 1133 4648; x_wconf 79' lang='lat' dir='ltr'>catholicam</span> <span class='ocrx_word' id='word_1_373' title='bbox 1158 4596 1459 4647; x_wconf 69' lang='lat' dir='ltr'>Ecclesiam.</span> <span class='ocrx_word' id='word_1_374' title='bbox 1475 4595 1538 4643; x_wconf 86' lang='lat' dir='ltr'>At</span> <span class='ocrx_word' id='word_1_375' title='bbox 1559 4607 1589 4642; x_wconf 69' lang='grc' dir='ltr'>ει</span> <span class='ocrx_word' id='word_1_376' title='bbox 1609 4594 1728 4642; x_wconf 82' lang='lat' dir='ltr'>Mss.</span> <span class='ocrx_word' id='word_1_377' title='bbox 1744 4593 1889 4643; x_wconf 87' lang='lat' dir='ltr'>abest</span> 
     </span>
    </p>
   </div>
   <div class='ocr_carea' id='block_1_52' title="bbox 184 4657 1887 4721">
    <p class='ocr_par' dir='ltr' id='par_1_52' title="bbox 184 4657 1887 4721">
     <span class='ocr_line' id='line_1_52' title="bbox 184 4657 1887 4721; baseline -0.004 -12"><span class='ocrx_word' id='word_1_378' title='bbox 184 4675 310 4721; x_wconf 77' lang='lat' dir='ltr'>vox,</span> <span class='ocrx_word' id='word_1_379' title='bbox 330 4662 643 4710; x_wconf 79' lang='lat' dir='ltr'>Ecclesiam.</span> <span class='ocrx_word' id='word_1_380' title='bbox 660 4660 917 4709; x_wconf 82' lang='lat' dir='ltr'>Nimirum</span> <span class='ocrx_word' id='word_1_381' title='bbox 935 4659 1258 4709; x_wconf 78' lang='lat' dir='ltr'>Catholicam</span> <span class='ocrx_word' id='word_1_382' title='bbox 1280 4672 1347 4721; x_wconf 55' lang='lat' dir='ltr'>ex</span> <span class='ocrx_word' id='word_1_383' title='bbox 1366 4657 1623 4721; x_wconf 84' lang='lat' dir='ltr'>adjectivo</span> <span class='ocrx_word' id='word_1_384' title='bbox 1644 4657 1887 4721; x_wconf 83' lang='lat' dir='ltr'>substan—</span> 
     </span>
    </p>
   </div>
   <div class='ocr_carea' id='block_1_53' title="bbox 186 4718 1888 4785">
    <p class='ocr_par' dir='ltr' id='par_1_53' title="bbox 186 4718 1888 4785">
     <span class='ocr_line' id='line_1_53' title="bbox 186 4718 1888 4785; baseline -0.004 -13"><span class='ocrx_word' id='word_1_385' title='bbox 186 4718 354 4772; x_wconf 36' lang='lat' dir='ltr'>tivu&#39;m</span> <span class='ocrx_word' id='word_1_386' title='bbox 373 4736 565 4771; x_wconf 91' lang='lat' dir='ltr'>nomen</span> <span class='ocrx_word' id='word_1_387' title='bbox 584 4722 708 4770; x_wconf 85' lang='lat' dir='ltr'>fecit</span> <span class='ocrx_word' id='word_1_388' title='bbox 729 4722 991 4785; x_wconf 85' lang='lat' dir='ltr'>frequenti</span> <span class='ocrx_word' id='word_1_389' title='bbox 1012 4736 1129 4785; x_wconf 89' lang='lat' dir='ltr'>usu,</span> <span class='ocrx_word' id='word_1_390' title='bbox 1152 4734 1318 4785; x_wconf 83' lang='lat' dir='ltr'>eoque</span> <span class='ocrx_word' id='word_1_391' title='bbox 1336 4718 1618 4769; x_wconf 86' lang='lat' dir='ltr'>Ecclesiam</span> <span class='ocrx_word' id='word_1_392' title='bbox 1637 4721 1747 4767; x_wconf 90' lang='lat' dir='ltr'>toto</span> <span class='ocrx_word' id='word_1_393' title='bbox 1760 4718 1888 4767; x_wconf 91' lang='lat' dir='ltr'>orbe</span> 
     </span>
    </p>
   </div>
   <div class='ocr_carea' id='block_1_54' title="bbox 182 4782 1445 4854">
    <p class='ocr_par' dir='ltr' id='par_1_54' title="bbox 182 4782 1445 4854">
     <span class='ocr_line' id='line_1_54' title="bbox 182 4782 1445 4854; baseline -0.003 -21"><span class='ocrx_word' id='word_1_394' title='bbox 182 4785 433 4854; x_wconf 59' lang='lat' dir='ltr'>diffusam</span> <span class='ocrx_word' id='word_1_395' title='bbox 462 4782 843 4854; x_wconf 75' lang='lat' dir='ltr'>commendare</span> <span class='ocrx_word' id='word_1_396' title='bbox 859 4785 1068 4854; x_wconf 74' lang='lat' dir='ltr'>amabat</span> <span class='ocrx_word' id='word_1_397' title='bbox 1100 4782 1445 4854; x_wconf 68' lang='lat' dir='ltr'>Augustinus.</span> 
     </span>
    </p>
   </div>
   <div class='ocr_carea' id='block_1_55' title="bbox 246 4841 1889 4910">
    <p class='ocr_par' dir='ltr' id='par_1_55' title="bbox 246 4841 1889 4910">
     <span class='ocr_line' id='line_1_55' title="bbox 246 4841 1889 4910; baseline -0.004 -14"><span class='ocrx_word' id='word_1_398' title='bbox 246 4847 327 4910; x_wconf 90' lang='lat' dir='ltr'>(a)</span> <span class='ocrx_word' id='word_1_399' title='bbox 343 4847 657 4910; x_wconf 82' lang='lat' dir='ltr'>Auctoribus</span> <span class='ocrx_word' id='word_1_400' title='bbox 677 4851 852 4910; x_wconf 81' lang='lat' dir='ltr'>tamen</span> <span class='ocrx_word' id='word_1_401' title='bbox 867 4845 1008 4910; x_wconf 82' lang='lat' dir='ltr'>haud</span> <span class='ocrx_word' id='word_1_402' title='bbox 1024 4841 1359 4910; x_wconf 84' lang='lat' dir='ltr'>ignobilibus,</span> <span class='ocrx_word' id='word_1_403' title='bbox 1382 4848 1435 4892; x_wconf 92' lang='lat' dir='ltr'>et</span> <span class='ocrx_word' id='word_1_404' title='bbox 1453 4842 1688 4910; x_wconf 69' lang='lat' dir='ltr'>maxime</span> <span class='ocrx_word' id='word_1_405' title='bbox 1701 4841 1889 4910; x_wconf 70' lang='lat' dir='ltr'>grzecis</span> 
     </span>
    </p>
   </div>
   <div class='ocr_carea' id='block_1_56' title="bbox 217 4904 1888 4971">
    <p class='ocr_par' dir='ltr' id='par_1_56' title="bbox 217 4904 1888 4971">
     <span class='ocr_line' id='line_1_56' title="bbox 217 4904 1888 4971; baseline -0.003 -13"><span class='ocrx_word' id='word_1_406' title='bbox 217 4904 357 4971; x_wconf 78' lang='lat' dir='ltr'>tacet</span> <span class='ocrx_word' id='word_1_407' title='bbox 386 4908 540 4958; x_wconf 90' lang='lat' dir='ltr'>tertia</span> <span class='ocrx_word' id='word_1_408' title='bbox 568 4908 812 4971; x_wconf 65' lang='lat' dir='ltr'>quaedam</span> <span class='ocrx_word' id='word_1_409' title='bbox 839 4908 1021 4971; x_wconf 87' lang='lat' dir='ltr'>opinio</span> <span class='ocrx_word' id='word_1_410' title='bbox 1043 4904 1067 4955; x_wconf 71' lang='grc' dir='ltr'><em>ἴ</em></span> <span class='ocrx_word' id='word_1_411' title='bbox 1081 4907 1211 4971; x_wconf 84' lang='lat' dir='ltr'>ideo</span> <span class='ocrx_word' id='word_1_412' title='bbox 1229 4919 1415 4971; x_wconf 82' lang='lat' dir='ltr'>nempe</span> <span class='ocrx_word' id='word_1_413' title='bbox 1434 4904 1606 4971; x_wconf 72' lang='lat' dir='ltr'>dictos</span> <span class='ocrx_word' id='word_1_414' title='bbox 1641 4905 1888 4971; x_wconf 59' lang='lat' dir='ltr'>Hebratos</span> 
     </span>
    </p>
   </div>
   <div class='ocr_carea' id='block_1_57' title="bbox 182 4923 1889 5083">
    <p class='ocr_par' dir='ltr' id='par_1_57' title="bbox 182 4923 1889 5083">
     <span class='ocr_line' id='line_1_57' title="bbox 219 4923 1888 4971; baseline -0.003 -13"><span class='ocrx_word' id='word_1_415' title='bbox 219 4923 357 4959; x_wconf 81' lang='lat' dir='ltr'>tacet</span> <span class='ocrx_word' id='word_1_416' title='bbox 386 4923 540 4958; x_wconf 76' lang='lat' dir='ltr'>tertia</span> <span class='ocrx_word' id='word_1_417' title='bbox 568 4923 812 4971; x_wconf 64' lang='lat' dir='ltr'>quaenam</span> <span class='ocrx_word' id='word_1_418' title='bbox 839 4923 1017 4970; x_wconf 74' lang='lat' dir='ltr'>ODIDIO</span> <span class='ocrx_word' id='word_1_419' title='bbox 1043 4923 1053 4955; x_wconf 72' lang='grc' dir='ltr'><strong>Ξ</strong></span> <span class='ocrx_word' id='word_1_420' title='bbox 1081 4923 1197 4955; x_wconf 67' lang='grc'>[(180</span> <span class='ocrx_word' id='word_1_421' title='bbox 1229 4923 1415 4968; x_wconf 85' lang='lat' dir='ltr'>nempe</span> <span class='ocrx_word' id='word_1_422' title='bbox 1438 4923 1606 4953; x_wconf 68' lang='grc' dir='ltr'>ωειυδ</span> <span class='ocrx_word' id='word_1_423' title='bbox 1641 4923 1888 4954; x_wconf 73' lang='grc' dir='ltr'>Πευτὲυυδ</span> 
     </span>
     <span class='ocr_line' id='line_1_58' title="bbox 182 4923 1889 5083; baseline -0.004 -63"><span class='ocrx_word' id='word_1_424' title='bbox 182 4923 349 5083; x_wconf 40' lang='lat' dir='ltr'>Quod</span> <span class='ocrx_word' id='word_1_425' title='bbox 368 4975 523 5019; x_wconf 88' lang='lat' dir='ltr'>sonat</span> <span class='ocrx_word' id='word_1_426' title='bbox 548 4970 923 5029; x_wconf 81' lang='lat' dir='ltr'>Transitores),</span> <span class='ocrx_word' id='word_1_427' title='bbox 939 4970 1061 5032; x_wconf 86' lang='lat' dir='ltr'>quia</span> <span class='ocrx_word' id='word_1_428' title='bbox 1081 4967 1377 5032; x_wconf 87' lang='lat' dir='ltr'>patriarcha</span> <span class='ocrx_word' id='word_1_429' title='bbox 1390 4966 1650 5015; x_wconf 82' lang='lat' dir='ltr'>Abraham</span> <span class='ocrx_word' id='word_1_430' title='bbox 1669 4966 1889 5015; x_wconf 87' lang='lat' dir='ltr'>transito</span> 
     </span>
     <span class='ocr_line' id='line_1_59' title="bbox 227 5027 1885 5083; baseline -0.004 -2"><span class='ocrx_word' id='word_1_431' title='bbox 227 5034 449 5083; x_wconf 87' lang='lat' dir='ltr'>nnhrate</span> <span class='ocrx_word' id='word_1_432' title='bbox 489 5037 705 5081; x_wconf 85' lang='lat' dir='ltr'>venerat</span> <span class='ocrx_word' id='word_1_433' title='bbox 727 5047 755 5081; x_wconf 90' lang='lat' dir='ltr'>e</span> <span class='ocrx_word' id='word_1_434' title='bbox 787 5032 1153 5081; x_wconf 60' lang='lat' dir='ltr'>Chaldaeorum</span> <span class='ocrx_word' id='word_1_435' title='bbox 1180 5030 1395 5083; x_wconf 77' lang='lat' dir='ltr'>regione</span> <span class='ocrx_word' id='word_1_436' title='bbox 1428 5029 1483 5077; x_wconf 91' lang='lat' dir='ltr'>in</span> <span class='ocrx_word' id='word_1_437' title='bbox 1524 5027 1885 5083; x_wconf 72' lang='lat' dir='ltr'>Palrestinam;</span> 
     </span>
    </p>
   </div>
   <div class='ocr_carea' id='block_1_58' title="bbox 227 5027 1885 5097">
    <p class='ocr_par' dir='ltr' id='par_1_58' title="bbox 227 5027 1885 5097">
     <span class='ocr_line' id='line_1_60' title="bbox 227 5027 1885 5097; baseline -0.004 -16"><span class='ocrx_word' id='word_1_438' title='bbox 227 5027 705 5097; x_wconf 12' lang='lat' dir='ltr'>&#39;nphrateivenerat</span> <span class='ocrx_word' id='word_1_439' title='bbox 727 5027 1153 5097; x_wconf 10' lang='lat' dir='ltr'>ethaldEeortim</span> <span class='ocrx_word' id='word_1_440' title='bbox 1180 5030 1395 5097; x_wconf 71' lang='lat' dir='ltr'>regione</span> <span class='ocrx_word' id='word_1_441' title='bbox 1428 5029 1483 5097; x_wconf 83' lang='lat' dir='ltr'>in</span> <span class='ocrx_word' id='word_1_442' title='bbox 1500 5027 1885 5097; x_wconf 22' lang='lat' dir='ltr'>“Palaestinam;</span> 
     </span>
    </p>
   </div>
   <div class='ocr_carea' id='block_1_59' title="bbox 184 5090 1891 5159">
    <p class='ocr_par' dir='ltr' id='par_1_59' title="bbox 184 5090 1891 5159">
     <span class='ocr_line' id='line_1_61' title="bbox 184 5090 1891 5159; baseline -0.004 -15"><span class='ocrx_word' id='word_1_443' title='bbox 184 5090 406 5159; x_wconf 80' lang='lat' dir='ltr'>eamque</span> <span class='ocrx_word' id='word_1_444' title='bbox 429 5096 495 5143; x_wconf 91' lang='lat' dir='ltr'>ob</span> <span class='ocrx_word' id='word_1_445' title='bbox 524 5108 741 5159; x_wconf 80' lang='lat' dir='ltr'>causam</span> <span class='ocrx_word' id='word_1_446' title='bbox 764 5094 862 5157; x_wconf 81' lang='lat' dir='ltr'>ipsi</span> <span class='ocrx_word' id='word_1_447' title='bbox 887 5094 1167 5159; x_wconf 78' lang='lat' dir='ltr'>Abraham,</span> <span class='ocrx_word' id='word_1_448' title='bbox 1188 5090 1441 5159; x_wconf 42' lang='lat' dir='ltr'>(leniam,</span> <span class='ocrx_word' id='word_1_449' title='bbox 1468 5092 1543 5159; x_wconf 72' lang='lat' dir='ltr'>t3,</span> <span class='ocrx_word' id='word_1_450' title='bbox 1567 5090 1727 5159; x_wconf 85' lang='lat' dir='ltr'>fuisse</span> <span class='ocrx_word' id='word_1_451' title='bbox 1748 5090 1891 5138; x_wconf 84' lang='lat' dir='ltr'>addi-</span> 
     </span>
    </p>
   </div>
   <div class='ocr_carea' id='block_1_60' title="bbox 184 5154 1891 5219">
    <p class='ocr_par' dir='ltr' id='par_1_60' title="bbox 184 5154 1891 5219">
     <span class='ocr_line' id='line_1_62' title="bbox 184 5154 1891 5219; baseline -0.004 -13"><span class='ocrx_word' id='word_1_452' title='bbox 184 5162 297 5207; x_wconf 86' lang='lat' dir='ltr'>tum</span> <span class='ocrx_word' id='word_1_453' title='bbox 322 5154 628 5219; x_wconf 57' lang='lat' dir='ltr'>&#39;«rognonten</span> <span class='ocrx_word' id='word_1_454' title='bbox 658 5154 875 5205; x_wconf 57' lang='lat' dir='ltr'>Hebr&#39;teo</span> <span class='ocrx_word' id='word_1_455' title='bbox 895 5172 906 5216; x_wconf 89' lang='lat'><strong>;</strong></span> <span class='ocrx_word' id='word_1_456' title='bbox 930 5157 980 5204; x_wconf 87' lang='lat' dir='ltr'>id</span> <span class='ocrx_word' id='word_1_457' title='bbox 998 5160 1077 5205; x_wconf 87' lang='lat' dir='ltr'>est</span> <span class='ocrx_word' id='word_1_458' title='bbox 1090 5155 1244 5219; x_wconf 78' lang='lat' dir='ltr'>juxta</span> <span class='ocrx_word' id='word_1_459' title='bbox 1256 5154 1389 5219; x_wconf 60' lang='lat' dir='ltr'><strong>LXX</strong></span> <span class='ocrx_word' id='word_1_460' title='bbox 1414 5154 1891 5219; x_wconf 70' lang='lat' dir='ltr'>liiterpretes_voca-</span> 
     </span>
    </p>
   </div>
   <div class='ocr_carea' id='block_1_61' title="bbox 182 5214 1892 5277">
    <p class='ocr_par' dir='ltr' id='par_1_61' title="bbox 182 5214 1892 5277">
     <span class='ocr_line' id='line_1_63' title="bbox 182 5214 1892 5277; baseline -0.005 -8"><span class='ocrx_word' id='word_1_461' title='bbox 182 5220 367 5269; x_wconf 89' lang='lat' dir='ltr'>bulum</span> <span class='ocrx_word' id='word_1_462' title='bbox 397 5214 494 5267; x_wconf 70' lang='lat' dir='ltr'>suo</span> <span class='ocrx_word' id='word_1_463' title='bbox 524 5232 669 5267; x_wconf 86' lang='lat' dir='ltr'>more</span> <span class='ocrx_word' id='word_1_464' title='bbox 700 5214 982 5276; x_wconf 85' lang='lat' dir='ltr'>vertentes,</span> <span class='ocrx_word' id='word_1_465' title='bbox 1020 5214 1228 5277; x_wconf 69' lang='lat' dir='ltr'>Ferale,</span> <span class='ocrx_word' id='word_1_466' title='bbox 1254 5214 1567 5269; x_wconf 33' lang='lat' dir='ltr'>&#39;l‘ransitori,’</span> <span class='ocrx_word' id='word_1_467' title='bbox 1590 5228 1683 5261; x_wconf 89' lang='lat' dir='ltr'>seu</span> <span class='ocrx_word' id='word_1_468' title='bbox 1707 5214 1892 5261; x_wconf 88' lang='lat' dir='ltr'>Trans-</span> 
     </span>
    </p>
   </div>
   <div class='ocr_carea' id='block_1_62' title="bbox 185 5277 1887 5341">
    <p class='ocr_par' dir='ltr' id='par_1_62' title="bbox 185 5277 1887 5341">
     <span class='ocr_line' id='line_1_64' title="bbox 185 5277 1887 5341; baseline -0.005 -11"><span class='ocrx_word' id='word_1_469' title='bbox 185 5282 404 5333; x_wconf 82' lang='lat' dir='ltr'>ﬂnvia’i.</span> <span class='ocrx_word' id='word_1_470' title='bbox 419 5281 574 5329; x_wconf 84' lang='lat' dir='ltr'>sicuti</span> <span class='ocrx_word' id='word_1_471' title='bbox 604 5281 800 5329; x_wconf 86' lang='lat' dir='ltr'>ferebat</span> <span class='ocrx_word' id='word_1_472' title='bbox 817 5281 979 5329; x_wconf 81' lang='lat' dir='ltr'>codex</span> <span class='ocrx_word' id='word_1_473' title='bbox 998 5281 1049 5328; x_wconf 91' lang='lat' dir='ltr'>S.</span> <span class='ocrx_word' id='word_1_474' title='bbox 1064 5279 1363 5341; x_wconf 80' lang='lat' dir='ltr'>Augustini,</span> <span class='ocrx_word' id='word_1_475' title='bbox 1379 5277 1468 5339; x_wconf 82' lang='lat' dir='ltr'>qui</span> <span class='ocrx_word' id='word_1_476' title='bbox 1490 5280 1541 5341; x_wconf 82' lang='lat' dir='ltr'>et</span> <span class='ocrx_word' id='word_1_477' title='bbox 1556 5277 1686 5339; x_wconf 82' lang='lat' dir='ltr'>ipse,</span> <span class='ocrx_word' id='word_1_478' title='bbox 1700 5280 1887 5341; x_wconf 62' lang='lat' dir='ltr'>quiest.</span> 
     </span>
    </p>
   </div>
   <div class='ocr_carea' id='block_1_63' title="bbox 186 5338 1889 5401">
    <p class='ocr_par' dir='ltr' id='par_1_63' title="bbox 186 5338 1889 5401">
     <span class='ocr_line' id='line_1_65' title="bbox 186 5338 1889 5401; baseline -0.004 -8"><span class='ocrx_word' id='word_1_479' title='bbox 186 5346 245 5393; x_wconf 82' lang='lat'><strong>29</strong></span> <span class='ocrx_word' id='word_1_480' title='bbox 273 5344 327 5392; x_wconf 90' lang='lat' dir='ltr'>in</span> <span class='ocrx_word' id='word_1_481' title='bbox 355 5347 484 5392; x_wconf 83' lang='lat' dir='ltr'>Cen.</span> <span class='ocrx_word' id='word_1_482' title='bbox 506 5342 935 5391; x_wconf 86' lang='lat' dir='ltr'>Transﬂuvialem</span> <span class='ocrx_word' id='word_1_483' title='bbox 953 5338 1214 5391; x_wconf 69' lang='lat' dir='ltr'>Abraham</span> <span class='ocrx_word' id='word_1_484' title='bbox 1236 5354 1299 5389; x_wconf 83' lang='lat' dir='ltr'>ex</span> <span class='ocrx_word' id='word_1_485' title='bbox 1326 5338 1625 5401; x_wconf 32' lang='lat' dir='ltr'>ea’regione</span> <span class='ocrx_word' id='word_1_486' title='bbox 1648 5338 1787 5387; x_wconf 79' lang='lat' dir='ltr'>unde</span> <span class='ocrx_word' id='word_1_487' title='bbox 1802 5351 1889 5386; x_wconf 84' lang='lat' dir='ltr'>ve-</span> 
     </span>
    </p>
   </div>
   <div class='ocr_carea' id='block_1_64' title="bbox 187 5404 886 5468">
    <p class='ocr_par' dir='ltr' id='par_1_64' title="bbox 187 5404 886 5468">
     <span class='ocr_line' id='line_1_66' title="bbox 187 5404 886 5468; baseline -0.007 -13"><span class='ocrx_word' id='word_1_488' title='bbox 187 5409 340 5454; x_wconf 86' lang='lat' dir='ltr'>nerat</span> <span class='ocrx_word' id='word_1_489' title='bbox 368 5404 689 5468; x_wconf 87' lang='lat' dir='ltr'>appellatum</span> <span class='ocrx_word' id='word_1_490' title='bbox 720 5407 886 5468; x_wconf 83' lang='lat' dir='ltr'>putat.</span> 
     </span>
    </p>
   </div>
   <div class='ocr_carea' id='block_1_65' title="bbox 252 5466 866 5531">
    <p class='ocr_par' dir='ltr' id='par_1_65' title="bbox 252 5466 866 5531">
     <span class='ocr_line' id='line_1_67' title="bbox 252 5466 866 5531; baseline -0.005 -14"><span class='ocrx_word' id='word_1_491' title='bbox 252 5468 322 5529; x_wconf 85' lang='lat' dir='ltr'>(b)</span> <span class='ocrx_word' id='word_1_492' title='bbox 353 5466 465 5527; x_wconf 60' lang='lat' dir='ltr'>Gri,</span> <span class='ocrx_word' id='word_1_493' title='bbox 489 5469 585 5518; x_wconf 84' lang='lat' dir='ltr'>ton</span> <span class='ocrx_word' id='word_1_494' title='bbox 612 5466 866 5531; x_wconf 62' lang='lat' dir='ltr'>poniron.</span> 
     </span>
    </p>
   </div>
   <div class='ocr_carea' id='block_1_66' title="bbox 3587 228 3692 282">
    <p class='ocr_par' dir='ltr' id='par_1_66' title="bbox 3587 228 3692 282">
     <span class='ocr_line' id='line_1_68' title="bbox 3587 228 3692 282; baseline 0.01 -1"><span class='ocrx_word' id='word_1_495' title='bbox 3587 228 3692 282; x_wconf 90' lang='lat'>638</span> 
     </span>
    </p>
   </div>
   <div class='ocr_carea' id='block_1_67' title="bbox 1984 331 3692 405">
    <p class='ocr_par' dir='ltr' id='par_1_67' title="bbox 1984 331 3692 405">
     <span class='ocr_line' id='line_1_69' title="bbox 1984 331 3692 405; baseline 0.007 -20"><span class='ocrx_word' id='word_1_496' title='bbox 1984 348 2247 401; x_wconf 90' lang='lat' dir='ltr'>suorum,</span> <span class='ocrx_word' id='word_1_497' title='bbox 2276 331 2448 387; x_wconf 88' lang='lat' dir='ltr'>habet</span> <span class='ocrx_word' id='word_1_498' title='bbox 2467 334 2621 388; x_wconf 91' lang='lat' dir='ltr'>unde</span> <span class='ocrx_word' id='word_1_499' title='bbox 2652 333 2909 405; x_wconf 89' lang='lat' dir='ltr'>quotidie</span> <span class='ocrx_word' id='word_1_500' title='bbox 2929 337 3050 389; x_wconf 89' lang='lat' dir='ltr'>tota</span> <span class='ocrx_word' id='word_1_501' title='bbox 3068 334 3218 391; x_wconf 90' lang='lat' dir='ltr'>dicat</span> <span class='ocrx_word' id='word_1_502' title='bbox 3251 351 3265 391; x_wconf 92' lang='lat'><strong>:</strong></span> <span class='ocrx_word' id='word_1_503' title='bbox 3300 340 3520 395; x_wconf 87' lang='lat' dir='ltr'>Dimitte</span> <span class='ocrx_word' id='word_1_504' title='bbox 3538 342 3692 398; x_wconf 88' lang='lat' dir='ltr'>nobis</span> 
     </span>
    </p>
   </div>
   <div class='ocr_carea' id='block_1_68' title="bbox 1986 422 3689 494">
    <p class='ocr_par' dir='ltr' id='par_1_68' title="bbox 1986 422 3689 494">
     <span class='ocr_line' id='line_1_70' title="bbox 1986 422 3689 494; baseline 0.004 -17"><span class='ocrx_word' id='word_1_505' title='bbox 1986 422 2170 477; x_wconf 80' lang='lat' dir='ltr'>debita</span> <span class='ocrx_word' id='word_1_506' title='bbox 2209 425 2396 477; x_wconf 88' lang='lat' dir='ltr'>nostra</span> <span class='ocrx_word' id='word_1_507' title='bbox 2428 422 2638 492; x_wconf 78' lang='lat' dir='ltr'>(Matth.</span> <span class='ocrx_word' id='word_1_508' title='bbox 2670 438 2752 488; x_wconf 82' lang='lat' dir='ltr'>v1,</span> <span class='ocrx_word' id='word_1_509' title='bbox 2791 423 2895 494; x_wconf 77' lang='grc'>12).</span> <span class='ocrx_word' id='word_1_510' title='bbox 2930 424 2997 477; x_wconf 88' lang='lat' dir='ltr'><strong>In</strong></span> <span class='ocrx_word' id='word_1_511' title='bbox 3028 427 3234 494; x_wconf 90' lang='lat' dir='ltr'>quarto</span> <span class='ocrx_word' id='word_1_512' title='bbox 3264 424 3411 480; x_wconf 91' lang='lat' dir='ltr'>libro</span> <span class='ocrx_word' id='word_1_513' title='bbox 3443 442 3572 483; x_wconf 90' lang='lat' dir='ltr'>cum</span> <span class='ocrx_word' id='word_1_514' title='bbox 3603 430 3689 484; x_wconf 90' lang='lat' dir='ltr'>di-</span> 
     </span>
    </p>
   </div>
   <div class='ocr_carea' id='block_1_69' title="bbox 1986 511 3687 585">
    <p class='ocr_par' dir='ltr' id='par_1_69' title="bbox 1986 511 3687 585">
     <span class='ocr_line' id='line_1_71' title="bbox 1986 511 3687 585; baseline 0.005 -22"><span class='ocrx_word' id='word_1_515' title='bbox 1986 527 2173 565; x_wconf 89' lang='lat' dir='ltr'>cerem</span> <span class='ocrx_word' id='word_1_516' title='bbox 2199 512 2365 564; x_wconf 85' lang='lat' dir='ltr'>vicem</span> <span class='ocrx_word' id='word_1_517' title='bbox 2394 511 2664 579; x_wconf 88' lang='lat' dir='ltr'>Baptismi</span> <span class='ocrx_word' id='word_1_518' title='bbox 2690 526 2843 580; x_wconf 83' lang='lat' dir='ltr'>posse</span> <span class='ocrx_word' id='word_1_519' title='bbox 2872 512 3066 566; x_wconf 84' lang='lat' dir='ltr'>habere</span> <span class='ocrx_word' id='word_1_520' title='bbox 3090 515 3397 582; x_wconf 89' lang='lat' dir='ltr'>passionem</span> <span class='ocrx_word' id='word_1_521' title='bbox 3418 515 3573 585; x_wconf 90' lang='lat' dir='ltr'>(Cap.</span> <span class='ocrx_word' id='word_1_522' title='bbox 3598 520 3687 585; x_wconf 82' lang='lat'><strong>22,</strong></span> 
     </span>
    </p>
   </div>
   <div class='ocr_carea' id='block_1_70' title="bbox 1983 598 3693 669">
    <p class='ocr_par' dir='ltr' id='par_1_70' title="bbox 1983 598 3693 669">
     <span class='ocr_line' id='line_1_72' title="bbox 1983 598 3693 669; baseline 0.004 -17"><span class='ocrx_word' id='word_1_523' title='bbox 1983 614 2038 652; x_wconf 90' lang='lat' dir='ltr'>n.</span> <span class='ocrx_word' id='word_1_524' title='bbox 2072 598 2185 669; x_wconf 75' lang='lat'>29,)</span> <span class='ocrx_word' id='word_1_525' title='bbox 2217 614 2334 653; x_wconf 93' lang='lat' dir='ltr'>non</span> <span class='ocrx_word' id='word_1_526' title='bbox 2364 598 2500 652; x_wconf 88' lang='lat' dir='ltr'>satis</span> <span class='ocrx_word' id='word_1_527' title='bbox 2526 598 2802 652; x_wconf 90' lang='lat' dir='ltr'>idoneum</span> <span class='ocrx_word' id='word_1_528' title='bbox 2830 598 2996 668; x_wconf 88' lang='lat' dir='ltr'>posui</span> <span class='ocrx_word' id='word_1_529' title='bbox 3034 599 3188 655; x_wconf 92' lang='lat' dir='ltr'>illius</span> <span class='ocrx_word' id='word_1_530' title='bbox 3235 601 3474 656; x_wconf 88' lang='lat' dir='ltr'>latronis</span> <span class='ocrx_word' id='word_1_531' title='bbox 3507 619 3693 659; x_wconf 86' lang='lat' dir='ltr'>exem-</span> 
     </span>
    </p>
   </div>
   <div class='ocr_carea' id='block_1_71' title="bbox 1983 686 3688 760">
    <p class='ocr_par' dir='ltr' id='par_1_71' title="bbox 1983 686 3688 760">
     <span class='ocr_line' id='line_1_73' title="bbox 1983 686 3688 760; baseline 0.003 -19"><span class='ocrx_word' id='word_1_532' title='bbox 1983 688 2167 759; x_wconf 90' lang='lat' dir='ltr'>plum,</span> <span class='ocrx_word' id='word_1_533' title='bbox 2200 686 2299 758; x_wconf 86' lang='lat' dir='ltr'>qui</span> <span class='ocrx_word' id='word_1_534' title='bbox 2328 690 2525 741; x_wconf 89' lang='lat' dir='ltr'>utrum</span> <span class='ocrx_word' id='word_1_535' title='bbox 2554 703 2671 741; x_wconf 93' lang='lat' dir='ltr'>non</span> <span class='ocrx_word' id='word_1_536' title='bbox 2698 687 2873 742; x_wconf 88' lang='lat' dir='ltr'>fuerit</span> <span class='ocrx_word' id='word_1_537' title='bbox 2896 688 3236 760; x_wconf 87' lang='lat' dir='ltr'>baptizatus,</span> <span class='ocrx_word' id='word_1_538' title='bbox 3269 689 3553 746; x_wconf 89' lang='lat' dir='ltr'>incertum</span> <span class='ocrx_word' id='word_1_539' title='bbox 3584 695 3688 747; x_wconf 90' lang='lat' dir='ltr'>est.</span> 
     </span>
    </p>
   </div>
   <div class='ocr_carea' id='block_1_72' title="bbox 1983 774 3689 848">
    <p class='ocr_par' dir='ltr' id='par_1_72' title="bbox 1983 774 3689 848">
     <span class='ocr_line' id='line_1_74' title="bbox 1983 774 3689 848; baseline 0.003 -18"><span class='ocrx_word' id='word_1_540' title='bbox 1983 778 2047 830; x_wconf 92' lang='lat' dir='ltr'><strong>In</strong></span> <span class='ocrx_word' id='word_1_541' title='bbox 2077 776 2223 830; x_wconf 89' lang='lat' dir='ltr'>libro</span> <span class='ocrx_word' id='word_1_542' title='bbox 2252 774 2517 846; x_wconf 88' lang='lat' dir='ltr'>septimo,</span> <span class='ocrx_word' id='word_1_543' title='bbox 2551 776 2619 830; x_wconf 91' lang='lat' dir='ltr'>de</span> <span class='ocrx_word' id='word_1_544' title='bbox 2649 775 2793 830; x_wconf 89' lang='lat' dir='ltr'>vasis</span> <span class='ocrx_word' id='word_1_545' title='bbox 2823 776 3011 830; x_wconf 90' lang='lat' dir='ltr'>aureis</span> <span class='ocrx_word' id='word_1_546' title='bbox 3041 781 3097 832; x_wconf 93' lang='lat' dir='ltr'><strong>et</strong></span> <span class='ocrx_word' id='word_1_547' title='bbox 3126 779 3411 848; x_wconf 81' lang='lat' dir='ltr'>argenteis</span> <span class='ocrx_word' id='word_1_548' title='bbox 3437 779 3499 834; x_wconf 90' lang='lat' dir='ltr'>in</span> <span class='ocrx_word' id='word_1_549' title='bbox 3518 780 3689 835; x_wconf 93' lang='lat' dir='ltr'>domo</span> 
     </span>
    </p>
   </div>
   <div class='ocr_carea' id='block_1_73' title="bbox 1984 863 3691 939">
    <p class='ocr_par' dir='ltr' id='par_1_73' title="bbox 1984 863 3691 939">
     <span class='ocr_line' id='line_1_75' title="bbox 1984 863 3691 939; baseline 0.003 -21"><span class='ocrx_word' id='word_1_550' title='bbox 1984 880 2195 936; x_wconf 88' lang='lat' dir='ltr'>magna</span> <span class='ocrx_word' id='word_1_551' title='bbox 2240 863 2561 918; x_wconf 88' lang='lat' dir='ltr'>constitutis</span> <span class='ocrx_word' id='word_1_552' title='bbox 2610 865 2743 934; x_wconf 89' lang='lat' dir='ltr'>(Cap</span> <span class='ocrx_word' id='word_1_553' title='bbox 2776 868 2861 933; x_wconf 83' lang='grc'><strong>51,</strong></span> <span class='ocrx_word' id='word_1_554' title='bbox 2902 881 2958 919; x_wconf 88' lang='lat' dir='ltr'>n.</span> <span class='ocrx_word' id='word_1_555' title='bbox 2993 865 3104 936; x_wconf 85' lang='lat'>99),</span> <span class='ocrx_word' id='word_1_556' title='bbox 3149 882 3379 921; x_wconf 89' lang='lat' dir='ltr'>sensum</span> <span class='ocrx_word' id='word_1_557' title='bbox 3422 868 3691 939; x_wconf 81' lang='lat' dir='ltr'>Cypriani</span> 
     </span>
    </p>
   </div>
   <div class='ocr_carea' id='block_1_74' title="bbox 1984 953 3687 1024">
    <p class='ocr_par' dir='ltr' id='par_1_74' title="bbox 1984 953 3687 1024">
     <span class='ocr_line' id='line_1_76' title="bbox 1984 953 3687 1024; baseline 0.001 -17"><span class='ocrx_word' id='word_1_558' title='bbox 1984 958 2207 1007; x_wconf 89' lang='lat' dir='ltr'>secutus</span> <span class='ocrx_word' id='word_1_559' title='bbox 2237 969 2384 1019; x_wconf 90' lang='lat' dir='ltr'>sum,</span> <span class='ocrx_word' id='word_1_560' title='bbox 2419 953 2517 1024; x_wconf 90' lang='lat' dir='ltr'>qui</span> <span class='ocrx_word' id='word_1_561' title='bbox 2546 954 2669 1007; x_wconf 63' lang='lat' dir='ltr'>haec</span> <span class='ocrx_word' id='word_1_562' title='bbox 2702 953 2918 1023; x_wconf 90' lang='lat' dir='ltr'>accepit</span> <span class='ocrx_word' id='word_1_563' title='bbox 2962 953 3021 1008; x_wconf 94' lang='lat' dir='ltr'>in</span> <span class='ocrx_word' id='word_1_564' title='bbox 3070 955 3263 1021; x_wconf 87' lang='lat' dir='ltr'>bonis;</span> <span class='ocrx_word' id='word_1_565' title='bbox 3297 956 3356 1009; x_wconf 92' lang='lat' dir='ltr'>in</span> <span class='ocrx_word' id='word_1_566' title='bbox 3386 956 3553 1009; x_wconf 90' lang='lat' dir='ltr'>malis</span> <span class='ocrx_word' id='word_1_567' title='bbox 3585 973 3687 1010; x_wconf 85' lang='lat' dir='ltr'>an-</span> 
     </span>
    </p>
   </div>
   <div class='ocr_carea' id='block_1_75' title="bbox 1984 1042 3687 1114">
    <p class='ocr_par' dir='ltr' id='par_1_75' title="bbox 1984 1042 3687 1114">
     <span class='ocr_line' id='line_1_77' title="bbox 1984 1042 3687 1114; baseline 0.002 -19"><span class='ocrx_word' id='word_1_568' title='bbox 1984 1047 2100 1095; x_wconf 90' lang='lat' dir='ltr'><strong>tem</strong></span> <span class='ocrx_word' id='word_1_569' title='bbox 2114 1042 2304 1113; x_wconf 90' lang='lat' dir='ltr'>lignea</span> <span class='ocrx_word' id='word_1_570' title='bbox 2320 1045 2374 1095; x_wconf 90' lang='lat' dir='ltr'>et</span> <span class='ocrx_word' id='word_1_571' title='bbox 2390 1042 2584 1095; x_wconf 85' lang='lat' dir='ltr'>ﬁctilia</span> <span class='ocrx_word' id='word_1_572' title='bbox 2598 1042 2782 1112; x_wconf 86' lang='lat' dir='ltr'>(Cypr.</span> <span class='ocrx_word' id='word_1_573' title='bbox 2799 1046 2974 1112; x_wconf 83' lang='lat' dir='ltr'>Epist.</span> <span class='ocrx_word' id='word_1_574' title='bbox 2992 1046 3081 1112; x_wconf 79' lang='grc'><strong>51,</strong></span> <span class='ocrx_word' id='word_1_575' title='bbox 3097 1044 3171 1097; x_wconf 89' lang='lat' dir='ltr'>ad</span> <span class='ocrx_word' id='word_1_576' title='bbox 3196 1046 3512 1112; x_wconf 58' lang='lat' dir='ltr'>Maximum,</span> <span class='ocrx_word' id='word_1_577' title='bbox 3537 1043 3687 1114; x_wconf 90' lang='lat' dir='ltr'>etc.):</span> 
     </span>
    </p>
   </div>
   <div class='ocr_carea' id='block_1_76' title="bbox 1985 1130 3691 1201">
    <p class='ocr_par' dir='ltr' id='par_1_76' title="bbox 1985 1130 3691 1201">
     <span class='ocr_line' id='line_1_78' title="bbox 1985 1130 3691 1201; baseline 0.002 -18"><span class='ocrx_word' id='word_1_578' title='bbox 1985 1130 2052 1184; x_wconf 90' lang='lat' dir='ltr'>ad</span> <span class='ocrx_word' id='word_1_579' title='bbox 2083 1130 2181 1184; x_wconf 90' lang='lat' dir='ltr'>illa</span> <span class='ocrx_word' id='word_1_580' title='bbox 2210 1131 2461 1184; x_wconf 90' lang='lat' dir='ltr'>referens</span> <span class='ocrx_word' id='word_1_581' title='bbox 2492 1131 2645 1201; x_wconf 92' lang='lat' dir='ltr'>quod</span> <span class='ocrx_word' id='word_1_582' title='bbox 2673 1130 2888 1185; x_wconf 90' lang='lat' dir='ltr'>dictum</span> <span class='ocrx_word' id='word_1_583' title='bbox 2915 1134 3020 1199; x_wconf 90' lang='lat' dir='ltr'>est,</span> <span class='ocrx_word' id='word_1_584' title='bbox 3050 1131 3185 1186; x_wconf 81' lang='lat' dir='ltr'>Alia</span> <span class='ocrx_word' id='word_1_585' title='bbox 3214 1132 3432 1201; x_wconf 85' lang='lat' dir='ltr'>quidem</span> <span class='ocrx_word' id='word_1_586' title='bbox 3458 1133 3517 1186; x_wconf 91' lang='lat' dir='ltr'>in</span> <span class='ocrx_word' id='word_1_587' title='bbox 3538 1133 3691 1187; x_wconf 82' lang='lat' dir='ltr'>hono-</span> 
     </span>
    </p>
   </div>
   <div class='ocr_carea' id='block_1_77' title="bbox 1984 1219 3691 1289">
    <p class='ocr_par' dir='ltr' id='par_1_77' title="bbox 1984 1219 3691 1289">
     <span class='ocr_line' id='line_1_79' title="bbox 1984 1219 3691 1289; baseline 0.002 -17"><span class='ocrx_word' id='word_1_588' title='bbox 1984 1234 2128 1286; x_wconf 87' lang='lat' dir='ltr'>rem;</span> <span class='ocrx_word' id='word_1_589' title='bbox 2162 1219 2233 1273; x_wconf 88' lang='lat' dir='ltr'>ad</span> <span class='ocrx_word' id='word_1_590' title='bbox 2263 1219 2386 1273; x_wconf 67' lang='lat' dir='ltr'>hinc.</span> <span class='ocrx_word' id='word_1_591' title='bbox 2411 1222 2601 1272; x_wconf 90' lang='lat' dir='ltr'>autem</span> <span class='ocrx_word' id='word_1_592' title='bbox 2635 1219 2788 1289; x_wconf 92' lang='lat' dir='ltr'>quod</span> <span class='ocrx_word' id='word_1_593' title='bbox 2821 1219 3035 1273; x_wconf 87' lang='lat' dir='ltr'>dictum</span> <span class='ocrx_word' id='word_1_594' title='bbox 3067 1224 3170 1287; x_wconf 90' lang='lat' dir='ltr'>est,</span> <span class='ocrx_word' id='word_1_595' title='bbox 3201 1221 3331 1275; x_wconf 84' lang='lat' dir='ltr'>Alia</span> <span class='ocrx_word' id='word_1_596' title='bbox 3355 1236 3478 1274; x_wconf 76' lang='lat' dir='ltr'>vero</span> <span class='ocrx_word' id='word_1_597' title='bbox 3498 1222 3555 1274; x_wconf 90' lang='lat' dir='ltr'>in</span> <span class='ocrx_word' id='word_1_598' title='bbox 3577 1236 3691 1275; x_wconf 87' lang='lat' dir='ltr'>con-</span> 
     </span>
    </p>
   </div>
   <div class='ocr_carea' id='block_1_78' title="bbox 1988 1308 3685 1381">
    <p class='ocr_par' dir='ltr' id='par_1_78' title="bbox 1988 1308 3685 1381">
     <span class='ocr_line' id='line_1_80' title="bbox 1988 1308 3685 1381; baseline 0.003 -21"><span class='ocrx_word' id='word_1_599' title='bbox 1988 1308 2262 1362; x_wconf 86' lang='lat' dir='ltr'>tumeliam</span> <span class='ocrx_word' id='word_1_600' title='bbox 2301 1309 2379 1375; x_wconf 87' lang='grc' dir='ltr'>(ΙΙ</span> <span class='ocrx_word' id='word_1_601' title='bbox 2407 1308 2540 1361; x_wconf 89' lang='lat' dir='ltr'>Tim.</span> <span class='ocrx_word' id='word_1_602' title='bbox 2592 1325 2653 1376; x_wconf 83' lang='grc' dir='ltr'>ιι,</span> <span class='ocrx_word' id='word_1_603' title='bbox 2705 1308 2820 1378; x_wconf 89' lang='grc'>20).</span> <span class='ocrx_word' id='word_1_604' title='bbox 2868 1308 2978 1362; x_wconf 91' lang='lat' dir='ltr'>Sed</span> <span class='ocrx_word' id='word_1_605' title='bbox 3023 1308 3209 1380; x_wconf 88' lang='lat' dir='ltr'>magis</span> <span class='ocrx_word' id='word_1_606' title='bbox 3246 1308 3500 1380; x_wconf 89' lang='lat' dir='ltr'>approbo</span> <span class='ocrx_word' id='word_1_607' title='bbox 3532 1310 3685 1381; x_wconf 88' lang='lat' dir='ltr'>quod</span> 
     </span>
    </p>
   </div>
   <div class='ocr_carea' id='block_1_79' title="bbox 1985 1394 3691 1468">
    <p class='ocr_par' dir='ltr' id='par_1_79' title="bbox 1985 1394 3691 1468">
     <span class='ocr_line' id='line_1_81' title="bbox 1985 1394 3691 1468; baseline 0 -17"><span class='ocrx_word' id='word_1_608' title='bbox 1985 1395 2139 1465; x_wconf 85' lang='lat' dir='ltr'>apud</span> <span class='ocrx_word' id='word_1_609' title='bbox 2158 1394 2512 1465; x_wconf 80' lang='lat' dir='ltr'>Tychonium</span> <span class='ocrx_word' id='word_1_610' title='bbox 2528 1398 2725 1465; x_wconf 89' lang='lat' dir='ltr'>postea</span> <span class='ocrx_word' id='word_1_611' title='bbox 2740 1396 2928 1467; x_wconf 89' lang='lat' dir='ltr'>reperi</span> <span class='ocrx_word' id='word_1_612' title='bbox 2947 1396 3033 1449; x_wconf 87' lang='lat' dir='ltr'>vel</span> <span class='ocrx_word' id='word_1_613' title='bbox 3053 1395 3291 1462; x_wconf 85' lang='lat' dir='ltr'>adverti,</span> <span class='ocrx_word' id='word_1_614' title='bbox 3310 1396 3372 1449; x_wconf 91' lang='lat' dir='ltr'>in</span> <span class='ocrx_word' id='word_1_615' title='bbox 3391 1396 3691 1468; x_wconf 85' lang='lat' dir='ltr'>utriusque</span> 
     </span>
    </p>
   </div>
   <div class='ocr_carea' id='block_1_80' title="bbox 1984 1483 3696 1554">
    <p class='ocr_par' dir='ltr' id='par_1_80' title="bbox 1984 1483 3696 1554">
     <span class='ocr_line' id='line_1_82' title="bbox 1984 1483 3696 1554; baseline 0.001 -14"><span class='ocrx_word' id='word_1_616' title='bbox 1984 1483 2424 1554; x_wconf 90' lang='lat' dir='ltr'>intelligendum</span> <span class='ocrx_word' id='word_1_617' title='bbox 2458 1483 2724 1553; x_wconf 72' lang='lat' dir='ltr'>quaedam</span> <span class='ocrx_word' id='word_1_618' title='bbox 2756 1484 2818 1537; x_wconf 89' lang='lat' dir='ltr'>in</span> <span class='ocrx_word' id='word_1_619' title='bbox 2854 1484 3154 1553; x_wconf 87' lang='lat' dir='ltr'>honorem,</span> <span class='ocrx_word' id='word_1_620' title='bbox 3186 1500 3304 1538; x_wconf 92' lang='lat' dir='ltr'>non</span> <span class='ocrx_word' id='word_1_621' title='bbox 3334 1484 3456 1539; x_wconf 91' lang='lat' dir='ltr'>sola</span> <span class='ocrx_word' id='word_1_622' title='bbox 3481 1485 3696 1541; x_wconf 90' lang='lat' dir='ltr'>scilicet</span> 
     </span>
    </p>
   </div>
   <div class='ocr_carea' id='block_1_81' title="bbox 1986 1571 3693 1644">
    <p class='ocr_par' dir='ltr' id='par_1_81' title="bbox 1986 1571 3693 1644">
     <span class='ocr_line' id='line_1_83' title="bbox 1986 1571 3693 1644; baseline 0 -17"><span class='ocrx_word' id='word_1_623' title='bbox 1986 1588 2160 1627; x_wconf 90' lang='lat' dir='ltr'>aurea</span> <span class='ocrx_word' id='word_1_624' title='bbox 2188 1574 2244 1626; x_wconf 90' lang='lat' dir='ltr'>et</span> <span class='ocrx_word' id='word_1_625' title='bbox 2269 1575 2565 1642; x_wconf 90' lang='lat' dir='ltr'>argentea;</span> <span class='ocrx_word' id='word_1_626' title='bbox 2600 1576 2653 1625; x_wconf 89' lang='lat' dir='ltr'>et</span> <span class='ocrx_word' id='word_1_627' title='bbox 2682 1588 2879 1627; x_wconf 91' lang='lat' dir='ltr'>rursus</span> <span class='ocrx_word' id='word_1_628' title='bbox 2912 1571 2973 1626; x_wconf 94' lang='lat' dir='ltr'>in</span> <span class='ocrx_word' id='word_1_629' title='bbox 2997 1572 3260 1644; x_wconf 83' lang='lat' dir='ltr'>utrisque</span> <span class='ocrx_word' id='word_1_630' title='bbox 3316 1572 3579 1643; x_wconf 83' lang='lat' dir='ltr'>quaedam</span> <span class='ocrx_word' id='word_1_631' title='bbox 3631 1573 3693 1627; x_wconf 91' lang='lat' dir='ltr'>in</span> 
     </span>
    </p>
   </div>
   <div class='ocr_carea' id='block_1_82' title="bbox 1987 1660 3694 1733">
    <p class='ocr_par' dir='ltr' id='par_1_82' title="bbox 1987 1660 3694 1733">
     <span class='ocr_line' id='line_1_84' title="bbox 1987 1660 3694 1733; baseline 0 -17"><span class='ocrx_word' id='word_1_632' title='bbox 1987 1660 2412 1727; x_wconf 88' lang='lat' dir='ltr'>contumeliam,</span> <span class='ocrx_word' id='word_1_633' title='bbox 2446 1676 2562 1714; x_wconf 92' lang='lat' dir='ltr'>non</span> <span class='ocrx_word' id='word_1_634' title='bbox 2591 1660 2789 1732; x_wconf 88' lang='lat' dir='ltr'>utique</span> <span class='ocrx_word' id='word_1_635' title='bbox 2821 1662 2942 1715; x_wconf 89' lang='lat' dir='ltr'>sola</span> <span class='ocrx_word' id='word_1_636' title='bbox 2978 1661 3169 1733; x_wconf 88' lang='lat' dir='ltr'>lignea</span> <span class='ocrx_word' id='word_1_637' title='bbox 3216 1664 3272 1715; x_wconf 88' lang='lat' dir='ltr'>et</span> <span class='ocrx_word' id='word_1_638' title='bbox 3313 1660 3532 1716; x_wconf 85' lang='lat' dir='ltr'>ﬁctilia.</span> <span class='ocrx_word' id='word_1_639' title='bbox 3576 1663 3694 1716; x_wconf 87' lang='lat' dir='ltr'>Hoc</span> 
     </span>
    </p>
   </div>
   <div class='ocr_carea' id='block_1_83' title="bbox 1988 1747 3693 1820">
    <p class='ocr_par' dir='ltr' id='par_1_83' title="bbox 1988 1747 3693 1820">
     <span class='ocr_line' id='line_1_85' title="bbox 1988 1747 3693 1820; baseline 0 -16"><span class='ocrx_word' id='word_1_640' title='bbox 1988 1766 2132 1820; x_wconf 90' lang='lat' dir='ltr'>opus</span> <span class='ocrx_word' id='word_1_641' title='bbox 2162 1748 2239 1802; x_wconf 93' lang='lat' dir='ltr'>sic</span> <span class='ocrx_word' id='word_1_642' title='bbox 2264 1747 2464 1818; x_wconf 89' lang='lat' dir='ltr'>incipit</span> <span class='ocrx_word' id='word_1_643' title='bbox 2496 1764 2508 1802; x_wconf 90' lang='lat'><strong>:</strong></span> <span class='ocrx_word' id='word_1_644' title='bbox 2538 1750 2602 1803; x_wconf 90' lang='lat' dir='ltr'>In</span> <span class='ocrx_word' id='word_1_645' title='bbox 2630 1751 2704 1803; x_wconf 88' lang='lat' dir='ltr'>eis</span> <span class='ocrx_word' id='word_1_646' title='bbox 2735 1750 2890 1803; x_wconf 86' lang='lat' dir='ltr'>libris</span> <span class='ocrx_word' id='word_1_647' title='bbox 2922 1764 3052 1818; x_wconf 83' lang='lat' dir='ltr'>quos</span> <span class='ocrx_word' id='word_1_648' title='bbox 3090 1750 3350 1804; x_wconf 83' lang='lat' dir='ltr'>adversus</span> <span class='ocrx_word' id='word_1_649' title='bbox 3388 1751 3693 1819; x_wconf 89' lang='lat' dir='ltr'>Epistolam</span> 
     </span>
    </p>
   </div>
   <div class='ocr_carea' id='block_1_84' title="bbox 1987 1838 2353 1893">
    <p class='ocr_par' dir='ltr' id='par_1_84' title="bbox 1987 1838 2353 1893">
     <span class='ocr_line' id='line_1_86' title="bbox 1987 1838 2353 1893; baseline -0.011 0"><span class='ocrx_word' id='word_1_650' title='bbox 1987 1838 2353 1893; x_wconf 88' lang='lat' dir='ltr'>Parmeniani.</span> 
     </span>
    </p>
   </div>
   <div class='ocr_carea' id='block_1_85' title="bbox 2648 1906 3030 1961">
    <p class='ocr_par' dir='ltr' id='par_1_85' title="bbox 2648 1906 3030 1961">
     <span class='ocr_line' id='line_1_87' title="bbox 2648 1906 3030 1961; baseline 0 0"><span class='ocrx_word' id='word_1_651' title='bbox 2648 1906 2871 1961; x_wconf 87' lang='lat' dir='ltr'>CAPUT</span> <span class='ocrx_word' id='word_1_652' title='bbox 2902 1907 3030 1961; x_wconf 86' lang='lat' dir='ltr'><strong>XIX.</strong></span> 
     </span>
    </p>
   </div>
   <div class='ocr_carea' id='block_1_86' title="bbox 1988 1996 3688 2067">
    <p class='ocr_par' dir='ltr' id='par_1_86' title="bbox 1988 1996 3688 2067">
     <span class='ocr_line' id='line_1_88' title="bbox 1988 1996 3688 2067; baseline -0.002 -12"><span class='ocrx_word' id='word_1_653' title='bbox 1988 2000 2186 2055; x_wconf 85' lang='lat' dir='ltr'>Contra</span> <span class='ocrx_word' id='word_1_654' title='bbox 2215 1996 2361 2067; x_wconf 84' lang='lat' dir='ltr'>quod</span> <span class='ocrx_word' id='word_1_655' title='bbox 2389 1996 2575 2051; x_wconf 88' lang='lat' dir='ltr'>attulit</span> <span class='ocrx_word' id='word_1_656' title='bbox 2618 1996 2901 2051; x_wconf 84' lang='lat' dir='ltr'>Centurins</span> <span class='ocrx_word' id='word_1_657' title='bbox 2933 2011 2967 2049; x_wconf 90' lang='lat' dir='ltr'>a</span> <span class='ocrx_word' id='word_1_658' title='bbox 2993 1996 3302 2058; x_wconf 85' lang='lat' dir='ltr'>Donatistis,</span> <span class='ocrx_word' id='word_1_659' title='bbox 3351 1997 3486 2051; x_wconf 88' lang='lat' dir='ltr'>liber</span> <span class='ocrx_word' id='word_1_660' title='bbox 3528 2011 3688 2052; x_wconf 87' lang='lat' dir='ltr'>unus.</span> 
     </span>
    </p>
   </div>
   <div class='ocr_carea' id='block_1_87' title="bbox 2592 2083 3082 2157">
    <p class='ocr_par' dir='ltr' id='par_1_87' title="bbox 2592 2083 3082 2157">
     <span class='ocr_line' id='line_1_89' title="bbox 2592 2083 3082 2157; baseline 0.002 -19"><span class='ocrx_word' id='word_1_661' title='bbox 2592 2116 2660 2124; x_wconf 95' lang='lat'><strong>—</strong></span> <span class='ocrx_word' id='word_1_662' title='bbox 2687 2083 2831 2155; x_wconf 83' lang='lat' dir='ltr'>[Non</span> <span class='ocrx_word' id='word_1_663' title='bbox 2861 2083 3082 2157; x_wconf 89' lang='lat' dir='ltr'>exstat.]</span> 
     </span>
    </p>
   </div>
   <div class='ocr_carea' id='block_1_88' title="bbox 2061 2172 3691 2244">
    <p class='ocr_par' dir='ltr' id='par_1_88' title="bbox 2061 2172 3691 2244">
     <span class='ocr_line' id='line_1_90' title="bbox 2061 2172 3691 2244; baseline -0.001 -15"><span class='ocrx_word' id='word_1_664' title='bbox 2061 2175 2201 2231; x_wconf 90' lang='lat' dir='ltr'>Cum</span> <span class='ocrx_word' id='word_1_665' title='bbox 2234 2174 2503 2228; x_wconf 88' lang='lat' dir='ltr'>adversus</span> <span class='ocrx_word' id='word_1_666' title='bbox 2528 2175 2750 2243; x_wconf 88' lang='lat' dir='ltr'>partem</span> <span class='ocrx_word' id='word_1_667' title='bbox 2782 2172 2988 2227; x_wconf 89' lang='lat' dir='ltr'>Donati</span> <span class='ocrx_word' id='word_1_668' title='bbox 3017 2174 3199 2226; x_wconf 89' lang='lat' dir='ltr'>multa</span> <span class='ocrx_word' id='word_1_669' title='bbox 3237 2172 3449 2227; x_wconf 84' lang='lat' dir='ltr'>crebris</span> <span class='ocrx_word' id='word_1_670' title='bbox 3495 2172 3691 2244; x_wconf 86' lang='lat' dir='ltr'>dispu-</span> 
     </span>
    </p>
   </div>
   <div class='ocr_carea' id='block_1_89' title="bbox 1993 2258 3691 2333">
    <p class='ocr_par' dir='ltr' id='par_1_89' title="bbox 1993 2258 3691 2333">
     <span class='ocr_line' id='line_1_91' title="bbox 1993 2258 3691 2333; baseline -0.001 -16"><span class='ocrx_word' id='word_1_671' title='bbox 1993 2262 2306 2317; x_wconf 87' lang='lat' dir='ltr'>tationibus</span> <span class='ocrx_word' id='word_1_672' title='bbox 2358 2277 2678 2333; x_wconf 87' lang='lat' dir='ltr'>ageremus,</span> <span class='ocrx_word' id='word_1_673' title='bbox 2734 2260 2924 2314; x_wconf 89' lang='lat' dir='ltr'>attulit</span> <span class='ocrx_word' id='word_1_674' title='bbox 2972 2260 3043 2313; x_wconf 90' lang='lat' dir='ltr'>ad</span> <span class='ocrx_word' id='word_1_675' title='bbox 3096 2258 3398 2314; x_wconf 91' lang='lat' dir='ltr'>Ecclesiam</span> <span class='ocrx_word' id='word_1_676' title='bbox 3457 2260 3691 2331; x_wconf 88' lang='lat' dir='ltr'>quidam</span> 
     </span>
    </p>
   </div>
   <div class='ocr_carea' id='block_1_90' title="bbox 1990 2348 3690 2406">
    <p class='ocr_par' dir='ltr' id='par_1_90' title="bbox 1990 2348 3690 2406">
     <span class='ocr_line' id='line_1_92' title="bbox 1990 2348 3690 2406; baseline -0.002 -1"><span class='ocrx_word' id='word_1_677' title='bbox 1990 2352 2167 2406; x_wconf 86' lang='lat' dir='ltr'>laicus</span> <span class='ocrx_word' id='word_1_678' title='bbox 2198 2356 2334 2405; x_wconf 90' lang='lat' dir='ltr'>tunc</span> <span class='ocrx_word' id='word_1_679' title='bbox 2380 2365 2579 2404; x_wconf 91' lang='lat' dir='ltr'>eorum</span> <span class='ocrx_word' id='word_1_680' title='bbox 2630 2350 2910 2402; x_wconf 90' lang='lat' dir='ltr'>nonnulla</span> <span class='ocrx_word' id='word_1_681' title='bbox 2958 2352 3157 2403; x_wconf 88' lang='lat' dir='ltr'>contra</span> <span class='ocrx_word' id='word_1_682' title='bbox 3199 2365 3305 2402; x_wconf 92' lang='lat' dir='ltr'>nos</span> <span class='ocrx_word' id='word_1_683' title='bbox 3353 2348 3562 2402; x_wconf 88' lang='lat' dir='ltr'>dictata</span> <span class='ocrx_word' id='word_1_684' title='bbox 3605 2349 3690 2402; x_wconf 86' lang='lat' dir='ltr'>vel</span> 
     </span>
    </p>
   </div>
   <div class='ocr_carea' id='block_1_91' title="bbox 1991 2436 3693 2510">
    <p class='ocr_par' dir='ltr' id='par_1_91' title="bbox 1991 2436 3693 2510">
     <span class='ocr_line' id='line_1_93' title="bbox 1991 2436 3693 2510; baseline -0.001 -18"><span class='ocrx_word' id='word_1_685' title='bbox 1991 2439 2200 2510; x_wconf 90' lang='lat' dir='ltr'>scripta</span> <span class='ocrx_word' id='word_1_686' title='bbox 2220 2439 2282 2493; x_wconf 90' lang='lat' dir='ltr'>in</span> <span class='ocrx_word' id='word_1_687' title='bbox 2303 2438 2501 2509; x_wconf 91' lang='lat' dir='ltr'>paucis</span> <span class='ocrx_word' id='word_1_688' title='bbox 2522 2439 2676 2492; x_wconf 91' lang='lat' dir='ltr'>velut</span> <span class='ocrx_word' id='word_1_689' title='bbox 2695 2436 3059 2503; x_wconf 82' lang='lat' dir='ltr'>testimoniis,</span> <span class='ocrx_word' id='word_1_690' title='bbox 3080 2453 3208 2508; x_wconf 64' lang='lat' dir='ltr'>qua:</span> <span class='ocrx_word' id='word_1_691' title='bbox 3228 2453 3345 2492; x_wconf 69' lang='lat' dir='ltr'>suae</span> <span class='ocrx_word' id='word_1_692' title='bbox 3371 2452 3553 2490; x_wconf 75' lang='lat' dir='ltr'>causae</span> <span class='ocrx_word' id='word_1_693' title='bbox 3575 2436 3693 2490; x_wconf 86' lang='lat' dir='ltr'>suf-</span> 
     </span>
    </p>
   </div>
   <div class='ocr_carea' id='block_1_92' title="bbox 1990 2523 3695 2599">
    <p class='ocr_par' dir='ltr' id='par_1_92' title="bbox 1990 2523 3695 2599">
     <span class='ocr_line' id='line_1_94' title="bbox 1990 2523 3695 2599; baseline -0.002 -16"><span class='ocrx_word' id='word_1_694' title='bbox 1990 2527 2203 2599; x_wconf 87' lang='lat' dir='ltr'>fragari</span> <span class='ocrx_word' id='word_1_695' title='bbox 2230 2532 2433 2598; x_wconf 87' lang='lat' dir='ltr'>putant</span> <span class='ocrx_word' id='word_1_696' title='bbox 2467 2544 2479 2581; x_wconf 89' lang='lat'>:</span> <span class='ocrx_word' id='word_1_697' title='bbox 2510 2527 2600 2581; x_wconf 92' lang='lat' dir='ltr'>his</span> <span class='ocrx_word' id='word_1_698' title='bbox 2631 2525 2959 2581; x_wconf 85' lang='lat' dir='ltr'>brevissime</span> <span class='ocrx_word' id='word_1_699' title='bbox 2991 2526 3281 2597; x_wconf 88' lang='lat' dir='ltr'>respondi.</span> <span class='ocrx_word' id='word_1_700' title='bbox 3314 2526 3493 2596; x_wconf 86' lang='lat' dir='ltr'>Hujus</span> <span class='ocrx_word' id='word_1_701' title='bbox 3516 2523 3695 2580; x_wconf 90' lang='lat' dir='ltr'>libelli</span> 
     </span>
    </p>
   </div>
   <div class='ocr_carea' id='block_1_93' title="bbox 1990 2613 3696 2684">
    <p class='ocr_par' dir='ltr' id='par_1_93' title="bbox 1990 2613 3696 2684">
     <span class='ocr_line' id='line_1_95' title="bbox 1990 2613 3696 2684; baseline -0.002 -14"><span class='ocrx_word' id='word_1_702' title='bbox 1990 2616 2187 2670; x_wconf 89' lang='lat' dir='ltr'>titulus</span> <span class='ocrx_word' id='word_1_703' title='bbox 2230 2620 2316 2670; x_wconf 89' lang='lat' dir='ltr'>est</span> <span class='ocrx_word' id='word_1_704' title='bbox 2362 2631 2375 2669; x_wconf 92' lang='lat'><strong>:</strong></span> <span class='ocrx_word' id='word_1_705' title='bbox 2429 2616 2636 2670; x_wconf 90' lang='lat' dir='ltr'>Contra</span> <span class='ocrx_word' id='word_1_706' title='bbox 2681 2614 2837 2684; x_wconf 92' lang='lat' dir='ltr'>quod</span> <span class='ocrx_word' id='word_1_707' title='bbox 2878 2614 3072 2668; x_wconf 88' lang='lat' dir='ltr'>attulit</span> <span class='ocrx_word' id='word_1_708' title='bbox 3118 2613 3417 2669; x_wconf 90' lang='lat' dir='ltr'>Centurins</span> <span class='ocrx_word' id='word_1_709' title='bbox 3448 2630 3479 2667; x_wconf 90' lang='lat' dir='ltr'>a</span> <span class='ocrx_word' id='word_1_710' title='bbox 3514 2614 3696 2667; x_wconf 84' lang='lat' dir='ltr'>Dona-</span> 
     </span>
    </p>
   </div>
   <div class='ocr_carea' id='block_1_94' title="bbox 1991 2700 3691 2772">
    <p class='ocr_par' dir='ltr' id='par_1_94' title="bbox 1991 2700 3691 2772">
     <span class='ocr_line' id='line_1_96' title="bbox 1991 2700 3691 2772; baseline -0.003 -14"><span class='ocrx_word' id='word_1_711' title='bbox 1991 2703 2156 2759; x_wconf 87' lang='lat' dir='ltr'>tistis.</span> <span class='ocrx_word' id='word_1_712' title='bbox 2189 2705 2255 2758; x_wconf 88' lang='lat' dir='ltr'>Et</span> <span class='ocrx_word' id='word_1_713' title='bbox 2282 2702 2485 2772; x_wconf 89' lang='lat' dir='ltr'>incipit</span> <span class='ocrx_word' id='word_1_714' title='bbox 2521 2702 2601 2755; x_wconf 91' lang='lat' dir='ltr'>sic</span> <span class='ocrx_word' id='word_1_715' title='bbox 2634 2717 2647 2755; x_wconf 91' lang='lat'><strong>:</strong></span> <span class='ocrx_word' id='word_1_716' title='bbox 2679 2704 2827 2756; x_wconf 87' lang='lat' dir='ltr'>Dicis</span> <span class='ocrx_word' id='word_1_717' title='bbox 2855 2717 2910 2755; x_wconf 91' lang='lat' dir='ltr'>eo</span> <span class='ocrx_word' id='word_1_718' title='bbox 2942 2700 3086 2770; x_wconf 83' lang='lat' dir='ltr'>quod</span> <span class='ocrx_word' id='word_1_719' title='bbox 3129 2703 3391 2770; x_wconf 88' lang='lat' dir='ltr'>scriptum</span> <span class='ocrx_word' id='word_1_720' title='bbox 3418 2705 3497 2755; x_wconf 87' lang='lat' dir='ltr'>est</span> <span class='ocrx_word' id='word_1_721' title='bbox 3526 2716 3560 2754; x_wconf 90' lang='lat' dir='ltr'>a</span> <span class='ocrx_word' id='word_1_722' title='bbox 3589 2700 3691 2757; x_wconf 91' lang='lat' dir='ltr'>Sa-</span> 
     </span>
    </p>
   </div>
   <div class='ocr_carea' id='block_1_95' title="bbox 1992 2789 3190 2859">
    <p class='ocr_par' dir='ltr' id='par_1_95' title="bbox 1992 2789 3190 2859">
     <span class='ocr_line' id='line_1_97' title="bbox 1992 2789 3190 2859; baseline -0.008 -11"><span class='ocrx_word' id='word_1_723' title='bbox 1992 2795 2193 2848; x_wconf 88' lang='lat' dir='ltr'>lomone</span> <span class='ocrx_word' id='word_1_724' title='bbox 2224 2808 2237 2847; x_wconf 91' lang='lat'><strong>:</strong></span> <span class='ocrx_word' id='word_1_725' title='bbox 2278 2811 2299 2840; x_wconf 78' lang='grc' dir='ltr'>ι</span> <span class='ocrx_word' id='word_1_726' title='bbox 2332 2791 2419 2846; x_wconf 84' lang='lat' dir='ltr'>Ab</span> <span class='ocrx_word' id='word_1_727' title='bbox 2445 2804 2592 2859; x_wconf 81' lang='lat' dir='ltr'>aqua</span> <span class='ocrx_word' id='word_1_728' title='bbox 2615 2790 2795 2843; x_wconf 88' lang='lat' dir='ltr'>aliena</span> <span class='ocrx_word' id='word_1_729' title='bbox 2824 2789 3034 2843; x_wconf 87' lang='lat' dir='ltr'>abstine</span> <span class='ocrx_word' id='word_1_730' title='bbox 3056 2793 3126 2846; x_wconf 85' lang='lat' dir='ltr'>te,</span> <span class='ocrx_word' id='word_1_731' title='bbox 3166 2809 3190 2838; x_wconf 73' lang='grc' dir='ltr'><strong>ι</strong></span> 
     </span>
    </p>
   </div>
   <div class='ocr_carea' id='block_1_96' title="bbox 2661 2877 3026 2931">
    <p class='ocr_par' dir='ltr' id='par_1_96' title="bbox 2661 2877 3026 2931">
     <span class='ocr_line' id='line_1_98' title="bbox 2661 2877 3026 2931; baseline -0.005 0"><span class='ocrx_word' id='word_1_732' title='bbox 2661 2877 2884 2931; x_wconf 87' lang='lat' dir='ltr'>CAPUT</span> <span class='ocrx_word' id='word_1_733' title='bbox 2922 2878 3026 2930; x_wconf 86' lang='lat' dir='ltr'>XX.</span> 
     </span>
    </p>
   </div>
   <div class='ocr_carea' id='block_1_97' title="bbox 2273 2964 3397 3035">
    <p class='ocr_par' dir='ltr' id='par_1_97' title="bbox 2273 2964 3397 3035">
     <span class='ocr_line' id='line_1_99' title="bbox 2273 2964 3397 3035; baseline -0.002 -15"><span class='ocrx_word' id='word_1_734' title='bbox 2273 2965 2381 3034; x_wconf 52' lang='lat' dir='ltr'>iAd</span> <span class='ocrx_word' id='word_1_735' title='bbox 2406 2966 2785 3035; x_wconf 83' lang='lat' dir='ltr'>inquisitiones</span> <span class='ocrx_word' id='word_1_736' title='bbox 2813 2965 3087 3032; x_wconf 86' lang='lat' dir='ltr'>Januarii,</span> <span class='ocrx_word' id='word_1_737' title='bbox 3115 2964 3247 3019; x_wconf 86' lang='lat' dir='ltr'>libri</span> <span class='ocrx_word' id='word_1_738' title='bbox 3272 2964 3397 3019; x_wconf 88' lang='lat' dir='ltr'>duo.</span> 
     </span>
    </p>
   </div>
   <div class='ocr_carea' id='block_1_98' title="bbox 2065 3051 3694 3125">
    <p class='ocr_par' dir='ltr' id='par_1_98' title="bbox 2065 3051 3694 3125">
     <span class='ocr_line' id='line_1_100' title="bbox 2065 3051 3694 3125; baseline -0.002 -15"><span class='ocrx_word' id='word_1_739' title='bbox 2065 3054 2217 3111; x_wconf 89' lang='lat' dir='ltr'>Libri</span> <span class='ocrx_word' id='word_1_740' title='bbox 2265 3055 2396 3119; x_wconf 88' lang='lat' dir='ltr'>duo,</span> <span class='ocrx_word' id='word_1_741' title='bbox 2451 3070 2702 3125; x_wconf 87' lang='lat' dir='ltr'>quorum</span> <span class='ocrx_word' id='word_1_742' title='bbox 2752 3056 2834 3107; x_wconf 92' lang='lat' dir='ltr'>est</span> <span class='ocrx_word' id='word_1_743' title='bbox 2884 3052 3105 3119; x_wconf 88' lang='lat' dir='ltr'>titulus,</span> <span class='ocrx_word' id='word_1_744' title='bbox 3154 3052 3237 3107; x_wconf 83' lang='lat' dir='ltr'>Ad</span> <span class='ocrx_word' id='word_1_745' title='bbox 3286 3051 3694 3124; x_wconf 88' lang='lat' dir='ltr'>Inquisitiones</span> 
     </span>
    </p>
   </div>
   <div class='ocr_carea' id='block_1_99' title="bbox 1990 3140 3690 3212">
    <p class='ocr_par' dir='ltr' id='par_1_99' title="bbox 1990 3140 3690 3212">
     <span class='ocr_line' id='line_1_101' title="bbox 1990 3140 3690 3212; baseline -0.002 -13"><span class='ocrx_word' id='word_1_746' title='bbox 1990 3143 2263 3212; x_wconf 83' lang='lat' dir='ltr'>Januarii,</span> <span class='ocrx_word' id='word_1_747' title='bbox 2291 3144 2473 3198; x_wconf 87' lang='lat' dir='ltr'>multa</span> <span class='ocrx_word' id='word_1_748' title='bbox 2503 3143 2571 3198; x_wconf 93' lang='lat' dir='ltr'>de</span> <span class='ocrx_word' id='word_1_749' title='bbox 2611 3141 2989 3198; x_wconf 90' lang='lat' dir='ltr'>Sacramentis</span> <span class='ocrx_word' id='word_1_750' title='bbox 3037 3140 3338 3197; x_wconf 85' lang='lat' dir='ltr'>continent</span> <span class='ocrx_word' id='word_1_751' title='bbox 3380 3141 3690 3212; x_wconf 89' lang='lat' dir='ltr'>disputata,</span> 
     </span>
    </p>
   </div>
   <div class='ocr_carea' id='block_1_100' title="bbox 1992 3229 3695 3304">
    <p class='ocr_par' dir='ltr' id='par_1_100' title="bbox 1992 3229 3695 3304">
     <span class='ocr_line' id='line_1_102' title="bbox 1992 3229 3695 3304; baseline -0.002 -16"><span class='ocrx_word' id='word_1_752' title='bbox 1992 3233 2108 3288; x_wconf 89' lang='lat' dir='ltr'>sive</span> <span class='ocrx_word' id='word_1_753' title='bbox 2135 3249 2263 3304; x_wconf 65' lang='lat' dir='ltr'>quae</span> <span class='ocrx_word' id='word_1_754' title='bbox 2284 3230 2704 3298; x_wconf 89' lang='lat' dir='ltr'>uuiversaliter,</span> <span class='ocrx_word' id='word_1_755' title='bbox 2738 3230 2853 3285; x_wconf 90' lang='lat' dir='ltr'>sive</span> <span class='ocrx_word' id='word_1_756' title='bbox 2883 3245 3011 3301; x_wconf 67' lang='lat' dir='ltr'>quas</span> <span class='ocrx_word' id='word_1_757' title='bbox 3038 3229 3347 3300; x_wconf 90' lang='lat' dir='ltr'>partiliter,</span> <span class='ocrx_word' id='word_1_758' title='bbox 3377 3230 3434 3285; x_wconf 92' lang='lat' dir='ltr'>id</span> <span class='ocrx_word' id='word_1_759' title='bbox 3467 3234 3551 3284; x_wconf 87' lang='lat' dir='ltr'>est</span> <span class='ocrx_word' id='word_1_760' title='bbox 3580 3246 3695 3284; x_wconf 92' lang='lat' dir='ltr'>non</span> 
     </span>
    </p>
   </div>
   <div class='ocr_carea' id='block_1_101' title="bbox 1991 3318 3695 3395">
    <p class='ocr_par' dir='ltr' id='par_1_101' title="bbox 1991 3318 3695 3395">
     <span class='ocr_line' id='line_1_103' title="bbox 1991 3318 3695 3395; baseline -0.002 -18"><span class='ocrx_word' id='word_1_761' title='bbox 1991 3338 2260 3395; x_wconf 67' lang='lat' dir='ltr'>peraeque</span> <span class='ocrx_word' id='word_1_762' title='bbox 2293 3321 2355 3375; x_wconf 90' lang='lat' dir='ltr'>in</span> <span class='ocrx_word' id='word_1_763' title='bbox 2384 3320 2649 3375; x_wconf 90' lang='lat' dir='ltr'>omnibus</span> <span class='ocrx_word' id='word_1_764' title='bbox 2677 3319 2815 3373; x_wconf 91' lang='lat' dir='ltr'>locis</span> <span class='ocrx_word' id='word_1_765' title='bbox 2845 3319 3107 3374; x_wconf 89' lang='lat' dir='ltr'>observat</span> <span class='ocrx_word' id='word_1_766' title='bbox 3154 3318 3395 3374; x_wconf 87' lang='lat' dir='ltr'>Ecclesia</span> <span class='ocrx_word' id='word_1_767' title='bbox 3430 3335 3444 3373; x_wconf 89' lang='lat'><strong>:</strong></span> <span class='ocrx_word' id='word_1_768' title='bbox 3480 3335 3584 3373; x_wconf 91' lang='lat' dir='ltr'>nec</span> <span class='ocrx_word' id='word_1_769' title='bbox 3610 3322 3695 3373; x_wconf 86' lang='lat' dir='ltr'>ta-</span> 
     </span>
    </p>
   </div>
   <div class='ocr_carea' id='block_1_102' title="bbox 1992 3406 3696 3478">
    <p class='ocr_par' dir='ltr' id='par_1_102' title="bbox 1992 3406 3696 3478">
     <span class='ocr_line' id='line_1_104' title="bbox 1992 3406 3696 3478; baseline -0.003 -12"><span class='ocrx_word' id='word_1_770' title='bbox 1992 3427 2125 3466; x_wconf 90' lang='lat' dir='ltr'>men</span> <span class='ocrx_word' id='word_1_771' title='bbox 2176 3408 2614 3465; x_wconf 90' lang='lat' dir='ltr'>commemorari</span> <span class='ocrx_word' id='word_1_772' title='bbox 2661 3408 2855 3462; x_wconf 88' lang='lat' dir='ltr'>omnia</span> <span class='ocrx_word' id='word_1_773' title='bbox 2903 3411 3239 3478; x_wconf 89' lang='lat' dir='ltr'>potuerunt;</span> <span class='ocrx_word' id='word_1_774' title='bbox 3289 3406 3389 3461; x_wconf 91' lang='lat' dir='ltr'>sed</span> <span class='ocrx_word' id='word_1_775' title='bbox 3435 3406 3570 3460; x_wconf 88' lang='lat' dir='ltr'>satis</span> <span class='ocrx_word' id='word_1_776' title='bbox 3624 3407 3696 3461; x_wconf 90' lang='lat' dir='ltr'>ad</span> 
     </span>
    </p>
   </div>
   <div class='ocr_carea' id='block_1_103' title="bbox 1992 3494 3695 3571">
    <p class='ocr_par' dir='ltr' id='par_1_103' title="bbox 1992 3494 3695 3571">
     <span class='ocr_line' id='line_1_105' title="bbox 1992 3494 3695 3571; baseline -0.004 -17"><span class='ocrx_word' id='word_1_777' title='bbox 1992 3499 2271 3571; x_wconf 87' lang='lat' dir='ltr'>inquisita</span> <span class='ocrx_word' id='word_1_778' title='bbox 2326 3513 2665 3569; x_wconf 88' lang='lat' dir='ltr'>responsum</span> <span class='ocrx_word' id='word_1_779' title='bbox 2712 3501 2814 3551; x_wconf 88' lang='lat' dir='ltr'>est.</span> <span class='ocrx_word' id='word_1_780' title='bbox 2866 3496 3124 3559; x_wconf 87' lang='lat' dir='ltr'>Quorum</span> <span class='ocrx_word' id='word_1_781' title='bbox 3176 3494 3459 3549; x_wconf 90' lang='lat' dir='ltr'>librorum</span> <span class='ocrx_word' id='word_1_782' title='bbox 3515 3494 3695 3565; x_wconf 89' lang='lat' dir='ltr'>prior,</span> 
     </span>
    </p>
   </div>
   <div class='ocr_carea' id='block_1_104' title="bbox 1996 3582 3696 3659">
    <p class='ocr_par' dir='ltr' id='par_1_104' title="bbox 1996 3582 3696 3659">
     <span class='ocr_line' id='line_1_106' title="bbox 1996 3582 3696 3659; baseline -0.005 -17"><span class='ocrx_word' id='word_1_783' title='bbox 1996 3588 2239 3659; x_wconf 88' lang='lat' dir='ltr'>epistola</span> <span class='ocrx_word' id='word_1_784' title='bbox 2268 3590 2387 3652; x_wconf 87' lang='lat' dir='ltr'>est;</span> <span class='ocrx_word' id='word_1_785' title='bbox 2416 3586 2588 3640; x_wconf 89' lang='lat' dir='ltr'>habet</span> <span class='ocrx_word' id='word_1_786' title='bbox 2626 3584 2840 3656; x_wconf 89' lang='lat' dir='ltr'>quippe</span> <span class='ocrx_word' id='word_1_787' title='bbox 2882 3583 2943 3637; x_wconf 92' lang='lat' dir='ltr'>in</span> <span class='ocrx_word' id='word_1_788' title='bbox 2984 3582 3187 3653; x_wconf 89' lang='lat' dir='ltr'>capite,</span> <span class='ocrx_word' id='word_1_789' title='bbox 3220 3582 3369 3653; x_wconf 90' lang='lat' dir='ltr'>quis,</span> <span class='ocrx_word' id='word_1_790' title='bbox 3406 3582 3473 3636; x_wconf 92' lang='lat' dir='ltr'>ad</span> <span class='ocrx_word' id='word_1_791' title='bbox 3524 3597 3696 3653; x_wconf 88' lang='lat' dir='ltr'>quem</span> 
     </span>
    </p>
   </div>
   <div class='ocr_carea' id='block_1_105' title="bbox 1995 3670 3695 3740">
    <p class='ocr_par' dir='ltr' id='par_1_105' title="bbox 1995 3670 3695 3740">
     <span class='ocr_line' id='line_1_107' title="bbox 1995 3670 3695 3740; baseline -0.005 -9"><span class='ocrx_word' id='word_1_792' title='bbox 1995 3677 2202 3731; x_wconf 90' lang='lat' dir='ltr'>scribat</span> <span class='ocrx_word' id='word_1_793' title='bbox 2234 3690 2249 3730; x_wconf 92' lang='lat'><strong>:</strong></span> <span class='ocrx_word' id='word_1_794' title='bbox 2280 3675 2377 3729; x_wconf 91' lang='lat' dir='ltr'>sed</span> <span class='ocrx_word' id='word_1_795' title='bbox 2408 3674 2537 3728; x_wconf 92' lang='lat' dir='ltr'>ideo</span> <span class='ocrx_word' id='word_1_796' title='bbox 2565 3674 2715 3727; x_wconf 85' lang='lat' dir='ltr'>inter</span> <span class='ocrx_word' id='word_1_797' title='bbox 2744 3673 2918 3727; x_wconf 92' lang='lat' dir='ltr'>libros</span> <span class='ocrx_word' id='word_1_798' title='bbox 2947 3674 3361 3725; x_wconf 89' lang='lat' dir='ltr'>annumeratur</span> <span class='ocrx_word' id='word_1_799' title='bbox 3388 3670 3499 3725; x_wconf 89' lang='lat' dir='ltr'>hoc</span> <span class='ocrx_word' id='word_1_800' title='bbox 3529 3686 3695 3740; x_wconf 81' lang='lat' dir='ltr'>opus,</span> 
     </span>
    </p>
   </div>
   <div class='ocr_carea' id='block_1_106' title="bbox 1996 3758 3696 3838">
    <p class='ocr_par' dir='ltr' id='par_1_106' title="bbox 1996 3758 3696 3838">
     <span class='ocr_line' id='line_1_108' title="bbox 1996 3758 3696 3838; baseline -0.005 -18"><span class='ocrx_word' id='word_1_801' title='bbox 1996 3765 2271 3838; x_wconf 89' lang='lat' dir='ltr'>quoniam</span> <span class='ocrx_word' id='word_1_802' title='bbox 2296 3780 2539 3835; x_wconf 91' lang='lat' dir='ltr'>sequens</span> <span class='ocrx_word' id='word_1_803' title='bbox 2562 3763 2661 3835; x_wconf 90' lang='lat' dir='ltr'>qui</span> <span class='ocrx_word' id='word_1_804' title='bbox 2675 3761 2910 3816; x_wconf 89' lang='lat' dir='ltr'>nomina</span> <span class='ocrx_word' id='word_1_805' title='bbox 2938 3764 3135 3815; x_wconf 90' lang='lat' dir='ltr'>nostra</span> <span class='ocrx_word' id='word_1_806' title='bbox 3160 3775 3278 3813; x_wconf 91' lang='lat' dir='ltr'>non</span> <span class='ocrx_word' id='word_1_807' title='bbox 3298 3759 3490 3825; x_wconf 90' lang='lat' dir='ltr'>habet,</span> <span class='ocrx_word' id='word_1_808' title='bbox 3514 3758 3696 3812; x_wconf 88' lang='lat' dir='ltr'>multo</span> 
     </span>
    </p>
   </div>
   <div class='ocr_carea' id='block_1_107' title="bbox 1997 3846 3699 3925">
    <p class='ocr_par' dir='ltr' id='par_1_107' title="bbox 1997 3846 3699 3925">
     <span class='ocr_line' id='line_1_109' title="bbox 1997 3846 3699 3925; baseline -0.005 -16"><span class='ocrx_word' id='word_1_809' title='bbox 1997 3859 2079 3909; x_wconf 91' lang='lat' dir='ltr'>est</span> <span class='ocrx_word' id='word_1_810' title='bbox 2132 3853 2431 3925; x_wconf 84' lang='lat' dir='ltr'>prolixior,</span> <span class='ocrx_word' id='word_1_811' title='bbox 2488 3855 2545 3907; x_wconf 90' lang='lat' dir='ltr'>et</span> <span class='ocrx_word' id='word_1_812' title='bbox 2592 3852 2653 3906; x_wconf 91' lang='lat' dir='ltr'>in</span> <span class='ocrx_word' id='word_1_813' title='bbox 2695 3867 2761 3905; x_wconf 93' lang='lat' dir='ltr'>eo</span> <span class='ocrx_word' id='word_1_814' title='bbox 2808 3850 2990 3903; x_wconf 91' lang='lat' dir='ltr'>multo</span> <span class='ocrx_word' id='word_1_815' title='bbox 3037 3849 3206 3919; x_wconf 90' lang='lat' dir='ltr'>plura</span> <span class='ocrx_word' id='word_1_816' title='bbox 3245 3851 3581 3903; x_wconf 88' lang='lat' dir='ltr'>tractantur.</span> <span class='ocrx_word' id='word_1_817' title='bbox 3632 3846 3699 3900; x_wconf 93' lang='lat' dir='ltr'><strong>In</strong></span> 
     </span>
    </p>
   </div>
   <div class='ocr_carea' id='block_1_108' title="bbox 1994 3936 3697 4015">
    <p class='ocr_par' dir='ltr' id='par_1_108' title="bbox 1994 3936 3697 4015">
     <span class='ocr_line' id='line_1_110' title="bbox 1994 3936 3697 4015; baseline -0.005 -18"><span class='ocrx_word' id='word_1_818' title='bbox 1994 3943 2180 4015; x_wconf 90' lang='lat' dir='ltr'>primo</span> <span class='ocrx_word' id='word_1_819' title='bbox 2208 3941 2387 4013; x_wconf 85' lang='lat' dir='ltr'>igitur</span> <span class='ocrx_word' id='word_1_820' title='bbox 2426 3941 2578 4009; x_wconf 90' lang='lat' dir='ltr'>quod</span> <span class='ocrx_word' id='word_1_821' title='bbox 2612 3940 2679 3995; x_wconf 91' lang='lat' dir='ltr'>de</span> <span class='ocrx_word' id='word_1_822' title='bbox 2708 3954 2919 3993; x_wconf 90' lang='lat' dir='ltr'>manna</span> <span class='ocrx_word' id='word_1_823' title='bbox 2946 3936 3084 4005; x_wconf 84' lang='lat' dir='ltr'>dixi,</span> <span class='ocrx_word' id='word_1_824' title='bbox 3122 3937 3263 4003; x_wconf 84' lang='lat' dir='ltr'>Quia</span> <span class='ocrx_word' id='word_1_825' title='bbox 3295 3938 3589 4004; x_wconf 87' lang='lat' dir='ltr'>unicuique</span> <span class='ocrx_word' id='word_1_826' title='bbox 3616 3950 3697 3989; x_wconf 88' lang='lat' dir='ltr'>se-</span> 
     </span>
    </p>
   </div>
   <div class='ocr_carea' id='block_1_109' title="bbox 1995 4025 3697 4101">
    <p class='ocr_par' dir='ltr' id='par_1_109' title="bbox 1995 4025 3697 4101">
     <span class='ocr_line' id='line_1_111' title="bbox 1995 4025 3697 4101; baseline -0.007 -13"><span class='ocrx_word' id='word_1_827' title='bbox 1995 4032 2229 4088; x_wconf 85' lang='lat' dir='ltr'>cundum</span> <span class='ocrx_word' id='word_1_828' title='bbox 2249 4032 2537 4101; x_wconf 86' lang='lat' dir='ltr'>propriam</span> <span class='ocrx_word' id='word_1_829' title='bbox 2568 4031 2895 4084; x_wconf 84' lang='lat' dir='ltr'>voluntatem</span> <span class='ocrx_word' id='word_1_830' title='bbox 2923 4028 2981 4081; x_wconf 88' lang='lat' dir='ltr'>in</span> <span class='ocrx_word' id='word_1_831' title='bbox 3026 4042 3114 4081; x_wconf 89' lang='lat' dir='ltr'>ore</span> <span class='ocrx_word' id='word_1_832' title='bbox 3141 4025 3389 4095; x_wconf 87' lang='lat' dir='ltr'>sapiebat</span> <span class='ocrx_word' id='word_1_833' title='bbox 3439 4026 3589 4094; x_wconf 89' lang='lat' dir='ltr'>(Cap.</span> <span class='ocrx_word' id='word_1_834' title='bbox 3643 4026 3697 4089; x_wconf 88' lang='lat'>3,</span> 
     </span>
    </p>
   </div>
   <div class='ocr_carea' id='block_1_110' title="bbox 1994 4110 3699 4191">
    <p class='ocr_par' dir='ltr' id='par_1_110' title="bbox 1994 4110 3699 4191">
     <span class='ocr_line' id='line_1_112' title="bbox 1994 4110 3699 4191; baseline -0.006 -15"><span class='ocrx_word' id='word_1_835' title='bbox 1994 4138 2051 4176; x_wconf 90' lang='lat' dir='ltr'>n.</span> <span class='ocrx_word' id='word_1_836' title='bbox 2078 4123 2153 4191; x_wconf 77' lang='grc'><strong>4),</strong></span> <span class='ocrx_word' id='word_1_837' title='bbox 2186 4136 2305 4174; x_wconf 90' lang='lat' dir='ltr'>non</span> <span class='ocrx_word' id='word_1_838' title='bbox 2333 4117 2475 4173; x_wconf 88' lang='lat' dir='ltr'>mihi</span> <span class='ocrx_word' id='word_1_839' title='bbox 2501 4115 2745 4172; x_wconf 91' lang='lat' dir='ltr'>occurrit</span> <span class='ocrx_word' id='word_1_840' title='bbox 2789 4115 2938 4170; x_wconf 91' lang='lat' dir='ltr'>unde</span> <span class='ocrx_word' id='word_1_841' title='bbox 2967 4113 3148 4186; x_wconf 86' lang='lat' dir='ltr'>possit</span> <span class='ocrx_word' id='word_1_842' title='bbox 3175 4112 3430 4184; x_wconf 90' lang='lat' dir='ltr'>probari,</span> <span class='ocrx_word' id='word_1_843' title='bbox 3484 4110 3592 4165; x_wconf 88' lang='lat' dir='ltr'>nisi</span> <span class='ocrx_word' id='word_1_844' title='bbox 3633 4126 3699 4165; x_wconf 82' lang='lat' dir='ltr'>ex</span> 
     </span>
    </p>
   </div>
   <div class='ocr_carea' id='block_1_111' title="bbox 1995 4197 3698 4279">
    <p class='ocr_par' dir='ltr' id='par_1_111' title="bbox 1995 4197 3698 4279">
     <span class='ocr_line' id='line_1_113' title="bbox 1995 4197 3698 4279; baseline -0.007 -16"><span class='ocrx_word' id='word_1_845' title='bbox 1995 4209 2143 4263; x_wconf 89' lang='lat' dir='ltr'>libro</span> <span class='ocrx_word' id='word_1_846' title='bbox 2175 4206 2476 4279; x_wconf 83' lang='lat' dir='ltr'>Sapientiae</span> <span class='ocrx_word' id='word_1_847' title='bbox 2507 4206 2662 4278; x_wconf 90' lang='lat' dir='ltr'>(Sap.</span> <span class='ocrx_word' id='word_1_848' title='bbox 2692 4221 2804 4272; x_wconf 79' lang='lat' dir='ltr'>xvi,</span> <span class='ocrx_word' id='word_1_849' title='bbox 2834 4205 2952 4273; x_wconf 87' lang='grc'>20),</span> <span class='ocrx_word' id='word_1_850' title='bbox 2986 4218 3159 4275; x_wconf 90' lang='lat' dir='ltr'>quem</span> <span class='ocrx_word' id='word_1_851' title='bbox 3184 4200 3369 4256; x_wconf 65' lang='lat' dir='ltr'>Judaei</span> <span class='ocrx_word' id='word_1_852' title='bbox 3400 4215 3518 4253; x_wconf 91' lang='lat' dir='ltr'>non</span> <span class='ocrx_word' id='word_1_853' title='bbox 3554 4197 3698 4252; x_wconf 92' lang='lat' dir='ltr'>reci-</span> 
     </span>
    </p>
   </div>
   <div class='ocr_carea' id='block_1_112' title="bbox 1995 4286 3700 4367">
    <p class='ocr_par' dir='ltr' id='par_1_112' title="bbox 1995 4286 3700 4367">
     <span class='ocr_line' id='line_1_114' title="bbox 1995 4286 3700 4367; baseline -0.007 -16"><span class='ocrx_word' id='word_1_854' title='bbox 1995 4297 2162 4367; x_wconf 88' lang='lat' dir='ltr'>piunt</span> <span class='ocrx_word' id='word_1_855' title='bbox 2209 4295 2270 4349; x_wconf 92' lang='lat' dir='ltr'>in</span> <span class='ocrx_word' id='word_1_856' title='bbox 2316 4294 2714 4349; x_wconf 88' lang='lat' dir='ltr'>auctoritatem</span> <span class='ocrx_word' id='word_1_857' title='bbox 2765 4292 3134 4358; x_wconf 89' lang='lat' dir='ltr'>canonicam;</span> <span class='ocrx_word' id='word_1_858' title='bbox 3184 4288 3340 4359; x_wconf 90' lang='lat' dir='ltr'>quod</span> <span class='ocrx_word' id='word_1_859' title='bbox 3388 4293 3583 4341; x_wconf 88' lang='lat' dir='ltr'>tamen</span> <span class='ocrx_word' id='word_1_860' title='bbox 3630 4286 3700 4340; x_wconf 83' lang='lat' dir='ltr'>ti-</span> 
     </span>
    </p>
   </div>
   <div class='ocr_carea' id='block_1_113' title="bbox 1997 4375 3699 4454">
    <p class='ocr_par' dir='ltr' id='par_1_113' title="bbox 1997 4375 3699 4454">
     <span class='ocr_line' id='line_1_115' title="bbox 1997 4375 3699 4454; baseline -0.008 -14"><span class='ocrx_word' id='word_1_861' title='bbox 1997 4385 2217 4440; x_wconf 89' lang='lat' dir='ltr'>dclibus</span> <span class='ocrx_word' id='word_1_862' title='bbox 2259 4382 2448 4454; x_wconf 90' lang='lat' dir='ltr'>potuit</span> <span class='ocrx_word' id='word_1_863' title='bbox 2488 4381 2815 4453; x_wconf 83' lang='lat' dir='ltr'>provenire,</span> <span class='ocrx_word' id='word_1_864' title='bbox 2866 4397 2982 4435; x_wconf 93' lang='lat' dir='ltr'>non</span> <span class='ocrx_word' id='word_1_865' title='bbox 3030 4379 3143 4433; x_wconf 92' lang='lat' dir='ltr'>illis</span> <span class='ocrx_word' id='word_1_866' title='bbox 3190 4376 3460 4431; x_wconf 88' lang='lat' dir='ltr'>adversus</span> <span class='ocrx_word' id='word_1_867' title='bbox 3519 4375 3699 4429; x_wconf 90' lang='lat' dir='ltr'>Deum</span> 
     </span>
    </p>
   </div>
   <div class='ocr_carea' id='block_1_114' title="bbox 1996 4464 3701 4546">
    <p class='ocr_par' dir='ltr' id='par_1_114' title="bbox 1996 4464 3701 4546">
     <span class='ocr_line' id='line_1_116' title="bbox 1996 4464 3701 4546; baseline -0.006 -19"><span class='ocrx_word' id='word_1_868' title='bbox 1996 4471 2538 4539; x_wconf 80' lang='lat' dir='ltr'>murmuratoribns,</span> <span class='ocrx_word' id='word_1_869' title='bbox 2559 4471 2658 4543; x_wconf 87' lang='lat' dir='ltr'>qui</span> <span class='ocrx_word' id='word_1_870' title='bbox 2677 4473 2932 4542; x_wconf 90' lang='lat' dir='ltr'>profecto</span> <span class='ocrx_word' id='word_1_871' title='bbox 2952 4468 3090 4524; x_wconf 89' lang='lat' dir='ltr'>alias</span> <span class='ocrx_word' id='word_1_872' title='bbox 3110 4482 3264 4522; x_wconf 89' lang='lat' dir='ltr'>escas</span> <span class='ocrx_word' id='word_1_873' title='bbox 3284 4481 3402 4519; x_wconf 94' lang='lat' dir='ltr'>non</span> <span class='ocrx_word' id='word_1_874' title='bbox 3418 4464 3701 4546; x_wconf 81' lang='lat' dir='ltr'>desidera-</span> 
     </span>
    </p>
   </div>
   <div class='ocr_carea' id='block_1_115' title="bbox 1995 4554 3701 4632">
    <p class='ocr_par' dir='ltr' id='par_1_115' title="bbox 1995 4554 3701 4632">
     <span class='ocr_line' id='line_1_117' title="bbox 1995 4554 3701 4632; baseline -0.005 -15"><span class='ocrx_word' id='word_1_875' title='bbox 1995 4567 2147 4630; x_wconf 88' lang='lat' dir='ltr'>rent,</span> <span class='ocrx_word' id='word_1_876' title='bbox 2176 4561 2223 4616; x_wconf 90' lang='lat' dir='ltr'>si</span> <span class='ocrx_word' id='word_1_877' title='bbox 2251 4558 2359 4616; x_wconf 88' lang='lat' dir='ltr'>hoc</span> <span class='ocrx_word' id='word_1_878' title='bbox 2389 4560 2469 4615; x_wconf 91' lang='lat' dir='ltr'>eis</span> <span class='ocrx_word' id='word_1_879' title='bbox 2500 4564 2724 4632; x_wconf 89' lang='lat' dir='ltr'>saperet</span> <span class='ocrx_word' id='word_1_880' title='bbox 2751 4574 2965 4614; x_wconf 89' lang='lat' dir='ltr'>manna</span> <span class='ocrx_word' id='word_1_881' title='bbox 2984 4556 3136 4628; x_wconf 87' lang='lat' dir='ltr'>quod</span> <span class='ocrx_word' id='word_1_882' title='bbox 3160 4554 3388 4610; x_wconf 90' lang='lat' dir='ltr'>vellent.</span> <span class='ocrx_word' id='word_1_883' title='bbox 3419 4555 3535 4609; x_wconf 82' lang='lat' dir='ltr'>Hoc</span> <span class='ocrx_word' id='word_1_884' title='bbox 3556 4569 3701 4625; x_wconf 83' lang='lat' dir='ltr'>Opus</span> 
     </span>
    </p>
   </div>
   <div class='ocr_carea' id='block_1_116' title="bbox 1997 4646 3212 4722">
    <p class='ocr_par' dir='ltr' id='par_1_116' title="bbox 1997 4646 3212 4722">
     <span class='ocr_line' id='line_1_118' title="bbox 1997 4646 3212 4722; baseline -0.007 -16"><span class='ocrx_word' id='word_1_885' title='bbox 1997 4651 2077 4706; x_wconf 90' lang='lat' dir='ltr'>sic</span> <span class='ocrx_word' id='word_1_886' title='bbox 2104 4650 2305 4722; x_wconf 91' lang='lat' dir='ltr'>incipit</span> <span class='ocrx_word' id='word_1_887' title='bbox 2336 4666 2349 4705; x_wconf 91' lang='lat'><strong>:</strong></span> <span class='ocrx_word' id='word_1_888' title='bbox 2379 4650 2471 4705; x_wconf 83' lang='lat' dir='ltr'>Ad</span> <span class='ocrx_word' id='word_1_889' title='bbox 2495 4666 2557 4705; x_wconf 90' lang='lat' dir='ltr'>ea</span> <span class='ocrx_word' id='word_1_890' title='bbox 2588 4666 2705 4719; x_wconf 76' lang='lat' dir='ltr'>qua:</span> <span class='ocrx_word' id='word_1_891' title='bbox 2733 4664 2815 4703; x_wconf 91' lang='lat' dir='ltr'>me</span> <span class='ocrx_word' id='word_1_892' title='bbox 2843 4646 3212 4713; x_wconf 86' lang='lat' dir='ltr'>interrogasti.</span> 
     </span>
    </p>
   </div>
   <div class='ocr_carea' id='block_1_117' title="bbox 2650 4735 3047 4791">
    <p class='ocr_par' dir='ltr' id='par_1_117' title="bbox 2650 4735 3047 4791">
     <span class='ocr_line' id='line_1_119' title="bbox 2650 4735 3047 4791; baseline -0.01 0"><span class='ocrx_word' id='word_1_893' title='bbox 2650 4737 2876 4791; x_wconf 84' lang='lat' dir='ltr'>CAPUT</span> <span class='ocrx_word' id='word_1_894' title='bbox 2916 4735 3047 4789; x_wconf 86' lang='lat' dir='ltr'><strong>XXI.</strong></span> 
     </span>
    </p>
   </div>
   <div class='ocr_carea' id='block_1_118' title="bbox 2315 4821 3378 4896">
    <p class='ocr_par' dir='ltr' id='par_1_118' title="bbox 2315 4821 3378 4896">
     <span class='ocr_line' id='line_1_120' title="bbox 2315 4821 3378 4896; baseline -0.007 -14"><span class='ocrx_word' id='word_1_895' title='bbox 2315 4829 2389 4882; x_wconf 88' lang='lat' dir='ltr'>De</span> <span class='ocrx_word' id='word_1_896' title='bbox 2421 4826 2589 4896; x_wconf 87' lang='lat' dir='ltr'>Opere</span> <span class='ocrx_word' id='word_1_897' title='bbox 2615 4824 3017 4889; x_wconf 87' lang='lat' dir='ltr'>Monachorum,</span> <span class='ocrx_word' id='word_1_898' title='bbox 3052 4821 3189 4877; x_wconf 90' lang='lat' dir='ltr'>liber</span> <span class='ocrx_word' id='word_1_899' title='bbox 3216 4835 3378 4876; x_wconf 89' lang='lat' dir='ltr'>unus.</span> 
     </span>
    </p>
   </div>
   <div class='ocr_carea' id='block_1_119' title="bbox 2071 4907 3702 4988">
    <p class='ocr_par' dir='ltr' id='par_1_119' title="bbox 2071 4907 3702 4988">
     <span class='ocr_line' id='line_1_121' title="bbox 2071 4907 3702 4988; baseline -0.007 -16"><span class='ocrx_word' id='word_1_900' title='bbox 2071 4919 2140 4972; x_wconf 92' lang='lat' dir='ltr'>Ut</span> <span class='ocrx_word' id='word_1_901' title='bbox 2178 4916 2249 4971; x_wconf 91' lang='lat' dir='ltr'>de</span> <span class='ocrx_word' id='word_1_902' title='bbox 2280 4916 2460 4988; x_wconf 91' lang='lat' dir='ltr'>Opere</span> <span class='ocrx_word' id='word_1_903' title='bbox 2505 4913 2912 4969; x_wconf 82' lang='lat' dir='ltr'>Monachorum</span> <span class='ocrx_word' id='word_1_904' title='bbox 2958 4911 3171 4966; x_wconf 92' lang='lat' dir='ltr'>librum</span> <span class='ocrx_word' id='word_1_905' title='bbox 3220 4909 3553 4978; x_wconf 90' lang='lat' dir='ltr'>scriberem,</span> <span class='ocrx_word' id='word_1_906' title='bbox 3602 4907 3702 4961; x_wconf 90' lang='lat' dir='ltr'>illa</span> 
     </span>
    </p>
   </div>
   <div class='ocr_carea' id='block_1_120' title="bbox 1998 4995 3700 5074">
    <p class='ocr_par' dir='ltr' id='par_1_120' title="bbox 1998 4995 3700 5074">
     <span class='ocr_line' id='line_1_122' title="bbox 1998 4995 3700 5074; baseline -0.007 -14"><span class='ocrx_word' id='word_1_907' title='bbox 1998 5006 2301 5061; x_wconf 90' lang='lat' dir='ltr'>necessitas</span> <span class='ocrx_word' id='word_1_908' title='bbox 2353 5001 2650 5074; x_wconf 87' lang='lat' dir='ltr'>compulit,</span> <span class='ocrx_word' id='word_1_909' title='bbox 2707 5001 2860 5073; x_wconf 89' lang='lat' dir='ltr'>quod</span> <span class='ocrx_word' id='word_1_910' title='bbox 2908 5016 3039 5055; x_wconf 93' lang='lat' dir='ltr'>cum</span> <span class='ocrx_word' id='word_1_911' title='bbox 3090 4999 3238 5072; x_wconf 90' lang='lat' dir='ltr'>apud</span> <span class='ocrx_word' id='word_1_912' title='bbox 3291 4995 3700 5067; x_wconf 87' lang='lat' dir='ltr'>Carthaginem</span> 
     </span>
    </p>
   </div>
   <div class='ocr_carea' id='block_1_121' title="bbox 1996 5087 3701 5162">
    <p class='ocr_par' dir='ltr' id='par_1_121' title="bbox 1996 5087 3701 5162">
     <span class='ocr_line' id='line_1_123' title="bbox 1996 5087 3701 5162; baseline -0.009 -12"><span class='ocrx_word' id='word_1_913' title='bbox 1996 5094 2343 5150; x_wconf 89' lang='lat' dir='ltr'>monasteria</span> <span class='ocrx_word' id='word_1_914' title='bbox 2368 5110 2486 5148; x_wconf 89' lang='lat' dir='ltr'>esse</span> <span class='ocrx_word' id='word_1_915' title='bbox 2517 5090 2837 5162; x_wconf 81' lang='lat' dir='ltr'>coepissent,</span> <span class='ocrx_word' id='word_1_916' title='bbox 2875 5090 2973 5145; x_wconf 91' lang='lat' dir='ltr'>alii</span> <span class='ocrx_word' id='word_1_917' title='bbox 2996 5107 3053 5145; x_wconf 91' lang='lat' dir='ltr'>se</span> <span class='ocrx_word' id='word_1_918' title='bbox 3087 5090 3205 5144; x_wconf 91' lang='lat' dir='ltr'>suis</span> <span class='ocrx_word' id='word_1_919' title='bbox 3235 5087 3501 5143; x_wconf 89' lang='lat' dir='ltr'>manibus</span> <span class='ocrx_word' id='word_1_920' title='bbox 3521 5088 3701 5137; x_wconf 86' lang='lat' dir='ltr'>trans-</span> 
     </span>
    </p>
   </div>
   <div class='ocr_carea' id='block_1_122' title="bbox 1997 5171 3701 5256">
    <p class='ocr_par' dir='ltr' id='par_1_122' title="bbox 1997 5171 3701 5256">
     <span class='ocr_line' id='line_1_124' title="bbox 1997 5171 3701 5256; baseline -0.01 -17"><span class='ocrx_word' id='word_1_921' title='bbox 1997 5184 2251 5256; x_wconf 87' lang='lat' dir='ltr'>igebant,</span> <span class='ocrx_word' id='word_1_922' title='bbox 2307 5183 2766 5251; x_wconf 88' lang='lat' dir='ltr'>obtemperantes</span> <span class='ocrx_word' id='word_1_923' title='bbox 2817 5180 3125 5251; x_wconf 89' lang='lat' dir='ltr'>Apostolo;</span> <span class='ocrx_word' id='word_1_924' title='bbox 3177 5176 3277 5231; x_wconf 90' lang='lat' dir='ltr'>alii</span> <span class='ocrx_word' id='word_1_925' title='bbox 3318 5190 3454 5230; x_wconf 90' lang='lat' dir='ltr'>vero</span> <span class='ocrx_word' id='word_1_926' title='bbox 3503 5171 3582 5225; x_wconf 85' lang='lat' dir='ltr'>ita</span> <span class='ocrx_word' id='word_1_927' title='bbox 3632 5185 3701 5223; x_wconf 83' lang='lat' dir='ltr'>ex</span> 
     </span>
    </p>
   </div>
   <div class='ocr_carea' id='block_1_123' title="bbox 1998 5257 3698 5340">
    <p class='ocr_par' dir='ltr' id='par_1_123' title="bbox 1998 5257 3698 5340">
     <span class='ocr_line' id='line_1_125' title="bbox 1998 5257 3698 5340; baseline -0.01 -12"><span class='ocrx_word' id='word_1_928' title='bbox 1998 5272 2379 5328; x_wconf 89' lang='lat' dir='ltr'>oblationibus</span> <span class='ocrx_word' id='word_1_929' title='bbox 2431 5267 2828 5340; x_wconf 87' lang='lat' dir='ltr'>religiosorum</span> <span class='ocrx_word' id='word_1_930' title='bbox 2871 5267 3059 5323; x_wconf 87' lang='lat' dir='ltr'>vivere</span> <span class='ocrx_word' id='word_1_931' title='bbox 3108 5264 3395 5329; x_wconf 83' lang='lat' dir='ltr'>volebant,</span> <span class='ocrx_word' id='word_1_932' title='bbox 3447 5262 3511 5314; x_wconf 90' lang='lat' dir='ltr'>ut</span> <span class='ocrx_word' id='word_1_933' title='bbox 3554 5257 3698 5312; x_wconf 92' lang='lat' dir='ltr'>nihil</span> 
     </span>
    </p>
   </div>
   <div class='ocr_carea' id='block_1_124' title="bbox 1999 5348 3699 5432">
    <p class='ocr_par' dir='ltr' id='par_1_124' title="bbox 1999 5348 3699 5432">
     <span class='ocr_line' id='line_1_126' title="bbox 1999 5348 3699 5432; baseline -0.01 -16"><span class='ocrx_word' id='word_1_934' title='bbox 1999 5363 2299 5432; x_wconf 90' lang='lat' dir='ltr'>operantes</span> <span class='ocrx_word' id='word_1_935' title='bbox 2319 5359 2472 5414; x_wconf 91' lang='lat' dir='ltr'>unde</span> <span class='ocrx_word' id='word_1_936' title='bbox 2494 5356 2807 5413; x_wconf 89' lang='lat' dir='ltr'>necessaria</span> <span class='ocrx_word' id='word_1_937' title='bbox 2827 5358 2916 5413; x_wconf 87' lang='lat' dir='ltr'>vel</span> <span class='ocrx_word' id='word_1_938' title='bbox 2938 5357 3217 5411; x_wconf 90' lang='lat' dir='ltr'>haberent</span> <span class='ocrx_word' id='word_1_939' title='bbox 3231 5352 3319 5407; x_wconf 88' lang='lat' dir='ltr'>vel</span> <span class='ocrx_word' id='word_1_940' title='bbox 3341 5348 3699 5419; x_wconf 88' lang='lat' dir='ltr'>supplerent,</span> 
     </span>
    </p>
   </div>
   <div class='ocr_carea' id='block_1_125' title="bbox 2002 5434 3699 5520">
    <p class='ocr_par' dir='ltr' id='par_1_125' title="bbox 2002 5434 3699 5520">
     <span class='ocr_line' id='line_1_127' title="bbox 2002 5434 3699 5520; baseline -0.006 -16"><span class='ocrx_word' id='word_1_941' title='bbox 2002 5466 2060 5504; x_wconf 91' lang='lat' dir='ltr'>se</span> <span class='ocrx_word' id='word_1_942' title='bbox 2092 5447 2280 5520; x_wconf 89' lang='lat' dir='ltr'>potius</span> <span class='ocrx_word' id='word_1_943' title='bbox 2309 5447 2548 5520; x_wconf 90' lang='lat' dir='ltr'>implere</span> <span class='ocrx_word' id='word_1_944' title='bbox 2596 5450 2946 5520; x_wconf 52' lang='lat' dir='ltr'>praeceptum</span> <span class='ocrx_word' id='word_1_945' title='bbox 2985 5440 3378 5514; x_wconf 87' lang='lat' dir='ltr'>evangelicum</span> <span class='ocrx_word' id='word_1_946' title='bbox 3407 5434 3699 5495; x_wconf 79' lang='lat' dir='ltr'>existima-</span> 
     </span>
    </p>
   </div>
  </div>
