4026 6180
383 186 486 240 639

384 309 512 362 rent
538 309 711 379 atque
732 306 1035 378 jactarent,
1067 304 1167 361 ubi
1212 303 1493 360 Dominus
1543 304 1621 359 ait
1650 320 1664 359 :
1695 306 1965 376 Respicite
1992 319 2085 359 υο-

383 396 566 450 latilia
589 397 707 450 coeli
735 399 784 450 et
813 396 934 450 lilia
978 397 1103 463 agri
1151 395 1361 464 (Matth.
1411 411 1488 460 v1,
1535 395 1651 464 26).
1700 393 1858 448 Unde
1907 391 2084 448 etiam

387 484 538 539 inter
565 482 739 538 laicos
766 482 1052 538 inferioris
1081 482 1376 554 propositi,
1410 481 1504 536 sed
1536 485 1729 535 tamen
1758 480 1947 535 studio
1970 481 2085 535 fer-

385 577 601 642 ventes,
639 573 878 628 existere
907 577 1194 644 cmperant
1223 572 1576 627 tumultuosa
1606 571 1940 638 certamina,
1963 571 2087 644 qui-

388 662 495 717 bus
527 663 770 718 Ecclesia
796 653 1145 728 turbaretur,
1177 661 1302 716 aliis
1339 661 1468 727 hoc,
1515 659 1640 715 aliis
1687 660 1840 716 aliud
1892 661 2088 715 defen-

386 750 673 806 dentibus.
725 753 843 806 Huc
876 751 1174 806 accedebat
1210 751 1362 822 quod
1410 748 1601 804 criniti
1645 754 1810 804 erant
1854 749 2090 822 quidam

389 854 612 906 eorum,
644 839 744 910 qui
773 839 1128 910 operandum
1157 855 1277 893 non
1306 855 1427 892 esse
1456 837 1737 893 dicebant.
1774 838 1932 893 Unde
1961 854 2092 892 con-

389 926 852 993 tentiones,hinc
880 926 1446 997 reprehendentium,
1483 926 1616 981 inde
1647 925 1811 998 quasi
1843 943 2091 998 purgan-

390 1012 534 1068 tium
566 1015 606 1080 ί,
637 1028 743 1084 pro
773 1013 1026 1084 partium
1057 1013 1259 1069 studiis
1287 1014 1665 1086 augebantur.
1701 1016 1941 1085 Propter
1969 1014 2092 1068 haec

388 1101 727 1156 venerabilis
769 1117 939 1158 senex
982 1102 1270 1170 Aurelius,
1326 1102 1584 1157 Ecclesia:
1625 1100 1803 1174 ipsius
1849 1101 2092 1155 civitatis

387 1187 710 1258 episcopus,
737 1192 802 1242 ut
830 1189 962 1243 hinc
1001 1189 1220 1261 aliquid
1269 1190 1574 1244 scriberem
1610 1187 1812 1256 jussit;
1862 1193 1918 1243 et
1959 1187 2088 1250 feci.

391 1273 493 1329 llic
521 1274 668 1330 liber
693 1275 774 1330 sic
799 1276 1003 1347 incipit
1031 1280 1310 1332 :Jussioni
1331 1283 1452 1345 tuae,
1476 1282 1657 1333 sancte
1680 1279 1859 1346 frater
1876 1277 2088 1332 Aureli.

1031 1366 1257 1421 CAPUT
1295 1368 1454 1421 XXII.

776 1446 850 1498 De
873 1445 1016 1500 Bono
1043 1445 1351 1514 Conjugali,
1385 1445 1518 1500 liber
1547 1459 1710 1501 unus.

467 1535 514 1586 1.
545 1530 832 1586 Joviniani
875 1532 1109 1586 hmresis
1153 1549 1441 1588 sacrarum
1495 1533 1781 1604 virginum
1823 1532 2093 1587 meritum

392 1619 674 1690 aequando
693 1619 986 1690 pudicitiae
1016 1621 1304 1692 conjugali
1350 1625 1576 1676 tantum
1621 1620 1802 1676 valuit
1847 1620 1908 1675 in
1952 1621 2093 1675 urbe

393 1707 592 1772 Roma,
626 1711 689 1762 ut
717 1708 1017 1763 nonnullas
1046 1708 1221 1762 etiam
1251 1707 1710 1763 sanctimoniales
1740 1708 1808 1763 de
1843 1723 2090 1780 quarum

391 1795 669 1867 pudicitia
703 1797 948 1867 suspicio
976 1797 1132 1850 nulla
1158 1801 1547 1868 praecesserat,
1597 1795 1864 1867 dejecisse
1895 1795 1957 1850 in
1985 1812 2094 1850 nu-

393 1883 540 1955 ptias
582 1884 887 1951 diceretur,
933 1885 1044 1940 hoc
1081 1887 1330 1941 maxime
1356 1889 1697 1957 argumento
1727 1901 1857 1939 cum
1888 1901 1984 1940 eas
2010 1900 2097 1939 ur-

393 1976 553 2043 geret
568 1971 763 2027 dicens
786 1989 799 2027 :
829 1974 912 2028 Tu
932 1989 1071 2045 ergo
1091 1974 1298 2029 melior
1321 1991 1494 2046 quam
1516 1973 1672 2041 Sara,
1696 1973 1900 2028 melior
1922 1989 2096 2044 quam

394 2062 672 2128 Susanna,
701 2061 815 2116 sive
844 2063 1055 2117 Anna?
1097 2067 1155 2118 et
1190 2067 1422 2118 crateras
1469 2061 1974 2118 commemorando
2016 2065 2097 2116 te-

393 2148 663 2204 stimonio
692 2154 901 2205 sanctae
938 2150 1244 2223 Scriptura:
1291 2151 1878 2206 commendatissimas
1926 2149 2092 2204 femi-

395 2253 517 2306 nas,
553 2237 761 2309 quibus
791 2254 851 2293 se
881 2238 994 2292 illae
1024 2239 1312 2309 meliores,
1359 2239 1447 2293 vel
1498 2238 1670 2293 etiam
1722 2254 1889 2310 pares
1933 2238 2093 2309 cogi-

393 2329 515 2380 tare
539 2342 658 2382 non
687 2331 936 2398 possent.
964 2328 1080 2382 Hoc
1099 2327 1274 2382 modo
1299 2326 1474 2382 etiam
1493 2327 1746 2382 virorum
1768 2331 2095 2381 sanctorum

396 2419 655 2470 sanctum
705 2415 1043 2478 caelibatum,
1087 2415 1629 2471 commemoratione
1649 2419 1878 2487 patrum
1906 2415 2102 2486 conju-

398 2505 662 2574 gatorum
693 2507 752 2558 et
787 2503 1232 2576 comparatione,
1281 2504 1599 2575 frangebat.
1653 2503 1796 2559 Huic
1844 2507 2099 2558 monstro

400 2595 592 2646 sancta
639 2592 882 2648 Ecclesia
911 2609 1041 2664 quas
1070 2592 1150 2648 ibi
1179 2596 1283 2659 est,
1314 2592 1640 2648 ﬁdelissime
1686 2607 1750 2646 ac
1795 2590 2101 2647 fortissime

400 2679 630 2735 restitit.
664 2681 1079 2737 Remanserant
1108 2685 1298 2737 autem
1319 2681 1443 2736 istae
1464 2680 1882 2751 disputationes
1902 2679 2026 2748 ejus
2041 2679 2102 2734 in

400 2769 778 2840 quorumdam
800 2770 1179 2826 sermunculis
1204 2786 1268 2825 ac
1297 2769 1563 2836 susurris,
1595 2785 1740 2841 quas
1760 2769 1954 2840 palam
1974 2783 2106 2822 sua-

398 2855 531 2908 dere
565 2857 750 2910 nullus
793 2857 1054 2914 audebat.
1103 2857 1210 2914 Sed
1254 2857 1426 2913 etiam
1474 2858 1693 2913 occulte
1730 2855 1965 2911 venenis
2007 2871 2101 2909 re-

400 2943 692 3013 pentibus,
735 2946 1004 3001 facultate
1044 2962 1217 3017 quam
1267 2946 1517 3001 donabat
1561 2945 1856 3011 Dominus,
1904 2959 2103 2998 occur-

400 3031 642 3087 rendum
671 3033 782 3086 fuit
814 3051 830 3087 :
862 3033 1107 3088 maxime
1135 3034 1410 3104 quoniam
1434 3034 1759 3106 jactabatur
1801 3031 2101 3088 Joviniano

403 3119 734 3190 responderi
764 3136 880 3175 non
906 3121 1158 3191 potuisse
1204 3137 1336 3176 cum
1374 3121 1539 3175 laude
1571 3123 1611 3186 ³,
1642 3121 1741 3175 sed
1779 3135 1911 3174 cum
1954 3119 2100 3174 vitu-

403 3206 701 3276 peratione
726 3207 1078 3278 nuptiarum.
1113 3210 1354 3280 Propter
1381 3210 1489 3263 hoc
1517 3209 1724 3263 librum
1742 3207 1914 3274 edidi,
1938 3208 2107 3279 cujus

404 3293 699 3364 inscriptio
723 3298 828 3362 est,
855 3294 924 3350 de
948 3296 1104 3350 Bono
1123 3295 1442 3367 Conjugali.
1470 3295 1576 3351 Ubi
1598 3295 1667 3349 de
1687 3295 2107 3366 propagatione

404 3381 657 3438 filiorum
684 3382 846 3454 prius
867 3399 1041 3456 quam
1068 3383 1332 3439 homines
1371 3389 1615 3439 mortem
1658 3383 1941 3454 peccando
1981 3399 2093 3437 me-

409 3475 700 3541 rerentur,
754 3471 1026 3543 quoniam
1072 3472 1406 3528 concubitus
1433 3470 1766 3527 mortalium
1795 3487 2100 3542 corporum

405 3574 498 3614 res
525 3558 772 3631 videtur,
810 3560 1050 3633 quaestio
1099 3577 1307 3632 magna
1352 3561 1526 3616 dilata
1571 3565 1654 3615 est
1685 3577 1700 3615 :
1731 3560 1829 3615 sed
1875 3559 1938 3614 in
1985 3559 2110 3615 aliis

403 3652 604 3719 postea
647 3649 852 3705 litteris
898 3650 1128 3718 nostris,
1175 3650 1310 3705 satis
1376 3653 1656 3722 quantum
1706 3648 1971 3716 arbitror,
2018 3666 2110 3703 ex-

404 3736 668 3807 plicetur.

477 3829 531 3880 2.
567 3825 691 3880 Dixi
729 3826 901 3882 etiam
951 3827 1200 3899 quodam
1251 3829 1376 3882 loco
1410 3843 1423 3882 :
1456 3827 1608 3894 Quod
1655 3828 1796 3882 enim
1840 3830 1917 3882 est
1961 3827 2111 3882 cibus

406 3914 482 3968 ad
522 3917 750 3970 salutem
793 3917 1046 3984 hominis,
1079 3919 1174 3972 hoc
1203 3921 1282 3972 est
1309 3917 1620 3972 concubitus
1660 3916 1734 3970 ad
1771 3915 1997 3971 salutem
2026 3931 2112 3985 ge-

407 4004 583 4068 neris;
615 4007 665 4057 et
694 4007 982 4073 utrumque
1010 4021 1116 4060 non
1143 4010 1221 4060 est
1241 4007 1355 4060 sine
1375 4005 1722 4060 delectatione
1740 4004 1972 4064 carnali.
1996 4018 2115 4072 quae

409 4097 588 4149 tamen
636 4094 967 4164 modiﬁcata,
998 4099 1049 4150 et
1087 4097 1444 4165 temperantia
1490 4097 1804 4161 refrenante
1854 4095 1914 4148 in
1956 4109 2114 4148 usum

407 4181 714 4237 naturalem
768 4182 1010 4250 redacta,
1058 4182 1227 4237 libido
1272 4197 1382 4237 esse
1438 4197 1546 4236 non
1596 4185 1777 4252 potest
1821 4181 1978 4250 (Cap.
2026 4183 2108 4242 16.

407 4287 464 4326 n.
504 4270 611 4338 l8).
643 4271 804 4336 Quod
835 4270 965 4327 ideo
995 4270 1210 4325 dictum
1239 4275 1344 4340 est,
1379 4269 1652 4343 quoniam
1689 4268 1863 4325 libido
1892 4285 2008 4323 non
2029 4271 2116 4322 est

408 4359 592 4414 bonus
622 4363 679 4415 et
706 4364 892 4415 rectus
921 4375 1059 4416 usus
1087 4357 1340 4414 libidinis
1363 4365 1402 4413 ³.
1427 4359 1583 4416 Sicut
1607 4358 1764 4414 enim
1791 4358 2006 4414 malum
2032 4361 2117 4411 est

410 4446 559 4502 male
585 4447 668 4502 uti
698 4448 886 4515 bonis,
919 4448 1000 4503 ita
1028 4448 1248 4503 bonum
1278 4452 1363 4502 est
1386 4447 1532 4503 bene
1561 4447 1645 4501 uti
1676 4446 1842 4502 malis
1873 4447 1975 4502 :de
2003 4461 2116 4517 qua

475 4538 491 4572 ¹
527 4536 662 4601 Edd.
703 4535 916 4601 habent,
945 4537 1318 4601 pugnantium.
1352 4535 1452 4601 Sed
1482 4535 1669 4584 melius
1698 4534 1899 4601 aliquot
1919 4534 2106 4601 eMss.

407 4600 782 4670 purgantium.
808 4599 860 4648 id
891 4595 971 4648 est
999 4595 1427 4663 réprehensionis
1447 4610 1662 4646 causam
1678 4611 1709 4646 a
1732 4595 2002 4646 Mbnacbis
2023 4595 2111 4644 de-

412 4659 746 4722 pellentium.
1056 4659 1075 4663 '

469 4723 494 4794 ξ
524 4721 670 4794 ψει..
700 4733 815 4794 non
828 4735 998 4794 ppsse.
1034 4723 1100 4773 At
1118 4722 1251 4794 Edd.
1259 4735 1404 4794 ,__non
1431 4723 1819 4794 ροιιιιιςδεηταηι
1843 4718 2017 4794 laude;

469 4784 489 4816 ³
523 4781 803 4844 subtracta
828 4780 954 4833 hinc
981 4799 1130 4842 voce,
1162 4780 1404 4844 libidinis,
1431 4780 1573 4834 haud
1603 4783 1730 4832 satis
1754 4785 1866 4832 erat
1899 4782 1954 4830 in
1979 4780 2108 4830 Edd.

414 4842 747 4909 perspicuum
775 4858 879 4909 quo
909 4852 1107 4909 spectet
1127 4847 1272 4897 locus
1289 4842 1617 4909 retractatus.
1649 4846 1721 4894 Eo
1750 4857 1874 4909 vero
1894 4846 2113 4909 spectat,

413 4908 475 4954 ut
491 4917 559 4972 ne
577 4906 820 4972 a_carnal_i
840 4906 1391 4972 complexu.quamvis
1412 4908 1716 4972 moderatus
1737 4907 1805 4972 sit
1824 4906 1946 4972 etin
1961 4919 2114 4972 usam

412 4966 706 5034 natugalem
729 4966 988 5028 redactus,
1007 4966 1188 5034 abesse
1222 4985 1456 5034 unquam
1474 4971 1638 5020 libido
1660 4969 1838 5034 omnis,
1853 4968 2114 5034 existime-

415 5034 517 5105 tur:
549 5028 1015 5105 Enimovero.qua‘m
1044 5028 1681 5105 originaIis'vi‘tiicausam
1701 5029 2113 5105 esseidentidem

414 5091 818 5162 S._A‘ugustinus
834 5091 1079 5162 inculcat.
1095 5111 1124 5162 «_
1129 5091 1245 5156 ipse
1265 5095 1353 5162 ille
1372 5095 2115 5162 licitusbonestusqueconcuf

417 5171 444 5199 ‹‹
470 5153 611 5217 bitus
637 5167 745 5217 non
768 5158 941 5217 potest
959 5169 1071 5205 esse
1085 5153 1197 5204 sine
1210 5157 1396 5206 ardore
1409 5157 1660 5211 libidinis,
1677 5160 1736 5204 ut
1753 5153 1928 5217 peragi
1949 5153 2114 5217 possit

415 5232 442 5261 α
471 5216 612 5278 quod
641 5215 861 5265 rationis
895 5221 990 5273 est.
1018 5231 1126 5265 non
1151 5217 1383 5267 libidinis
1408 5235 1463 5266 ι»
1486 5233 1551 5268 ex
1585 5218 1676 5267 lib.
1700 5220 1720 5266 1
1744 5215 1808 5265 de
1838 5215 2042 5278 Nuptiis
2062 5217 2116 5278 et

414 5275 867 5343 Concupiscentia.
879 5292 993 5342 cap.
1009 5281 1086 5343 2t.
1108 5279 1402 5343 Hucitaque
1413 5294 1477 5329 ex
1498 5281 1619 5329 Mss.
1640 5275 1999 5343 antiquiorum
2011 5275 2112 5343 fide

416 5337 778 5405 revoca—vimus
805 5337 993 5405 gvocein
1026 5341 1284 5405 libidinis;
1306 5337 1372 5392 ad
1401 5355 1558 5405 quam
1600 5337 1801 5405 septem
1835 5337 2113 5405 Mss._adji-

415 5401 564 5452 ciunt
591 5404 880 5453 naturalis.
917 5404 1021 5452 Nec
1057 5403 1190 5452 male
1218 5418 1228 5450 :
1268 5400 1578 5454 inest‘enim
1612 5400 1777 5454 libido
1807 5403 1872 5453 ab
1909 5400 2111 5464 origine

416 5466 469 5512 et
491 5465 794 5516 conditione
824 5465 1095 5515 nascendi.

1517 179 2178 240 RETRACTATIONUM
2219 182 2273 239 s.
2325 183 2733 243 AUGUSTINI.
3728 207 3807 261 ϐω

2197 323 2258 362 re
2287 308 2448 378 alias,
2478 309 2726 366 maxime
2755 312 2956 366 contra
2983 326 3162 366 novos
3202 311 3481 370 hereticos
3514 318 3808 391 Pelagianos,

2196 397 2527 468 diligentius
2558 399 2862 471 disputavi.
2895 402 2975 456 De
3002 401 3288 456 Abraham
3317 404 3459 475 quod
3494 407 3616 476 dixi,
3642 412 3716 465 Ea:
3737 414 3812 468 hac

2197 487 2501 542 obedientia
2533 493 2696 558 pater
2722 490 2818 546 ille
2840 490 3147 560 Abraham,
3177 494 3272 560 qui
3299 494 3410 547 sine
3431 510 3582 550 uxore
3603 513 3695 552 non
3713 503 3814 566 fuit,

2197 590 2308 631 esse
2335 579 2452 631 sine
2479 579 2636 632 unico
2663 579 2777 647 ﬁli.)
2797 582 2847 632 et
2876 594 2911 632 a
2937 594 2992 633 se
3012 581 3178 634 occiso
3201 585 3425 650 paratus
3453 585 3553 648 fuit
3589 586 3718 656 (Cap.
3749 591 3814 653 23,

2197 681 2252 720 n.
2296 665 2403 732 31),
2431 682 2546 721 non
2579 666 2714 721 satis
2745 669 3022 738 approbo.
3051 669 3224 740 Magis
3248 669 3398 724 enim
3427 671 3610 738 ﬁlium,
3637 674 3679 728 si
3705 683 3819 732 esset

2199 754 2435 817 occisus,
2485 754 2920 810 resuscitatione
2965 755 3075 812 sibi
3124 773 3253 812 mox
3297 758 3459 814 fuisse
3503 761 3818 829 reddendum,

2199 842 2506 898 credidisse
2545 843 2864 899 credendus
2917 849 3024 914 est,
3077 845 3220 900 sicut
3268 846 3327 901 in
3380 848 3609 918 Epistola
3653 850 3822 921 legitur

2201 947 2331 1003 quas
2348 926 2521 986 estad
2539 932 2806 987 Hebraeos
2821 932 3018 1005 (Hebr.
3044 951 3122 1001 x1,
3155 933 3264 1005 19).
3289 934 3386 990 Hic
3405 935 3540 991 liber
3555 937 3624 992 sic
3640 937 3818 1011 incipit:

2201 1022 2466 1092 Quoniam
2493 1022 2863 1091 unusquisque
2901 1023 3074 1087 homo,
3117 1024 3340 1078 humani
3369 1027 3564 1092 generis
3599 1042 3714 1097 pars
3745 1034 3818 1082 est.

2828 1111 3057 1166 CAPUT
3094 1112 3280 1167 XXIII.

2527 1200 2602 1253 De
2629 1198 2831 1255 Sancta
2866 1201 3219 1269 Virginitate,
3247 1200 3379 1255 liber
3405 1215 3556 1256 unus.
3844 1247 3848 1250 η

2273 1289 2645 1358 Posteaquam
2675 1287 2874 1358 scripsi
2906 1288 2976 1343 de
3008 1289 3163 1343 Bono
3190 1288 3500 1361 Conjugali,
3529 1290 3824 1360 exspectabao

2201 1379 2296 1429 tur
2325 1379 2389 1430 ut
2416 1375 2722 1431 scriberem
2751 1376 2820 1431 de
2865 1376 3068 1432 Sancta
3109 1376 3465 1448 Virginitate,
3501 1394 3597 1432 nec
3636 1378 3822 1433 distuli:

2202 1469 2373 1534 atque
2403 1463 2476 1532 id_
2497 1463 2598 1518 Dei
2625 1479 2857 1530 munus,
2890 1468 2946 1519 et
2967 1481 3142 1535 quam
3171 1481 3461 1535 magnum,
3484 1470 3538 1519 et
3555 1471 3738 1536 quanta
3751 1467 3825 1520 hu-

2202 1553 2443 1608 militate
2469 1552 2904 1607 custodiendum
2936 1557 3102 1616 esset,
3156 1570 3292 1621 uno,
3337 1553 3478 1608 sicut
3517 1554 3677 1625 potui,
3704 1555 3825 1608 volu-

2206 1642 2360 1696 mine
2390 1640 2633 1696 ostendi.
2667 1641 2768 1696 Hic
2797 1641 2944 1696 liber
2985 1641 3065 1696 sic
3111 1642 3312 1714 incipit
3341 1658 3354 1697 :
3387 1642 3595 1698 Librum
3633 1642 3688 1696 de
3721 1645 3824 1697 Bono

2191 1732 2494 1801 'Conjugali
2519 1745 2693 1800 nuper
2718 1730 3006 1786 edidimus.

2833 1819 3060 1874 CAPUT
3097 1820 3276 1874 XXIV.

2475 1911 2546 1963 De
2575 1908 2762 1966 Genesi
2782 1907 2858 1961 ad
2885 1910 3142 1974 litteram,
3177 1909 3307 1963 libri
3336 1907 3616 1963 duodecim.

2281 2001 2328 2052 1.
2364 1999 2470 2051 Per
2492 1996 2645 2052 idem
2668 1999 2894 2066 tempus
2927 1997 2998 2051 de
3028 1997 3232 2050 Genesi
3263 1997 3438 2051 libros
3453 1993 3719 2064 duodecim
3734 1992 3825 2046 scri-

2207 2085 2294 2158 psi
2323 2085 2393 2140 ab
2423 2085 2683 2152 exordio,
2710 2084 2891 2140 donec
2921 2085 2991 2139 de
3021 2085 3286 2155 paradiso
3317 2083 3570 2154 dimissus
3597 2087 3672 2136 est
3693 2081 3823 2136 Adam

2208 2180 2264 2230 et
2288 2176 2554 2229 ﬂammea
2583 2175 2919 2246 rhompbaaa
2949 2174 3133 2245 posita
3163 2179 3250 2228 est
3277 2172 3552 2228 custodire
3574 2169 3702 2224 viam
3724 2166 3826 2238 ligni

2208 2264 2355 2318 vitae.
2390 2265 2529 2319 Cum
2559 2268 2748 2318 autem
2781 2264 2851 2318 ad
2881 2264 2986 2318 hoc
3015 2279 3200 2336 usque
3229 2261 3494 2318 undecim
3527 2258 3645 2315 libri
3667 2254 3828 2329 peracti

2209 2357 2416 2417 essent,
2446 2351 2847 2407 duodecimum
2879 2351 3094 2419 addidi,
3124 2351 3184 2405 in
3213 2367 3328 2423 quo
3363 2347 3666 2420 diligentius
3691 2345 3747 2399 de
3764 2360 3828 2414 pa-

2210 2441 2394 2496 radiso
2416 2441 2769 2512 disputatum
2799 2444 2901 2496 est.
2932 2440 3156 2495 Titulus
3189 2455 3389 2494 eorum
3415 2430 3828 2492 libroruminscri-

2209 2531 2386 2595 bitur,
2419 2531 2488 2584 de
2519 2530 2723 2586 Genesi
2749 2530 2818 2584 ad
2852 2529 3101 2583 litteram
3145 2545 3160 2582 :
3193 2528 3255 2584 id
3284 2532 3389 2594 est,
3433 2542 3538 2580 non
3587 2521 3827 2578 secundum

2212 2618 2544 2690 allegoricae
2564 2617 3034 2689 signiﬁcationes,
3055 2617 3154 2672 sed
3178 2615 3491 2670 secundum
3511 2626 3682 2667 rerum
3701 2613 3829 2680 gesta-

2213 2725 2342 2764 rum
2374 2707 2804 2780 proprietatem.
2835 2707 2902 2761 In
2932 2722 3045 2778 quo
3075 2721 3251 2777 opere
3277 2706 3443 2776 plura
3470 2700 3684 2774 quaesita
3706 2711 3831 2769 quam

2213 2796 2447 2850 inventa
2473 2800 2606 2850 sunt
2637 2812 2650 2850 :
2686 2799 2742 2849 et
2770 2811 2968 2850 eorum
2998 2811 3126 2866 quae
3165 2794 3401 2850 inventa
3441 2795 3582 2857 sunt,
3628 2785 3832 2859 pauciora

2215 2885 2470 2951 ﬁrmata;
2504 2888 2708 2939 caetera
2734 2900 2870 2939 vero
2909 2883 2986 2938 ita
3035 2883 3248 2955 posita,
3301 2882 3453 2937 velut
3494 2879 3661 2934 adhuc
3692 2871 3831 2944 requi-

2218 2974 2392 3030 renda
2423 2974 2553 3028 sint.
2589 2975 2702 3028 llos
2731 2989 2866 3028 sane
2896 2973 3070 3027 libros
3117 2971 3405 3044 posterius
3433 2968 3582 3040 caapi,
3611 2965 3691 3020 sed
3719 2960 3831 3033 prius

2217 3061 2522 3117 terminavi
2553 3078 2726 3134 quam
2758 3061 2828 3116 de
2858 3061 3134 3116 Trinitate
3163 3077 3175 3114 :
3205 3061 3341 3115 ideo
3370 3075 3465 3114 eos
3511 3072 3647 3112 nunc
3670 3051 3831 3110 ordine»

2218 3167 2332 3223 quo
2363 3151 2510 3222 coepi
2531 3150 2765 3206 recolui.

2287 3244 2338 3295 2.
2375 3241 2439 3294 In
2465 3239 2666 3311 quinto
2698 3239 2845 3295 libro
2872 3238 3024 3310 (Cap.
3069 3241 3152 3304 t9,
3204 3253 3267 3293 η.
3318 3236 3423 3306 38),
3473 3238 3525 3290 et
3563 3231 3832 3298 ubicumque

2219 3328 2276 3382 in
2320 3327 2401 3382 eis
2448 3327 2610 3381 libris
2654 3326 2846 3398 posui,
2893 3329 2969 3382 De
3015 3327 3216 3382 semine
3266 3327 3356 3380 cui
3400 3319 3740 3393 repromissum
3765 3317 3830 3374 est.

2218 3417 2364 3486 quod
2390 3416 2715 3486 dispositum
2753 3417 2826 3470 sit
2871 3431 2969 3484 per
3020 3415 3259 3482 Angelos
3297 3415 3355 3468 in
3397 3426 3553 3466 manu
3591 3401 3831 3462 mediatoris

2220 3507 2420 3578 (Galat.
2453 3522 2534 3570 ιιι,
2569 3503 2680 3574 19);
2712 3521 2827 3558 non
2854 3503 2932 3557 sic
2963 3503 3133 3558 habet
3170 3501 3494 3574 Apostolus,
3535 3498 3663 3552 sicut
3696 3491 3829 3546 verio-

2218 3611 2310 3650 res
2344 3593 2566 3650 codices
2607 3597 2739 3664 post
2781 3591 3024 3662 inspexi,
3073 3592 3325 3645 maxime
3369 3603 3588 3661 graecos.
3629 3585 3694 3640 De
3732 3581 3831 3647 Lege

2220 3683 2373 3738 enim
2405 3683 2617 3737 dictum
2651 3685 2754 3747 est,
2795 3681 2950 3753 quod
2997 3684 3274 3751 tanquam
3323 3679 3392 3733 de
3441 3675 3641 3731 semine
3679 3670 3832 3725 dictum

2219 3771 2387 3827 multi
2415 3771 2578 3826 latini
2600 3769 2823 3825 codices
2837 3769 3048 3825 habent
3070 3784 3174 3839 per
3194 3763 3608 3838 interpretantis
3627 3769 3829 3816 errorem.

2219 3863 2283 3916 In
2314 3865 2470 3915 sexto
2497 3860 2642 3914 libro
2671 3859 2824 3930 quod
2851 3857 2986 3924 dixi,
3019 3856 3207 3912 Adam
3245 3858 3532 3926 imaginem
3576 3853 3674 3915 Dei,
3699 3858 3833 3901 scatu-

2220 3949 2350 4003 dum
2404 3961 2568 4015 quam
2611 3947 2793 4012 factus
2838 3948 2934 4010 est,
2983 3942 3294 4012 perdidisse
3355 3944 3562 4012 peccato
3607 3937 3732 4007 (Cap.
3773 3931 3830 4015 εἴ,

2220 4053 2276 4092 n.
2308 4014 2430 4104 28),
2449 4049 2566 4089 non
2595 4032 2674 4087 sic
2702 4031 3095 4103 accipiendum
3123 4035 3228 4096 est,
3257 4036 3529 4103 tanquam
3567 4027 3621 4081 in
3652 4038 3707 4078 eo
3729 4014 3835 4073 nulli

2220 4122 2580 4188 remanserit,
2612 4121 2708 4175 sed
2739 4121 2891 4192 quod
2919 4124 3034 4174 tam
3071 4120 3370 4187 deformis,
3414 4121 3477 4173 ut
3515 4105 3833 4171 reformatione

2222 4228 2367 4284 opus
2394 4211 2646 4266 haberet.
2681 4210 2745 4264 In
2776 4208 3116 4264 duodecimo
3133 4209 3204 4263 de
3223 4208 3425 4264 inferis
3445 4207 3590 4275 (Cap.
3613 4203 3744 4264 33,11.
3761 4193 3833 4286 till.

2222 4300 2406 4372 magis
2436 4297 2580 4354 mihi
2610 4297 2807 4353 videor
2835 4297 3035 4352 docere
3075 4296 3366 4368 debuisse,
3415 4294 3562 4369 quod
3594 4290 3684 4346 sub
3720 4291 3835 4339 terris

2225 4389 2355 4455 sint,
2387 4403 2561 4460 quam
2592 4385 2875 4440 rationem
2911 4385 3146 4440 reddere
3187 4401 3290 4440 cur
3321 4384 3426 4440 sub
3455 4380 3611 4439 terris
3636 4389 3734 4432 esse
3754 4381 3835 4464 crt-

2224 4478 2452 4545 dantur,
2483 4476 2598 4532 sive
2636 4474 2916 4542 dicantur,
2959 4474 3121 4545 quasi
3152 4490 3272 4529 non
3305 4475 3384 4529 ita
3409 4473 3495 4527 sit.
3525 4471 3629 4525 Hoc
3653 4477 3766 4534 opus
3785 4468 3837 4509 sic

2223 4566 2425 4640 incipit
2455 4582 2471 4622 :
2499 4567 2688 4622 Omnes
2713 4565 2905 4619 divina
2931 4565 3220 4633 Scriptura
3251 4565 3514 4634 bipartita
3536 4561 3625 4614 est.

2861 4651 3086 4706 CAPUT
3125 4652 3281 4706 XXV.

2535 4742 2733 4799 Contra
2761 4741 2995 4796 Litteras
3026 4739 3313 4805 Petiliani,
3345 4738 3474 4793 libri
3495 4739 3611 4791 tres.

2293 4833 2619 4902 Antequam
2647 4828 2876 4884 tinirem
2903 4827 3077 4883 libros
3108 4827 3178 4882 de
3206 4826 3505 4887 Trinitate,
3544 4825 3595 4876 et
3635 4805 3837 4901 libi‘osd.e

2225 4919 2428 4977 Genesi
2458 4901 2529 4974 ad
2557 4918 2828 4981 litteram,
2860 4915 3029 4970 irruit
3066 4932 3238 4970 causa
3287 4901 3838 4989 respondendi

2225 5007 2486 5064 Petiliani
2517 5005 2836 5072 donatistm,
2865 5021 3004 5076 quas
3030 5005 3302 5059 adversus
3331 4983 3656 5059 Catholicam
3679 4983 3838 5078 scrip-‘1“

2224 5113 2397 5169 quam
2439 5095 2665 5152 differre
2695 5111 2807 5149 non
2836 5093 3017 5166 potui.
3053 5095 3120 5148 Et
3147 5093 3350 5164 scripsi
3380 5091 3438 5146 in
3473 5091 3608 5144 hanc
3641 5093 3740 5171 rein
3767 5079 3837 5171 tm

2221 5167 2532 5250 volumina,
2557 5199 2803 5255 quorum
2825 5182 3014 5254 primo
3032 5183 3236 5254 prima:
3261 5180 3410 5253 parti
3432 5167 3837 5250 Epistolaiipsinsi

2222 5290 2394 5346 quam
2427 5272 2649 5345 scripsit
2679 5273 2749 5327 ad
2780 5289 2933 5341 suos,
2965 5272 3099 5343 quia
3127 5288 3242 5326 non
3283 5274 3404 5324 tota
3451 5268 3507 5322 in
3542 5265 3731 5319 nostras

2222 5340 2328 5417 nus
2360 5340 2610 5430 venerat,
2643 5362 2741 5418 sed
2769 5340 2928 5434 prior
2959 5340 3134 5432 parva
3162 5376 3295 5432 pars
3325 5359 3465 5430 ejus,
3501 5351 3691 5427 quanta
3723 5340 3836 5434 ροίαξ

2226 5451 2516 5507 celeritate
2546 5423 2607 5505 et
2630 5423 2863 5507 veritate
2893 5423 3181 5521 respondi:
3202 5423 3385 5503 Etiam
3414 5423 3535 5516 ipsa
3555 5430 3764 5510 Epistola
3782 5423 3836 5476 est
