4028 6174
159 320 255 371 641

161 442 229 496 ad
263 446 517 509 nostros,
548 440 646 493 sed
676 439 805 493 ideo
834 438 985 493 inter
1013 438 1190 492 libros
1220 437 1463 493 habetur
1502 441 1638 510 quia
1676 441 1868 495 caeteri

161 532 275 585 duo
306 531 367 583 in
397 529 596 583 eadem
631 544 803 582 causa
836 527 966 581 libri
996 532 1146 581 sunt.
1181 528 1381 581 Postea
1410 529 1622 599 quippe
1655 528 1872 584 inveni~

166 636 295 672 mus
319 624 519 681 totam,
553 617 719 687 eique
770 622 926 669 tanta
971 615 1268 685 diligentia
1318 618 1610 687 respondi,
1657 624 1873 688 quanta

168 708 373 761 Fausto
405 705 757 767 manichaio;
792 704 961 757 verba
992 703 1207 757 scilicet
1238 705 1360 774 ejus
1395 706 1500 759 sub
1550 706 1728 775 ipsius
1769 723 1871 760 no-

158 796 320 849 mine
351 794 511 865 prius
542 809 761 864 ponens
791 791 1199 863 particulatim,
1239 797 1294 845 et
1329 794 1433 846 sub
1468 810 1595 847 meo
1627 810 1727 863 per
1758 795 1875 848 sin-

157 884 297 952 gula
330 882 760 953 responsionem
780 897 986 934 meam.
1013 880 1120 935 Sed
1152 880 1314 950 prius
1337 882 1486 952 quod
1512 882 1871 951 scripseram,

157 977 471 1042 antequam
485 976 661 1024 totam
682 970 1086 1039 reperiremns,
1116 971 1379 1039 pervenit
1400 971 1469 1024 ad
1506 971 1868 1024 Petilianum:

157 1070 215 1114 et
244 1060 429 1113 iratus
456 1058 793 1128 respondere
825 1062 1061 1111 conatus
1091 1062 1195 1122 est,
1232 1056 1291 1110 in
1332 1073 1423 1111 me
1454 1058 1644 1128 potius
1684 1058 1875 1111 dicens

157 1147 448 1218 quidquid
482 1162 614 1200 cum
646 1146 864 1211 libuit‘,
888 1145 1129 1198 incensa
1152 1162 1284 1199 vero
1311 1147 1546 1200 omnino
1560 1146 1827 1200 deﬁciens
1859 1163 1872 1201 :

157 1236 319 1306 quod
354 1252 484 1288 cum
518 1241 705 1304 posset
734 1234 954 1287 collatis
984 1233 1283 1303 utriusque
1324 1241 1587 1288 nostrum
1654 1235 1875 1304 scriptis

160 1324 439 1378 facillime
472 1322 709 1389 adverti,
739 1327 933 1376 tamen
974 1328 1214 1392 propter
1269 1322 1545 1377 tardiores
1595 1323 1701 1377 hoc
1755 1322 1875 1393 ipse

157 1411 565 1484 respondendo
579 1411 971 1465 demonstrare
993 1411 1187 1464 curavi
1214 1430 1229 1477 ;
1252 1410 1331 1464 sic
1344 1411 1668 1465 estadditus
1687 1410 1875 1465 eidem

160 1510 370 1557 nostro
402 1500 563 1572 operi
583 1501 727 1554 liber
754 1500 976 1554 tertius.
999 1500 1113 1553 Hoc
1135 1516 1277 1570 opus
1302 1499 1360 1552 in
1400 1501 1585 1570 primo
1619 1499 1764 1553 libro
1798 1498 1877 1551 sic

162 1590 375 1661 incipit
405 1606 418 1644 :
442 1591 598 1645 Nosti
619 1604 715 1642 nos
744 1603 881 1657 saepe
909 1589 1158 1641 voluisse.
1194 1588 1257 1641 In
1283 1588 1530 1642 secundo
1554 1593 1745 1642 autem
1759 1586 1836 1640 sic
1861 1602 1873 1641 :

162 1682 370 1736 Primis
398 1678 650 1749 partibus
681 1678 936 1746 Epistulae
967 1678 1241 1733 Petiliani.
1266 1677 1329 1731 In
1350 1677 1520 1731 tertio
1544 1682 1734 1732 autem
1767 1676 1874 1730 sic:

164 1772 323 1837 Legi,
357 1768 638 1834 Petiliane,
674 1767 883 1820 litteras
917 1769 1057 1819 tuas.

803 1854 1029 1908 CAPUT
1069 1854 1274 1908 XXVII.

353 1945 445 2001 Ad
475 1946 813 2002 Cresconium
833 1945 1249 2010 grammaticum
1267 1944 1448 2012 partis
1482 1943 1703 2011 Donati,

820 2032 950 2086 libri
976 2036 1235 2101 quatuor.

246 2122 662 2178 Grammaticus
707 2121 878 2175 etiam
922 2120 1157 2192 quidam
1203 2118 1483 2174 donatista
1524 2116 1880 2183 Cresconius,

171 2228 312 2267 cum
344 2212 651 2266 invenisset
684 2210 983 2280 epistolam
1015 2225 1224 2275 meam,
1266 2224 1378 2279 qua
1406 2207 1622 2277 primas
1669 2209 1881 2276 partes,

175 2321 313 2377 qua!
344 2303 404 2356 in
444 2317 649 2355 manus
688 2303 909 2353 nostras
939 2302 1075 2352 tunc
1108 2301 1381 2351 venerant
1422 2295 1683 2367 Epistolas
1732 2294 1883 2349 Peti-

178 2393 322 2449 liani
349 2388 638 2460 redargui,
684 2386 909 2458 putavit
954 2385 1096 2440 mihi
1125 2402 1244 2440 esse
1293 2384 1779 2455 respondendum,
1830 2384 1887 2436 et

179 2484 292 2537 hoc
323 2480 513 2550 ipsum
545 2475 768 2546 scripsit
796 2476 866 2529 ad
910 2491 1022 2529 me.
1065 2474 1167 2529 Cui
1198 2473 1359 2545 operi
1386 2474 1507 2544 ejus
1552 2472 1711 2527 libris
1742 2488 1884 2542 qua-

178 2579 318 2626 tuor
348 2565 639 2637 respondi,
662 2566 743 2619 ita
772 2568 1000 2617 sane'ut
1030 2564 1213 2617 tribus
1243 2578 1575 2634 peragerem
1590 2562 1741 2632 quod
1760 2561 1887 2613 nni—

179 2674 343 2713 versa
399 2652 691 2725 responsio
737 2651 1049 2722 flagitabat.
1083 2650 1192 2706 Sed
1220 2666 1351 2705 cum
1380 2651 1633 2705 viderem
1664 2648 1733 2703 de
1771 2649 1892 2701 sola

182 2742 714 2802 Maximianensium
763 2756 950 2805 causa,
997 2756 1140 2810 quos
1191 2756 1321 2793 suos
1372 2737 1757 2792 schismaticos
1788 2736 1885 2789 da-

186 2837 531 2890 mnaverunt
559 2834 601 2897 ²,
635 2834 691 2884 et
719 2845 918 2883 eorum
959 2827 1179 2898 aliquos
1218 2843 1414 2882 rursus
1446 2826 1504 2879 in
1553 2826 1667 2879 suis
1706 2825 1890 2878 hono-

187 2922 349 2976 ribus
405 2921 768 2989 receperunt,
805 2915 1274 2986 Baptismumque
1306 2914 1375 2968 ab
1416 2913 1496 2967 eis
1540 2918 1695 2968 extra
1728 2927 1892 2965 suam

182 3007 653 3064 communionem
700 3005 901 3060 datum
944 3021 1057 3058 non
1106 3003 1513 3075 repetiverunt,
1560 2996 1894 3072 responderi

192 3113 356 3171 posse
389 3097 457 3150 ad
488 3100 689 3149 cuncta
715 3109 845 3164 quas
875 3092 1099 3163 scripsit
1124 3092 1331 3159 ;etiam
1362 3094 1632 3161 quartum
1681 3090 1893 3143 librum

188 3186 404 3252 addidi,
458 3184 516 3237 in
557 3199 671 3255 quo
719 3182 993 3251 idipsum,
1031 3184 1311 3251 quantum
1360 3180 1541 3251 potui,
1593 3178 1897 3249 diligenter

190 3282 361 3346 atque
393 3273 683 3327 evidenter
728 3270 969 3326 ostendi.
1020 3271 1130 3324 Hos
1177 3275 1369 3323 autem
1424 3272 1672 3339 quatuor
1715 3269 1895 3323 libros

192 3363 424 3436 quando
457 3360 677 3431 scripsi,
725 3362 846 3431 jam
875 3363 1072 3413 contra
1118 3358 1436 3412 Donatistas
1467 3360 1620 3429 leges
1662 3358 1897 3414 dederat

196 3451 483 3507 Honorius
509 3451 838 3521 imperator.
874 3450 989 3502 Hoc
1018 3464 1161 3518 opus
1192 3447 1270 3501 sic
1291 3447 1527 3517 incipit:
1559 3449 1791 3514 Quando
1822 3450 1899 3504 ad

194 3548 261 3604 te,
299 3541 575 3606 Cresconi,
612 3554 729 3593 mea
777 3540 985 3607 scripta
1035 3538 1310 3606 pervenire
1346 3542 1560 3605 possent
1614 3539 1895 3605 ignorans.

822 3626 1045 3681 CAPUT
1082 3626 1286 3680 XXVII.

196 3719 583 3775 Probationum
610 3720 661 3771 et
703 3716 1148 3770 Testimoniorum
1171 3718 1357 3767 contra
1396 3715 1733 3783 Donatistas,
1770 3715 1903 3769 liber

693 3819 853 3858 unus.
885 3833 949 3842 —
1000 3800 1151 3873 [Non
1193 3799 1400 3873 exstat]

267 3898 405 3951 Post
446 3894 588 3961 haec,
648 3898 715 3947 ut
759 3892 830 3947 ad
895 3890 1213 3945 Donatistas
1271 3890 1637 3962 pervenirent
1704 3895 1903 3945 contra

195 4000 403 4039 eorum
432 3998 685 4037 errorem
715 3986 771 4034 et
826 3996 932 4050 pro
982 3979 1261 4033 catholica
1300 3979 1537 4033 veritate
1585 3979 1904 4034 necessaria

196 4074 547 4127 documenta
570 4068 782 4135 curavi,
816 4066 931 4121 sive
960 4066 1029 4121 de
1059 4065 1468 4131 ecclesiasticis,
1521 4065 1636 4120 sive
1678 4066 1747 4121 de
1798 4083 1903 4138 pu-

196 4159 364 4215 blicis
390 4158 593 4224 Gestis,
624 4157 738 4211 sive
771 4156 841 4211 de
870 4154 1175 4226 Scripturis
1196 4154 1502 4210 canonicis.
1537 4156 1600 4209 Et
1619 4156 1806 4226 primo
1835 4155 1905 4210 ad

197 4251 330 4304 illos
362 4247 560 4302 eadem
591 4244 875 4317 promissa
898 4243 1101 4311 direxi,
1124 4248 1186 4298 ut
1206 4243 1317 4313 ipsi
1344 4259 1429 4310 ea,
1463 4243 1510 4297 si
1538 4242 1663 4297 ﬁeri
1692 4248 1902 4312 posset,

197 4338 595 4407 exposcerent.
637 4332 775 4397 Quae
804 4348 935 4386 cum
979 4330 1265 4385 venissent
1307 4330 1367 4383 in
1406 4346 1601 4383 eorum
1632 4345 1906 4400 quorum-

196 4426 337 4480 dam
369 4438 597 4488 manus,
627 4420 817 4475 nescio
839 4420 968 4492 quis
995 4417 1209 4473 exstitit
1237 4417 1338 4489 qui
1358 4434 1460 4471 suo
1482 4416 1715 4470 nomine
1738 4417 1907 4471 tacito

199 4518 401 4568 contra
428 4512 551 4566 haec
574 4510 865 4577 scriberet,
893 4509 973 4563 ita
1002 4525 1059 4562 se
1086 4506 1363 4561 conﬁtens
1394 4505 1759 4573 donatistam,
1791 4511 1910 4560 tan~

204 4618 385 4674 quam
401 4600 508 4654 hoc
530 4604 842 4654 vocaretur.
862 4597 965 4652 Cui
986 4612 1090 4666 ego
1108 4593 1482 4665 respondens,
1508 4593 1909 4648 aliumlibrum

203 4689 430 4760 scripsi.
468 4689 569 4743 Illa
600 4704 730 4743 vero
765 4687 1107 4741 documenta
1137 4700 1265 4755 quas
1294 4682 1693 4754 promiseram,
1722 4684 1911 4739 eidem

206 4779 404 4834 libello
461 4794 575 4849 quo
607 4778 807 4831 eadem
844 4774 1224 4847 promiseram
1252 4771 1438 4844 junxi,
1479 4776 1533 4826 et
1565 4784 1633 4827 ex
1672 4776 1912 4844 utroque

206 4884 392 4923 unum
428 4883 549 4921 esse
577 4866 731 4920 volui
759 4882 773 4932 ;
808 4879 1057 4936 eumque
1087 4861 1166 4916 sic
1204 4860 1380 4922 edidi,
1412 4865 1477 4915 ut
1505 4860 1564 4915 in
1600 4860 1915 4932 parietibus

204 4956 482 5024 basilicas,
514 4970 645 5026 quas
673 4952 1097 5008 Donatistarum
1128 4951 1335 5017 fuerat,
1382 4948 1542 5020 prius
1588 4948 1916 5020 propositus

204 5042 519 5111 legeretur,
548 5039 712 5109 cujus
741 5038 940 5092 titulus
972 5040 1086 5090 est:
1121 5035 1533 5089 Probationum
1564 5040 1620 5088 et
1643 5033 1917 5087 Testimo-

271 5132 288 5164 ¹
318 5127 449 5175 Edd.
479 5125 751 5183 habent,ei
779 5124 932 5173 libuit
968 5124 1094 5172 Mss.
1124 5135 1244 5172 eum
1270 5122 1424 5172 libuit
1450 5134 1631 5183 :quem
1666 5119 1917 5183 loquendi

207 5190 432 5239 modum
466 5188 762 5251 Augustino
795 5190 1064 5251 receptum
1096 5198 1203 5233 non
1235 5185 1451 5251 insuper
1470 5182 1782 5251 habendum
1803 5195 1916 5251 esse

208 5252 481 5300 duximus.
498 5244 629 5298 Nam
654 5262 716 5297 eo
748 5244 933 5310 minus
962 5251 1232 5310 perspecto
1252 5244 1458 5310 accidit,
1486 5248 1546 5293 ut
1564 5257 1738 5310 sermo
1753 5244 1801 5310 8Σ
1820 5244 1919 5292 Au-

208 5314 417 5377 gustini
428 5313 497 5377 de
519 5314 569 5361 Β.
586 5312 736 5360 Joan.
752 5305 1006 5377 Decollat,
1025 5305 1363 5377 inhreviariis
1377 5311 1621 5369 corrupte
1646 5305 1916 5377 s_ic_e_deref

210 5367 331 5426 tur:
366 5392 391 5421 α
406 5376 536 5423 Eum
559 5378 738 5423 tamen
767 5385 877 5422 non
898 5371 972 5420 sic
988 5371 1214 5421 habebat
1236 5386 1287 5431 ;›
1310 5383 1423 5434 pro,
1458 5385 1484 5416 α
1509 5367 1619 5417 non
1640 5367 1922 5418 siclibebat

212 5457 240 5483 α
276 5440 338 5486 ut
367 5438 591 5486 smviret.
623 5452 650 5481 η

274 5502 297 5535 ²
330 5498 482 5558 Edd.,
499 5497 656 5561 quod.
671 5533 703 5561 ..
728 5496 1146 5561 daninaperunt.
1160 5493 1589 5561 Reposuimusex
1608 5492 1743 5561 Mss.
1769 5504 1919 5555 quos;

211 5562 441 5613 refertur
468 5556 611 5612 enim
640 5560 706 5610 ad
736 5558 1177 5609 Maximianenses
1201 5556 1356 5606 antea
1383 5556 1702 5607 nominatos.

1598 316 1802 371 LIBER
1854 316 2249 388 lSECUNDUS.

3572 332 3677 385 642

1980 442 2208 500 niorum
2240 448 2439 499 contra
2480 443 2817 499 Donatistas.
2845 445 2910 499 In
2941 461 3056 516 quo
3086 444 3233 501 libro
3264 448 3683 505 absolutionem

1982 532 2180 587 Felicis
2209 532 2594 605 Aptungensis
2630 531 3012 588 ‘ordinatoris
3044 535 3370 597 .Cazciliani,
3413 553 3531 592 non
3576 539 3685 593 hoc

1982 622 2180 675 ordine
2205 622 2505 691 posuimus
2535 638 2648 692 quo
2669 626 2865 692 postea
2885 623 3051 677 nobis
3079 624 3302 691 claruit,
3338 626 3679 682 Consulibus

1984 708 2288 779 diligenter
2328 710 2618 781 inspectis,
2668 710 2765 765 sed
2812 715 3088 782 tanquam
3134 718 3263 782 post
3316 714 3681 772 Caecilianum

1983 797 2113 852 ferit
2137 798 2449 864 absolutus,
2472 815 2601 852 cum
2624 804 2753 853 ante
2797 799 2871 852 sit
2893 799 3123 854 factum.
3165 802 3306 855 lllnd
3333 804 3505 857 etiam
3529 806 3683 875 quod

1984 892 2431 941 commemorato
2476 888 2636 941 ludia
2689 888 2927 956 apostoli
2976 888 3321 955 testimonio,
3356 891 3453 944 ubi
3486 892 3601 946 ait:
3638 895 3687 948 1i

1983 980 2109 1029 sunt
2152 977 2248 1044 qui
2283 980 2565 1043 segregant
2604 977 2930 1044 semetipsos,
2973 978 3251 1046 animales,
3293 981 3550 1048 spiritum
3576 996 3682 1035 non

1984 1062 2234 1117 habentes
2272 1063 2453 1131 (Judz
2488 1062 2593 1132 19),
2626 1063 2860 1133 adjunxi
2891 1062 3063 1117 etiam
3095 1066 3317 1120 dicens:
3364 1070 3437 1121 De
3485 1069 3681 1135 quibus

1983 1156 2034 1206 et
2063 1152 2262 1205 Paulus
2292 1153 2563 1220 apostolus
2602 1151 2771 1205 dicit:
2810 1173 2836 1201 α
2860 1154 3132 1207 Animalis
3164 1160 3343 1209 autem
3375 1157 3526 1210 homo
3574 1173 3681 1212 non

1992 1274 2008 1291 .
2037 1241 2273 1309 percipit
2299 1256 2362 1293 ea
2394 1256 2512 1308 qua:
2532 1244 2658 1293 sunt
2686 1242 2917 1309 spiritus
2948 1244 3045 1295 Dei
3076 1262 3103 1293 η
3136 1243 3297 1299 ICor.
3325 1260 3384 1311 ιι,
3412 1246 3496 1313 14)
3528 1262 3540 1311 ;
3572 1262 3685 1299 non

1986 1333 2119 1382 sunt
2146 1326 2237 1381 isti
2290 1327 2402 1380 illis
2457 1328 2813 1398 cozequandi,
2855 1344 2996 1399 quos
3056 1330 3290 1383 omnino
3340 1331 3410 1384 ab
3443 1332 3686 1387 Ecclesia

1985 1416 2199 1470 sbisma
2218 1416 2497 1485 praecidit.
2532 1416 2676 1470 Istos
2706 1416 2919 1486 quippe
2947 1418 3099 1471 idem
3144 1420 3436 1487 apostolus
3480 1422 3687 1475 Paulus

1984 1504 2251 1574 parvulos
2279 1504 2413 1558 dicit
2444 1520 2564 1557 esse
2602 1505 2663 1558 in
2716 1504 2960 1571 Christo,
3005 1521 3149 1575 quos
3206 1506 3463 1561 nondum
3503 1523 3687 1562 escam

1984 1592 2237 1646 valentes
2274 1608 2496 1662 capere,
2530 1594 2673 1646 lacte
2705 1595 2885 1647 nutrit
2905 1598 3097 1647 tamen
3128 1594 3231 1664 (Id.
3285 1610 3364 1661 ιιι,
3415 1599 3462 1659 1,
3507 1598 3562 1665 2)
3609 1595 3693 1649 illi

1988 1685 2180 1735 autem
2202 1696 2320 1734 non
2349 1680 2410 1734 in
2439 1680 2571 1735 ﬁliis
2588 1681 2862 1751 parvulis,
2893 1682 2989 1735 sed
3020 1681 3081 1735 in
3110 1683 3349 1767 mprtuis
3370 1687 3425 1736 et
3450 1682 3685 1751 perditis

1986 1769 2355 1840 computandi
2384 1773 2536 1837 sunt,
2564 1770 2692 1823 utsi
2723 1769 2851 1840 quis
2878 1786 3080 1824 eorum
3110 1777 3391 1825 correctus
3425 1772 3681 1825 Ecclesia:

1989 1858 2162 1912 fuerit
2219 1857 2539 1928 copulatus,
2593 1862 2743 1911 recte
2783 1857 2853 1912 de
2898 1857 2995 1911 illo
3036 1858 3149 1911 dici
3191 1859 3406 1928 possit:
3449 1862 3694 1914 Mortuus

1989 1950 2125 1999 erat.
2154 1950 2204 1999 et
2231 1946 2460 2009 revixit;
2490 1946 2754 2013 perierat,
2788 1949 2838 1998 et
2872 1947 3120 1999 inventus
3150 1950 3228 1999 est
3268 1946 3421 2015 (Luc.
3456 1962 3545 2009 xv,
3579 1949 3690 2016 32).

1992 2032 2091 2087 Hic
2120 2032 2266 2087 liber
2301 2031 2381 2086 sic
2423 2031 2660 2103 incipit:
2710 2034 2817 2099 Qui
2864 2035 3061 2088 timetis
3109 2036 3403 2089 consentire
3447 2036 3698 2090 Ecclesia

1991 2122 2284 2177 catholicas.
2568 2118 2579 2131 ’

2596 2210 2823 2264 CAPUT
2862 2211 3095 2265 XXVIII.

2139 2300 2338 2355 Contra
2364 2300 2703 2353 Donatistam
2729 2301 2903 2352 nescio
2931 2314 3108 2367 quem,
3138 2298 3465 2353 liber‘unus.
3490 2329 3557 2339 —

2662 2386 2811 2457 [Non
2840 2385 3045 2457 exstat]

2067 2476 2315 2531 Alterius
2366 2476 2501 2530 libri
2558 2491 2732 2547 quem
2758 2491 2932 2546 supra
2968 2475 3436 2543 commemoravi,
3468 2475 3705 2533 titulum

2000 2581 2120 2620 esse
2152 2565 2326 2631 volui,
2350 2565 2557 2618 Contra
2587 2563 2779 2619 nescio
2798 2579 2969 2635 quem
2997 2564 3387 2618 Donatistam:
3416 2563 3516 2618 ubi
3542 2563 3705 2618 simi-

1998 2654 2131 2709 liter
2158 2654 2227 2708 de
2259 2652 2617 2707 absolutione
2656 2651 3002 2706 ordiuatoris
3043 2650 3329 2707 Caeciliani
3367 2669 3534 2707 verus
3564 2654 3704 2708 ordo

1999 2742 2277 2813 temporis
2294 2758 2407 2796 non
2428 2745 2529 2796 est.
2549 2740 2693 2795 Illud
2716 2740 2889 2794 etiam
2920 2740 3075 2811 quod
3104 2739 3246 2795 dixi:
3276 2741 3369 2795 Ad
3396 2742 3705 2796 multitudi-

2000 2847 2118 2885 nem
2156 2832 2511 2893 zizaniorum,
2544 2830 2640 2884 ubi
2682 2830 3063 2896 intelliguntur
3101 2844 3279 2883 omnes
3318 2831 3557 2895 haereses,
3593 2830 3710 2884 mi-

2001 2936 2111 2973 nus
2139 2918 2310 2973 habet
2346 2935 2521 2972 unam
2556 2918 2931 2972 necessariam
2973 2917 3473 2988 conjunctionem:
3512 2916 3708 2972 dicen-

2002 3009 2138 3063 dum
2162 3007 2316 3061 enim
2337 3006 2465 3073 fuit,
2492 3006 2595 3061 libi
2614 3005 3013 3077 intelliguntur
3025 3005 3199 3061 etiam
3216 3021 3415 3061 omnes
3426 3006 3703 3074 haereses;

2005 3100 2124 3163 aut,
2174 3095 2278 3149 Ubi
2348 3093 2748 3165 intelliguntur
2802 3099 2859 3149 et
2924 3110 3124 3150 omnes
3198 3098 3463 3150 hmreses.
3550 3095 3711 3149 Nunc

2004 3200 2139 3239 vero
2169 3183 2248 3237 ita
2288 3183 2505 3238 dictum
2543 3187 2646 3250 est,
2677 3184 2839 3255 quasi
2877 3189 3087 3255 praeter
3124 3183 3425 3239 Ecclesiam
3454 3188 3711 3239 tantum-

2006 3273 2177 3328 modo
2226 3271 2341 3327 sint
2387 3271 2626 3335 zizania,
2666 3288 2783 3327 non
2830 3272 3091 3328 etiamin
3125 3273 3386 3341 Ecclesia,
3428 3289 3560 3328 cum
3588 3272 3715 3343 ipsa

2008 3361 2081 3415 sit
2130 3376 2375 3432 regnum
2426 3359 2653 3426 Christi,
2708 3359 2778 3414 de
2828 3377 2943 3432 quo
2988 3360 3279 3415 collecturi
3326 3364 3460 3415 sunt
3506 3358 3714 3431 Angeli

2008 3449 2153 3519 ejus,
2205 3447 2402 3501 messis
2457 3451 2736 3517 tempore,
2763 3447 2956 3502 omnia
3011 3447 3273 3502 scandala
3327 3447 3545 3516 (Matth.
3589 3462 3711 3512 xm,

2009 3536 2239 3607 36-42.).
2292 3535 2453 3590 Unde
2499 3539 2555 3588 et
2584 3535 2901 3605 Cyprianus
2949 3539 3164 3606 martyr
3205 3552 3218 3589 :
3262 3536 3384 3589 Etsi
3438 3535 3715 3602 videntur,

2009 3624 2216 3695 inquit,
2250 3626 2309 3677 in
2337 3624 2577 3678 Ecclesia
2606 3637 2716 3676 esse
2740 3624 2978 3690 zizania,
3004 3637 3111 3676 non
3143 3626 3319 3675 tamen
3342 3621 3599 3691 impediri
3620 3622 3711 3677 de-

2012 3715 2094 3767 bet
2114 3718 2209 3766 aut
2227 3712 2358 3781 ﬁdes
2389 3716 2484 3764 aut
2506 3712 2746 3765 charitas
2776 3716 2980 3775 nostra,
3002 3714 3063 3763 ut
3079 3712 3333 3778 quoniam
3360 3712 3577 3764 zizania
3606 3726 3716 3765 esse

2010 3805 2067 3856 in
2093 3802 2330 3856 Ecclesia
2368 3802 2652 3867 cernimus,
2695 3800 2807 3868 ipsi
2842 3796 3165 3875 deEcclesia
3188 3798 3496 3853 recedamus
3528 3797 3713 3868 (Cypr.

2011 3892 2188 3961 Epist.
2239 3892 2326 3957 51,
2384 3888 2457 3942 ad
2495 3890 2818 3954 Maximum,
2859 3888 2979 3959 etc).
3019 3887 3201 3952 Quem
3257 3903 3488 3942 sensum
3530 3887 3716 3963 etiam

2012 3995 2118 4033 nos
2148 3978 2308 4045 alias,
2341 3982 2397 4032 et
2426 3976 2673 4031 maxime
2705 3976 2970 4030 adversus
2997 3978 3226 4031 eosdem
3258 3981 3574 4047 praesentes
3609 3977 3715 4029 Do-

2013 4068 2246 4123 natistas
2274 4108 2288 4134 ,
2324 4066 2385 4121 in
2414 4066 2718 4120 collatione
2760 4064 3135 4120 defendimus.
3163 4065 3263 4120 Hic
3290 4066 3435 4119 liber
3464 4064 3543 4118 sic
3570 4063 3715 4117 inci-

2012 4157 2130 4227 pit:
2165 4156 2511 4211 Probationes
2557 4170 2738 4208 rerum
2786 4156 3215 4209 necessariarum
3256 4153 3492 4222 quodam
3542 4152 3717 4205 brevi-

2016 4247 2133 4299 culo
2159 4244 2403 4299 collectas
2428 4244 2802 4313 promisimus.

2662 4348 2885 4402 CAPUT
2923 4348 3094 4402 XXIX.

2015 4436 2332 4494 Admonitio
2387 4439 2789 4492 Donastitarum
2819 4436 2884 4490 de
2913 4436 3357 4503 Maximianistis,
3393 4434 3527 4490 liber
3556 4449 3714 4491 unus.

2632 4556 2702 4565 —
2729 4523 2880 4597 [Non
2911 4522 3113 4595 exstat]

2090 4614 2233 4670 Cum
2286 4612 2540 4668 viderem
2592 4614 2801 4668 multos
2858 4612 3087 4681 legendi
3134 4612 3329 4667 labore
3375 4612 3640 4685 impediri
3687 4631 3721 4668 a

2020 4701 2292 4756 discendo
2323 4718 2498 4774 quam
2540 4702 2685 4756 nihil
2725 4700 2960 4755 rationis
2990 4705 3161 4773 atque
3209 4701 3464 4757 veritatis
3512 4702 3721 4757 habeat

2024 4807 2151 4861 pars
2184 4791 2409 4858 Donati,
2450 4790 2705 4845 libellum
2737 4788 3136 4844 brevissimum
3182 4790 3308 4859 feci,
3356 4808 3470 4863 quo
3514 4791 3719 4847 eosede

2021 4879 2155 4933 solis
2187 4879 2614 4934 Maximianistis
2642 4877 3028 4933 admonendos
3067 4879 3279 4950 putavi,
3318 4884 3383 4935 ut
3412 4885 3606 4952 posset
3642 4880 3721 4934 fa-

2022 4967 2233 5021 cilitate
2280 4965 2632 5021 describendi
2676 4966 2736 5019 in
2787 4981 2989 5019 manus
3018 4967 3273 5037 plurium
3314 4968 3632 5039 pervenire,
3666 4971 3724 5021 et

2022 5055 2146 5126 ipsa
2172 5054 2260 5109 sui
2290 5054 2562 5108 brevitate
2594 5052 2812 5107 facilius
2840 5056 3226 5111 commendari
3268 5057 3599 5123 memoriae;
3629 5055 3723 5109 cui

2025 5145 2255 5199 titulum
2298 5142 2549 5213 imposui
2595 5159 2609 5197 :
2660 5142 2971 5198 Admonitio
3000 5147 3407 5201 Donatistarum
3434 5145 3499 5199 de
3538 5146 3722 5199 Maxi-

2024 5235 2313 5288 mianistis.
2368 5232 2465 5286 Hic
2509 5231 2653 5285 liber
2695 5232 2773 5286 sic
2802 5230 3035 5303 incipit:
3067 5233 3391 5301 Quicumque
3436 5232 3723 5286 calumniis

2029 5323 2302 5376 hominum
2340 5325 2389 5375 et
2418 5322 2890 5375 criminationibus
2920 5324 3227 5376 movemini.

2091 5431 2113 5475 1
2145 5427 2203 5475 In
2236 5427 2359 5475 Mss.
2390 5424 3114 5490 pluribusetpotioribushic,
3141 5423 3722 5490 etinfra,cap.A34._scri-

2029 5485 2785 5552 hitupApluﬁgnensiszquibus
2799 5487 3187 5538 consentitAm.
3202 5498 3411 5534 necnon
3424 5485 3561 5534 intra
3572 5485 3727 5537 Er.At

2032 5552 2088 5601 in
2121 5551 2236 5602 aliis
2248 5550 2601 5614 quibusdam.
2615 5550 3021 5615 'Aptugenensls.
