4028 6174
373 311 476 368 643

1019 425 1242 480 CAPUT
1281 424 1430 480 ΧΧΧ.

640 519 713 571 De
746 515 1090 570 Divinatione
1114 515 1437 574 Daemonum,
1481 512 1617 567 liber
1644 526 1806 566 unus.

446 608 553 661 Per
582 603 735 659 idem
757 607 982 673 tempus
1004 598 1210 655 accidit
1249 599 1393 655 mihi
1422 617 1491 654 ex
1534 599 1782 671 quadam
1822 598 2075 670 disputa-

374 697 529 752 tione
549 691 854 747 necessitas
874 696 949 745 ut
968 690 1035 744 de
1060 689 1418 743 Divinatione
1449 690 1789 745 Duemonum
1818 688 2077 742 libellum

378 784 708 850 scriberem,
740 780 902 851 cujus
941 779 1135 833 titulus
1179 778 1285 832 iste
1316 777 1437 847 ipse
1469 781 1571 831 est.
1622 778 1685 830 In
1734 776 1855 846 ejus
1886 778 2076 828 autem

379 874 630 947 quodam
661 872 788 925 loco
819 870 920 924 ubi
945 868 1091 924 dixi:
1112 873 1381 923 Darmones
1402 867 1699 937 aliquando
1728 871 1777 921 et
1806 867 2079 920 hominum

376 963 754 1033 dispositiones
808 976 915 1014 non
972 960 1142 1014 solum
1193 974 1314 1012 voce
1357 958 1623 1026 prolatas,
1677 971 1861 1010 rerum
1917 956 2079 1008 etiam

376 1052 699 1121 cogitatione
753 1051 1052 1116 conceptas,
1102 1062 1220 1100 cum
1276 1046 1436 1112 signa
1491 1044 1739 1113 quaedam
1786 1059 1853 1097 ea:
1898 1045 2079 1097 animo

376 1143 761 1210 exprimuntur
773 1140 831 1191 in
848 1151 1084 1205 corpore,
1105 1139 1215 1189 tota
1225 1135 1496 1200 facilitate
1507 1134 1811 1203 perdiscere
1841 1131 1997 1200 (Cap.
2024 1135 2076 1198 ὅ,

375 1246 431 1285 n.
481 1228 581 1300 9);
629 1242 754 1282 rem
805 1225 924 1280 dixi
967 1223 1407 1278 occultissimam
1461 1221 1767 1276 audaciore
1801 1235 2079 1275 assevera-

376 1317 532 1373 tione
562 1332 736 1387 quam
766 1313 974 1369 debui:
1026 1328 1160 1366 nam
1200 1311 1498 1381 pervenire
1546 1311 1655 1364 ista
1697 1309 1769 1363 ad
1816 1307 2079 1363 notitiam

378 1404 729 1469 daemonum,
762 1418 865 1473 per
892 1401 1166 1455 nonnulla
1196 1400 1368 1453 etiam
1405 1399 1794 1469 experimenta
1832 1411 2083 1467 comper-

378 1498 501 1548 tum
533 1495 635 1546 est.
665 1491 773 1546 Sed
804 1494 1000 1544 utrum
1027 1490 1193 1559 signa
1224 1489 1486 1560 quaedam
1516 1488 1723 1543 dentur
1749 1502 1816 1541 ex
1846 1501 2081 1556 corpore

378 1576 755 1647 cogitantium
792 1577 905 1631 illis
954 1577 1262 1642 sensibilia,
1315 1593 1421 1630 nos
1468 1580 1659 1630 autem
1706 1573 1959 1635 latentia,
2008 1588 2081 1626 an

379 1666 568 1721 aliavi
597 1672 654 1722 et
684 1683 750 1721 ea
779 1666 1061 1737 spirituali
1090 1665 1198 1719 ista
1227 1669 1589 1735 cognoscant,
1616 1668 1714 1716 aut
1744 1661 2081 1717 difﬁcillime

376 1757 562 1825 potest
590 1754 661 1808 ab
678 1753 1027 1819 hominibus,
1056 1756 1155 1807 aut
1186 1751 1421 1805 omnino
1453 1767 1567 1805 non
1598 1753 1789 1821 potest
1810 1748 2077 1803 inveniri.

380 1841 479 1895 Hic
508 1840 653 1896 liber
694 1840 773 1895 sic
832 1840 1060 1912 incipit:
1123 1840 1366 1906 Quodam
1406 1839 1493 1893 die
1549 1841 1608 1894 in
1652 1838 1839 1893 diebus
1878 1839 2081 1892 sanctis

378 1929 722 1985 Octavarum.

1008 2017 1232 2072 CAPUT
1271 2017 1446 2072 XXXI.

450 2106 773 2173 Quaestiones
799 2108 1057 2175 exposita:
1088 2109 1275 2159 contra
1316 2108 1587 2170 Paganos,
1629 2116 1849 2157 numero
1890 2116 2006 2156 sex.

447 2204 601 2258 Inter
624 2204 742 2258 haec
758 2202 944 2257 missa:
974 2206 1107 2256 sunt
1135 2201 1277 2255 mihi
1306 2199 1699 2270 aCarthagine
1731 2199 2078 2269 quaestiones

379 2307 498 2357 sex,
533 2306 672 2362 quas
704 2290 1002 2361 preposuit
1030 2289 1245 2344 amicus
1284 2289 1538 2360 quidam,
1571 2304 1746 2360 quem
1775 2288 2079 2359 cupiebam

381 2377 508 2432 fieri
566 2376 961 2443 christianum,
1013 2382 1080 2430 ut
1135 2380 1333 2430 contra
1380 2379 1640 2447 Paganos
1706 2376 2079 2441 solverentur,

380 2466 701 2539 prtesertim
754 2465 889 2537 quia
931 2465 1239 2520 nonnullas
1285 2481 1482 2519 earum
1514 2482 1547 2519 a
1597 2464 1912 2536 Porphyrio
1961 2464 2083 2535 phi-

380 2555 619 2626 losopho
655 2553 974 2625 propositas
1004 2553 1162 2609 dixit.
1207 2554 1317 2609 Sed
1338 2570 1461 2608 non
1500 2570 1631 2609 eum
1672 2570 1795 2608 esse
1836 2554 2083 2608 arbitror

264 2672 275 2679 -
383 2644 764 2715 Porphyrium
830 2642 1083 2698 Siculum
1131 2643 1295 2697 illum
1354 2643 1516 2714 cujus
1578 2642 1948 2698 celeberrima
2001 2646 2087 2697 est

382 2735 552 2789 fama.
589 2734 802 2788 Harum
834 2732 1217 2804 quaestionum
1257 2732 1672 2804 disputationes
1708 2732 1769 2786 in
1802 2748 1980 2787 unum
2015 2731 2083 2786 1i-

380 2822 550 2877 brum
588 2821 823 2885 contuli,
856 2837 974 2876 non
1001 2820 1308 2893 prolixum,
1342 2821 1504 2891 cujus
1553 2824 1639 2875 est
1684 2821 1924 2876 titulus:
1975 2820 2085 2876 Sex

381 2911 728 2984 quiestiones
757 2915 955 2966 contra
1000 2912 1259 2981 Paganos
1298 2909 1591 2981 expositae.
1643 2911 1850 2965 Earum
1892 2914 2085 2964 autem

381 2998 570 3069 prima
618 3002 703 3053 est
758 2998 826 3052 de
878 2996 1326 3065 resurrectione;
1385 2996 1652 3064 secunda,
1707 2996 1775 3050 de
1824 3001 2085 3066 tempore

383 3086 708 3141 christiana).
731 3084 1026 3156 religionis
1051 3106 1065 3152 ;
1114 3085 1301 3152 tertia,
1332 3085 1402 3140 de
1428 3084 1835 3140 sacriﬁciorum
1880 3085 2083 3140 distin-

382 3174 570 3229 ctione
597 3191 609 3240 ;
639 3178 861 3245 quarta,
895 3173 964 3228 de
996 3190 1061 3228 eo
1092 3174 1248 3244 quod
1274 3173 1551 3244 scriptum
1578 3178 1682 3240 est,
1712 3176 1776 3228 In
1801 3190 1910 3242 qua
1935 3189 2082 3228 men-

382 3277 514 3316 sura
566 3263 735 3316 mensi
787 3262 1030 3328 fueritis,
1083 3264 1391 3315 remetiatur
1432 3261 1579 3315 vobis
1612 3262 1823 3330 (Matth.
1856 3278 1952 3326 vn,
1992 3258 2081 3330 2);

385 3349 607 3422 quinta,
642 3349 709 3404 de
729 3348 870 3403 Filio
903 3348 1005 3403 Dei
1029 3348 1342 3403 secundum
1369 3349 1770 3414 Salomonem;
1804 3352 1978 3414 sexta,
2013 3349 2083 3403 de

380 3439 525 3493 Jona
553 3438 851 3509 propheta.
910 3438 976 3491 In
1006 3453 1250 3508 quarum
1281 3438 1529 3491 secunda
1555 3436 1709 3508 quod
1738 3436 1876 3503 dixi,
1915 3437 2082 3492 Salus

381 3528 662 3596 religionis
691 3528 875 3596 huius,
902 3543 1005 3596 per
1033 3543 1195 3597 quam
1219 3527 1389 3581 solam
1414 3542 1594 3581 rerum
1613 3526 1761 3581 salus
1786 3542 1915 3580 vera
1933 3541 2084 3579 vera-

292 3640 302 3650 κ
381 3619 619 3686 citerque
647 3617 1006 3686 promittitur,
1038 3616 1177 3670 nulli
1212 3631 1454 3684 unquam
1491 3615 1689 3681 defuit,
1740 3616 1837 3684 qui
1882 3614 2083 3683 dignus

380 3707 493 3773 fuit
517 3722 530 3773 ;
554 3710 604 3759 et
629 3707 717 3760 cui
727 3705 924 3771 defuit,
949 3705 1144 3770 dignus
1165 3720 1270 3758 non
1290 3706 1432 3772 fuit;
1453 3704 1660 3758 nonita
1679 3703 2082 3774 dixitanquam

384 3809 451 3847 ex
481 3792 701 3846 meritis
730 3792 846 3847 suis
870 3792 1173 3863 quisquam
1202 3792 1409 3862 dignus
1434 3792 1646 3860 fuerit;
1677 3792 1774 3846 sed
1806 3792 2079 3863 quemad-

383 3880 625 3935 modum
654 3879 735 3933 ait
763 3881 1067 3950 Apostolus
1093 3896 1105 3934 :
1138 3882 1256 3936 Non
1271 3896 1339 3933 ea:
1364 3881 1635 3949 operibus,
1658 3880 1752 3934 sed
1776 3896 1843 3933 ex
1862 3883 2084 3934 vocante

382 3969 590 4024 dictum
636 3983 767 4033 esse,
815 3967 997 4037 Major
1038 3970 1233 4022 serviet
1278 3970 1478 4022 minori
1515 3968 1682 4039 (Rom.
1726 3984 1801 4034 xx,
1832 3969 1919 4036 l2,
1953 3969 2078 4037 13):

387 4072 559 4129 quam
591 4054 945 4110 vocationem
995 4056 1068 4111 ad
1117 4055 1215 4109 Dei
1263 4056 1617 4127 propositum
1660 4056 1859 4111 asserit
1904 4056 2081 4126 perti-

383 4162 537 4201 nere.
590 4144 751 4200 Unde
800 4144 957 4214 dicit,
1013 4146 1134 4199 Non
1185 4145 1475 4199 secundum
1521 4161 1685 4215 opera
1735 4149 1940 4209 nostra,
1990 4144 2084 4199 sed

382 4234 672 4290 secundum
702 4249 859 4289 suum
895 4235 1234 4303 propositum
1263 4237 1312 4287 et
1356 4236 1592 4300 gratiam
1624 4234 1692 4293 (II
1738 4236 1872 4288 Tim.
1921 4250 1958 4299 1,
2005 4232 2078 4303 9).

384 4325 541 4379 Unde
571 4323 710 4378 item
737 4321 909 4377 dicit:
933 4323 1142 4377 Scimus
1164 4323 1295 4390 quia
1315 4322 1669 4391 diligentibus
1688 4326 1876 4389 Deum,
1904 4323 2083 4377 omnia

381 4416 736 4481 cooperantur
786 4413 844 4465 in
892 4410 1103 4478 bonum,
1154 4412 1225 4465 iis
1258 4412 1354 4479 qui
1406 4411 1696 4466 secundum
1745 4412 2084 4481 propositum

381 4502 559 4555 uocati
611 4505 738 4555 sunt
785 4501 963 4555 sancti
1003 4495 1022 4529 ί
1070 4499 1238 4571 (Rom.
1304 4516 1419 4565 VIII,
1477 4502 1591 4570 28).
1647 4501 1725 4554 De
1782 4516 1896 4571 qua
1928 4516 2085 4553 voca-

382 4588 539 4642 tione
578 4588 693 4643 ait:
747 4592 813 4644 Ut
849 4589 1042 4658 dignos
1087 4604 1178 4642 vos
1221 4588 1415 4642 habeat
1452 4589 1723 4641 vocatione
1754 4604 1854 4642 sua
1897 4591 2087 4643 sancta

384 4674 457 4746 (II
490 4677 669 4730 Thess.
709 4694 748 4745 ι,
792 4678 896 4746 Η).
940 4678 1039 4731 Hic
1070 4677 1213 4731 liber
1242 4681 1368 4747 post
1408 4675 1726 4746 epistolam,
1776 4693 1903 4747 quae
1934 4680 2089 4747 post-

386 4764 622 4818 modum
650 4781 685 4818 a
709 4764 893 4835 capite
922 4765 1115 4820 addita
1146 4767 1444 4835 est(Epist.
1482 4767 1602 4833 102,
1634 4764 1707 4818 ad
1728 4766 2085 4835 Deogratias).

385 4852 475 4915 sic
495 4850 725 4923 incipit:
765 4854 937 4908 Movet
966 4854 1245 4921 quosdam,
1275 4858 1324 4908 et
1354 4855 1659 4923 requirunt.

1003 4960 1229 5015 CAPUT
1283 4960 1483 5014 XXXII.

492 5048 778 5119 Expositio
810 5048 1063 5116 Episton
1091 5048 1279 5102 Jacobi
1296 5049 1368 5103 ad
1398 5047 1676 5104 duodecim
1695 5047 1887 5105 tribus.
1913 5078 1981 5090 —-

1030 5133 1180 5206 [Non
1218 5134 1447 5209 exstat]

457 5229 615 5283 Inter
644 5224 919 5297 opuscula
960 5238 1090 5277 mea
1126 5224 1316 5295 reperi
1372 5224 1785 5295 expositionem
1829 5225 2089 5297 Epistolas

384 5316 598 5386 Jacobi,
630 5330 805 5387 quam
836 5316 1148 5368 retractans
1196 5311 1414 5367 adverti
1455 5314 1854 5369 annotationes
1895 5313 2089 5385 potius

386 5405 777 5477 expositorum
808 5399 1196 5476 quorumdam
1227 5400 1349 5471 ejus
1378 5400 1632 5456 locorum
1661 5401 1723 5456 in
1751 5401 1967 5458 librum
2004 5418 2091 5457 re-

450 5563 477 5597 ¹-
502 5562 662 5614 Abest
680 5563 856 5617 sancti
883 5561 949 5613 ab
962 5556 1193 5624 antiquis
1206 5558 1326 5608 Mss.
1359 5560 1453 5608 eta
1467 5571 1642 5622 graeco
1659 5560 1810 5610 textu
1829 5557 2085 5623 Apostoli.

1516 299 2174 358 BETRACTATIONUM
2231 301 2285 355 S.
2338 299 2745 357 AUGUSTINI.
3731 312 3807 367 6;;

2186 423 2375 479 dactas
2403 423 2645 478 fratrum
2688 422 3004 494 diligentia,
3052 424 3150 495 qui
3206 439 3303 479 eas
3346 425 3607 482 frontibus
3646 432 3810 489 codicis

2186 528 2304 567 esse
2334 514 2663 568 noluerunt.
2680 513 2965 584 Adjuvant
2981 528 3119 584 ergo
3141 513 3379 585 aliquid,
3400 514 3501 570 nisi
3516 518 3650 588 quod
3666 519 3809 592 ipSam

2186 600 2492 673 Epistolam
2525 617 2697 674 quam
2729 602 3061 672 legebamus
3092 602 3320 673 quando
3349 602 3453 658 ista
3488 606 3689 678 dictavi,
3724 626 3813 667 non

2184 691 2488 763 diligenter
2534 708 2601 746 ex
2636 707 2818 763 grch
2874 691 3229 746 habebamus
3286 691 3701 764 interpretatum.
3742 698 3817 753 Hic

2186 779 2331 834 liber
2358 780 2438 834 sic
2466 779 2703 850 incipit:
2729 778 3014 834 Duodecim
3038 779 3285 834 tribubus
3315 795 3431 849 quae
3457 785 3572 836 sunt
3598 783 3649 836 in
3671 782 3819 853 dispa-

2184 870 2350 936 sione,
2382 870 2630 923 salutem.

2792 938 3015 993 CAPUT
3053 939 3283 993 XXXIII.

2190 1032 2259 1083 De
2290 1030 2629 1084 Peccatcrum
2671 1029 2881 1083 Meritis
2920 1032 2970 1081 et
3013 1030 3361 1094 Remissione,
3410 1033 3458 1082 et
3498 1028 3559 1083 de
3595 1031 3821 1100 Baptism

2436 1119 2813 1182 Parvulorum,
2853 1118 2927 1171 ad
2958 1119 3336 1172 Marcellinum
3360 1117 3485 1172 libri
3506 1122 3621 1173 tres.

2262 1205 2428 1260 Venit
2458 1206 2628 1259 etiam
2670 1205 2992 1273 necessitas,
3046 1221 3171 1276 qua:
3212 1220 3305 1259 me
3349 1209 3567 1275 cogeret
3607 1205 3823 1263 adversus

2190 1310 2393 1348 novam
2423 1294 2790 1365 Pelagianam
2829 1293 3097 1348 haeresim
3140 1293 3425 1361 scribere;
3473 1298 3654 1350 contra
3690 1312 3822 1367 quam

2190 1383 2367 1455 prius,
2400 1399 2532 1438 cum
2571 1400 2715 1455 opus
2739 1387 2875 1447 erat,
2903 1399 3019 1437 non
3048 1383 3296 1454 scriptis,
3329 1382 3426 1437 sed
3445 1384 3762 1439 sermonibus
3784 1390 3825 1440 et

2187 1472 2657 1528 collocutionibus
2677 1472 3007 1544 agebamus,
3028 1476 3093 1527 ut
3113 1472 3359 1544 quisque
3380 1477 3625 1527 nostrum
3654 1478 3826 1545 poterat

2190 1565 2289 1615 aut
2317 1561 2577 1617 debebat.
2613 1562 2792 1617 Missis
2822 1578 2958 1631 ergo
2990 1561 3130 1617 mihi
3177 1576 3212 1615 a
3246 1561 3577 1632 Carthagine
3612 1563 3824 1633 quaestio-

2192 1650 2360 1705 nibus
2389 1666 2590 1705 eorum
2623 1667 2764 1721 quas
2788 1651 3152 1706 rescribendo
3180 1651 3543 1706 dissolverem
3571 1654 3585 1686 ¹
3617 1691 3631 1720 ,
3671 1651 3825 1723 scripsi

2190 1739 2446 1810 primum
2476 1739 2655 1796 libros
2685 1744 2815 1805 tres,
2852 1756 3101 1811 quorum
3127 1738 3332 1794 titulus
3374 1744 3476 1806 est,
3517 1738 3583 1793 de
3619 1741 3825 1794 Peccato-

2192 1844 2319 1882 rum
2352 1828 2561 1883 Meritis
2591 1832 2648 1882 et
2678 1827 3061 1882 Remissione:
3090 1828 3182 1883 ubi
3213 1827 3459 1882 maxime
3476 1827 3759 1898 disputatur
3775 1828 3825 1883 de

2191 1917 2530 1987 baptismate
2560 1903 2931 1987 parvulorum
2959 1922 3198 1988 propter
3255 1916 3532 1988 originale
3559 1923 3823 1988 peccatum:

2192 2011 2249 2061 et
2278 2006 2346 2060 de
2380 2006 2560 2077 gratia
2592 2006 2690 2061 Dei
2720 2022 2834 2077 qua
2857 2006 3264 2077 justiﬁcamur,
3297 2007 3405 2060 hoc
3430 2010 3531 2075 est,
3552 2006 3677 2077 justi
3700 2006 3827 2061 efﬁci-

2191 2111 2358 2161 mur;
2394 2095 2651 2165 quamvis
2687 2095 2747 2149 in
2769 2096 2875 2149 hac
2904 2094 3021 2149 vita
3049 2112 3222 2149 nemo
3273 2095 3357 2150 ita
3398 2098 3574 2149 servet
3613 2094 3826 2148 mandata

2186 2186 2443 2256 justitiae,
2478 2190 2539 2240 ut
2564 2202 2682 2240 non
2712 2186 2783 2240 sit
2823 2186 2876 2240 ei
2918 2185 3307 2241 necessarium
3351 2203 3455 2257 pro
3490 2186 3599 2240 suis
3637 2185 3828 2257 peccatis

2193 2275 2408 2329 orando
2449 2275 2632 2330 dicere
2658 2291 2671 2329 :
2703 2277 2924 2329 Dimitte
2950 2275 3101 2329 nobis
3137 2275 3327 2328 debita
3353 2278 3534 2329 nostra
3562 2274 3748 2343 (Matth.
3773 2291 3827 2335 vi.

2196 2364 2305 2432 12).
2342 2364 2548 2417 Contra
2576 2379 2706 2433 quae
2734 2362 2929 2416 omnia
2957 2362 3270 2417 sentientes
3300 2363 3384 2417 illi
3399 2379 3597 2417 novam
3619 2361 3829 2416 hzeresim

2193 2450 2591 2506 condiderunt.
2623 2453 2688 2504 In
2716 2450 2804 2505 his
2836 2455 3028 2506 autem
3059 2452 3221 2506 libris
3266 2451 3507 2507 tacenda
3535 2451 3698 2506 adhuc
3722 2450 3827 2504 arbi-

2193 2544 2371 2595 tratus
2402 2556 2526 2594 sum
2559 2540 2797 2594 nomina
2827 2556 3048 2607 eorum,
3085 2540 3165 2594 sic
3195 2556 3295 2595 eos
3334 2539 3550 2595 facilius
3573 2555 3716 2612 posse
3739 2554 3829 2593 cor-

2192 2628 2304 2699 rigi
2315 2645 2552 2699 sperans
2572 2646 2584 2683 :
2602 2629 2717 2683 imo
2731 2629 2904 2684 etiam
2926 2628 2986 2683 in
2998 2630 3169 2683 tertio
3188 2630 3359 2696 libro,
3386 2646 3512 2701 quae
3525 2633 3603 2685 est
3622 2627 3830 2699 epistola,

2193 2717 2293 2772 sed
2317 2717 2377 2771 in
2404 2717 2564 2772 libris
2592 2718 2787 2772 habita
2816 2723 3052 2788 propter
3080 2718 3227 2773 duos
3259 2719 3470 2790 quibus
3516 2734 3635 2773 eam
3673 2731 3833 2771 conne—

2193 2808 2456 2861 ctendam
2489 2806 2700 2877 putavi,
2729 2807 2943 2878 Pelagii
2974 2807 3155 2878 ipsius
3177 2824 3398 2862 nomen
3419 2823 3532 2861 non
3557 2807 3666 2862 sine
3688 2805 3835 2874 aliqua

2193 2894 2361 2949 laude
2389 2895 2555 2965 posui
2585 2896 2735 2965 (Cap.
2784 2899 2837 2962 3,
2881 2912 2937 2950 n.
2969 2894 3077 2966 5);
3129 2897 3267 2967 quia
3311 2896 3427 2951 vita
3472 2896 3588 2967 ejus
3620 2912 3651 2949 a
3686 2891 3834 2948 multis

2191 2982 2643 3053 praedicabatur:
2679 2987 2735 3038 et
2761 2984 2883 3054 ejus
2911 2984 3011 3039 illa
3043 2984 3339 3055 redargui,
3372 3001 3500 3056 quae
3528 2984 3586 3038 in
3612 2982 3714 3037 suis
3729 2979 3832 3034 scri-

2192 3071 2304 3141 ptis
2334 3088 2449 3125 non
2480 3087 2543 3126 ex
2572 3088 2814 3143 persona
2845 3088 2948 3127 sua
2973 3072 3186 3143 posuit,
3220 3074 3328 3129 sed
3366 3073 3503 3145 quid
3534 3073 3600 3128 ab
3641 3071 3748 3126 aliis
3777 3069 3835 3123 di-

2192 3165 2415 3216 ceretur
2444 3161 2738 3232 exposuit;
2791 3178 2921 3233 quae
2964 3165 3161 3217 tamen
3193 3168 3399 3233 postea
3434 3163 3553 3233 jam
3593 3159 3835 3217 haereticus

2191 3248 2642 3320 pertinacissima
2688 3248 3048 3304 animositate
3096 3250 3376 3306 defendit.
3427 3249 3700 3306 Caelestius
3734 3261 3835 3301 vero

2193 3337 2504 3409 discipulus
2536 3337 2657 3408 ejus
2700 3338 2819 3409 jam
2868 3342 3103 3409 propter
3151 3338 3299 3394 tales
3355 3338 3675 3394 assertiones
3719 3333 3835 3406 apud

2192 3434 2596 3504 Carthaginem
2624 3435 2688 3489 in
2712 3435 3023 3506 episcOpali
3039 3436 3282 3506 judicio,
3314 3437 3415 3492 ubi
3439 3452 3541 3509 ego
3569 3451 3675 3490 non
3704 3433 3837 3488 inter-

2191 3524 2294 3590 fui,
2325 3523 2976 3579 excommunicationem
3007 3530 3317 3581 meruerat.
3352 3528 3416 3581 In
3446 3524 3677 3580 secundo
3709 3521 3836 3588 libro,

2192 3613 2437 3684 quodam
2469 3614 2608 3675 loco,
2640 3614 2749 3667 Hoc
2779 3614 3157 3682 quisbusdam,
3188 3617 3439 3683 inquam,
3477 3617 3533 3669 in
3554 3612 3655 3684 ﬁne
3680 3611 3835 3680 largie-

2191 3705 2300 3768 tur,
2350 3706 2411 3756 ut
2449 3706 2672 3757 mortem
2729 3706 3013 3772 repentina
3058 3707 3473 3759 commutatione
3509 3719 3611 3757 non
3650 3701 3837 3757 sentiwtt

2192 3790 2356 3860 (Cap.
2394 3794 2479 3853 3t,
2520 3807 2577 3845 η.
2614 3792 2718 3859 50),
2754 3808 2983 3846 servans
3004 3792 3192 3846 locum
3221 3792 3572 3864 diligentiori
3600 3791 3662 3847 de
3687 3791 3837 3846 hacre

2190 3877 2574 3949 inquisitioni.
2596 3881 2709 3933 Aut
2736 3878 2892 3933 enim
2916 3895 3029 3933 non
3048 3879 3372 3935 morientur
3397 3901 3411 3949 ;
3436 3886 3531 3936 aut
3554 3880 3618 3936 de
3646 3879 3742 3933 vita
3757 3876 3838 3930 ista

2189 3966 2251 4021 in
2281 3970 2545 4033 mortem,
2592 3971 2649 4021 et
2678 3967 2746 4022 de
2768 3971 2953 4023 morte
2983 3968 3043 4022 in
3073 3972 3354 4024 reternam
3384 3970 3558 4025 vitam
3592 3965 3838 4023 celerrima

2191 4054 2633 4109 commutatione
2650 4059 2926 4127 tanquam
2944 4055 3006 4110 in
3021 4056 3137 4111 ictu
3168 4057 3322 4111 oculi
3340 4056 3696 4123 transeundo,
3724 4067 3839 4108 mor-

2190 4148 2306 4198 tem
2337 4159 2451 4197 non
2481 4143 2746 4198 sentient.
2784 4145 2896 4199 [Ioc
2942 4161 3085 4216 opus
3128 4145 3205 4199 sic
3254 4145 3491 4219 incipit:
3549 4143 3837 4214 Quamvisin

2190 4232 2389 4289 mediis
2416 4236 2468 4288 et
2494 4235 2707 4301 magnis
2732 4248 2988 4288 curarum
3018 4235 3252 4290 mstibus.

2792 4322 3018 4377 CAPUT
3056 4325 3277 4379 XXXIV.

2191 4412 2264 4465 De
2285 4412 2446 4466 Unico
2462 4411 2759 4478 Baptismo,
2795 4416 2981 4466 contra
3007 4414 3337 4468 Petilianum
3362 4413 3437 4469 ad
3466 4410 3839 4472 Constantinum,

2876 4500 3017 4554 liber
3044 4515 3201 4555 unus.

2264 4588 2340 4641 Eo
2369 4589 2627 4657 tempore
2654 4586 2868 4641 librum
2890 4587 2959 4641 de
2993 4587 3164 4642 Unico
3200 4588 3490 4660 Baptismo
3513 4588 3713 4643 amicus
3737 4581 3841 4656 qui-

2194 4674 2327 4730 dam
2356 4690 2538 4740 meus,
2557 4690 2591 4728 a
2634 4675 2825 4729 nescio
2870 4691 2984 4745 quo
3002 4676 3283 4731 donatista
3300 4679 3627 4749 presbytero
3648 4670 3839 4742 accepit.

2195 4762 2481 4818 indicante
2512 4764 2668 4834 quod
2697 4763 3009 4819 Petilianus
3026 4765 3323 4837 episcopus
3349 4784 3546 4823 eorum
3575 4759 3842 4822 Constanti-

2197 4850 2388 4905 nensis
2443 4867 2575 4905 eum
2606 4851 2912 4923 scripserit.
2966 4854 3125 4908 Hunc
3175 4855 3248 4909 ad
3292 4872 3386 4911 me
3434 4857 3529 4911 ille
3575 4852 3761 4918 attulit,
3792 4861 3841 4901 ac

2194 4940 2562 4995 vehementer
2590 4945 2653 4995 ut
2681 4941 2732 4995 ei
2764 4942 3167 5013 responderem
3195 4945 3415 5015 rogavit
3439 4962 3453 5012 ;
3475 4949 3532 4999 et
3548 4945 3735 4999 factum
3757 4940 3839 4991 est.

2198 5029 2433 5084 Librum
2458 5033 2653 5084 autem
2674 5029 2848 5085 etiam
2878 5047 3070 5086 meum
3094 5032 3153 5085 in
3176 5048 3289 5103 quo
3306 5032 3591 5103 respondi,
3617 5026 3838 5085 eumdem

2196 5117 2428 5171 titulum
2458 5116 2668 5172 habere
2687 5118 2861 5186 volui,
2892 5119 2997 5173 hoc
3029 5123 3133 5186 est,
3163 5120 3233 5174 de
3274 5120 3447 5175 Unico
3479 5119 3758 5191 Baptismo.
3793 5112 3841 5164 In

2197 5221 2310 5277 quo
2342 5206 2486 5261 libro
2529 5206 2671 5261 illud
2704 5207 2853 5278 quod
2885 5207 3037 5263 dixi:
3080 5210 3487 5266 Constantinum
3516 5210 3841 5278 imperatorem

2196 5297 2495 5351 Donatistis
2529 5296 2945 5351 criminantibus
2975 5297 3339 5352 ordinatorem
3369 5298 3636 5353 Caeciliani
3658 5292 3840 5348 Felicem

2195 5382 2597 5453 Aptungensem
2623 5399 2729 5439 non
2767 5399 2990 5452 negasse
3020 5388 3378 5441 accusationis
3412 5387 3597 5449 locum,
3636 5376 3839 5453 quamvis

2196 5486 2280 5528 eos
2309 5474 2368 5527 in
2415 5473 2693 5529 Caeciliani
2735 5475 2877 5543 ﬁctis
2929 5475 3249 5532 criminibus
3291 5476 3634 5531 calumniosos
3680 5464 3841 5537 fuisset

2259 5562 2275 5596 ¹
2312 5560 2444 5611 Edd.
2470 5560 2649 5612 ferunt
2673 5561 3043 5615 dissolverem.
3065 5563 3252 5615 Verius
3270 5564 3410 5625 Mss.,
3424 5559 3763 5615 dissolverem.
