4026 6180
178 313 266 368 645
1580 311 1793 369 LIBER

175 418 406 485 expertus
438 413 595 483 (Cap.
640 414 722 479 l6,
751 428 808 468 τι.
843 412 958 483 28),
988 411 1049 467 in
1082 411 1281 467 ordine
1309 417 1632 486 temporum
1662 422 1863 488 postea

175 504 592 565 consideratum,
628 501 793 556 aliter
822 500 1119 556 inventum
1150 507 1251 555 est.
1282 502 1422 557 Nam
1451 504 1607 574 prius
1639 521 1861 561 memo-

178 598 315 648 ratus
346 593 658 662 Imperator
690 606 920 644 causam
950 590 1148 644 Felicis
1174 590 1309 645 fecit
1335 592 1525 647 audiri
1553 610 1586 647 a
1614 610 1860 665 procon-

180 684 306 748 sule,
329 680 420 735 ubi
450 679 661 750 legitur
691 680 1011 747 absolutus;
1037 684 1094 734 et
1115 684 1314 749 postea
1341 680 1463 750 ipse
1489 681 1860 738 Caecilianum

178 787 293 826 cum
322 768 737 824 accusatoribus
783 768 907 838 ejus
947 768 1227 830 auditum,
1273 769 1552 839 comperit
1586 770 1863 824 innocen-

173 863 297 923 tem,
330 856 431 911 ubi
471 873 569 910 eos
598 860 861 926 expertus
892 859 976 908 est
1016 855 1078 909 in
1109 856 1231 925 ejus
1270 854 1607 911 criminibus
1646 858 1863 912 calum-

170 946 367 1000 niosos.
401 945 509 1009 Qui
537 944 677 998 ordo
718 949 1046 1014 temporum
1086 960 1189 1015 per
1225 946 1484 999 consules
1524 945 1863 1017 declaratus,

166 1035 338 1089 multo
365 1032 759 1091 vehementius
788 1032 850 1086 in
879 1048 945 1087 ea
974 1049 1145 1087 causa
1180 1033 1492 1088 calumnias
1532 1034 1863 1090 Donatista—

164 1138 290 1177 rum
308 1121 613 1191 convincit,
634 1120 978 1193 penitusque
999 1122 1276 1177 subvertit
1300 1139 1311 1176 :
1347 1124 1497 1194 quod
1520 1123 1657 1178 alibi
1680 1129 1865 1179 osten-

165 1211 369 1267 dimus.
399 1210 499 1265 llic
528 1211 670 1266 liber
707 1210 787 1265 sic
823 1210 1062 1282 incipit:
1093 1212 1431 1281 Respondere
1472 1213 1705 1268 adversa
1742 1228 1862 1269 sen-

164 1300 435 1355 tientibus.

779 1406 1005 1461 CAPUT
1043 1407 1238 1463 XXXV.

238 1516 303 1570 De
323 1515 750 1569 Mamimianistis
779 1518 967 1569 contra
996 1516 1330 1581 Donatistas,
1365 1513 1501 1568 liber
1528 1529 1687 1571 unus.
1723 1544 1792 1557 —

798 1600 950 1674 [Non
991 1600 1218 1674 exstat.]

234 1709 439 1780 Scripsi
469 1709 638 1763 etiam
663 1709 876 1764 librum
898 1709 1047 1764 inter
1067 1713 1271 1764 caetera
1291 1714 1487 1765 contra
1516 1710 1861 1778 Donatistas,

157 1815 278 1855 non
317 1798 716 1852 brevissimum
764 1798 909 1852 sicut
959 1802 1145 1866 antea,
1193 1798 1292 1853 sed
1328 1799 1627 1869 grandem,
1680 1799 1862 1853 multo

160 1886 515 1959 diligentius;
579 1887 638 1941 in
686 1903 798 1957 quo
841 1890 1076 1957 apparet
1131 1887 1617 1958 quemadmodum
1663 1902 1863 1941 eorum

156 1977 423 2032 adversus
470 1975 771 2030 Ecclesiam
810 1975 1145 2030 catholicam
1185 1975 1431 2047 impium
1468 1992 1532 2029 ac
1572 1974 1863 2046 superbis-

157 2066 371 2120 simum
400 2080 651 2119 errorem
684 2064 801 2118 sola
828 2062 1083 2118 funditus
1111 2063 1671 2141 Maximianistarum.
1694 2079 1866 2118 causa

158 2153 468 2219 subvertet,
516 2152 670 2222 quod
712 2151 957 2205 schisma
1011 2150 1226 2206 factum
1284 2155 1368 2205 est
1412 2167 1478 2206 ex
1521 2150 1647 2221 ipsa
1702 2155 1863 2222 parte

161 2241 387 2297 Donati.
412 2240 511 2295 Hic
532 2239 675 2294 liber
694 2238 772 2293 sic
802 2238 1030 2310 incipit:
1056 2241 1231 2294 Multa
1248 2240 1369 2310 jam
1398 2239 1661 2308 discimus,
1693 2241 1865 2295 multa

154 2330 280 2399 jam
303 2332 645 2400 scripsimus.

765 2444 989 2499 CAPUT
1027 2444 1255 2500 XXXVI.

160 2556 242 2607 De
269 2551 461 2608 Gratia
500 2552 822 2606 Testamenti
856 2552 1016 2618 Novi,
1057 2551 1131 2605 ad
1166 2553 1502 2606 Honoratum
1539 2550 1675 2605 liber
1701 2563 1863 2605 unus.

238 2658 312 2711 Eo
341 2656 465 2727 ipso
493 2660 752 2728 tempore
782 2671 896 2727 quo
924 2659 1121 2710 contra
1151 2656 1471 2710 Donatistas
1500 2656 1868 2710 vehementer

160 2745 585 2814 exercebamur,
626 2749 682 2799 et
721 2749 917 2799 contra
958 2744 1292 2815 Pelagianos
1335 2744 1581 2799 exerceri
1603 2744 1724 2816 jam
1755 2760 1868 2798 coe-

157 2850 451 2906 paramus,
484 2833 699 2889 amicus
729 2833 966 2905 quidam
999 2833 1142 2888 mihi
1182 2833 1342 2887 misit
1384 2833 1639 2905 quinque
1669 2849 1703 2887 ει
1731 2833 1866 2887 Car-

156 2922 395 2993 thagine
434 2922 800 2993 qumstiones,
847 2928 906 2977 et
943 2922 1167 2992 rogavit
1210 2925 1277 2976 ut
1322 2936 1416 2975 eas
1443 2922 1528 2975 illi
1567 2920 1865 2976 scribendo

157 3027 542 3082 exponerem;
588 3026 718 3082 quae
757 3016 923 3065 sunt:
972 3010 1118 3074 Quid
1164 3010 1275 3064 sibi
1321 3010 1457 3065 velit
1500 3026 1601 3064 vox
1629 3010 1727 3063 illa
1758 3010 1867 3063 Do-

156 3098 329 3166 mini,
360 3101 497 3153 Deus
539 3113 705 3166 meus,
746 3100 886 3153 Deus
914 3113 1081 3164 meus,
1135 3098 1333 3166 utquid
1377 3112 1460 3151 me
1482 3097 1867 3166 dereliquisti?

157 3188 337 3259 (Psal.
382 3203 493 3256 xxi,
545 3190 607 3254 t;
657 3186 853 3242 Matth.
910 3202 1082 3255 xxvn,
1134 3187 1251 3256 46.)
1298 3187 1363 3239 Et
1401 3184 1541 3256 quid
1586 3185 1660 3240 sit
1714 3184 1868 3256 quod

156 3277 246 3331 ait
296 3275 636 3346 Apostolus,
692 3277 759 3330 Ut
810 3277 869 3329 in
916 3276 1185 3329 charitate
1230 3274 1471 3328 radicati
1521 3279 1572 3327 et
1619 3274 1865 3341 fundati,

152 3366 507 3436 praevaleatis
547 3358 989 3433 comprehendere
1030 3377 1150 3417 cum
1191 3363 1435 3417 omnibus
1483 3364 1705 3430 sanctis,
1749 3378 1867 3430 qua:

156 3457 237 3510 sit
289 3453 544 3520 latitudo,
594 3457 644 3507 et
685 3453 987 3521 longitudo,
1041 3456 1092 3505 et
1138 3451 1391 3520 altitudo,
1439 3456 1489 3506 et
1530 3451 1870 3521 profundum

159 3544 381 3616 (Ephes.
429 3559 512 3613 m,
559 3545 643 3609 l7,
700 3542 807 3613 l8).
858 3543 922 3596 Et
975 3556 1103 3612 quae
1156 3540 1271 3594 sint
1317 3541 1574 3612 quinque
1618 3539 1870 3610 virgines

158 3633 375 3697 stultae,
432 3646 629 3702 quaeve
668 3630 954 3701 sapientes
1003 3629 1224 3699 (Matth.
1260 3644 1384 3694 xxv,
1414 3630 1587 3698 1-12).
1624 3628 1689 3681 Et
1740 3642 1869 3697 quae

158 3721 280 3775 sint
316 3720 569 3774 tenebrae
614 3719 923 3774 exteriores
970 3718 1075 3790 (Id.
1123 3734 1270 3787 χχιιι
1308 3716 1416 3788 13).
1466 3718 1532 3770 Et
1579 3715 1868 3786 quomodo

154 3808 605 3878 intelligendum
626 3807 721 3876 sit,
749 3808 982 3864 Verbum
1000 3822 1125 3862 caro
1154 3808 1364 3873 factum
1387 3810 1465 3860 est
1483 3794 1655 3875 (Joan.
1683 3821 1721 3871 ι,
1753 3804 1865 3875 14).

154 3899 279 3968 Ego
312 3900 506 3952 autem
536 3896 765 3951 intuens
805 3912 978 3967 supra
1005 3896 1216 3950 dictam
1244 3893 1510 3949 haeresim
1541 3909 1749 3949 novam
1778 3891 1868 3946 in-

156 3988 395 4043 imicam
422 3986 623 4058 gratim
648 3987 770 4054 Dei,
791 3991 1007 4041 sextam
1028 3985 1172 4039 mihi
1191 3984 1466 4056 proposui
1488 3983 1869 4055 quaestionem

156 4078 231 4132 de
260 4075 455 4132 Gratia
480 4074 825 4130 Testamenli
864 4074 1022 4129 Novi.
1066 4075 1145 4128 De
1175 4088 1291 4144 qua
1327 4072 1647 4142 disputans,
1689 4070 1868 4126 inter-

153 4166 352 4238 posita
396 4163 745 4236 expositione
789 4162 998 4233 psalmi
1043 4160 1304 4233 vigesimi
1349 4159 1542 4231 primi,
1594 4159 1657 4213 in
1706 4160 1868 4230 cujus

155 4253 349 4325 capite
373 4253 645 4324 scriptum
676 4256 759 4306 est
783 4250 935 4323 quod
967 4250 1242 4305 Dominus
1262 4247 1593 4303 exclamavit
1607 4248 1667 4301 in
1681 4263 1866 4315 cruce,

153 4342 316 4413 quod
345 4340 444 4395 ille
484 4340 701 4395 amicus
730 4338 793 4395 in
820 4337 1024 4410 primis
1062 4336 1207 4393 mihi
1243 4335 1545 4407 proposuit
1581 4350 1869 4405 exponen-

153 4430 335 4495 dum;
391 4427 586 4483 omnia
626 4427 726 4481 illa
791 4426 1046 4497 quinque
1102 4423 1334 4479 dissolvi
1387 4424 1581 4493 (Epist.
1636 4425 1755 4489 140,
1795 4422 1871 4477 ad

150 4517 555 4587 Honoratum):
592 4532 711 4571 non
758 4516 866 4570 hoc
906 4513 1106 4569 ordine
1165 4528 1280 4584 quo
1326 4515 1488 4567 erant
1538 4511 1867 4583 proposita;

152 4607 257 4661 sed
283 4607 435 4660 sicut
460 4604 606 4660 mihi
651 4603 954 4659 disserenti
996 4603 1065 4657 de
1108 4600 1291 4673 gratia
1322 4599 1462 4656 Novi
1497 4600 1866 4667 Testamenti,

151 4700 441 4766 tanquam
473 4694 589 4749 suis
618 4693 753 4748 locis
781 4700 1160 4763 congruenter
1197 4704 1490 4744 occurrere
1525 4692 1860 4759 potuerunt.

150 4785 257 4839 Hic
288 4784 445 4838 liber
469 4784 548 4837 sic
570 4782 805 4854 incipit:
839 4782 1086 4850 Quinque
1108 4779 1246 4834 mihi
1268 4779 1606 4849 proposuisti
1636 4782 1871 4833 tractan-

146 4874 256 4929 das
289 4874 636 4944 quaestiones.

762 4976 986 5032 CAPUT
1024 4973 1275 5031 XXXVII.

248 5090 333 5142 De
356 5086 571 5157 Spiritu
594 5088 643 5140 et
670 5085 900 5146 Littera,
927 5082 1001 5136 ad
1024 5082 1415 5148 Marcellinum,
1450 5078 1584 5159 liber
1610 5094 1769 5135 unus.

214 5196 315 5249 Ad
352 5209 527 5265 quem
556 5190 894 5261 scripseram
924 5192 1039 5243 tres
1071 5188 1268 5255 libros,
1296 5202 1544 5258 quorum
1565 5186 1766 5242 titulus
1789 5190 1872 5242 est

137 5285 215 5339 de
248 5286 631 5339 Peccatorum
675 5278 885 5336 Meritis
924 5283 981 5334 et
1015 5277 1392 5344 Remissione,
1434 5275 1532 5330 ubi
1565 5274 1872 5347 diligenter

138 5374 490 5445 disputatur
528 5370 699 5425 etiam
736 5370 804 5423 de
836 5368 1119 5439 baptismo
1156 5367 1550 5437 parvulorum,
1587 5365 1872 5436 rescripsit

80 5532 95 5535 β
135 5462 303 5517 mihi
336 5477 398 5516 se
429 5459 602 5515 fuisse
631 5459 959 5531 permotum
988 5456 1140 5528 quod
1180 5455 1423 5511 dixerim
1461 5453 1587 5509 ﬁeri
1612 5470 1778 5525 posse
1807 5457 1873 5509 ut

134 5551 220 5608 sit
253 5552 447 5607 homo
472 5548 595 5603 sine
619 5550 873 5619 peccato,
904 5546 953 5602 si
972 5547 1235 5603 voluntas
1263 5545 1387 5616 ejus
1419 5560 1539 5600 non
1572 5543 1737 5616 desit,
1762 5560 1870 5616 ope

1862 312 2248 373 SECUNDUS.

3566 323 3671 377 646

1973 439 2278 510 adjuvante
2327 438 2553 508 divina;
2583 440 2845 511 quamvis
2889 458 3059 497 nemo
3099 447 3217 499 tam
3263 446 3529 515 perfectae
3573 450 3688 521 ju-‘

1974 529 2141 583 stitiee
2172 529 2232 583 in
2262 529 2365 584 hac
2402 531 2518 585 vita
2543 532 2632 586 vel
2670 532 2864 602 fuerit,
2923 533 3013 587 vel
3056 532 3149 601 sit,
3190 535 3278 589 vel
3320 535 3548 591 futurus
3577 538 3669 594 sit.

1974 618 2242 683 Quaesivit
2270 619 2424 674 enim
2454 622 2744 692 quomodo
2766 622 3006 677 dixerim
3039 639 3204 694 posse
3225 623 3371 693 ﬁeri,
3396 626 3559 697 cujus
3588 628 3674 683 rei

1974 705 2116 760 desit
2171 708 2517 777 exemplum.
2561 710 2800 779 Propter
2856 710 3003 764 hanc
3062 712 3184 780 ejus
3238 712 3672 784 inquisitionem

1972 794 2169 866 scripsi
2198 796 2408 851 librum
2442 797 2603 868 cujus
2634 802 2718 852 est
2746 798 2966 869 titulus,
2997 799 3065 854 de
3097 800 3311 870 Spiritu
3344 807 3400 855 et
3442 804 3671 870 Littera,

1971 889 2326 954 pertractans
2344 887 2713 956 apostolicam
2728 888 3071 942 sententiam
3088 889 3186 943 ubi
3199 889 3276 943 ait
3291 906 3303 944 :
3319 893 3530 946 Littera
3541 895 3677 947 occi-

1972 972 2075 1038 dit,
2100 975 2341 1043 Spiritus
2361 980 2539 1029 autem
2561 976 2807 1047 vivificat
2828 978 2897 1048 (ll
2916 979 3034 1035 Cor.
3071 996 3148 1046 III,
3175 982 3244 1049 6).
3269 982 3331 1033 In
3354 997 3467 1052 quo
3501 978 3671 1049 libro,

1973 1077 2147 1131 quam
2194 1063 2340 1116 Deus
2379 1063 2610 1134 adjuvit,
2660 1065 2864 1119 acriter
2911 1066 3196 1137 disputavi
3243 1072 3443 1122 contra
3477 1068 3673 1122 inimi-

1972 1164 2065 1204 cos
2096 1150 2295 1221 gratiae
2349 1151 2467 1214 Dei,
2501 1168 2615 1223 qua
2650 1153 3004 1223 justificatur
3030 1155 3259 1227 impius.
3292 1158 3433 1211 Cum
3476 1162 3668 1212 autem

1971 1254 2204 1310 agerem
2252 1240 2318 1294 de
2350 1239 2837 1295 observationibus
2875 1243 3224 1311 Iudaeorum,
3266 1262 3298 1299 a
3328 1245 3672 1316 quibusdam

1972 1327 2113 1382 escis
2163 1328 2477 1383 secundum
2523 1333 2773 1385 veterem
2821 1331 3010 1401 legem
3040 1332 3474 1404 abstinentium,
3514 1334 3667 1390 dixi:

1972 1416 2342 1483 Quorumdam
2372 1433 2614 1473 escarum
2652 1422 2951 1474 cerimonias
2978 1421 3130 1490 (Cap.
3160 1424 3255 1487 2|,
3287 1438 3340 1476 η.
3370 1426 3481 1490 36),
3516 1423 3673 1494 quod

1972 1520 2182 1559 nomen
2210 1521 2328 1559 non
2358 1510 2443 1560 est
2473 1506 2533 1560 in
2563 1522 2673 1561 usu
2704 1505 3045 1561 Litterarum
3069 1512 3391 1563 sanctarum
3413 1511 3519 1581 (a):
3542 1510 3673 1566 ideo

1971 1598 2168 1647 tamen
2198 1593 2341 1648 mihi
2370 1610 2689 1665 congruens
2718 1594 2903 1649 visum
2922 1599 3024 1662 est,
3051 1597 3205 1666 quod
3237 1613 3268 1650 a
3296 1596 3541 1652 carendo
3571 1614 3672 1669 ap-

1972 1681 2211 1751 pellatas
2251 1681 2609 1749 cerimonias,
2650 1682 2812 1753 quasi
2843 1682 3182 1739 carimonias
3218 1686 3499 1741 memoria
3524 1689 3676 1741 tene-

1971 1768 2128 1839 bam,
2160 1786 2227 1824 eo
2257 1770 2413 1841 quod
2442 1771 2805 1826 observantes
2835 1776 3064 1827 careant
3087 1773 3176 1827 his
3207 1774 3377 1829 rebus
3402 1791 3435 1829 a
3465 1774 3674 1846 quibus

1973 1874 2032 1912 se
2062 1859 2364 1914 abstinent.
2417 1860 2578 1924 Quod
2632 1860 2678 1913 si
2716 1864 2801 1914 est
2828 1860 2990 1932 origo
3020 1861 3133 1915 alia
3181 1862 3350 1933 hujus
3396 1862 3674 1930 nominis,

1973 1967 2103 2022 qua:
2152 1949 2421 2003 abhorret
2448 1965 2482 2003 a
2523 1964 2657 2002 vera
2696 1947 2993 2019 religione,
3028 1950 3343 2004 secundum
3373 1951 3519 2005 hanc
3565 1968 3673 2024 ego

1972 2053 2089 2092 non
2117 2053 2244 2091 sum
2296 2036 2535 2104 locutus,
2577 2038 2677 2092 sed
2724 2038 3038 2093 secundum
3078 2038 3245 2092 istam
3276 2055 3451 2110 quam
3498 2056 3673 2112 supra

1975 2122 2310 2178 memoravi.
2352 2121 2451 2177 Hic
2480 2122 2622 2177 liber
2650 2123 2728 2177 sic
2756 2122 2985 2193 incipit:
3028 2125 3203 2179 Lectis
3228 2126 3500 2194 opusculis
3542 2143 3663 2197 quae

1974 2212 2048 2269 ad
2073 2217 2122 2268 te
2144 2228 2317 2283 nuper
2346 2213 2639 2280 elaboravi,
2666 2214 2750 2281 ﬁli
2779 2212 3097 2267 charissime
3128 2215 3456 2269 Marcelline.

2543 2320 2769 2375 CAPUT
2812 2321 3087 2375 XXXVIII.

2336 2412 2409 2463 De
2436 2409 2567 2463 Fide
2595 2412 2646 2462 et
2668 2410 2949 2478 Operibus,
2983 2409 3117 2463 liber
3147 2425 3308 2464 unus.

2044 2499 2265 2553 Interea
2293 2498 2466 2552 missa
2494 2504 2627 2552 sunt
2655 2497 2797 2552 mihi
2825 2515 2858 2551 a
2889 2498 3233 2569 quibusdam
3263 2498 3542 2555 fratribus
3564 2499 3678 2555 lai-

1974 2586 2054 2642 cis
2085 2586 2336 2658 quidem,
2360 2586 2459 2641 sed
2490 2573 2814 2641 divinorum
2836 2585 3196 2658 eloquiorum
3219 2588 3503 2652 studiosis,
3539 2589 3677 2643 scri-

1975 2678 2071 2747 pta
2098 2676 2394 2742 nonnulla,
2428 2692 2556 2746 qua:
2587 2674 2665 2729 ita
2694 2674 3115 2746 distinguerent
3144 2693 3177 2730 a
3206 2676 3374 2730 bonis
3404 2677 3676 2748 operibus

1976 2763 2346 2819 christianam
2391 2763 2587 2831 ﬁdem,
2619 2767 2686 2817 ut
2714 2762 2835 2818 sine
2861 2764 2966 2817 hac
2998 2779 3115 2818 non
3159 2781 3346 2835 posse,
3393 2766 3514 2819 sine
3565 2765 3679 2820 illis

1976 2857 2168 2909 autem
2196 2869 2360 2925 posse
2389 2852 2678 2923 perveniri
2708 2853 3045 2907 suaderetur
3074 2852 3143 2907 ad
3177 2856 3454 2907 {eternam
3481 2852 3677 2908 vitam.

1975 2942 2190 3007 Quibus
2235 2941 2586 3010 respondens
2615 2940 2826 2995 librum
2858 2940 3077 3011 scripsi,
3136 2941 3300 3011 cujus
3327 2957 3541 2995 nomen
3572 2945 3678 3012 est,

1975 3032 2045 3087 de
2077 3030 2208 3085 Fide
2259 3034 2316 3084 et
2368 3029 2666 3099 Operibus.
2718 3030 2784 3083 In
2835 3045 2949 3100 quo
3009 3028 3292 3099 disputavi
3335 3045 3450 3084 non
3496 3030 3681 3085 solum

1977 3118 2459 3191 quemadmodum
2493 3117 2677 3172 vivere
2695 3117 2941 3172 debeant
2963 3118 3146 3189 gratia
3174 3117 3379 3173 Christi
3403 3120 3421 3155 ί
3448 3112 3681 3190 regene-

1974 3206 2106 3277 rati,
2136 3222 2336 3261 verum
2375 3204 2547 3261 etiam
2577 3205 2774 3276 quales
2805 3206 2877 3260 ad
2915 3206 3203 3260 lavacrum
3233 3207 3683 3278 regenerationis

1978 3294 2225 3351 admitti.
2261 3294 2360 3350 Hic
2389 3294 2535 3349 liber
2562 3293 2641 3348 sic
2670 3293 2871 3366 incipit
2902 3310 2915 3349 :
2943 3294 3277 3361 Quibusdam
3308 3296 3542 3353 videtur.

2588 3401 2814 3455 CAPUT
2843 3402 3063 3458 XXXIX.

2091 3490 2404 3547 Breviculus
2436 3490 2744 3545 Collationis
2772 3507 2893 3546 cum
2921 3494 3241 3560 Donatistis,
3274 3493 3407 3547 libri
3435 3497 3562 3549 tres.

2048 3583 2427 3651 Posteaquam
2455 3579 2603 3634 facta
2624 3583 2707 3634 est
2727 3595 2859 3633 cum
2886 3580 3191 3635 Donatistis
3218 3586 3412 3637 nostra
3431 3581 3678 3651 collatio,

1977 3669 2224 3724 breviter
2280 3668 2718 3722 commemoravi
2774 3684 2904 3740 quae
2959 3674 3119 3739 gesta
3174 3669 3309 3745 sint,
3363 3670 3683 3743 litterisque

1974 3756 2387 3828 comprehendi
2415 3756 2730 3811 secundum
2752 3760 2864 3811 tres
2885 3756 3005 3813 dies
3038 3758 3248 3829 quibus
3280 3775 3410 3814 cum
3433 3759 3515 3814 eis
3544 3776 3681 3814 cou-

1977 3845 2216 3900 tulimus
2247 3861 2260 3899 :
2288 3844 2461 3916 idque
2514 3861 2656 3915 opus
2694 3843 2833 3899 utile
2885 3844 3222 3913 existimavi,
3266 3863 3381 3918 quo
3434 3846 3678 3919 quisque

1977 3931 2380 3999 commonitus,
2413 3932 2501 3986 vel
2529 3932 2670 3986 sciat
2697 3932 2821 3986 sine
2855 3931 3051 3987 labore
3084 3932 3225 4005 quid
3252 3938 3444 3989 actum
3472 3934 3567 4004 sit,
3594 3935 3682 3990 vel

1978 4020 2247 4076 consultis
2279 4019 2552 4088 numeris,
2576 4036 2717 4091 quos
2746 4020 2919 4075 rebus
2948 4020 3188 4092 singulis
3218 4022 3507 4089 annotavi,
3533 4023 3689 4094 legat

1978 4110 2040 4164 in
2092 4109 2309 4164 eisdem
2348 4108 2527 4164 Gestis
2575 4109 2645 4163 ad
2673 4109 2865 4165 locum
2922 4110 3327 4184 quodcumque
3398 4112 3681 4179 voluerit;

1977 4197 2254 4269 quoniam
2313 4196 2554 4267 fatigant
2609 4196 2709 4252 illa
2777 4196 2951 4254 nimia
3010 4198 3332 4271 prolixitate
3388 4199 3682 4255 lectorem.

1979 4286 2159 4357 Hujus
2204 4288 2398 4339 autem
2452 4283 2640 4355 operis
2683 4285 2887 4342 titulus
2943 4272 3067 4352 est;
3115 4287 3443 4344 Breviculus
3495 4288 3683 4344 Colla-

1978 4372 2169 4428 tionis.
2214 4374 2329 4427 Hoc
2360 4389 2504 4443 opus
2557 4373 2637 4428 sic
2681 4372 2884 4449 incipit
2916 4393 2928 4432 :
2960 4377 3102 4432 Cum
3146 4376 3411 4432 catholici
3447 4378 3686 4447 episcopi

1982 4465 2038 4518 et
2059 4463 2239 4532 partis
2262 4464 2478 4518 Donati.

2650 4571 2876 4628 CAPUT
2904 4573 3011 4627 XL.

2120 4660 2244 4713 Post
2269 4658 2615 4715 Collationem
2646 4666 2833 4716 contra
2861 4662 3198 4730 Donatistas,
3226 4661 3364 4717 liber
3380 4677 3538 4719 unus.

2052 4746 2286 4802 Librum
2344 4748 2517 4803 etiam
2579 4749 2782 4812 scripsi
2834 4749 3133 4821 grandem,
3189 4749 3344 4820 satis,
3403 4755 3686 4824 quantum

1978 4834 2263 4903 existimo,
2296 4835 2603 4908 diligenter
2639 4838 2711 4892 ad
2739 4836 2896 4909 ipsos
2940 4837 3283 4908 Donatistas,
3336 4844 3469 4912 post
3518 4842 3687 4897 colla-

1980 4922 2197 4980 tionem
2228 4942 2404 4997 quam
2441 4943 2573 4982 cum
2605 4926 2886 4998 episcopis
2916 4943 3118 4982 eorum
3143 4926 3472 4998 habuimus,
3520 4945 3593 4984 ne
3618 4930 3688 4984 ab

1979 5012 2062 5068 eis
2092 5014 2499 5070 seducerentur
2526 5014 2784 5071 ulterius.
2811 5015 2917 5071 Ubi
2941 5016 3214 5089 respondi
3244 5017 3418 5074 etiam
3447 5017 3684 5090 quibus-

2042 5181 2172 5291 :ulit‘a
2193 5181 2323 5291 glaeie.
2344 5178 2450 5240 hic,
2467 5183 2519 5229 et
2544 5179 2682 5230 infra
2703 5196 2816 5246 cap.
2847 5185 2905 5233 47
2928 5198 2942 5245 ;
2965 5183 3156 5247 quibus
3174 5184 3306 5233 locis
3321 5183 3447 5233 editi
3472 5182 3686 5245 habent,

2012 5255 2158 5294 rana
2193 5255 2307 5292 uei.

1979 5257 2429 5370 grfdﬁleggistud
2447 5318 2643 5356 nomen
2654 5308 2932 5370 quaesitum
2945 5309 3224 5370 diligenter
3233 5308 3287 5370 in
3300 5306 3540 5370 versione
3555 5307 3685 5358 LXX

1978 5380 2244 5438 nusquam
2266 5366 2698 5438 nobisoccurrif;
2721 5371 2811 5419 sed
2832 5372 3022 5438 quibus
3042 5366 3174 5438 locis
3194 5368 3579 5438 vulgatahabet
3591 5382 3689 5438 ca;-

1981 5442 2040 5480 re
2050 5432 2285 5488 manias,
2307 5429 2361 5477 in
2389 5429 2481 5479 illa
2493 5433 2783 5495 reperimus
2799 5429 3122 5491 υιέΑιὸιΑτΑ,
3135 5429 3567 5495 justiﬁcaliones;
3584 5433 3689 5494 vel,

1982 5469 2358 5551 rnosnalﬁ'a,
2384 5469 3465 5558 prace§7&‘7351"}“§6h‘£i§,’aditiali}?
3489 5469 3571 5546 vel
3604 5469 3686 5544 LX:

1982 5566 2185 5615 manu,
2208 5556 2520 5606 servitutem
2538 5556 2568 5619 ;“
2584 5569 2775 5618 nouos,
2800 5564 2896 5608 etc.
