4026 6180
416 273 513 327 647

415 397 548 452 dam
596 393 940 449 vanitatibus
981 409 1204 460 eorum,
1253 409 1381 464 quae
1409 393 1481 447 ad
1514 408 1620 447 nos
1664 393 1963 464 pervenire
2002 409 2114 464 po-

416 488 677 552 tuerunt,
696 499 837 554 quas
859 482 1011 548 victi,
1037 481 1134 536 ubi
1155 486 1420 552 poterant
1445 487 1500 536 et
1518 481 1804 552 quomodo
1825 487 2110 553 poterant,

409 572 781 646 jactitabant:
815 577 1026 642 praeter
1050 571 1156 624 illa
1185 586 1315 641 qua!
1337 569 1451 624 dixi
1473 571 1542 624 de
1567 569 1748 625 Gestis
1777 571 2112 638 collationis,

417 663 570 720 unde
601 661 737 735 quid
771 666 961 716 actum
991 661 1064 715 sit
1081 660 1331 714 breviter
1351 666 1701 714 nosceretur.
1726 661 1899 715 Multo
1923 666 2114 715 autem

417 751 646 808 brevius
674 750 731 804 id
762 749 854 820 egi
883 749 941 803 in
972 749 1216 819 quadam
1246 748 1316 801 ad
1352 747 1583 802 eosdem
1613 765 1808 802 rursus
1853 749 2111 819 epistola.

418 841 524 896 Sed
545 840 681 911 quia
708 839 770 894 in
795 838 1034 892 concilio
1057 837 1337 892 Numidia:
1359 837 1625 892 omnibus
1651 837 1750 908 qui
1781 836 1860 891 ibi
1889 855 2116 892 eramus

415 928 524 982 hoc
568 927 692 981 ﬁeri
735 925 968 997 placuit,
1020 941 1135 979 non
1171 929 1257 979 est
1299 924 1358 978 in
1397 925 1651 996 epistolis
1692 925 1834 980 meis
1880 925 1978 997 (a).
2027 927 2117 981 Sic

417 1015 630 1086 quippe
661 1014 894 1084 incipit:
923 1015 1199 1084 Sylranus
1232 1029 1413 1076 senex,
1467 1015 1806 1082 Valentinus,
1858 1017 2113 1069 Innocen-

417 1105 547 1169 tius,
600 1105 956 1168 Maximinus,
1025 1103 1276 1172 Optatus,
1335 1104 1696 1169 Augustinus,
1756 1107 2018 1169 Donatus,
2067 1108 2117 1157 et

421 1193 598 1246 caeteri
640 1193 880 1260 episc0pi
925 1191 990 1245 de
1029 1193 1250 1246 concilio
1297 1193 1535 1247 Zertensi
1585 1193 1601 1228 ¹
1649 1192 1724 1245 ad
1779 1195 2113 1247 Donatistas.

421 1280 521 1334 llic
574 1279 721 1334 liber
763 1279 841 1334 sic
895 1279 1122 1352 incipit:
1171 1281 1319 1346 Quid
1382 1281 1558 1335 adhuc
1609 1283 1902 1336 Donatistae
1953 1280 2117 1335 sedu-

419 1369 647 1422 cimini?

1057 1439 1284 1495 CAPUT
1322 1438 1454 1492 XLI.

834 1530 908 1582 De
935 1525 1180 1580 Videndo
1212 1530 1336 1588 Deo,
1368 1527 1504 1580 liber
1532 1541 1694 1581 unus.

495 1615 572 1668 De
630 1613 882 1669 Videndo
941 1615 1055 1668 Deo
1103 1615 1302 1685 scripsi
1346 1615 1554 1668 librum
1600 1617 1801 1684 (Epist.
1878 1618 1995 1683 147,
2046 1616 2120 1669 ad

421 1704 750 1770 Paulinam),
804 1702 904 1756 ubi
961 1703 1030 1756 de
1085 1702 1367 1773 spirituali
1409 1718 1647 1773 corpore
1693 1704 1843 1773 quod
1897 1704 2004 1758 erit
2058 1704 2118 1758 in

419 1791 838 1846 resurrectione
869 1795 1192 1844 sanctorum
1221 1790 1652 1862 inquisitionem
1685 1792 2116 1862 diligentiorem

421 1878 636 1945 distuli,
667 1884 863 1933 utrum
910 1879 998 1932 vel
1029 1879 1316 1950 quomodo
1362 1879 1530 1941 Deus,
1573 1877 1672 1949 qui
1729 1878 1961 1949 spiritus
2009 1884 2114 1944 est,

420 1967 595 2022 etiam
625 1983 725 2056 per
753 1983 960 2038 corpus
987 1968 1098 2021 tale
1124 1967 1411 2035 videatur;
1445 1968 1542 2022 sed
1574 1983 1701 2022 eam
1741 1973 1941 2038 postea
1960 1985 2119 2041 quae-

418 2055 662 2111 stionem
693 2072 827 2110 sane
854 2055 1248 2111 difﬁcillimam
1283 2055 1338 2109 in
1375 2055 1706 2123 novissimo,
1732 2056 1788 2111 id
1821 2061 1906 2112 est
1933 2057 1993 2111 in
2034 2057 2117 2111 vi-

418 2143 637 2216 gesimo
667 2148 724 2199 et
767 2144 1015 2198 secundo
1047 2143 1190 2197 libro
1223 2143 1290 2198 de
1337 2143 1572 2198 Civitate
1624 2143 1719 2198 Dei
1755 2145 1900 2214 (Cap.
1938 2148 2029 2214 29,
2059 2161 2115 2198 η.

424 2237 472 2300 1,
512 2232 678 2303 sqq.),
729 2231 889 2300 satis,
936 2237 1220 2302 quantum
1265 2231 1528 2298 arbitror,
1589 2233 1883 2304 explicavi.
1917 2233 2117 2286 Inveni

418 2317 591 2374 etiam
634 2319 694 2374 in
741 2320 989 2390 quodam
1021 2325 1212 2374 nostro
1242 2320 1453 2386 codice,
1508 2321 1565 2374 in
1598 2337 1712 2392 quo
1744 2325 1803 2375 et
1832 2321 1934 2376 iste
1970 2321 2120 2375 liber

416 2413 520 2475 est,
553 2409 844 2480 quoddam
874 2407 1374 2463 commonitorium
1404 2427 1434 2462 a
1467 2426 1558 2464 me
1594 2409 1805 2464 factum
1831 2410 1900 2466 de
1930 2411 2036 2465 hac
2056 2427 2117 2464 re

416 2496 488 2550 ad
527 2496 858 2569 episcopum
922 2496 1242 2552 Siccensem
1292 2497 1807 2565 Fortunatianum;
1856 2499 2009 2569 quod
2057 2499 2115 2552 in

416 2576 822 2656 opusculorum
865 2600 1128 2640 meorum
1167 2585 1420 2640 indiculo
1449 2601 1552 2640 nec
1586 2586 1736 2641 inter
1774 2587 1968 2653 libros,
2017 2602 2119 2640 nec

415 2672 568 2728 inter
595 2673 864 2744 epistolas
889 2677 973 2728 est
1004 2677 1264 2728 notatum
1297 2675 1384 2744 (b).
1417 2675 1515 2730 Hic
1553 2674 1696 2729 liber
1736 2675 1816 2729 sic
1846 2674 2068 2746 incipit.
2101 2692 2114 2730 :

414 2763 616 2817 Memor
639 2761 810 2817 debiti
829 2762 991 2834 .lllud
1021 2766 1245 2817 autem:
1280 2763 1432 2819 Sicut
1456 2779 1693 2834 praesens
1730 2767 1942 2832 rogavi.

1043 2852 1270 2906 CAPUT
1321 2853 1478 2907 XLII.

767 2943 844 2996 De
874 2942 1085 2997 Natura
1114 2945 1165 2995 et
1196 2941 1391 2997 Gratia
1420 2942 1555 2996 liber
1579 2958 1738 2998 unus.

485 3027 648 3082 Venit
677 3027 847 3082 etiam
893 3031 1028 3083 tunc
1058 3028 1118 3082 in
1165 3045 1370 3085 manus
1425 3046 1582 3085 meas
1631 3031 1864 3103 quidam
1908 3030 2121 3104 Pelagii

417 3115 584 3181 liber,
617 3113 716 3169 ubi
755 3114 1005 3169 hominis
1036 3120 1298 3171 naturam
1340 3123 1538 3173 contra
1592 3118 1694 3173 Dei
1737 3121 1978 3190 gratiam
2009 3137 2121 3192 qua

412 3203 760 3272 justiﬁcatur
786 3201 1016 3272 impius,
1050 3208 1108 3257 et
1149 3221 1263 3274 qua
1290 3205 1583 3260 christiani
1640 3224 1857 3274 sumus,
1909 3214 2119 3279 quanta

417 3289 606 3363 potuit
624 3290 1120 3362 argumentatione
1143 3290 1417 3347 defendit.
1449 3292 1680 3348 Librum
1705 3311 1838 3364 ergo
1854 3312 1967 3367 quo
1988 3296 2120 3350 huic

414 3379 678 3450 respondi
757 3378 1088 3445 defendens,
1126 3379 1368 3450 gratiam
1424 3397 1542 3435 non
1584 3386 1782 3436 contra
1833 3389 2120 3453 naturam,

415 3467 508 3522 sed
537 3483 641 3539 per
697 3484 870 3540 quam
907 3471 1108 3522 natura
1139 3467 1414 3524 liberatur
1451 3474 1509 3524 et
1539 3469 1778 3542 regitur,
1808 3471 1876 3526 de
1909 3473 2120 3527 Natura

413 3560 471 3610 et
501 3556 691 3611 Gratia
710 3556 1061 3627 nuncupavi.
1092 3557 1154 3610 In
1180 3573 1292 3629 quo
1324 3559 1497 3614 verba
1524 3559 1786 3631 quaedam
1819 3575 1948 3632 quae
1968 3561 2122 3616 velut

411 3644 567 3716 Xysti
620 3644 865 3701 Romani
896 3645 1149 3718 episcopi
1179 3651 1236 3700 et
1290 3647 1561 3720 martyris
1618 3648 1882 3720 Pelagius
1911 3649 2120 3720 posuit,

409 3733 490 3788 ita
518 3732 744 3788 defendi
772 3739 1050 3805 tanquam
1098 3751 1294 3789 revera
1319 3737 1574 3808 ejusdem
1605 3737 1758 3808 Xysti
1808 3743 2032 3806 essent;
2063 3738 2116 3792 id

415 3821 570 3876 enim
597 3826 932 3893 putaveram
967 3823 1109 3877 :sed
1162 3829 1360 3894 postea
1422 3825 1535 3896 legi
1577 3825 1729 3880 Sexti
1791 3826 2117 3897 philosophi

410 3926 554 3980 esse,
585 3927 701 3966 non
731 3911 883 3983 Xysti
913 3911 1209 3966 christiani
1242 3913 1326 3984 (ο).

414 4001 639 4056 Librum
671 4015 824 4070 quem
854 4003 1101 4056 misistis.

1036 4089 1262 4144 CAPUT
1307 4091 1492 4145 XLIII.

765 4179 837 4234 De
860 4179 1090 4236 Civitate
1118 4181 1230 4246 Dei,
1259 4179 1389 4234 libri
1406 4181 1610 4249 viginti
1633 4179 1759 4236 duo.

480 4271 528 4323 l.
562 4268 786 4323 Interea
825 4267 1004 4322 Roma
1043 4267 1358 4322 Gothorum
1415 4267 1758 4340 irruptione,
1811 4269 2112 4340 agentium

408 4355 514 4412 sub
545 4372 679 4428 rege
709 4355 952 4424 Alarico,
983 4359 1154 4428 atque
1185 4357 1407 4428 impetu
1437 4373 1662 4430 magnae
1706 4359 1880 4414 cladis
1923 4376 2118 4415 eversa

473 4463 489 4495 ¹
505 4459 625 4522 Lov.
636 4459 900 4519 ,Cirtensi.
920 4459 1172 4509 Nonnulli
1186 4475 1309 4510 vero
1323 4461 2112 4522 Mss..Zersensi.aut,1‘eriensi.

411 4521 728 4586 Dorlleianus
743 4523 838 4570 Ms.
861 4527 918 4586 et
940 4522 1376 4586 CollegLMerton,
1400 4525 1522 4573 Mss.
1545 4525 1671 4580 duo,
1697 4521 1942 4575 Zirtensr’.
1969 4527 2114 4577 Alius

409 4582 823 4647 Bodl.,_Hetensi.
843 4585 908 4633 At
927 4584 1040 4633 Am.
1063 4582 1114 4634 et
1130 4585 1212 4633 Er.
1237 4599 1354 4634 cum
1376 4587 1498 4634 Mss.
1513 4586 1762 4635 tredecim
1783 4587 1974 4647 ferunt,
1988 4592 2115 4641 Zer-

411 4647 570 4695 temi.
587 4643 730 4716 Hanc
743 4645 1022 4716 lectionem
1042 4647 1358 4697 conﬁrmant
1375 4649 1497 4697 Mss.
1516 4648 1710 4711 quibus
1727 4649 1859 4698 liber
1875 4643 1971 4701 iste
1987 4652 2113 4703 inte-

414 4719 508 4770 ger
535 4710 854 4757 continetur.
1534 4710 1547 4711 ί

473 4767 841 4842 ςᾳλξῐιιειχεᾳε
876 4775 1132 4842 ιξ-ιιιξαηεει
1161 4772 1344 4842 ordine
1375 4775 1490 4842 l~tl_._
1590 4837 1601 4842 Α
1624 4795 1680 4842 ηθ

497 4829 545 4901 ὁ.)
563 4829 713 4901 ζίωξο
737 4829 1074 4901 in_ter:_Epistt_.
1093 4835 1351 4901 reperitur
1378 4835 1692 4901 ordinatis,
1714 4838 1973 4901 tom.2,p.
1999 4841 2110 4890 739.

1391 3914 1489 3968 llic
1541 3913 1687 3968 liber
1743 3914 1823 3969 sic
1873 3914 2114 3988 incipit:

490 4890 546 4962 c)_
563 4890 735 4962 Yerba
752 4891 840 4941 illa
862 4890 1002 4962 Sexti
1023 4890 1321 4962 philosophi
1341 4909 1454 4962 esse
1479 4896 1606 4960 legit
1629 4890 1769 4962 forte
1785 4890 2112 4962 Augustinus

410 4952 550 5017 apud
566 4952 775 5002 Hieron.
795 4954 884 5018 qui
907 4952 1066 5017 Epist.
1090 4957 1154 5004 ad
1173 4952 1584 5021 Ctesiphontem,
1613 4965 1666 5008 et
1685 4960 1738 5009 in
1750 4952 1940 5011 ὅθι-ἐῶ.
1967 4977 2012 5012 c.
2031 4966 2110 5021 22,

409 5020 461 5066 et
481 5016 535 5065 in
551 5014 734 5064 l‘lzech.
755 5029 800 5065 c.
834 5019 911 5075 18,
943 5018 1133 5066 erroris
1165 5033 1378 5068 causam
1406 5021 1460 5070 in
1492 5021 1740 5071 Ruﬁnum
1773 5023 1947 5074 refert.
1979 5025 2111 5075 Eum

573 5045 734 5064 atcvu.
755 5045 800 5065 υ.
837 5045 911 5076 ιο,
943 5045 1133 5066 casune
1165 5045 1378 5068 causam
1406 5045 1460 5070 lu
1492 5045 1740 5071 nuuuum
1774 5045 1947 5074 Γειεη.

407 5079 553 5144 enim
575 5091 695 5144 cum
714 5078 1201 5144 Sextisententiase
1222 5095 1393 5144 graeco
1418 5084 1468 5131 in
1496 5082 1717 5132 latinum
1732 5086 1990 5144 vertisset,
2013 5089 2111 5137 sub

410 5095 548 5128 enim
575 5095 695 5127 cum
714 5095 855 5127 nexu
877 5095 1201 5129 sententiase
1257 5095 1393 5131 rmco
1418 5098 1468 5131 in
1496 5095 1717 5132 latinum
1732 5095 1990 5144 vertisset,
2013 5095 2111 5137 sub

410 5140 1144 5218 nomineShIKysti‘niartyris
1159 5095 1740 5218 urgisRomaeepiscopi
1763 5148 2111 5218 edidissecri-

407 5204 659 5270 minatur.
681 5202 813 5252 Hinc
829 5215 986 5266 porro
1009 5202 1435 5270 lectitaripassim
1451 5221 1479 5270 a
1500 5202 1744 5270 piisvir‘is
1764 5210 1877 5258 etin
1894 5212 2110 5261 modum

404 5265 618 5324 annuli,
641 5278 797 5330 quem
827 5265 1008 5314 earum
1039 5265 1336 5330 collectibni
1355 5265 1565 5317 titulu'm
1589 5269 1782 5320 fecerat
1801 5272 2032 5330 Ruﬁnus,
2054 5275 2110 5323 in

405 5340 578 5398 manu
591 5327 783 5398 gestari
807 5340 1033 5398 semper.
1059 5327 1645 5398 adeoquenfamiliariter
1668 5333 1846 5398 haberi
1867 5327 2108 5398 contigit,

406 5392 466 5437 ut
490 5389 614 5460 inde
632 5389 964 5460 sententiam.
987 5391 1039 5460 _S.
1059 5389 1113 5438 P.
1139 5389 1517 5460 genedictusin
1538 5394 1733 5460 regula}
1751 5410 1860 5460 sua:
1881 5389 2106 5460 capité‘ll

405 5451 748 5522 protuleritin
770 5453 884 5522 haec
897 5451 1057 5501 verba
1073 5466 1085 5502 :
1099 5467 1127 5498 ‹‹
1148 5451 1294 5502 Sicut
1305 5453 1558 5516 scriptum
1580 5451 1675 5518 e'st,
1702 5457 1922 5522 Sapiens
1937 5451 2109 5510 verbis

403 5514 689 5563 innotescit
710 5515 907 5577 paucis.
930 5532 956 5557 η

1557 270 2089 326 ΒΕἸῊΑΕΤΛΤΙΟΒ

2277 272 2330 326 S.
2387 271 2790 328 AUGL'S'I'INI.
3736 292 3811 344 643

2223 398 2336 462 est;
2369 395 2532 465 cujus
2561 394 2916 449 eversionem
2941 394 3177 450 deorum
3198 394 3450 454 falsorum
3473 404 3816 480 multorumque

2223 484 2489 550 cultores,
2540 500 2684 554 quos
2710 483 2919 537 usitato
2965 484 3198 538 nomine
3247 486 3476 557 Paganos
3510 507 3748 564 vocamus,
3775 499 3820 554 in

2226 571 2598 626 christianum
2629 572 2969 643 religionem
3013 573 3224 627 referre
3253 582 3514 644 conantes,
3543 581 3682 636 solito
3707 601 3822 640 acer-

2222 659 2352 715 bius
2381 665 2438 715 et
2469 660 2720 715 amarius
2751 663 2929 716 Deum
2962 678 3159 717 verum
3191 663 3548 735 blasphemare
3574 682 3822 743 ceperunt.

2227 747 2388 802 Unde
2445 765 2552 818 ego
2612 750 2980 805 exardescens
3036 751 3160 805 zelo
3218 752 3408 807 domus
3458 756 3563 822 Dei,
3619 760 3827 819 adversus

2224 849 2426 888 eorum
2456 835 2842 906 blasphemias
2870 837 2956 889 vel
2995 853 3216 891 errores
3245 837 3408 893 libros
3441 840 3502 895 de
3538 842 3732 899 Civitate
3758 848 3828 903 Dei

2226 921 2486 978 scribere'
2503 922 2748 978 institui.
2782 924 2944 988 Quod
2973 941 3116 995 Opus
3142 942 3246 995 per
3271 926 3471 998 aliquot
3497 945 3653 985 annos
3676 950 3750 987 me
3773 940 3830 989 te-

2226 1011 2366 1076 nuit,
2396 1027 2463 1065 eo
2488 1012 2641 1083 quod
2670 1012 2780 1066 alia
2821 1013 3001 1067 multa
3041 1013 3496 1085 iutercurrebant,
3526 1034 3637 1088 qua:
3661 1020 3830 1076 differre

2227 1115 2342 1153 non
2374 1105 2685 1170 oporteret,
2715 1105 2771 1154 et
2799 1117 2891 1155 me
2915 1101 3075 1172 prius
3095 1102 3167 1156 ad
3196 1103 3507 1158 solvendum
3535 1108 3827 1177 occupabant.

2228 1189 2343 1243 Hoc
2373 1195 2566 1243 autem
2597 1191 2666 1245 de
2699 1191 2930 1245 Civitate
2964 1190 3064 1245 Dei
3091 1191 3302 1262 grande
3332 1209 3463 1263 opus
3491 1195 3689 1250 tandem
3707 1198 3831 1268 vigin-

2226 1277 2268 1330 ti
2290 1277 2512 1332 duobus
2549 1277 2708 1332 libris
2739 1284 2825 1333 cst
2850 1279 3241 1334 terminatum.
3263 1281 3500 1344 Quorum
3521 1284 3736 1354 quinque
3751 1288 3830 1356 pri-

2231 1363 2309 1418 mi
2341 1381 2438 1418 eos
2477 1365 2767 1428 refellunt,
2805 1366 2905 1437 qui
2944 1383 3034 1421 res
3067 1367 3344 1421 humanas
3371 1367 3444 1422 ita
3473 1372 3744 1441 prosperari
3768 1389 3831 1427 ro-

2228 1453 2372 1519 lunt,
2401 1458 2463 1507 ut
2491 1454 2562 1508 ad
2586 1454 2695 1508 hoc
2720 1456 3033 1509 multorum
3067 1456 3303 1510 deorum
3334 1456 3533 1511 cultum
3558 1474 3680 1529 quos
3706 1461 3829 1531 Paga-

2228 1542 2287 1596 ni
2319 1544 2505 1597 colere
2537 1548 2975 1609 consueverunt,
3006 1544 3386 1599 necessarium
3407 1562 3520 1601 esse
3537 1547 3833 1615 arbitrentur;

2227 1634 2284 1684 et
2313 1630 2446 1701 quia
2478 1631 2831 1702 prohibetur,
2870 1634 3019 1687 mala
3059 1633 3166 1688 ista
3194 1633 3399 1688 exoriri
3429 1639 3583 1705 atque
3617 1635 3834 1691 abundare

2227 1718 2605 1774 contendunt.
2651 1720 2960 1791 Sequentes
3008 1726 3196 1775 autem
3239 1722 3484 1792 quinque
3519 1722 3745 1777 adversus
3772 1741 3834 1778 eos

2228 1805 2564 1878 loquuntur,
2579 1809 2677 1878 qui
2695 1807 2946 1863 fatentur
2959 1809 3081 1864 haec
3102 1811 3253 1863 mala
3266 1826 3366 1865 nec
3388 1809 3610 1864 defuisse
3630 1828 3832 1882 unquam,

2231 1912 2336 1949 nec
2366 1895 2632 1950 defutura
2653 1897 3010 1966 mortalibus,
3036 1903 3092 1952 et
3118 1915 3184 1952 ea
3212 1915 3361 1953 nunc
3380 1915 3592 1970 magna,
3609 1916 3732 1954 nunc
3747 1917 3834 1971 par-

2227 2001 2314 2049 va,
2348 1985 2502 2052 locis,
2555 1985 2930 2055 temporibus,
2977 1987 3349 2059 personisque
3396 1987 3618 2042 variari:
3645 1989 3724 2042 sed
3745 1989 3834 2042 deo-

2227 2089 2354 2127 rum
2377 2073 2693 2128 multorum
2737 2075 2977 2136 cultum,
3016 2092 3128 2147 quo
3173 2076 3257 2132 eis
3294 2077 3634 2139 sacriﬁcatur,
3673 2082 3836 2148 propter

2227 2161 2404 2216 vitam
2445 2168 2576 2233 post
2615 2167 2863 2218 mortem
2908 2163 3162 2219 futuram
3211 2182 3332 2220 esse
3371 2166 3559 2221 utilem
3599 2165 3833 2236 disputant.

2229 2250 2324 2305 His
2351 2267 2486 2322 ergo
2518 2251 2714 2306 decem
2745 2252 2904 2306 libris
2935 2253 3064 2308 duas
3094 2253 3217 2308 istas
3251 2270 3408 2309 vana:
3439 2253 3709 2326 opiniones
3736 2252 3836 2307 chri-

2221 2341 2422 2394 stiana:
2448 2339 2715 2411 religioni
2743 2341 3079 2396 adversaria!
3109 2343 3467 2399 refelluntur.

2297 2429 2349 2482 2.
2392 2427 2500 2483 Sed
2530 2444 2601 2482 ne
2624 2429 2927 2501 quisquam
2950 2447 3054 2484 nos
3083 2431 3273 2486 aliena
3302 2437 3518 2487 tantum
3545 2429 3836 2501 redarguisse,

2229 2530 2345 2570 non
2365 2521 2558 2570 autem
2578 2521 2769 2571 nostra
2781 2518 3086 2573 asseruisse
3100 2521 3564 2591 reprehenderet;
3583 2520 3631 2574 id
3645 2519 3740 2590 agit
3752 2531 3838 2588 pars

2229 2605 2406 2659 altera
2437 2605 2629 2676 operis
2667 2605 2860 2677 hujus,
2887 2624 3015 2678 quas
3052 2607 3212 2663 libris
3251 2609 3544 2664 duodecim
3575 2608 3836 2662 continetur.

2228 2691 2569 2764 Quanquam
2599 2693 2699 2748 ubi
2735 2711 2878 2765 opus
2925 2701 3030 2763 est,
3062 2701 3116 2750 et
3158 2696 3221 2751 in
3254 2698 3530 2769 prioribus
3569 2697 3732 2752 decem
3755 2708 3840 2764 qua

2228 2786 2424 2836 nostra
2463 2787 2597 2837 sunt
2633 2798 2975 2853 asseramus,
3007 2789 3062 2838 et
3091 2784 3150 2839 in
3181 2786 3484 2841 duodecim
3516 2782 3840 2857 posterioribus

2228 2869 2642 2941 redarguamus
2692 2871 2951 2926 adversa.
3010 2873 3326 2929 Duodecim
3357 2889 3488 2946 ergo
3525 2873 3761 2928 librorum
3786 2885 3842 2921 se-

2228 2958 2531 3029 quentium
2561 2959 2736 3030 primi
2768 2965 3019 3032 quatuor
3053 2963 3357 3018 continent
3401 2972 3645 3018 exortum
3667 2960 3840 3015 duarum

2230 3047 2544 3114 civitatum,
2577 3064 2820 3120 quarum
2861 3055 2947 3104 est
2977 3067 3088 3104 una
3117 3051 3243 3118 Dei,
3287 3053 3464 3107 altera
3493 3051 3648 3122 hujus
3684 3046 3839 3103 mundi.

2229 3135 2472 3192 Secundi
2511 3141 2777 3208 quatuor,
2815 3153 3118 3194 excursum
3163 3157 3367 3196 earum
3405 3141 3515 3195 sive
3554 3152 3837 3211 procursum.

2229 3225 2406 3280 Tertii
2434 3241 2588 3293 vero,
2619 3226 2718 3298 qui
2748 3231 2806 3281 et
2842 3228 3369 3298 postremi,debitos
3411 3229 3565 3284 ﬁnes.
3607 3228 3680 3282 lta
3706 3238 3843 3280 omnes

2229 3313 2432 3384 viginti
2463 3319 2518 3368 et
2547 3315 2659 3368 duo
2689 3315 2823 3370 libri
2849 3331 2981 3370 cum
3005 3316 3118 3371 sint
3162 3317 3238 3372 de
3280 3322 3515 3389 utraque
3542 3315 3731 3370 civitate
3752 3326 3841 3365 con-

2229 3401 2445 3472 scripti,
2475 3400 2704 3457 titulum
2734 3407 2927 3458 tamen
2958 3421 2991 3458 a
3011 3405 3252 3462 meliore
3275 3409 3620 3477 acceperunt,
3638 3406 3691 3457 ut
3715 3401 3768 3456 de
3785 3397 3842 3453 Ci-

2227 3489 2400 3544 vitate
2432 3489 2532 3544 Dei
2552 3490 2743 3560 potius
2772 3497 3124 3548 vocarentur.
3160 3495 3230 3548 In
3262 3510 3506 3566 quorum
3533 3491 3724 3547 decimo
3745 3488 3841 3541 libro

2228 3593 2347 3632 non
2365 3577 2559 3632 debuit
2578 3594 2680 3649 pro
2695 3579 2968 3635 miraculo
2986 3581 3126 3652 poni
3140 3581 3201 3636 in
3213 3583 3456 3638 Abrahae
3469 3579 3728 3642 sacriﬁcio,
3738 3575 3842 3630 ﬂun-

2229 3682 2383 3721 mam
2423 3667 2642 3722 caelitus
2677 3667 2883 3722 factam
2914 3669 3065 3724 inter
3102 3670 3316 3726 divisas
3345 3669 3590 3726 victimas
3611 3664 3843 3722 cucurrisse

2228 3756 2382 3826 (Cap.
2415 3758 2508 3826 8);
2541 3756 2817 3827 quoniam
2837 3757 2942 3812 hoc
2970 3757 3057 3813 illi
3084 3759 3144 3813 in
3176 3759 3396 3814 visione
3426 3760 3758 3814 monstratum
3775 3753 3840 3805 est.

2226 3843 2291 3898 In
2321 3845 2562 3915 septimo
2584 3845 2805 3901 decimo
2827 3847 2996 3915 libro,
3019 3848 3175 3920 quod
3196 3849 3420 3906 dictum
3445 3854 3523 3904 est
3547 3848 3609 3903 de
3636 3841 3843 3902 Samuele.

2225 3933 2346 3989 Non
2385 3937 2501 3986 erat
2537 3933 2603 3987 de
2629 3935 2761 4003 ﬁliis
2797 3935 2986 3990 Aaron
3017 3937 3166 4006 (Cap.
3200 3942 3258 4006 ὅ,
3286 3955 3344 3994 n.
3385 3939 3467 4006 2);
3495 3933 3756 3992 dicendum
3777 3942 3843 3999 pq-

2225 4018 2339 4074 tius
2368 4019 2496 4088 fuit,
2541 4022 2668 4076 Non
2698 4028 2819 4077 erat
2842 4023 2994 4078 ﬁlius
3019 4026 3354 4082 sacerdotis.
3393 4025 3558 4082 Filios
3587 4022 3763 4096 quippe
3793 4032 3846 4068 51'

2225 4108 2518 4164 cerdotum
2549 4110 2826 4166 defunctis
2847 4114 3241 4171 sacerdotibus
3268 4115 3563 4171 succedere
3588 4110 3739 4182 magis
3750 4104 3844 4175 legi-

2226 4197 2352 4252 timi
2382 4197 2560 4252 moris
2589 4198 2732 4254 fuit:
2772 4217 2908 4255 nam
2942 4201 3006 4256 in
3039 4201 3176 4257 ﬁliis
3221 4207 3417 4260 Aaron
3455 4201 3710 4274 reperitur
3736 4197 3847 4266 Ρδίθτ

2224 4285 2508 4341 Samuelis
2537 4286 2608 4356 (a)
2626 4304 2639 4353 ;
2659 4288 2758 4343 sed
2789 4290 3047 4345 sacerdos
3074 4308 3191 4347 non
3225 4293 3357 4358 fuit,
3387 4309 3489 4348 nec
3517 4293 3591 4346 ita
3614 4289 3668 4343 in
3690 4283 3793 4341 ﬁliis
3806 4280 3846 4331 ut

2223 4390 2356 4428 eum
2379 4374 2502 4445 ipse
2528 4376 2790 4446 genuerit
2809 4381 3018 4442 Aaron,
3047 4381 3148 4436 sed
3170 4383 3320 4438 sicut
3339 4398 3534 4438 omnes
3551 4379 3687 4436 illius
3705 4365 3847 4447 poplili

2224 4462 2497 4518 dicuntur
2517 4464 2622 4519 ﬁlii
2651 4466 2842 4522 Israel.
2886 4469 3002 4523 Hoc
3027 4486 3172 4542 opus
3205 4471 3289 4527 sic
3323 4471 3560 4544 incipit:
3589 4459 3846 4526 GW'

2222 4568 2367 4608 mam
2395 4555 2670 4610 civitatem
2692 4557 2805 4611 Dei.

2858 4643 3082 4701 CAPUT
3117 4647 3300 4702 XLIV.

2221 4727 2315 4783 Ad
2345 4729 2616 4799 Orosium,
2646 4735 2834 4788 contra
2863 4734 3318 4792 Priscillianistas
3346 4741 3397 4792 et
3416 4733 3736 4822 Origenistas,
3756 4721 3848 4779 ὅθεν

2993 4838 3154 4881 unus.

2292 4906 2448 4961 Inter
2473 4907 2597 4962 haec
2625 4907 2811 4964 Orosii
2843 4908 3139 4982 cujusdam
3167 4913 3407 4986 Hispani
3450 4905 3732 4986 presbyteri
3754 4913 3846 4956 con-

2219 4995 2517 5050 sultationi
2543 4996 2611 5052 de
2641 4998 3102 5068 Priscillianistis,
3127 5007 3183 5058 et
3208 5003 3280 5058 de
3307 5001 3638 5076 quibusdam
3654 4986 3848 5079 Οτὶεειιίξ

2218 5082 2475 5138 sensibus
2505 5101 2646 5156 quos
2675 5087 2950 5144 catholica
2988 5088 3130 5145 ﬁdes
3158 5091 3470 5163 improbat,
3509 5090 3698 5161 quanta
3732 5081 3846 5169 P0“?

2217 5171 2494 5227 brevitate
2533 5190 2596 5228 ac
2637 5176 3042 5248 perspicuitate
3088 5181 3409 5251 respondi:
3459 5180 3611 5248 cujus
3652 5163 3847 5257 οριιδςιξίί

2219 5259 2416 5316 titulus
2447 5266 2532 5317 est
2564 5263 2634 5318 ad
2665 5263 2951 5335 Orosium,
2994 5273 3193 5324 contra
3232 5267 3666 5324 Priscillianistas
3690 5263 3735 5313 et
3756 5253 3844 5308 ou-

2282 5401 2354 5471 (a)
2378 5403 2489 5471 lino
2512 5403 2725 5471 samuel
2742 5408 2795 5456 in
2816 5407 2937 5458 ﬁliis
2957 5409 3084 5460 Core
3107 5411 3287 5460 remuli
3308 5411 3481 5461 Aaron
3501 5399 3758 5471 reperitur!
3781 5395 3845 5471 ξ’

2219 5455 2370 5528 niui.
2387 5468 2435 5534 gr.
2459 5467 2650 5534 Incidit
2664 5455 2801 5534 erg;
2817 5455 3698 5534 ἷῆἓίῐῖὀὲιιῖιι-οᾘέιὶὀέἱιὶῖιᾘι⁸δεηε
3718 5461 3768 5511 ιδ
3781 5455 3845 5503 alr

2218 5527 2331 5591 quo
2355 5527 2457 5579 alio
2491 5527 2873 5595 deceptusvl‘uit
2906 5532 2958 5584 S.
2988 5534 3336 5598 Augustinus.
