4028 6174
141 276 248 324 (H9

139 395 420 466 genistas.
461 396 526 450 Et
555 394 680 466 ipsa
708 393 862 449 enim
890 395 1227 450 consultatio
1256 397 1617 468 responsioni
1646 415 1789 453 meae
1814 418 1844 454 a

141 484 326 555 capite
357 484 628 554 adjuncta
657 490 758 538 est.
793 485 893 538 Hic
933 485 1078 538 liber
1117 485 1196 538 sic
1233 484 1432 558 incipit
1464 503 1476 541 :
1511 490 1846 558 Respondcre

145 574 250 628 tibi
279 577 564 642 quaerenti,
597 573 943 628 dilectissime
969 575 1052 642 ﬁli
1083 574 1257 629 Orosi.

785 697 1010 752 CAPUT
1049 698 1200 752 XLV.

785 698 916 751 CAP
971 698 1010 750 T
1075 700 1086 708 '
1139 699 1200 752 V.

139 788 236 840 Ad
260 789 649 854 Hieronymum
672 698 1207 854 presbytegumﬁibri
1243 785 1378 852 duo;
1409 802 1548 841 unus
1577 787 1643 840 de
1669 788 1848 854 Origi-

390 890 458 929 ne
483 876 714 940 Anim,
747 879 797 928 et
826 873 968 929 alius
999 874 1064 928 de
1091 875 1369 931 Sententia
1390 876 1595 930 Jacobi.

205 981 424 1052 Scripsi
480 980 651 1036 etiam
710 979 852 1034 duos
906 979 1082 1034 libros
1139 979 1334 1050 (Epist.
1400 984 1527 1044 166,
1593 982 1718 1052 167)
1774 983 1846 1037 ad

132 1071 555 1141 Hieronymum
588 1069 981 1140 presbyterum
1012 1068 1306 1123 sedentem
1350 1068 1412 1123 in
1462 1070 1792 1124 Bethlehem
1829 1087 1843 1126 :

132 1175 320 1213 unum
341 1159 412 1213 de
435 1157 668 1228 Origine
698 1157 920 1211 Animae
946 1157 1196 1211 hominis
1224 1174 1236 1212 :
1260 1158 1504 1212 alterum
1526 1159 1594 1212 de
1615 1160 1846 1214 Senten-

129 1249 216 1302 tia
245 1246 446 1302 Jacobi
479 1245 738 1318 apostoli,
764 1246 860 1300 ubi
888 1245 987 1314 ait,
1012 1245 1348 1316 Quicumque
1371 1253 1537 1302 totam
1559 1250 1723 1316 legem
1743 1263 1848 1302 ser-

123 1339 368 1402 vaverit,
411 1336 650 1404 offendat
681 1339 860 1389 autem
888 1337 948 1388 in
977 1351 1101 1401 uno,
1134 1337 1314 1402 factus
1344 1341 1421 1390 est
1449 1338 1686 1390 omnium
1721 1351 1843 1389 reus

124 1425 342 1494 (Jacobi
386 1441 444 1487 ιι,
501 1424 625 1494 10);
672 1423 740 1477 de
792 1427 1034 1494 utroque
1081 1423 1383 1477 consulens
1427 1440 1578 1478 eum.
1627 1424 1736 1478 Sed
1781 1424 1843 1477 in

123 1514 232 1568 illo
261 1512 459 1584 priore
485 1511 863 1583 qumstionem
895 1527 1068 1582 quam
1087 1511 1366 1582 proposui
1385 1512 1506 1583 ipse
1530 1529 1646 1566 non
1671 1512 1838 1579 solvi;

123 1603 192 1656 in
224 1601 545 1674 posteriore
570 1605 763 1655 autem
793 1599 932 1672 quid
964 1600 1192 1654 mibide
1210 1601 1307 1654 illa
1335 1602 1605 1656 solvenda
1629 1601 1842 1656 videre-

118 1695 226 1744 tur
251 1691 376 1760 ipse
407 1705 524 1743 non
553 1688 702 1742 tacui
731 1704 744 1742 :
778 1687 875 1742 sed
905 1692 1099 1742 utrum
1128 1689 1237 1742 hoc
1269 1689 1612 1760 approbaret
1661 1689 1836 1744 etiam

122 1779 248 1839 ille.
284 1777 565 1831 consului.
600 1775 909 1847 Rescripsit
939 1781 1130 1831 autem
1161 1778 1401 1832 laudans
1426 1778 1684 1832 eamdem
1706 1795 1839 1832 con-

121 1865 507 1921 sultationem
555 1880 784 1933 meam;
837 1865 946 1919 sibi
1000 1869 1193 1919 tamen
1250 1866 1320 1920 ad
1373 1867 1840 1936 respondendum

123 1955 323 2010 otium
353 1971 468 2008 non
498 1969 617 2007 esse
656 1951 969 2023 respondit.
1023 1954 1137 2023 Ego
1183 1969 1316 2008 vero
1362 1970 1656 2024 quousque
1697 1959 1843 2009 esset

122 2044 193 2097 in
225 2059 482 2114 corpore,
513 2042 614 2096 hos
637 2041 812 2096 libros
833 2041 1000 2096 edere
1033 2042 1214 2108 nolui,
1253 2058 1324 2096 ne
1355 2043 1502 2097 forte
1531 2044 1836 2114 responde-

121 2135 223 2186 ret
255 2129 588 2201 aliquando,
635 2134 691 2183 et
721 2145 853 2183 cum
897 2129 1022 2199 ipsa
1065 2129 1434 2199 responsione
1482 2130 1606 2200 ejus
1656 2131 1840 2201 potius

123 2220 468 2274 ederentur.
503 2218 605 2272 lllo
637 2223 828 2272 autem
859 2218 1126 2272 defuncto
1156 2218 1225 2272 ad
1251 2218 1358 2272 hoc
1383 2218 1534 2272 edidi
1564 2219 1836 2288 priorem,

121 2313 199 2362 ut
218 2306 321 2379 qui
344 2306 485 2377 legit
509 2307 885 2361 admoneatur
899 2311 1000 2360 aut
1021 2323 1138 2360 non
1155 2323 1411 2378 quaerere
1439 2307 1675 2361 omnino
1699 2324 1837 2378 quo-

122 2397 311 2451 modo
339 2396 508 2450 detur
535 2395 727 2448 anima
763 2396 1146 2461 nascentibus,
1170 2401 1270 2450 aut
1289 2401 1438 2450 certe.
1469 2397 1537 2450 de
1560 2412 1621 2450 re
1642 2398 1840 2451 obscu-

125 2486 364 2540 rissima
394 2501 519 2538 eam
553 2485 898 2539 solutionem
930 2484 1266 2555 quaestionis
1303 2485 1476 2555 hujus
1516 2485 1837 2554 admittere,

124 2591 262 2646 quae
299 2573 584 2628 contraria
614 2589 729 2627 non
761 2572 834 2627 sit
861 2572 1234 2644 apertissimis
1263 2573 1452 2636 rebus,
1472 2590 1612 2645 quas
1643 2575 1710 2628 de
1733 2575 1836 2628 orio

123 2662 316 2735 ginali
347 2665 576 2734 peccato
615 2661 756 2715 ﬁdes
784 2661 1062 2715 catholica
1105 2661 1260 2716 novit
1303 2661 1365 2716 in
1408 2661 1679 2732 parvulis,
1729 2661 1839 2715 nisi

123 2756 548 2823 regenerentur
573 2750 634 2804 in
667 2749 911 2818 Christo,
940 2749 1061 2803 sine
1083 2749 1438 2804 dubitatione
1460 2750 1835 2804 damnandis:

123 2840 515 2912 posteriorem
555 2856 710 2906 vero,
743 2839 815 2894 ad
863 2839 971 2893 hoc
1009 2844 1075 2894 ut
1117 2839 1452 2910 quaestionis
1495 2840 1564 2894 de
1619 2856 1728 2910 qua
1759 2838 1839 2892 ibi

124 2929 344 3001 agitur,
376 2929 550 2984 etiam
574 2945 702 3001 quae
733 2927 896 2982 nobis
934 2927 1051 2982 visa
1095 2933 1180 2983 est
1224 2928 1431 2982 solutio
1479 2928 1605 2999 ipsa
1639 2943 1840 2981 nosca-

121 3023 246 3073 tur.
305 3020 421 3072 Hoc
475 3035 618 3090 opus
675 3016 755 3073 sic
809 3015 1012 3088 incipit
1052 3019 1264 3071 :Deum
1308 3021 1552 3072 nostrum
1601 3019 1699 3086 qui
1743 3031 1838 3070 nos

123 3109 370 3161 evocavit.

767 3212 992 3266 CAPUT
1031 3211 1212 3265 XLVI.

126 3303 228 3358 Ad
261 3303 563 3358 Emeritum
609 3303 1019 3355 Donatistarum
1063 3301 1388 3368 episcopum,
1430 3302 1552 3368 post
1596 3299 1836 3353 collatio-

474 3406 616 3452 nem,
650 3390 786 3444 liber
804 3405 962 3444 unus.
994 3418 1063 3428 —
1097 3387 1248 3461 [Non
1276 3386 1500 3459 exstat]

202 3498 289 3552 Ad
314 3497 631 3552 Emeritum
657 3495 1099 3561 Donatistarum,
1129 3495 1482 3567 episcopum,
1506 3495 1606 3567 qui
1626 3494 1684 3548 in
1725 3496 1837 3549 col-

129 3587 350 3641 latione
377 3590 571 3640 nostra
600 3601 772 3656 quam
804 3601 935 3640 cum
966 3583 1077 3638 illis
1106 3583 1433 3649 habuimus,
1468 3599 1671 3637 eorum
1701 3599 1838 3636 cau—

130 3692 258 3730 sam
289 3676 541 3729 maxime
570 3691 736 3746 agere
766 3674 1082 3739 videbatur,
1107 3672 1409 3744 aliquando
1433 3677 1562 3744 post
1581 3673 1841 3726 eamdem

130 3765 500 3820 collationem
532 3763 731 3834 scripsi
760 3762 972 3817 librum
1003 3761 1137 3816 satis
1183 3761 1403 3830 utilem,
1437 3761 1711 3832 quoniam
1752 3777 1841 3813 res

130 3853 351 3926 quibus
394 3852 714 3917 vincuntur,
760 3852 848 3905 vel
897 3850 1030 3905 victi
1084 3867 1203 3904 esse
1251 3855 1662 3915 monstrantur,
1695 3839 1842 3903 eom-

132 3943 308 3997 moda
338 3940 615 3995 brevitate
662 3938 1082 4009 complectitur.
1134 3938 1232 3993 Hic
1273 3939 1418 3992 liber
1464 3938 1544 3992 sic
1589 3937 1837 4009 incipit:

133 4034 193 4088 Si
221 4032 308 4086 vel
334 4045 496 4097 nunc,
518 4031 700 4096 frater
725 4030 981 4084 Emerite.

759 4153 986 4208 CAPUT
1024 4151 1226 4206 XLVII.

548 4243 622 4296 De
651 4241 826 4297 Gestis
855 4241 1080 4308 Pelagii,
1113 4239 1248 4293 liber
1273 4253 1432 4293 unus.

205 4351 319 4404 Per
346 4349 501 4403 idem
528 4352 754 4419 tempus
802 4347 864 4402 in
911 4345 1157 4411 Oriente,
1201 4346 1307 4399 hoc
1337 4349 1419 4398 est
1448 4343 1508 4397 in
1547 4343 1706 4414 Syria
1738 4345 1843 4398 Pa-

134 4439 382 4505 lastina,
419 4437 679 4508 Pelagius
710 4454 741 4490 a
771 4435 1114 4508 quibusdam
1143 4432 1434 4488 catholicis
1473 4431 1747 4486 fratribus
1775 4433 1845 4487 ad

136 4526 488 4598 episcopalis
534 4527 698 4581 Gesta
751 4525 1079 4596 perductus,
1131 4523 1325 4593 eisque
1377 4518 1706 4575 absentibus
1746 4520 1845 4591 qui

137 4617 207 4671 de
234 4616 338 4670 illo
369 4615 628 4669 libellum
667 4614 964 4681 dederant,
1012 4611 1284 4684 quoniam
1333 4610 1405 4664 ad
1448 4609 1598 4664 diem
1645 4609 1846 4679 synodi

135 4719 255 4758 non
283 4706 600 4774 potuerunt
629 4717 946 4768 occurrere,
980 4701 1049 4755 ab
1091 4697 1373 4769 episcopis
1416 4696 1846 4768 quatuordecim

135 4791 372 4845 auditus
425 4795 546 4857 est;
601 4791 703 4845 ubi
756 4807 890 4845 eum
945 4789 1212 4860 dogmata
1266 4786 1390 4857 ipsa
1455 4785 1842 4850 damnantem,

137 4897 270 4951 quae
296 4879 532 4934 inimica
560 4879 758 4950 gratiae
804 4877 1014 4934 Christi
1044 4877 1311 4930 adversus
1361 4890 1494 4929 eum
1540 4874 1609 4929 de
1651 4874 1846 4929 libello

137 4967 502 5039 legebantur,
545 4967 885 5022 catholicum
939 4965 1403 5036 pronuntiarunt.
1450 4963 1561 5018 Sed
1608 4978 1737 5016 cum
1787 4962 1848 5015 in

139 5073 350 5112 manus
381 5061 606 5110 nostras
634 5056 834 5110 eadem
864 5056 1030 5110 Gesta
1059 5053 1367 5118 venissent,
1417 5049 1615 5121 scripsi
1647 5051 1718 5104 de
1760 5049 1849 5104 his

139 5147 377 5212 librum,
420 5161 491 5199 ne
530 5144 628 5200 illo
673 5144 830 5198 velut
885 5143 1167 5211 absoluto,
1224 5141 1421 5195 eadem
1470 5155 1698 5210 quoque
1746 5139 1845 5192 do-

140 5240 338 5305 gmata
366 5236 710 5306 putarentur
741 5231 962 5302 judices
1011 5229 1374 5302 approbasse,
1425 5243 1554 5298 quae
1601 5226 1698 5280 ille
1741 5225 1853 5279 nisi

139 5324 472 5379 damnasset
526 5320 687 5376 nullo
731 5321 902 5374 modo
944 5319 1012 5373 ab
1063 5319 1142 5373 eis
1190 5317 1300 5371 nisi
1349 5317 1655 5370 damnatus
1702 5313 1850 5367 exis-

141 5416 249 5465 set.
293 5410 396 5465 llic
425 5409 570 5464 liber
615 5409 695 5464 sic
740 5407 939 5479 incipit
971 5423 984 5461 :
1013 5409 1366 5476 Posteaquam
1412 5406 1471 5458 in
1521 5418 1714 5457 manus
1755 5417 1852 5456 no-

138 5503 312 5552 stras.

464 5585 734 5649 PATROL.
787 5582 1006 5649 XXXII
1019 5629 1033 5645 .

1583 275 1796 330 LIBElt
1853 274 2238 333 SECUNDUS.

3551 293 3654 343 (iiii)

2561 403 2789 458 CAPUT
2827 405 3058 459 XLVIII.

2185 493 2258 544 De
2284 492 2615 547 Correctione
2642 495 3069 553 Donatistarum,
3103 495 3235 548 liber
3263 511 3422 552 unus.

2023 579 2232 633 Eodem
2263 584 2516 650 tempore
2547 580 2747 651 scripsi
2769 581 2939 635 etiam
2967 583 3177 637 librum
3199 584 3267 638 de
3287 585 3653 640 Correctioue

1954 667 2377 721 Donatistarum
2408 670 2600 736 (Epist.
2638 672 2757 728 185.
2791 670 2864 722 ad
2888 672 3114 740 Bonif.),
3155 678 3392 742 propter
3422 689 3517 727 eos
3556 674 3655 744 qui

1951 753 2221 808 nolebant
2251 754 2376 809 illos
2407 756 3051 827 legibusimperialibus
3083 759 3308 830 corrigi.
3363 759 3463 814 Hic
3510 760 3656 814 liber

1953 840 2032 895 sic
2055 841 2259 912 incipit
2287 859 2299 897 :
2332 843 2542 905 Laudo,
2569 849 2620 897 et
2647 846 2912 912 gratulor,
2938 851 2987 898 et
3015 847 3281 901 admiror.

2589 933 2813 987 CAPUT
2853 935 3028 988 XLIX.

2125 1022 2200 1073 De
2223 1022 2519 1074 Praesentia
2543 1024 2662 1089 Dei,
2693 1023 2767 1074 ad
2799 1022 3133 1082 Dardanum.
3167 1023 3301 1077 liber
3325 1039 3484 1080 unus.

2025 1109 2103 1161 De
2136 1108 2442 1161 Praesentia
2477 1110 2577 1163 Dei
2606 1110 2806 1178 scripsi
2837 1110 3068 1174 librum,
3105 1111 3204 1164 ubi
3238 1118 3432 1166 nostra
3463 1113 3650 1167 inten-

1952 1195 2030 1249 tio
2061 1202 2261 1251 contra
2289 1197 2553 1250 haeresim
2585 1198 2948 1268 Pelagianam
2988 1200 3232 1253 maxime
3276 1201 3490 1271 vigilat,
3539 1218 3650 1255 non

1953 1300 2214 1354 expresse
2253 1285 2638 1351 nominatam;
2684 1287 2779 1339 sed
2811 1287 2868 1338 in
2907 1303 2973 1339 eo
3022 1287 3191 1339 etiam
3235 1287 3305 1340 de
3349 1288 3652 1357 praesentia

1951 1377 2192 1438 naturtr,
2225 1389 2396 1441 quem
2432 1375 2612 1427 Deum
2643 1389 2934 1427 summum
2975 1378 3030 1427 et
3071 1391 3271 1428 verum
3302 1375 3562 1442 dicimus,
3597 1381 3653 1429 et

1951 1461 2020 1514 de
2050 1461 2266 1530 templo
2299 1461 2420 1529 ejus
2463 1477 2697 1530 operose
2737 1479 2800 1514 ac
2839 1461 3123 1515 subtiliter
3167 1462 3514 1531 disputatur.
3557 1463 3653 1516 llic

1950 1548 2095 1602 liber
2124 1549 2203 1603 sic
2231 1548 2434 1620 incipit
2465 1565 2477 1603 :
2515 1551 2706 1604 Fateor
2755 1567 2856 1616 me,
2902 1553 3080 1616 frater
3127 1551 3473 1605 dilectissime
3509 1555 3650 1605 Dar-

1950 1637 2113 1693 done.

2637 1709 2861 1763 CAPUT
2903 1711 2960 1763 L.

1950 1797 2149 1852 Contra
2175 1797 2452 1865 Pelagium
2483 1799 2533 1850 et
2563 1797 2884 1863 Cwlestium,
2925 1798 2990 1851 de
3035 1800 3226 1853 Gratia
3269 1799 3472 1854 Christi
3500 1803 3551 1852 et
3588 1800 3653 1853 de

2019 1888 2238 1940 Peccato
2285 1885 2579 1953 Originali,
2610 1885 2684 1938 ad
2712 1886 2991 1950 Albinam,
3040 1888 3334 1940 Pinianum
3379 1892 3429 1940 et
3477 1889 3651 1941 Mela—

2020 1976 2188 2040 niam,
2223 1973 2354 2026 libri
2377 1973 2502 2027 duo.

2022 2062 2400 2132 Posteaquam
2429 2061 2736 2131 Pelagiana
2764 2062 2994 2116 hazresis
3024 2079 3150 2116 cum
3183 2062 3299 2116 suis
3321 2063 3650 2117 auctoribus

1951 2149 2021 2203 ab
2071 2149 2348 2220 episcopis
2405 2150 2663 2204 Ecclesiae
2715 2151 3005 2217 Romanas,
3074 2150 3230 2221 prius
3291 2152 3647 2218 Innocentio,

1951 2237 2154 2292 deinde
2182 2237 2422 2304 Zosimo,
2451 2239 2886 2309 cooperantibus
2930 2239 3306 2292 conciliorum
3344 2239 3646 2292 Africano-

1948 2342 2076 2380 rum
2129 2325 2357 2392 litteris,
2411 2326 2670 2380 convicta
2715 2331 2885 2398 atque
2943 2327 3211 2380 damnata
3267 2332 3387 2394 est;
3448 2326 3649 2398 scripsi

1949 2415 2090 2470 duos
2117 2415 2294 2468 libros
2343 2415 2609 2468 adversus
2651 2431 2768 2478 eos,
2819 2431 3000 2468 unum
3052 2415 3120 2468 de
3170 2415 3361 2469 Gratia
3418 2415 3643 2478 Christi,

1949 2505 2193 2557 alterum
2224 2503 2292 2557 de
2325 2504 2560 2557 Peccato
2586 2503 2882 2573 Originali.
2929 2505 3044 2556 Hoc
3087 2519 3231 2573 opus
3276 2503 3349 2557 sit
3396 2503 3598 2573 incipit
3632 2520 3646 2557 :

1951 2592 2228 2655 Quantum
2252 2589 2318 2643 de
2345 2594 2526 2644 vestra
2550 2591 2820 2658 corporali
2841 2594 2891 2643 et
2908 2592 3146 2644 mamime
3169 2592 3452 2659 spirituali
3475 2581 3650 2645 salute

1948 2679 2301 2747 gaudeamus.

2619 2747 2844 2801 CAPUT
2887 2746 2972 2801 LI.

2161 2837 2322 2892 Gesta
2351 2852 2470 2890 cum
2501 2837 2739 2889 Emerito
2768 2836 3074 2897 Donatista,
3109 2834 3243 2888 liber
3269 2849 3428 2890 unus.

2018 2923 2326 2994 Aliquanto
2381 2927 2511 2992 post
2563 2922 2922 2975 collationem
2959 2937 3132 2991 quam
3175 2937 3306 2974 cum
3363 2921 3648 2975 haereticis

1949 3013 2253 3068 Donatistis
2291 3011 2618 3077 habuimus,
2658 3015 2781 3064 orta
2830 3013 2914 3063 est
2960 3009 3125 3063 nobis
3165 3009 3470 3063 necessitas
3516 3026 3648 3080 per-

1947 3101 2119 3172 gendi
2148 3100 2209 3153 in
2232 3097 2624 3154 Mauritaniam
2658 3096 3081 3152 Caesariensem.
3134 3097 3218 3151 lbi
3266 3097 3415 3168 apud
3466 3097 3649 3168 ipsam

1949 3190 2264 3244 Caesaream
2298 3185 2611 3241 Emeritam
2652 3185 3073 3240 Donatistarum
3125 3185 3452 3256 episcophm
3504 3186 3647 3240 vidi-

1948 3293 2091 3342 mus,
2129 3292 2312 3330 unum
2343 3275 2556 3330 scilicet
2579 3291 2779 3330 eorum
2811 3279 3028 3344 septem
3069 3291 3214 3346 quos
3243 3291 3346 3344 pro
3377 3291 3494 3328 suae
3520 3291 3649 3328 cau-

1948 3384 2026 3420 sae.
2077 3365 2408 3421 defensione
2466 3365 2816 3435 delegerant,
2872 3368 2929 3417 et
2973 3363 3074 3434 qui
3120 3362 3180 3416 in
3227 3364 3427 3418 eadem
3483 3380 3652 3417 causa

1949 3454 2196 3509 maxime
2227 3455 2597 3508 laboraverat.
2628 3453 2764 3517 Quae
2791 3469 2920 3506 cum
2945 3452 3042 3505 illo
3068 3451 3355 3522 egerimus
3397 3468 3649 3527 praeseri-

1949 3543 2101 3598 tibus
2149 3542 2426 3612 episcopis
2471 3541 2725 3612 ejusdem
2782 3541 3100 3610 provincias,
3151 3545 3208 3593 et
3257 3540 3421 3609 plebe
3465 3540 3648 3594 Caesa-

1948 3630 2151 3685 riensis
2183 3629 2460 3694 Ecclesiae,
2489 3630 2550 3682 in
2582 3646 2694 3699 qua
2724 3629 2946 3682 civitate
2987 3633 3043 3680 et
3081 3627 3219 3680 civis
3262 3632 3318 3680 et
3365 3643 3648 3680 memora-

1950 3725 2138 3774 torum
2168 3717 2567 3772 haereticorum
2596 3716 2893 3786 episcopus
2917 3714 3045 3782 fuit,
3079 3713 3455 3769 ecclesiastica
3485 3716 3650 3768 Gesta

1951 3812 2252 3872 testantur,
2286 3821 2414 3876 quae
2443 3804 2504 3859 in
2545 3805 2686 3860 meis
2716 3805 3000 3859 habentur
3029 3803 3337 3874 opusculis.
3392 3802 3496 3856 Ubi
3535 3819 3652 3856 non

1951 3895 2248 3950 inveniens
2270 3895 2406 3965 quid
2437 3895 2826 3966 responderet,
2859 3898 3043 3947 totum
3083 3907 3410 3946 sermonem
3457 3907 3650 3944 meum

1953 4000 2123 4056 quem
2147 3983 2217 4037 de
2238 3983 2371 4036 solis
2395 3982 2816 4037 Maximianistis
2836 3981 2894 4034 in
2917 3981 3153 4035 auribus
3175 3982 3296 4050 ejus
3316 3985 3373 4034 et
3391 3979 3651 4033 omnium

1952 4071 2052 4144 qui
2081 4071 2316 4125 aderant
2347 4071 2646 4140 explicavi,
2702 4076 2977 4141 tanquam
3021 4075 3214 4123 mutus
3262 4068 3505 4122 audivit.
3555 4069 3652 4121 Hic

1951 4162 2096 4216 liber
2123 4160 2208 4214 vel
2239 4159 2363 4213 haec
2389 4162 2554 4214 Gesta
2581 4159 2660 4213 sic
2688 4158 2972 4228 incipiunt
3004 4175 3016 4212 :
3051 4159 3461 4214 Gloriosissimis
3483 4159 3652 4224 impe-

1952 4249 2225 4304 ratoribus
2281 4250 2517 4302 Honorio
2563 4248 2934 4302 duodecimum
2980 4251 3029 4300 et
3071 4246 3362 4301 Theodosio
3408 4249 3652 4298 octavum

1953 4337 2260 4392 consulibus
2291 4333 2308 4367 ¹
2320 4375 2334 4389 .

2621 4405 2843 4460 CAPUT
2883 4405 2994 4458 LII.

2181 4496 2378 4550 Contra
2403 4494 2704 4548 Sermonem
2731 4494 3085 4552 Arianorum,
3113 4490 3247 4543 liber
3269 4504 3428 4543 unus.

2026 4585 2178 4638 Inter
2223 4582 2367 4649 haec,
2422 4581 2574 4636 venit
2625 4581 2686 4635 in
2739 4597 2944 4635 manus
2990 4595 3147 4631 meas
3191 4577 3423 4648 quidam
3467 4593 3654 4630 sermo

1954 4673 2322 4738 Arianorum,
2355 4670 2476 4725 sine
2504 4670 2734 4724 nomine
2763 4666 3008 4722 auctoris
3049 4664 3156 4719 sui.
3210 4665 3368 4731 lluic,
3423 4669 3654 4735 petente

1958 4767 2130 4832 atque
2160 4761 2406 4814 instante
2435 4758 2535 4830 qui
2565 4775 2696 4813 eum
2745 4756 2888 4810 mihi
2934 4753 3186 4824 miserat,
3239 4757 3454 4824 quanta
3491 4753 3656 4823 potui

2022 4878 2037 4910 ι
2066 4875 2380 4924 Boldeianus
2396 4873 2560 4922 codex
2587 4871 2661 4920 sic
2682 4871 2867 4927 habet;
2891 4868 3288 4918 Gloriosissimo
3307 4869 3540 4918 Honorio
3555 4872 3588 4916 A
3601 4882 3658 4916 u-

1957 4940 2105 5000 gusto
2125 4936 2408 5000 duodecies,
2428 4940 2478 4984 et
2491 4935 2795 5000 Constantio
2815 4936 3042 5000 itera-ui,
3075 4934 3131 5000 _V.
3152 4932 3206 5000 _V.
3226 4936 3279 5000 ρ.
3293 4934 3351 4982 C.
3367 4945 3492 5000 coss.
3507 4931 3654 5000 diem

1957 4993 2080 5052 Kal.
2107 4998 2356 5054 octobris,
2390 5001 2643 5046 Caesarea:
2667 4997 2717 5043 in
2741 4993 2955 5044 ecclesia
2976 4994 3205 5054 Maioris.
3227 4995 3348 5041 Mss.
3371 4993 3571 5055 aliquot
3591 5005 3654 5039 ex

1959 5061 2115 5126 praeei
2124 5061 2240 5126 puis
2253 5061 2326 5107 sic
2339 5059 2516 5126 ferunt
2531 5073 2541 5106 :
2559 5056 2940 5126 gloriosissimo
2953 5056 3002 5105 Η
3005 5069 3108 5126 on_o
3116 5058 3198 5126 rio
3214 5059 3448 5126 Augusto
3461 5059 3508 5103 ct
3525 5056 3659 5124 Con-

1959 5115 2158 5174 S-lantib
2187 5124 2400 5177 iterum,
2426 5121 2527 5167 VV.
2554 5121 2653 5167 CC.
2677 5131 2807 5168 coss.
2834 5118 2920 5167 die
2936 5117 3097 5168 Xical.
3119 5115 3312 5168 octobrl
3335 5121 3580 5166 Caesarem
3598 5115 3654 5163 in

1959 5188 2169 5236 ecclesia
2185 5183 2421 5247 Majoris.
2435 5181 2535 5247 Alii
2546 5180 2780 5243 plerique
2801 5180 3143 5247 consentiunt
3156 5196 3168 5240 ;
3181 5179 3273 5247 sed
3285 5176 3528 5247 nonnulli
3542 5180 3659 5247 post

1963 5251 2194 5298 Honorio
2215 5237 2461 5307 Augusto,
2477 5237 2838 5307 interponunt,
2851 5257 2941 5296 xu.
2957 5243 3038 5307 vel
3053 5237 3351 5307 duodecies,
3364 5237 3556 5288 Voruui
3574 5237 3657 5307 hic

1961 5324 2132 5358 annus
2165 5299 2321 5356 haud
2333 5305 2600 5354 concurrit
2615 5299 2748 5352 'cum
2784 5299 3014 5353 secundo
3064 5301 3354 5352 Constantii
3402 5299 3654 5356 consulis,

1962 5386 2118 5435 quem
2137 5368 2483 5435 nihilqminus
2499 5367 2618 5435 cdd.
2633 5380 2834 5435 omnes,
2849 5381 2980 5435 quos
2999 5366 3254 5435 inspicere
3271 5377 3366 5435 per.
3380 5376 3476 5410 nos
3492 5360 3654 5435 licuit,

1963 5422 2249 5496 tissiguant.
2287 5430 2363 5496 Ex
2384 5429 2447 5496 iis
2471 5422 2970 5496 etiampauci's'unt
2995 5422 3097 5496 qui
3111 5422 3326 5496 habent,
3350 5425 3402 5471 in
3433 5422 3656 5472 ecclesia

1970 5444 2249 5496 asSIguant.
2287 5444 2447 5478 LX115
2471 5444 2812 5539 euamppauci
2844 5444 2970 5478 sunt
2995 5444 3082 5490 quau
3112 5444 3326 5495 nuueut,
3350 5444 3402 5471 ιιι
3433 5444 3446 5471 ι

1970 5497 2178 5557 majori,
2205 5495 2264 5541 ut
2292 5495 2370 5540 est
2396 5491 2450 5538 in
2481 5491 2598 5540 edd.
2679 5491 2769 5539 iliil
2798 5497 2972 5541 tamen
3001 5490 3084 5536 llic
3113 5491 3446 5535 mutuvnnus.

2978 5569 2999 5646 (
3021 5564 3423 5649 Vingt~zme.)
