4028 6174
460 303 555 352 651
1637 290 2295 347 ltE'l‘ltAtl'l‘ATlO’NUM
2336 289 2389 343 S.
2423 289 2828 346 AUGUSTINI.
3793 307 3866 355 55-2

459 425 634 479 etiam
666 421 938 478 brevitate
959 436 1022 474 ac
1039 419 1324 474 celeritate
1344 417 1646 489 respondi;
1670 417 1935 486 adjuncto
1957 416 2158 470 eodem

459 529 723 568 sermone
745 528 778 565 a
797 511 982 581 capite
1003 507 1387 580 responsionis
1409 523 1570 568 meae,
1596 510 1653 560 et
1673 505 1942 559 adhibitis
1959 505 2027 558 ad
2049 504 2160 558 sin-

457 604 592 673 gula
609 600 882 666 numeris,
903 597 1414 671 quibusinspectis,
1438 595 1575 665 quid
1601 593 1691 648 cui
1713 595 1831 647 loco
1855 594 2158 664 responde-

458 691 590 757 rim,
624 690 784 744 facile
814 689 991 759 possit
1020 686 1256 741 adverti.
1295 685 1392 739 Hic
1431 685 1596 748 liber,
1629 687 1758 752 post
1805 699 2004 736 eorum
2033 698 2156 736 ser-

460 795 687 833 monem
719 778 818 848 qui
849 795 880 830 a
905 776 1088 846 capite
1121 775 1424 844 adjunctus
1455 777 1559 838 est,
1593 771 1671 824 sic
1697 769 1932 842 incipit:
1958 774 2158 825 Eorum

449 867 773 937 praecedenti
823 865 1204 934 disputationi,
1254 864 1353 916 hac
1401 861 1768 930 disputatione
1832 859 2153 929 respondeo.

1104 987 1328 1041 CAPUT
1370 986 1510 1039 LIII.

454 1083 529 1135 De
580 1079 802 1148 Nuptiis
849 1082 898 1132 et
945 1077 1405 1145 Concupiscentia,
1455 1073 1528 1128 ad
1573 1075 1848 1131 Valerium
1893 1075 2154 1138 comitem,

1169 1165 1298 1217 libri
1327 1164 1450 1216 duo.

527 1271 738 1342 Scripsi
785 1272 928 1325 duos
980 1269 1158 1323 libros
1206 1269 1277 1322 ad
1326 1267 1608 1320 illustrem
1655 1266 1842 1320 virum
1889 1266 2156 1320 comitem

455 1361 765 1427 Valerium,
797 1375 927 1413 cum
955 1357 1242 1411 audissem
1291 1355 1626 1425 Pelagianos
1681 1355 1735 1408 ei
1780 1354 1969 1408 nescio
2017 1355 2155 1426 quid

453 1450 742 1520 scripsisse
787 1448 856 1501 de
899 1446 1085 1513 nobis,
1118 1445 1267 1515 quod
1309 1444 1523 1497 scilicet
1574 1444 1804 1514 nuptias
1852 1443 2154 1497 damnare-

453 1555 602 1602 mus,
647 1535 947 1590 asserendo
993 1533 1269 1603 originale
1314 1537 1609 1603 peccatum
1644 1547 1656 1584 :
1691 1547 1940 1602 quorum
1981 1531 2154 1585 libro-

452 1643 582 1682 rum
611 1626 814 1680 titulus
845 1628 948 1689 est,
977 1623 1046 1677 de
1081 1622 1306 1693 Nuptiis
1350 1627 1406 1676 et
1453 1622 1942 1693 Concupiscentia.
1992 1621 2156 1675 Boni-

451 1720 628 1770 tatem
666 1714 879 1786 quippe
929 1712 1291 1766 defendimus
1342 1711 1693 1781 nuptiarum,
1740 1729 1808 1765 ne
1858 1715 2155 1781 putaretur

452 1821 649 1860 earum
695 1819 816 1858 esse
874 1801 1075 1855 vitium
1126 1800 1584 1871 concupiscentia
1632 1800 1839 1870 carnis,
1880 1805 1936 1854 et
1968 1800 2055 1852 lex
2094 1798 2154 1852 in

450 1893 722 1948 membris
752 1906 1077 1962 repugnans
1113 1889 1226 1960 legi
1273 1888 1500 1958 mentis,
1543 1905 1656 1960 quo
1705 1889 1856 1942 malo
1902 1886 2154 1942 libidinis

449 1981 594 2036 bene
623 1979 803 2034 utitur
833 1979 902 2032 ad
930 1977 1080 2032 ﬁlios
1106 1977 1492 2048 procreandos
1520 1976 1794 2046 pudicitia
1815 1975 2148 2046 conjugalis.

453 2071 524 2124 Ut
551 2071 744 2123 autem
775 2067 888 2121 duo
929 2065 1062 2120 libri
1109 2071 1318 2133 essent,
1368 2065 1591 2136 primus
1638 2065 1794 2120 venit
1837 2064 1898 2118 in
1940 2064 2152 2118 Juliani

449 2156 734 2228 pelagiani
764 2171 987 2221 manus,
1020 2159 1075 2208 et
1104 2153 1328 2224 scripsit
1356 2153 1627 2207 adversus
1655 2169 1788 2207 eum
1817 2152 1996 2206 libros
2017 2169 2153 2223 qua-

451 2251 599 2312 tuor,
631 2263 699 2299 ex
725 2244 932 2316 quibus
963 2242 1196 2314 quidam
1227 2243 1504 2295 nonnulla
1534 2241 1832 2312 decerpsit,
1861 2245 1917 2294 et
1957 2240 2151 2294 comiti

453 2334 670 2388 Valerio
696 2333 871 2398 misit,
902 2332 998 2385 ille
1030 2347 1161 2385 vero
1191 2330 1260 2384 ad
1295 2346 1419 2383 nos.
1458 2330 1594 2394 Qua:
1625 2346 1755 2383 cum
1785 2329 2147 2401 accepissem,

449 2421 561 2475 alio
591 2421 734 2475 libro
765 2421 836 2474 ad
866 2420 1066 2474 eadem
1092 2418 1215 2488 ipsa
1244 2418 1533 2488 respondi.
1585 2419 1761 2489 Hujus
1804 2417 1990 2488 operis
2027 2417 2149 2487 pri-

449 2527 577 2563 mus
607 2509 750 2562 liber
793 2508 872 2561 sic
913 2507 1112 2578 incipit
1146 2525 1157 2560 :
1198 2509 1446 2560 Haeretici
1485 2510 1631 2572 novi,
1676 2508 2022 2560 dilectissime
2067 2507 2150 2574 ﬁli

455 2582 658 2636 Valeri.
691 2579 982 2635 Secundus
1012 2583 1204 2632 autem
1235 2578 1313 2631 sic
1345 2594 1358 2631 :
1393 2580 1535 2632 Inter
1579 2580 1790 2633 militia:
1836 2583 1939 2632 tua:
1967 2593 2142 2632 curas.

1089 2701 1217 2756 CAP
1227 2701 1310 2754 UT
1351 2700 1481 2755 LIV.

921 2791 1272 2844 Locutionum
1297 2790 1427 2842 libri
1453 2794 1670 2858 septem.

518 2898 746 2968 Septem
775 2897 950 2952 libros
981 2896 1048 2950 de
1081 2901 1300 2967 septem
1330 2894 1493 2950 libris
1523 2895 1847 2950 divinarum
1888 2896 2144 2966 Scriptu-

449 3002 662 3052 rarum,
695 2986 752 3039 id
781 2990 870 3040 est
900 2984 1075 3055 Moysi
1108 2985 1386 3057 quinque,
1431 2989 1489 3040 et
1539 3001 1654 3040 uno
1695 2987 1826 3040 Jesu
1871 2986 2043 3052 Nave,
2091 2989 2148 3039 et

445 3077 623 3129 altero
651 3075 936 3139 Judicum,
965 3073 1093 3139 feci,
1124 3073 1335 3127 notatis
1365 3074 1748 3128 locationibus
1784 3073 2145 3144 singulorum

446 3180 574 3233 quae
604 3162 794 3216 minus
823 3162 1046 3216 usitata).
1087 3166 1218 3216 sunt
1246 3163 1459 3232 linguae
1490 3169 1696 3218 nostras
1731 3179 1742 3217 :
1773 3179 1912 3234 quas
1941 3179 2143 3234 parum

447 3250 792 3305 advertendo
824 3265 1054 3302 sensum
1086 3255 1370 3319 quierunt,
1404 3251 1505 3321 qui
1549 3252 1768 3322 legunt,
1819 3251 2141 3306 divinorum

446 3339 830 3410 eloquiorum,
853 3353 983 3392 cum
1010 3338 1080 3392 sit
1097 3339 1401 3392 locutionis
1427 3355 1626 3409 genus,
1651 3345 1706 3393 et
1727 3355 2144 3410 nonnunquam

445 3428 780 3498 exsculpunt
803 3426 1013 3498 aliquid
1040 3427 1192 3498 quod
1213 3443 1246 3480 a
1273 3426 1512 3482 veritate
1542 3427 1774 3498 quidem
1802 3443 1920 3482 non
1944 3427 2144 3482 abhor-

442 3521 593 3584 reat;
625 3532 742 3570 non
770 3521 964 3570 tamen
1007 3516 1066 3570 id
1114 3516 1356 3571 sensisse
1406 3521 1606 3571 auctor
1635 3534 1667 3570 a
1697 3533 1811 3588 quo
1853 3517 1961 3571 hoc
2004 3517 2140 3570 scri-

440 3609 602 3676 ptum
636 3609 718 3659 est
743 3604 1048 3674 invenitur,
1082 3605 1180 3659 sed
1209 3621 1416 3677 genere
1447 3605 1753 3660 locutionis
1790 3605 1896 3659 hoc
1934 3605 2140 3660 dixisse

441 3693 768 3748 credibilius
799 3699 1054 3765 apparet.
1089 3695 1264 3748 Multa
1293 3699 1487 3748 autem
1515 3695 1574 3749 in
1594 3694 1900 3764 Scripturis
1931 3695 2140 3749 sanctis

442 3783 700 3847 obscura,
737 3782 964 3851 cognito
997 3783 1298 3836 locutionis
1341 3799 1550 3853 genere
1595 3783 1968 3838 dilucescunt.
2003 3785 2138 3837 Pro-

439 3874 568 3940 pter
595 3869 748 3940 quod
767 3871 1159 3939 cognoscenda
1178 3875 1311 3924 sunt
1333 3871 1532 3924 eadem
1550 3888 1761 3941 genera
1779 3871 2139 3927 locutionum

439 3955 541 4010 ubi
570 3955 866 4010 sententias
895 3961 1122 4025 patent;
1171 3962 1231 4011 ut
1277 3958 1444 4011 etiam
1501 3958 1599 4012 ubi
1645 3949 1844 4026 latent,
1890 3959 2136 4030 cognitio

438 4045 565 4115 ipsa
616 4050 925 4109 succurrat,
985 4060 1194 4115 easque
1247 4046 1556 4100 intentioni
1613 4047 1851 4117 legentis
1896 4047 2134 4118 aperiat.

439 4134 620 4206 Hujus
653 4134 843 4204 operis
871 4132 1075 4186 titulus
1103 4138 1204 4195 est,
1240 4134 1578 4188 Locutiones
1607 4135 1676 4188 de
1709 4135 1941 4200 Genesi;
1965 4141 2137 4206 atque

436 4223 518 4278 ita
543 4224 612 4277 de
635 4222 873 4295 singulis
902 4221 1080 4276 libris.
1116 4223 1276 4286 Quod
1309 4228 1504 4278 autem
1531 4223 1590 4277 in
1636 4223 1784 4278 libro
1811 4222 1998 4293 primo
2029 4240 2135 4293 po-

437 4311 526 4366 sui
576 4314 755 4379 (Num.
787 4311 942 4382 xviii)
993 4309 1265 4380 scriptum
1313 4328 1453 4379 esse,
1489 4316 1559 4368 Et
1605 4314 1737 4380 fecit
1791 4314 1900 4368 Noe
1956 4314 2136 4367 omnia

434 4401 598 4456 verba
623 4417 966 4470 quaecumque
991 4403 1244 4470 praecepit
1273 4401 1360 4454 illi
1388 4404 1666 4467 Dominus,
1697 4403 1774 4455 sic
1803 4404 1934 4468 fecit
1983 4403 2131 4471 (Gen.

435 4506 511 4558 vr,
542 4492 652 4560 22),
681 4506 922 4561 eamque
950 4488 1299 4543 locutionem
1323 4487 1437 4542 dixi
1465 4505 1584 4542 esse
1615 4489 1861 4543 similem
1892 4489 1944 4544 ei
1981 4490 2133 4560 quod

437 4577 497 4631 in
525 4578 847 4633 conditione
888 4583 1164 4634 creaturae
1199 4594 1210 4632 :
1244 4582 1617 4648 posteaquam
1664 4579 1890 4648 dicitur,
1941 4583 2012 4635 Et
2057 4583 2133 4635 sic

436 4670 514 4719 est
541 4668 769 4731 factum.
817 4668 1066 4736 additur,
1097 4673 1146 4721 et
1182 4669 1314 4734 fecit
1351 4670 1488 4722 Deus
1539 4668 1644 4736 (Id.
1692 4667 1760 4738 1);
1809 4685 1925 4722 non
1976 4669 2132 4723 omni

436 4753 606 4808 modo
629 4755 830 4824 _simile
875 4757 983 4810 hoc
1031 4756 1215 4811 eidem
1257 4755 1399 4810 mihi
1442 4755 1684 4812 videtur.
1742 4757 1996 4828 Denique
2054 4757 2133 4812 ibi

435 4842 606 4897 etiam
635 4859 832 4912 sensus
861 4844 1028 4910 latet;
1060 4844 1151 4899 hic
1183 4846 1302 4899 sola
1333 4845 1544 4900 locutio
1573 4850 1678 4902 est.
1715 4847 1830 4900 Hoc
1859 4863 2004 4918 opus
2053 4847 2131 4902 sic

431 4931 635 5004 incipit
665 4947 678 4985 ε
708 4933 1017 4988 Locutiones
1049 4935 1478 5003 Scripturarum.

1097 5057 1322 5115 CAPUT
1362 5059 1468 5113 LV.

893 5145 1257 5210 Quaestionum
1288 5148 1418 5202 libri
1444 5152 1660 5217 septem.

506 5261 552 5311 1.
589 5255 802 5311 Eodem
823 5257 1079 5322 tempore
1109 5252 1306 5322 scripsi
1336 5253 1506 5307 etiam
1532 5253 1709 5308 libros
1739 5253 2124 5318 Quazstionum

425 5347 495 5400 de
528 5345 708 5400 Libris
737 5343 951 5399 eisdem
984 5340 1192 5395 divinis
1222 5347 1457 5412 septem,
1493 5359 1637 5414 quos
1666 5342 1794 5397 ideo
1836 5344 2124 5413 appellare

421 5433 500 5487 sic
530 5435 700 5502 volui,
735 5433 870 5506 quia
897 5449 964 5487 ea
1008 5446 1137 5502 qua:
1184 5429 1263 5484 ibi
1307 5430 1686 5500 disputantur,
1738 5432 1921 5504 magis
1969 5448 2123 5503 qua:-

420 5522 598 5576 reuda
650 5521 949 5594 proposui,
1011 5536 1182 5592 quam
1243 5519 1479 5590 quaesita
1535 5518 1799 5588 dissolvi;
1864 5521 2124 5592 quamvis

2270 415 2450 468 multo
2478 416 2644 486 plura
2681 415 2740 469 in
2781 414 2861 468 eis
2904 413 3047 468 mihi
3076 413 3372 468 videantur
3395 415 3467 470 ita
3498 423 3806 488 pertractata,
3827 431 3871 478 ut

2270 503 2490 574 possint
2518 503 2691 558 etiam
2716 505 2901 558 soluta
2934 507 2990 557 et
3028 503 3280 573 exposita
3324 519 3438 557 non
3482 505 3732 562 immerito
3763 511 3872 579 judi-

2269 593 2405 647 cari.
2434 594 2761 664 Regnorum
2795 608 3023 664 quoque
3055 592 3225 646 libros
3256 591 3450 646 eodem
3475 595 3622 649 modo
3645 597 3751 665 jam
3775 615 3872 654 con-

2269 682 2520 736 siderare
2551 698 2933 751 coeperamus;
2962 681 3061 734 sed
3110 697 3225 734 non
3272 682 3508 734 multum
3547 687 3808 755 progressi,
3834 689 3873 742 in

2268 771 2378 824 alia
2425 787 2556 842 quae
2610 770 2793 841 magis
2839 769 3121 840 urgebant
3165 769 3424 823 animum
3471 769 3793 828 intendimus.
3833 778 3875 830 ln

2265 859 2453 928 primo
2481 864 2673 913 autem
2706 859 2875 924 libro,
2908 857 3004 912 ubi
3035 858 3222 928 agitur
3251 858 3320 912 de
3352 858 3518 928 virgis
3553 859 3752 914 variatis
3777 880 3874 933 quas

2266 948 2512 1018 ponebat
2534 949 2706 1002 Jacob
2737 947 2797 1000 in
2827 964 2996 1018 aqua,
3044 953 3106 1001 ut
3153 946 3214 1000 in
3257 951 3528 1017 conceptu
3575 948 3748 1018 posita:
3783 967 3875 1004 ores

2267 1053 2361 1090 eas
2411 1036 2664 1091 viderent
2719 1053 2845 1090 cum
2905 1037 3184 1103 biberent,
3245 1041 3301 1090 et
3355 1037 3532 1089 varios
3583 1037 3711 1090 fetus
3755 1055 3874 1108 pare-

2266 1130 2396 1179 rent
2445 1127 2664 1195 (Quazst.
2728 1130 2846 1193 93);
2906 1142 3017 1179 non
3074 1125 3216 1179 bene
3271 1142 3303 1177 a
3354 1123 3514 1178 nobis
3560 1125 3781 1195 exposita
3820 1135 3875 1181 est

2266 1231 2434 1269 causa
2493 1231 2594 1268 cur
2649 1215 2861 1269 iterum
2917 1214 3372 1284 concipientibus
3427 1229 3536 1267 non
3579 1215 3802 1284 ponebat,
3836 1216 3875 1269 id

2267 1308 2370 1366 est,
2403 1320 2535 1357 cum
2565 1303 2704 1357 alios
2741 1302 2890 1356 fetus
2915 1301 3300 1372 conciperent,
3349 1301 3446 1355 sed
3486 1301 3544 1354 in
3587 1301 3749 1372 priore
3782 1319 3874 1356 con-

2265 1397 2454 1462 ceptu.
2485 1393 2624 1445 Nam
2654 1390 2988 1462 quaestionis
3018 1391 3255 1444 alterius
3295 1389 3561 1460 expositio
3591 1393 3778 1460 (olimst.

2267 1481 2364 1534 ubi
2391 1479 2672 1551 quaeritur
2697 1496 2797 1532 cur
2823 1479 3029 1533 dixerit
3075 1495 3270 1533 socero
3319 1494 3418 1532 suo
3462 1477 3641 1545 Jacob,
3680 1481 3738 1533 Et
3773 1479 3877 1533 decc-

2262 1571 2398 1640 pisti
2420 1569 2708 1624 mercedem
2738 1585 2908 1623 meam
2949 1569 3126 1622 decem
3167 1567 3412 1634 agnabus
3462 1568 3598 1635 (Gen.
3646 1583 3771 1636 xxxx,
3803 1571 3876 1636 41),

2264 1658 2397 1712 satis
2425 1658 2699 1711 veraciter
2728 1657 2992 1723 enodata,
3025 1657 3384 1712 demonstrat
3412 1655 3593 1720 istam,
3633 1655 3755 1708 sicut
3777 1655 3874 1709 solvi

2263 1747 2480 1812 debuit,
2512 1763 2630 1800 non
2660 1747 2924 1800 solutam.

2332 1837 2387 1888 2.
2424 1835 2487 1888 In
2515 1834 2681 1888 tertio
2731 1850 2962 1904 quoque
3006 1831 3174 1895 libro,
3221 1832 3322 1888 ubi
3375 1833 3444 1886 de
3491 1848 3696 1886 summo
3741 1833 3873 1902 agitur

2263 1924 2572 1990 sacerdote,
2605 1923 2891 1993 quomodo
2934 1922 3161 1977 creabat
3191 1923 3363 1988 ﬁlios,
3408 1937 3534 1976 cum
3575 1921 3774 1975 haberet
3805 1938 3870 1975 ne-

2261 2011 2578 2067 cessitatem
2616 2012 2702 2066 bis
2748 2011 2811 2066 in
2858 2013 2949 2066 die
2992 2012 3219 2082 ingredi
3266 2011 3325 2065 in
3370 2015 3556 2065 sancta
3601 2015 3871 2075 sanctorum,

2261 2100 2362 2155 ubi
2391 2106 2513 2155 erat
2537 2102 2713 2154 altare
2734 2100 2970 2167 incensi,
2995 2101 3064 2154 ad
3089 2100 3450 2154 oﬁerendum
3473 2099 3737 2153 incensum
3756 2114 3870 2152 mane

2262 2192 2318 2241 et
2354 2205 2590 2258 vespera
2639 2189 2832 2259 (Ex-od.
2878 2205 3005 2254 xxx,
3053 2194 3107 2256 '7,
3159 2189 3235 2256 8),
3289 2205 3402 2260 quo
3450 2204 3564 2242 non
3610 2193 3783 2258 posset,
3823 2184 3868 2238 si-

2260 2279 2356 2329 cut
2407 2276 2517 2329 Lex
2564 2275 2721 2342 dicit,
2783 2275 3114 2330 immundus
3169 2275 3428 2343 intrare;
3481 2279 3534 2328 et
3588 2274 3757 2328 eadem
3799 2273 3870 2326 Lex

2259 2363 2426 2430 dicat,
2477 2364 2839 2418 immundum
2898 2364 3023 2419 ﬁeri
3071 2365 3371 2418 hominem
3421 2364 3583 2418 etiam
3630 2380 3686 2417 ex
3725 2378 3867 2415 concu-

2257 2453 2380 2506 bitu
2414 2453 2720 2524 conjugali,
2753 2469 2925 2524 quem
2948 2454 3112 2523 jubet
3140 2454 3379 2524 quidem
3421 2453 3587 2507 lavari
3630 2469 3768 2523 aqua,
3805 2449 3869 2503 sed

2259 2545 2316 2594 et
2342 2541 2523 2593 lotum
2562 2540 2698 2593 dicit
2739 2539 3106 2593 immundum
3149 2555 3272 2593 esse
3317 2555 3494 2610 usque
3540 2539 3604 2592 ad
3651 2553 3866 2607 vesperam

2259 2627 2405 2696 (Leo.
2465 2643 2556 2694 xv,
2611 2628 2711 2696 16);
2774 2628 2923 2681 unde
2974 2627 3111 2694 dixi,
3162 2630 3494 2696 Consequens
3537 2629 3691 2692 fuisse
3729 2631 3774 2677 ut
3807 2629 3868 2675 aut

2257 2717 2530 2770 continens
2559 2721 2713 2785 esset,
2745 2732 2817 2770 au
2847 2717 3031 2771 diebus
3061 2718 3341 2786 aliquibus
3391 2719 3787 2770 intermitteretur
3809 2716 3867 2766 in-

2257 2819 2468 2858 censum
2498 2805 2717 2872 (Quwst.
2752 2805 2840 2875 82)
2872 2822 2885 2860 :
2921 2823 3036 2860 non
3069 2807 3198 2861 vide
3230 2824 3351 2861 non
3381 2808 3545 2861 fuisse
3573 2819 3868 2876 consequens.

2257 2895 2451 2947 Potest
2477 2893 2632 2947 enim
2661 2893 2738 2947 sic
2767 2893 3008 2964 intelligi
3039 2896 3191 2965 quod
3241 2896 3518 2968 scriptum
3561 2900 3654 2960 est,
3697 2896 3866 2948 Immun-

2255 2982 2358 3036 dus
2387 2984 2491 3036 erit
2523 2998 2686 3050 uSque
2710 2982 2784 3036 ad
2815 2999 3112 3054 vesperam,
3143 2989 3201 3038 ut
3230 3002 3341 3056 per
3387 2985 3564 3056 ipsam
3605 2981 3865 3052 vesperam‘

2249 3071 2370 3141 jam
2401 3087 2518 3124 non
2565 3076 2708 3124 esset
2753 3071 3099 3135 immundus,
3149 3074 3246 3128 sed
3293 3091 3472 3146 usque
3517 3073 3582 3127 ad
3632 3072 3796 3142 ipsam,
3827 3071 3868 3120 ut

2253 3159 2575 3228 vespertino
2600 3159 2721 3230 jam
2767 3163 3021 3231 tempore
3065 3161 3364 3216 incensum
3411 3162 3640 3216 mundus
3684 3159 3864 3217 ollerret,

2253 3263 2382 3301 cum
2410 3252 2645 3318 propter
2673 3250 2944 3303 creandos
2963 3249 3113 3303 ﬁlios
3133 3255 3264 3320 post
3284 3251 3617 3304 matutinum
3641 3247 3864 3300 incensum

2253 3336 2463 3390 mixtus
2494 3344 2640 3391 esset
2671 3337 2850 3392 uxori.
2885 3340 3138 3409 Itemque
3182 3339 3287 3393 ubi
3332 3339 3619 3410 quaesitum
3663 3339 3731 3388 est
3767 3348 3866 3403 quo-

2253 3425 2422 3479 modo
2468 3426 2786 3496 prohibitus
2831 3432 2979 3481 esset
3025 3443 3197 3498 super
3242 3429 3416 3481 funus
3462 3424 3630 3496 patris
3673 3417 3864 3475 sacerdos

2252 3529 2508 3566 summus
2539 3514 2748 3567 intrare
2772 3515 2961 3583 (Leuit.
2991 3531 3103 3582 xxx,
3141 3516 3247 3581 Η),
3288 3532 3417 3569 cum
3449 3530 3573 3568 eum
3601 3510 3707 3566 ﬁeri
3733 3522 3862 3562 sacer-

2252 3602 2441 3655 dotem
2467 3602 2724 3673 (quando
2753 3619 2902 3657 unus
2928 3605 3090 3674 erat),
3139 3603 3250 3658 nisi
3303 3609 3433 3674 post
3477 3607 3698 3656 mortem
3733 3609 3861 3650 sacer-

2251 3689 2398 3742 dotis
2429 3688 2604 3760 patris
2633 3705 2747 3743 non
2779 3694 3094 3760 oporteret;
3147 3690 3266 3744 dixi
3294 3708 3307 3744 :
3341 3693 3558 3759 Propter
3595 3689 3679 3741 hoc
3716 3694 3862 3737 necesse

2246 3780 2438 3844 fuisse,
2470 3778 2713 3833 nondum
2739 3780 2944 3848 sepulto
2973 3785 3130 3847 patre
3157 3781 3349 3834 statim
3375 3782 3494 3849 post
3539 3778 3641 3846 ejus
3683 3779 3859 3829 mortem.

2245 3867 2418 3935 ﬁlium
2442 3867 2558 3935 ejus
2585 3869 2858 3935 constitui,
2892 3869 2988 3935 qui
3015 3868 3320 3922 succederet
3338 3869 3514 3937 patri;
3534 3870 3730 3935 propter
3748 3860 3859 3913 etiam

2246 3957 2667 4010 continuationis
2709 3957 3002 4026 incensum,
3035 3957 3178 4025 quod
3219 3957 3304 4011 bis
3355 3960 3411 4011 in
3458 3957 3541 4010 die
3575 3965 3749 4007 necesse
3781 3947 3861 3999 erat

2246 4044 2431 4112 offerri
2451 4045 2676 4113 (Quaest.
2707 4044 2825 4113 83);
2858 4044 2957 4115 qui
2986 4045 3248 4100 sacerdos
3296 4061 3466 4117 super
3505 4046 3722 4097 mortem
3754 4049 3858 4090 non-

2245 4133 2380 4186 dum
2413 4133 2622 4203 sepulti
2642 4132 2817 4202 patris
2845 4133 3182 4202 prohibetur
3206 4133 3440 4188 intrare.
3473 4133 3570 4188 Sed
3599 4142 3768 4201 parum
3802 4126 3858 4174 at-

2244 4223 2418 4288 tendi,
2455 4224 2708 4294 potuisse
2754 4224 2863 4278 hoc
2890 4224 3128 4294 principi
3171 4225 3357 4296 magis
3405 4227 3622 4296 propter
3656 4220 3759 4272 illos
3793 4208 3857 4282 qui

2244 4312 2422 4366 futuri
2449 4313 2676 4366 fuerant
2692 4313 2900 4366 summi
2918 4313 3261 4380 sacerdotes,
3287 4330 3400 4366 non
3427 4311 3662 4384 patribus
3680 4299 3857 4358 summis

2244 4398 2629 4454 sacerdotibus
2660 4401 3043 4462 succedentes,
3093 4401 3191 4455 sed
3235 4406 3426 4454 tamen
3474 4416 3538 4453 ex
3578 4396 3708 4460 ﬁliis,
3733 4391 3778 4444 id
3801 4390 3858 4439 est

2243 4502 2312 4540 ex
2363 4488 2604 4557 posteris
2652 4492 2863 4554 Aaron,
2909 4490 2956 4542 si
3003 4490 3144 4544 forte
3199 4507 3458 4544 summus
3505 4484 3748 4546 sacerdos,
3789 4478 3856 4529 aut

2241 4574 2391 4628 ﬁlios
2422 4592 2536 4630 non
2562 4578 2818 4645 haberet,
2845 4582 2945 4632 aut
2972 4577 3051 4632 ita
3080 4580 3354 4649 reprobos
3392 4578 3613 4633 haberet
3638 4576 3692 4626 ut
3715 4565 3856 4623 nullus

2241 4679 2440 4718 eorum
2463 4665 2611 4735 patri
2641 4666 2872 4722 deberet
2898 4667 3198 4722 succedere
3231 4684 3244 4723 :
3280 4668 3424 4722 sicut
3454 4662 3659 4722 Samuel
3686 4666 3854 4711 summo

2239 4752 2516 4807 sacerdoti
2547 4755 2671 4808 Ileli
2721 4755 2988 4810 successit
3033 4755 3082 4826 (Ι
3128 4759 3256 4825 Reg.
3323 4758 3394 4828 1);
3447 4770 3569 4808 cum
3618 4737 3854 4804 sacerdotis

2239 4839 2388 4894 ﬁlius
2417 4841 2538 4912 ipse
2569 4859 2686 4896 non
2714 4849 2882 4911 esset,
2917 4845 3013 4899 sed
3060 4850 3254 4899 tamen
3281 4862 3346 4899 ex
3377 4843 3521 4910 ﬁliis,
3551 4842 3648 4896 hoc
3686 4838 3768 4898 est.
3807 4842 3852 4880 ⁸³

2237 4929 2480 4998 posteris
2509 4936 2658 4985 esset
2686 4933 2875 4986 Aaron
2909 4932 3000 5003 (a).

2301 5037 2313 5069 ¹
2348 5036 2409 5084 In
2438 5037 2560 5104 Mss.
2590 5037 2906 5104 quibusdam
2933 5039 3130 5104 et_Am.,
3154 5043 3277 5104 post
3303 5044 3473 5104 ipsam
3499 5025 3851 5098 vesperam-3011

2236 5102 2609 5155 consentanee,
2643 5099 2742 5147 nisi
2777 5101 3123 5150 subaudiatur
3148 5099 3461 5152 inchodtum.

2299 5160 2369 5230 (ᾳ)
2396 5159 2502 5208 Etsi
2525 5175 2633 5209 non
2654 5163 2905 5230 leviasint
2921 5164 3185 5211 rationum
3209 5168 3466 5212 momenta
3485 5161 3674 5230 propter
3686 5158 3851 5230 βιιξιξξξξ

2233 5219 2489 5270 centiores
2511 5237 2777 5272 sacrarum
2803 5225 3109 5274 Litterarum
3138 5230 3439 5275 tractatores
3457 5219 3668 5273 sentiunt
3685 5219 3847 5282 Sanine:

2234 5282 2336 5349 lem
2356 5285 2494 5349 inter
2509 5284 3043 5349 levitassolummodo
3065 5303 3176 5336 esse
3199 5287 3589 5341 numerandum,
3611 5279 3752 5349 utqui
3769 5279 3846 5349 non

2233 5345 2490 5412 oriundus
2516 5347 2582 5412 sit
2603 5362 2662 5395 ex
2678 5333 2884 5396 Aarone
2901 5333 3034 5398 inter
3050 5333 3560 5412 (idéieFoé—ijééih’zitu
3581 5333 3748 5412 i119.)le
3763 5333 3844 5412 ἓξὲξ

2232 5409 2408 5476 tamen
2431 5408 2665 5476 plerique
2676 5415 2913 5476 veterum
2926 5402 3111 5476 cuuis.
3123 5413 3420 5476 Augustino
3432 5402 3842 5476 sacerdotalelmll‘l’f’

2233 5456 2540 5581 dignitaitgm
2556 5456 3306 5581 fecribiiﬁtEEy-p—rflipist:35
3317 5456 3558 5523 fatisia.
3574 5469 3622 5516 in
3637 5461 3746 5512 Psal.
3765 5456 3841 5507 1181

2234 5545 2390 5580 serui.
2489 5567 2501 5581 .
2537 5547 2564 5581 e
2591 5549 2634 5581 c.

2234 5545 2390 5580 serni.
2427 5538 2501 5591 18,
2537 5538 2634 5582 etc.
