4028 6174
99 310 212 358 653
1540 313 1753 369 LIBER

164 432 216 481 3.
266 428 347 481 De
393 429 612 481 latrone
660 428 833 483 etiam
876 429 967 483 cui
1002 431 1217 486 dictum
1246 436 1348 500 est,
1382 435 1553 489 Hodie
1591 452 1801 491 mecum

85 519 199 570 eris
230 520 291 570 in
318 517 585 586 paradiso
618 518 761 587 (Luc.
802 535 957 585 xxm,
985 522 1100 589 43),
1125 520 1298 590 [quod
1329 539 1445 576 non
1476 524 1644 578 fuerit
1666 526 1801 578 visi-

90 604 296 659 biliter
327 605 659 674 baptizatus,
684 606 847 677 quasi
864 612 1083 661 certum
1106 611 1269 679 posui
1290 612 1504 679 (Quaest.
1536 615 1645 683 84),
1672 630 1802 667 cum

96 695 173 747 sit
199 694 501 760 incertum,
534 695 831 766 magisque
880 697 1045 750 illum
1086 698 1439 767 baptizatum
1466 701 1639 755 fuisse
1683 718 1802 756 cre-

93 783 359 837 dendum
390 784 477 843 sit,
506 784 651 837 sicut
680 801 785 854 ego
811 802 1037 855 quoque
1079 786 1215 840 alibi
1246 793 1446 856 postea
1494 788 1799 859 disputavi.

88 873 237 925 Item
272 872 429 943 quod
460 872 518 926 in
550 873 751 944 quinto
794 874 936 927 libro
970 874 1106 940 dixi,
1155 876 1249 928 ubi
1279 882 1807 931 commemorantur

92 965 318 1014 matres
364 961 425 1015 in
455 962 913 1032 generationibus
944 964 1300 1033 evangelicis,
1334 982 1439 1019 non
1476 982 1565 1020 eas
1594 968 1804 1035 positas

92 1053 210 1104 nisi
263 1066 387 1105 cum
438 1052 686 1121 patribus
718 1052 934 1121 (Quaest.
969 1057 1056 1118 46,
1087 1070 1143 1108 η.
1199 1055 1275 1125 2),
1318 1071 1517 1109 verum
1570 1060 1654 1109 est
1674 1055 1802 1125 qui-

93 1139 256 1207 dem,
292 1140 395 1194 sed
426 1141 495 1194 ad
526 1158 645 1195 rem
676 1141 745 1195 de
772 1158 886 1212 qua
914 1142 1189 1213 agebatur
1217 1160 1336 1197 non
1366 1143 1632 1213 pertinet.
1658 1148 1805 1214 Age-

88 1229 269 1282 batur
300 1234 495 1283 autem
523 1231 591 1284 de
629 1230 699 1283 iis
727 1232 827 1301 qui
867 1232 1149 1285 ducebant
1178 1232 1420 1286 fratrum
1448 1234 1534 1285 vel
1568 1232 1807 1302 propin-

92 1336 357 1390 quorum
380 1320 670 1391 conjuges,
692 1337 889 1374 eorum
918 1321 1017 1391 qui
1038 1322 1159 1374 sine
1182 1322 1315 1374 filiis
1330 1322 1580 1375 defuncti
1599 1326 1807 1390 essent,

93 1412 343 1479 propter
364 1408 505 1463 duos
525 1414 714 1479 patres
736 1410 960 1480 Ioseph,
980 1427 1227 1481 quorum
1244 1412 1489 1464 alterum
1514 1411 1810 1465 Matthzeus

90 1502 522 1552 commemorat
564 1500 806 1552 alterum
839 1501 1038 1553 Lucas.
1082 1502 1157 1553 De
1186 1516 1296 1570 qua
1325 1500 1641 1571 quiestione
1680 1499 1809 1553 dili-

91 1591 312 1655 genter
339 1587 399 1639 in
426 1587 530 1640 hoc
559 1604 731 1657 opere
758 1588 1017 1653 disserui,
1050 1604 1179 1641 cum
1206 1593 1642 1642 retractaremus
1662 1605 1809 1658 opus

90 1680 370 1728 nostrum
410 1680 605 1729 contra
638 1677 905 1730 Faustum
952 1677 1355 1731 manichaaum.
1404 1679 1516 1731 Hoc
1546 1693 1688 1746 opus
1731 1676 1811 1730 sic

90 1764 311 1833 incipit
333 1780 345 1818 ε
371 1766 512 1819 Cum
537 1766 851 1835 Scripturas
881 1771 1117 1833 sanctas,
1152 1784 1270 1836 qua?
1292 1768 1644 1836 appellantur
1695 1768 1809 1821 Ca-

89 1868 125 1905 τι
132 1868 331 1907 οηῑοεε.

761 1944 986 1998 CAPUT
1028 1944 1161 1997 LVI.

334 2051 410 2102 De
440 2049 645 2103 Anima
673 2054 723 2103 et
759 2050 874 2119 ejus
897 2050 1138 2117 Origine,
1176 2049 1305 2103 libri
1333 2053 1585 2118 quatuor.

174 2154 391 2209 Eodem
419 2159 696 2225 tempore,
716 2156 950 2226 quidam
970 2156 1297 2211 Vincentius
1321 2156 1511 2210 Victor
1552 2156 1611 2210 in
1661 2157 1809 2211 Mau-

94 2244 320 2299 ritania
351 2244 681 2298 Caesariensi
712 2244 926 2299 invenit
967 2246 1121 2315 apud
1152 2244 1467 2315 Hispanum
1498 2246 1809 2316 quemdam

92 2333 507 2404 presbyterum
549 2335 805 2402 Petrum,
836 2336 1180 2388 nonnullum
1221 2335 1559 2404 opusculum
1591 2350 1807 2395 meum,

92 2423 205 2476 ubi
237 2422 493 2493 quodam
524 2423 648 2476 loco
673 2423 739 2476 de
776 2422 998 2492 origine
1030 2423 1236 2477 animae
1266 2422 1566 2476 hominum
1616 2422 1810 2491 singu-

94 2513 320 2577 lorum,
354 2514 547 2564 utrum
570 2512 749 2565 exilia
779 2528 895 2565 una
924 2511 1095 2580 primi
1120 2512 1393 2573 hominis,
1422 2529 1485 2565 ac
1507 2511 1714 2565 deinde
1744 2528 1810 2565 ex

93 2600 443 2671 parentibus
490 2604 896 2670 prepagentur,
950 2617 1021 2653 an
1064 2600 1207 2654 sicut
1246 2600 1328 2653 illi
1368 2601 1471 2654 uni
1528 2600 1649 2653 sine
1694 2601 1810 2654 ulla

94 2689 524 2760 propagatione
547 2689 785 2760 singula:
807 2688 1042 2759 singulis
1067 2690 1290 2754 dentur,
1317 2706 1407 2743 me
1431 2688 1649 2743 nescire
1680 2706 1811 2742 con-

94 2780 288 2833 fessus
317 2794 478 2843 sum;
524 2782 918 2831 verumtamen
965 2777 1107 2831 scire
1156 2777 1409 2831 animam
1439 2794 1556 2831 non
1602 2765 1808 2847 corpus

97 2885 247 2933 esse,
301 2867 402 2920 sed
451 2867 738 2936 spiritum.
776 2868 841 2921 Et
883 2871 1078 2920 contra
1107 2866 1215 2920 ista
1251 2857 1380 2921 mea
1422 2867 1493 2920 ad
1541 2867 1809 2920 eumdem

98 2960 345 3011 Petrum
378 2955 599 3027 scripsit
628 2956 723 3009 ille
746 2956 887 3010 duos
908 2955 1100 3021 libros,
1130 2972 1272 3025 quos
1298 2955 1440 3009 mihi
1463 2955 1531 3009 de
1556 2956 1810 3009 Caesarea

100 3050 367 3102 Renatus
398 3046 713 3099 monachus
742 3044 915 3099 misit.
949 3044 1162 3108 Quibus
1211 3060 1314 3115 ego
1346 3044 1518 3105 lectis,
1569 3060 1806 3113 respon-

99 3137 268 3189 sione
307 3150 435 3188 mea
462 3138 705 3204 quatuor
734 3133 985 3201 reddidi;
1030 3150 1213 3187 unum
1242 3133 1313 3186 ad
1361 3134 1644 3187 Renatum
1692 3150 1811 3187 mo-

98 3225 381 3287 nachum,
429 3223 675 3275 alterum
725 3222 794 3276 ad
838 3224 1233 3293 presbyterum
1276 3224 1530 3287 Petrum,
1580 3227 1637 3276 et
1666 3222 1809 3276 duos

99 3316 169 3368 ad
204 3312 487 3367 eumdem
520 3311 819 3365 Victorem.
848 3312 954 3365 Sed
997 3312 1069 3365 ad
1094 3314 1358 3381 Petrum,
1401 3310 1659 3381 quamvis
1708 3311 1809 3363 ha-

99 3404 234 3457 beat
266 3401 404 3455 libri
429 3400 835 3471 prolixitatem,
856 3404 1047 3453 tamen
1079 3400 1317 3470 epistola
1346 3404 1623 3469 estquam
1653 3397 1811 3452 nolui

101 3510 130 3546 a
158 3491 356 3545 tribus
404 3487 620 3542 czeteris
663 3488 933 3559 separari.
969 3490 1031 3541 In
1080 3487 1149 3541 iis
1179 3493 1370 3542 autem
1413 3488 1700 3555 omnibus,
1750 3488 1811 3542 in

99 3581 316 3651 quibus
346 3578 528 3633 multa
574 3577 884 3631 necessaria
914 3576 1286 3643 disseruntur,
1336 3578 1561 3631 defendi
1605 3577 1672 3629 de
1703 3576 1810 3629 ori-

102 3670 236 3741 gine
269 3667 622 3733 animarum,
657 3683 784 3738 qua:
813 3666 1049 3736 singulis
1078 3666 1404 3719 hominibus
1428 3666 1652 3729 dantur,
1678 3682 1811 3719 cun-

102 3758 418 3813 ctationem
452 3773 661 3823 meam,
708 3760 763 3809 et
811 3756 1017 3809 multos
1049 3770 1268 3807 errores
1307 3758 1477 3825 atque
1508 3753 1811 3824 pravitates

102 3845 575 3919 praesumptionis
622 3845 744 3915 ejus
791 3843 1031 3898 ostendi.
1075 3844 1255 3906 Quem
1304 3848 1495 3897 tamen
1542 3843 1811 3913 juvenem

102 3954 221 3991 non
270 3951 642 4006 prmpropere
686 3932 1106 4000 detestandum,
1138 3932 1233 3986 sed
1264 3932 1449 3985 adhuc
1494 3931 1812 3985 docendum

105 4031 327 4097 quanta
355 4024 521 4094 potui
548 4022 775 4076 lenitate
810 4021 1063 4089 tractavi,
1098 4025 1152 4075 et
1183 4022 1249 4075 ab
1282 4038 1346 4074 eo
1379 4020 1649 4090 rescripta
1695 4037 1814 4097 cor-

106 4114 381 4170 rectionis
413 4113 533 4182 ejus
559 4110 767 4181 accepi.
806 4112 985 4181 Hujus
1033 4110 1221 4180 operis
1249 4110 1395 4164 liber
1426 4110 1495 4162 ad
1529 4110 1811 4162 ltenatum

105 4206 183 4258 sic
232 4202 478 4274 incipit:
537 4203 910 4256 Sinceritatem
958 4205 1105 4253 tuam
1149 4215 1277 4265 erga
1298 4214 1410 4251 nos.
1446 4198 1531 4250 Ad
1580 4199 1811 4251 Petrum

106 4300 302 4347 autem
336 4291 449 4344 sic:
476 4293 696 4344 Domino
722 4290 1070 4343 dilectissimo
1098 4289 1290 4354 fratri,
1314 4292 1362 4339 ct
1392 4286 1812 4354 compresbytcro

106 4386 285 4437 Petro.
340 4381 596 4435 Duorum
658 4395 788 4433 vero
829 4377 1272 4431 novissimorum
1322 4375 1393 4428 ad
1455 4374 1813 4428 Vincentium

108 4472 402 4525 Victorem
427 4469 650 4538 primus
677 4468 754 4521 sic
775 4466 1004 4537 incipit:
1038 4466 1190 4532 Quod
1220 4466 1357 4519 mihi
1389 4464 1464 4518 ad
1495 4468 1542 4518 te
1572 4463 1811 4517 scriben-

108 4562 238 4615 dum
262 4560 477 4630 putavi.

748 4645 973 4699 CAPUT
1020 4644 1179 4697 LVII.

174 4738 274 4793 Ad
304 4736 646 4800 Pollentium,
680 4734 744 4788 de
770 4734 810 4788 Α
824 4734 1112 4787 dultcrinis
1142 4731 1441 4801 Conjugiis,
1470 4732 1598 4785 libri
1612 4731 1737 4785 duo.

172 4843 395 4914 Scripsi
436 4842 576 4896 duos
607 4842 779 4896 libros
804 4841 872 4895 de
904 4839 1203 4910 Conjugiis
1232 4838 1606 4908 Adulterinis,
1634 4854 1812 4909 quan-

106 4938 230 4988 tum
262 4932 434 5004 potui
462 4931 775 4986 secundum
804 4930 1145 4999 Scripturas,
1177 4928 1413 4998 cupiens
1438 4929 1651 4981 solvere
1674 4927 1811 4981 diffi-

106 5023 387 5077 cillimam
418 5020 812 5092 quaestionem.
846 5019 1009 5083 Quod
1053 5023 1248 5071 utrum
1279 5017 1678 5072 enodatissime
1727 5016 1811 5069 fe-

108 5112 312 5178 cerim,
346 5110 566 5177 nescio;
603 5109 717 5162 imo
757 5123 891 5161 vero
922 5124 1038 5161 non
1074 5123 1167 5161 me
1195 5106 1520 5178 pervenisse
1552 5105 1620 5158 ad
1646 5104 1815 5173 hujus

109 5203 191 5256 rei
244 5200 658 5273 perfectionem
698 5197 902 5263 sentio,
947 5195 1205 5266 quamvis
1234 5195 1445 5249 multos
1490 5194 1647 5247 sinus
1694 5192 1815 5261 ejus

112 5288 465 5360 aperuerim,
489 5287 643 5358 quod
666 5286 914 5357 judicare
930 5285 1139 5354 poterit
1160 5283 1417 5355 quisquis
1435 5280 1818 5350 iutelligentcr

113 5378 273 5449 legit.
312 5378 491 5447 Hujus
541 5375 729 5445 operis
778 5374 997 5444 primus
1043 5373 1189 5427 liber
1232 5372 1310 5425 sic
1351 5370 1582 5441 incipit:
1634 5370 1817 5422 Prima

113 5469 343 5535 quaestio
373 5470 472 5527 est,
494 5467 673 5531 frater
704 5464 1048 5517 dilectissime
1085 5461 1330 5515 Pollenti.
1374 5457 1666 5514 Secundus
1715 5472 1815 5510 au-

117 5562 233 5609 tem
263 5555 373 5610 sic:
416 5553 506 5609 Ad
521 5569 583 5607 ea
614 5569 731 5622 qua:
761 5554 898 5607 mihi
926 5551 1242 5618 scripseras.

1811 316 2194 373 SECUNDUS.

3514 344 3612 392 osi

2540 449 2766 506 CAPUT
2807 453 2991 507 LVIII.

1910 566 2105 621 Contra
2154 569 2547 626 Adversarium
2587 576 2743 643 Legis
2773 582 2821 629 et
2852 578 3263 648 ProPhetarum,
3295 580 3426 634 libri
3475 583 3601 637 duo.

1982 692 2205 745 Interea
2234 692 2376 747 liber
2422 696 2657 766 quidam
2697 698 2990 767 cujusdam
3019 701 3275 756 haeretici
3304 702 3415 757 sive
3462 706 3607 757 Mar-

1912 779 2188 845 cionistaa,
2215 781 2330 835 sive
2352 784 2651 853 cujuslibet
2675 803 2873 840 eorum
2897 805 3140 858 quorum
3162 807 3323 843 error
3339 792 3611 861 opinatur

1910 869 2063 936 quod
2088 870 2259 925 istum
2290 873 2572 928 mundum
2602 892 2719 929 non
2767 879 2913 931 Deus
2944 878 3154 939 fecerit,
3188 896 3291 933 nec
3324 881 3471 934 Deus
3503 882 3607 935 Le-

1913 957 2001 1027 gis
2036 974 2165 1028 quae
2210 961 2341 1015 data
2384 966 2468 1016 est
2522 981 2623 1034 per
2670 966 2921 1036 Moysen,
2969 972 3025 1021 et
3072 968 3488 1037 Prophetarum
3533 971 3598 1023 ad

1915 1048 2176 1102 eamdem
2225 1051 2428 1120 Legem
2473 1054 2902 1121 pertinentium,
2955 1072 3120 1109 verus
3172 1057 3245 1110 sit
3293 1059 3456 1123 Deus,
3502 1058 3602 1111 sed

1915 1137 2194 1206 pessimus
2242 1140 2507 1208 daemon;
2556 1159 2687 1196 cum
2733 1144 2884 1213 apud
2946 1144 3349 1213 Carthaginem
3420 1146 3614 1199 multis

1917 1227 2333 1283 confluentibus
2382 1235 2438 1283 et
2478 1233 2852 1286 attentissime
2903 1234 3287 1300 audientibus,
3332 1236 3391 1287 in
3432 1237 3618 1305 platea

1917 1315 2205 1369 maritima
2232 1317 2538 1387 legeretur,
2572 1326 2957 1388 pervenerunt
2986 1322 3054 1374 ad
3085 1338 3216 1375 eum
3267 1323 3467 1375 fratres
3497 1328 3614 1376 stu-

1920 1402 2237 1458 diosissime
2277 1405 2591 1472 christiani,
2653 1424 2901 1478 eumque
2952 1408 3093 1461 mihi
3158 1410 3613 1478 redarguendum

1918 1490 2041 1544 sine
2060 1493 2177 1545 ulla
2207 1493 2480 1548 dilatione
2511 1495 2810 1559 miserunt,
2836 1497 3083 1549 multum
3114 1502 3399 1566 rogantes,
3431 1503 3618 1552 utnec

1920 1596 2024 1649 ego
2045 1582 2389 1651 respondere
2419 1583 2733 1639 differrem.
2775 1584 2976 1638 Refelli
3007 1601 3139 1638 eum
3170 1586 3330 1638 libris
3370 1586 3614 1653 duobus,

1919 1684 2060 1738 quos
2104 1670 2230 1724 ideo
2260 1672 2594 1742 prmnotavi,
2644 1674 2853 1727 Contra
2902 1674 3302 1727 Adversarium
3356 1676 3517 1745 Legis
3561 1680 3619 1730 et

1919 1759 2356 1828 Prophetarum,
2384 1762 2519 1831 quia
2546 1762 2718 1815 codex
2749 1762 2866 1832 ipse
2908 1762 3007 1832 qui
3028 1762 3237 1816 missus
3264 1766 3383 1829 est,’
3401 1780 3613 1818 nomen

1920 1862 2030 1901 non
2072 1847 2316 1902 habebat
2362 1850 2632 1905 auctoris.
2685 1851 2798 1903 Hoc
2850 1867 2991 1919 opus
3036 1851 3114 1904 sic
3158 1850 3394 1921 incipit:
3452 1853 3613 1905 Libro

1920 1950 2074 2003 quem
2096 1938 2340 2005 misistis,
2371 1940 2573 2004 fratres
2605 1938 2962 1993 dilectissimi.

2571 2082 2794 2136 CAPUT
2821 2083 2947 2136 LIX.

1921 2186 2119 2241 Contra
2148 2188 2511 2243 Gaudentium
2540 2192 2948 2244 Donatistarum
2976 2192 3284 2260 episcopum
3311 2193 3440 2247 libri
3487 2193 3612 2247 duo.

1990 2311 2098 2363 Per
2118 2310 2270 2365 idem
2299 2316 2524 2383 tempus
2546 2312 2821 2366 Dulcitius
2852 2313 3116 2367 tribunus
3148 2318 3203 2368 et
3233 2315 3483 2369 notarius
3525 2316 3616 2369 hic

1920 2402 2041 2452 erat
2070 2399 2127 2452 in
2158 2400 2342 2453 Africa
2368 2405 2663 2454 exsecutor
2703 2401 3091 2471 imperialium
3125 2404 3452 2473 jussionum
3482 2421 3619 2458 con-

1919 2491 2007 2540 tra
2041 2488 2359 2542 Donatistas
2388 2490 2669 2544 datarum.
2706 2490 2812 2554 Qui
2851 2508 2980 2545 cum
3003 2492 3248 2547 dedisset
3280 2493 3494 2547 litteras
3545 2495 3617 2547 ad

1921 2576 2303 2631 Gaudentium
2322 2579 2815 2647 Tamugadensem
2839 2580 3255 2634 Donatistarum
3276 2581 3619 2652 episcopum,

1918 2682 2099 2719 unum
2140 2665 2367 2719 illorum
2399 2672 2616 2736 septem
2649 2683 2791 2737 quos
2821 2668 2880 2721 in
2927 2673 3121 2721 nostra
3170 2670 3476 2723 collatione
3528 2688 3623 2723 au-

1919 2760 2101 2808 ctores
2148 2770 2263 2807 suae
2312 2754 2659 2808 defensionis
2703 2756 2990 2825 elegerant
3037 2757 3339 2810 exhortans
3380 2773 3511 2810 eum
3552 2759 3622 2810 ad

1919 2842 2193 2897 unitatem
2216 2843 2571 2910 catholicam,
2601 2848 2655 2896 et
2683 2843 3017 2896 dissuadens
3046 2844 3375 2898 incendium
3404 2862 3518 2914 quo
3562 2861 3620 2899 se

1920 2948 1982 2985 ac
2011 2948 2143 2984 suos
2172 2947 2300 2984 cum
2326 2931 2448 3000 ipsa
2467 2931 2528 2984 in
2558 2948 2671 3002 qua
2692 2936 2809 2985 erat
2833 2932 3128 2986 ecclesiam
3160 2949 3497 2986 consumere
3520 2932 3623 2985 mi-

1918 3021 2182 3088 nabatur,
2213 3020 2428 3073 addens
2460 3020 2634 3073 etiam
2663 3024 2729 3074 ut
2759 3020 2805 3073 si
2831 3037 2887 3074 se
2911 3021 3095 3091 justos
3117 3025 3410 3091 putarent,
3462 3020 3623 3090 fuge-

1919 3113 2046 3162 rent
2061 3107 2252 3177 potius
2266 3108 2581 3161 secundum
2595 3113 2945 3179 praeceptum
2966 3108 3193 3163 Domini
3226 3108 3433 3163 Christi
3448 3124 3623 3179 quam

1918 3197 2179 3251 nefandis
2236 3213 2293 3249 se
2346 3196 2574 3267 ignibus
2635 3202 3101 3264 concremarent;
3148 3197 3443 3268 rescripsit
3510 3197 3624 3267 epi-

1920 3286 2087 3340 stolas
2134 3286 2302 3339 duas:
2352 3302 2525 3339 unam
2570 3286 2821 3351 brevem,
2853 3285 3192 3355 festinante,
3252 3291 3314 3340 ut
3358 3285 3619 3351 asseruit,

1919 3375 2233 3445 perlatore;
2269 3374 2438 3427 aliam
2469 3375 2769 3445 prolixam,
2800 3374 2962 3444 quasi
3003 3374 3229 3444 plenius
3270 3374 3623 3444 diligentius-

1922 3480 2030 3533 que
2068 3464 2440 3534 respOndens.
2476 3466 2585 3517 Has
2617 3464 2758 3516 mihi
2789 3481 2959 3535 supra
2992 3464 3622 3517 memoratustribunus

1920 3553 2261 3607 existimavit
2308 3552 2630 3617 mittendas,
2662 3557 2725 3605 ut
2750 3568 2844 3603 eas
2873 3551 3063 3620 potius
3090 3552 3209 3621 ipse
3258 3551 3612 3614 refellerem;

1918 3659 2060 3713 quas
2092 3644 2286 3697 ambas
2314 3659 2425 3695 uno
2460 3641 2602 3695 libro
2635 3640 2921 3710 redargui.
2956 3641 3063 3704 Qui
3095 3657 3225 3693 cum
3258 3640 3317 3693 in
3358 3638 3619 3709 ejusdem

1920 3732 2222 3787 Gaudentii
2252 3729 2603 3800 pervenisset
2635 3744 2856 3793 manus,
2876 3727 3166 3796 rescripsit
3188 3727 3341 3797 quod
3369 3727 3420 3779 ei
3440 3726 3621 3779 visum

1922 3826 2004 3875 est
2030 3821 2100 3875 ad
2130 3821 2433 3891 meipsum,
2459 3818 2617 3871 nulla
2643 3816 2865 3871 ratione
2910 3816 3281 3886 respondens,
3313 3815 3412 3869 sed
3444 3814 3624 3885 magis

1921 3926 1980 3964 se
2031 3925 2134 3963 nec
2181 3908 2548 3978 respondere,
2602 3921 2707 3959 nec
2761 3908 2949 3958 tacere
2995 3904 3250 3974 potuisse
3307 3903 3619 3958 declarans.

1920 3999 2079 4062 Quod
2113 4014 2243 4051 cum
2273 3996 2409 4051 satis
2438 3999 2629 4066 posset
2651 3994 3042 4064 iutelligentcr
3067 3993 3406 4064 legentibus,
3442 3995 3497 4046 et
3526 4008 3625 4045 no-

1923 4094 2039 4141 stra
2067 4091 2236 4157 atque
2273 4085 2454 4156 ipsius
2485 4084 2635 4138 dicta
2665 4083 3088 4137 conferentibus
3116 4098 3414 4154 apparere,
3464 4080 3625 4133 nolui

1922 4181 2114 4230 tamen
2146 4174 2266 4229 sine
2296 4174 2573 4243 rescripto
2620 4172 2943 4242 relinquere
2998 4170 3272 4241 quidquid
3306 4169 3448 4222 illud
3489 4167 3618 4223 fuit.

1923 4264 2061 4317 Hinc
2081 4264 2294 4317 factum
2321 4266 2407 4315 est
2432 4266 2494 4314 ut
2522 4260 2583 4312 hi
2612 4260 2792 4313 nostri
2826 4259 2894 4311 ad
2928 4258 3091 4311 illum
3112 4259 3223 4310 duo
3258 4256 3385 4308 libri
3408 4259 3619 4309 essent.

1923 4354 2035 4406 Hoc
2065 4369 2208 4423 opus
2238 4351 2316 4405 sic
2354 4349 2580 4421 incipit:
2613 4349 2948 4405 Gaudentius
2988 4349 3397 4402 Donatistarum
3431 4347 3622 4398 Tumu-

1921 4440 2171 4507 gadcnsis
2201 4440 2497 4509 episcopus.

2581 4579 2804 4633 CAPUT
2847 4578 2949 4631 LX.

2313 4708 2521 4759 Contra
2551 4704 2913 4769 Mendacium,
2938 4698 3072 4753 liber
3104 4713 3260 4751 unus.

1992 4833 2146 4886 Tunc
2211 4834 2267 4883 et
2313 4832 2506 4883 contra
2550 4822 2912 4879 mendacium
2956 4821 3154 4890 scripsi
3183 4821 3405 4885 librum
3456 4822 3620 4893 cujus

1923 4920 2109 4991 operis
2136 4935 2201 4973 ea
2224 4935 2393 4971 causa
2422 4914 2651 4979 exstitit,
2683 4911 2835 4982 quod
2864 4912 2932 4965 ad
2962 4909 3415 4964 Priscillianistas
3440 4911 3616 4964 hazre-

1922 5009 2063 5064 ticos
2089 5006 2468 5077 vestigandos,
2518 5002 2618 5074 qui
2646 5000 2910 5055 hagresim
2950 5016 3115 5054 suam
3145 5016 3258 5053 non
3288 5001 3469 5053 solum
3518 5016 3617 5053 ne-

1924 5098 2111 5169 gando
2143 5101 2311 5167 atque
2342 5092 2691 5156 mentiendo,
2720 5106 2919 5144 verum
2951 5090 3123 5144 etiam
3162 5089 3471 5161 pejerando
3502 5088 3621 5141 exi-

1925 5186 2158 5241 stimant
2185 5182 2573 5245 occulendam,
2621 5179 2803 5233 visum
2833 5183 2917 5231 est
2948 5178 3292 5250 quibusdam
3333 5175 3622 5229 catholicis

1926 5272 2373 5329 Priscillianistas
2398 5285 2457 5322 se
2486 5268 2691 5322 debere
2732 5266 3022 5330 simulare,
3058 5270 3121 5319 ut
3145 5280 3346 5318 eorum
3378 5262 3623 5315 latebras

1926 5363 2317 5434 penetrarent.
2366 5357 2529 5421 Quod
2559 5372 2663 5425 ego
2694 5354 2819 5408 ﬁeri
2849 5354 3178 5425 prohibens,
3212 5352 3361 5403 hunc
3412 5349 3619 5401 librum

1927 5449 2172 5506 condidi.
2226 5447 2324 5502 Hic
2376 5446 2520 5499 liber
2575 5445 2652 5497 sic
2705 5444 2937 5514 incipit:
2992 5443 3162 5497 Multa
3215 5440 3350 5491 mihi
3410 5437 3628 5503 legendo

1932 5541 2151 5595 misisti.
