4028 6174
480 301 582 353 6ϋὸ

1106 417 1331 472 CAPUT
1372 417 1506 470 LXI.

474 509 677 564 Contra
712 506 850 560 duas
916 506 1189 574 Epistolas
1243 506 1682 572 Pelagianorum,
1732 502 1865 558 libri
1917 506 2170 571 quatuor.

544 595 873 666 Sequuntur
900 594 1029 649 libri
1051 597 1294 664 quatuor
1321 608 1466 663 quos
1495 595 1695 645 contra
1727 590 1870 645 duas
1904 590 2174 662 epistolas

475 683 910 754 Pelagianorum
939 683 1007 736 ad
1049 682 1379 752 episcopum
1414 681 1687 734 Romanas
1719 679 1975 733 Ecclesia:
2003 677 2173 733 Boui-

469 772 679 826 facium
713 770 947 842 scripsi;
992 770 1127 840 quia
1171 785 1301 824 cum
1350 768 1408 823 in
1439 784 1644 822 manus
1678 767 1801 838 ejus
1850 766 2165 832 venissent,

467 861 588 931 ipse
618 859 761 913 mihi
799 876 893 913 eas
921 858 1172 923 miserat,
1217 857 1518 911 inveniens
1562 856 1621 910 in
1650 855 1764 909 illis
1817 855 2172 911 calumniose

468 947 870 1017 interpositum
916 962 1129 1000 nomen
1180 961 1389 999 meum.
1444 946 1559 999 lloc
1598 960 1743 1016 opus
1790 944 1870 997 sic
1918 943 2169 1015 inicipit:

471 1038 739 1093 Noveram
769 1039 817 1089 te
845 1035 1083 1104 quidem,
1137 1036 1294 1101 fama
1323 1034 1663 1088 celeberrima
1713 1032 2062 1102 praedicante.

1118 1162 1342 1216 CAPUT
1384 1161 1542 1215 LXII.

894 1270 1094 1325 Contra
1120 1268 1419 1333 Iulianum,
1451 1267 1584 1321 libri
1620 1281 1735 1321 sex.

541 1378 766 1431 Interea
791 1374 927 1429 libri
955 1377 1203 1445 quatuor
1230 1372 1441 1426 Juliani
1469 1370 1776 1442 pelagiani,
1803 1387 1946 1442 quos
1992 1385 2167 1441 supra

466 1462 928 1531 commemoravi,
962 1465 1244 1515 venerunt
1281 1460 1455 1515 etiam
1484 1460 1543 1513 in
1575 1475 1778 1513 manus
1808 1463 2065 1524 nostras;
2098 1458 2160 1513 in

471 1551 680 1622 quibus
710 1548 962 1621 comperi
1013 1548 1112 1602 illa
1142 1564 1271 1619 quas
1319 1564 1385 1601 ex
1412 1546 1494 1602 eis
1534 1547 1914 1618 decerpserat,
1966 1545 2067 1618 qui
2105 1562 2174 1601 ea

468 1638 666 1693 comiti
697 1638 918 1694 Valerio
958 1637 1212 1704 miserat,
1264 1653 1382 1691 non
1418 1635 1612 1690 omnia
1641 1652 1708 1690 eo
1761 1635 1935 1690 modo
1977 1651 2091 1706 quo
2137 1650 2172 1688 a

462 1727 687 1781 Juliano
718 1726 865 1781 dicta
892 1730 1045 1792 sunt,
1076 1725 1150 1780 ad
1200 1724 1471 1780 eumdem
1502 1723 1772 1779 comitem
1802 1723 2033 1794 scripta,
2067 1723 2166 1777 sed

468 1816 747 1871 nonnulla
779 1831 976 1869 eorum
1023 1813 1380 1885 aliquantum
1437 1812 1613 1867 inisse
1670 1816 1910 1868 mutata.
1961 1810 2173 1882 Scripsi

470 1921 605 1975 ergo
635 1920 731 1958 sex
767 1904 960 1969 libros,
994 1902 1264 1957 adversus
1292 1902 1418 1956 illos
1449 1905 1731 1971 quatuor;
1761 1900 1860 1955 scd
1905 1916 2173 1955 meorum

465 1994 578 2049 duo
603 1992 796 2063 primi,
857 1991 1201 2046 testimoniis
1231 1995 1558 2045 sanctorum
1586 1989 1687 2061 qui
1718 1989 1892 2044 ﬁdem
1931 1988 2164 2044 catholi-

464 2097 589 2135 cam
618 2085 746 2151 post
765 2080 1065 2151 Apostolus
1093 2079 1494 2139 defenderunt,
1518 2078 1730 2132 Juliani
1750 2076 2170 2147 impudentiam

472 2169 827 2240 redarguunt
855 2167 955 2239 qui
981 2172 1255 2237 tanquam
1287 2166 1730 2226 Manichaeorum
1768 2165 1976 2237 dogma
2004 2165 2170 2220 nobis

467 2256 853 2327 obiiciendum
932 2255 1186 2326 putavit,
1244 2255 1345 2326 qui
1389 2271 1454 2309 ex
1506 2254 1691 2309 Adam
1741 2255 1893 2309 trahi
1926 2254 2169 2310 dicimus

466 2345 747 2415 originale
776 2348 1091 2414 peccatum,
1125 2344 1279 2414 quod
1322 2358 1427 2413 per
1452 2342 1742 2397 lavacrum
1789 2344 2170 2413 regeneratio-

465 2434 577 2501 nis,
606 2450 725 2488 non
748 2434 933 2487 solum
962 2432 1020 2486 in
1049 2432 1387 2502 majoribus,
1405 2446 1607 2486 verum
1631 2431 1803 2486 etiam
1830 2432 1892 2486 in
1916 2433 2170 2503 parvulis

466 2522 723 2578 solvitur.
776 2523 1067 2587 Quantum
1114 2525 1306 2575 autem
1350 2520 1471 2591 ipse
1500 2518 1777 2591 :Julianus
1824 2520 2168 2587 quihusdam

468 2610 765 2666 sententiis
795 2609 911 2663 suis
940 2609 1168 2680 adjuvet
1200 2608 1556 2676 Manichazos,
1587 2608 1645 2661 in
1668 2608 1839 2679 primi
1869 2608 2003 2662 libri
2050 2610 2167 2664 mei

468 2704 632 2771 parte
660 2698 973 2771 posteriore
998 2698 1332 2752 monstravi.
1356 2698 1554 2753 Casteri
1580 2703 1772 2753 autem
1803 2698 2005 2753 mostri
2033 2715 2168 2770 qua-

466 2794 598 2843 tuor
635 2788 955 2843 redduntur
978 2786 1091 2840 illis
1112 2786 1351 2858 singulis
1381 2786 1613 2857 singuli.
1650 2788 1859 2841 Verum
1896 2786 1956 2841 in
1989 2788 2163 2858 hujus

458 2876 605 2933 tanti
652 2880 885 2947 tamque
938 2873 1209 2929 elaborati
1239 2874 1429 2945 operis
1477 2873 1678 2947 quinto
1707 2875 2021 2942 volumine,
2058 2874 2157 2931 ubi

460 2962 908 3019 commemoravi
954 2962 1269 3018 deformem
1307 2962 1580 3018 maritum
1629 2963 1862 3034 conjugi
1900 2980 2040 3030 suae,
2088 2980 2162 3019 ne

462 3053 744 3107 deformes
770 3055 1019 3123 pareret,
1051 3067 1375 3122 proponere
1415 3051 1471 3106 iu
1501 3051 1809 3107 concubitu
1850 3052 2162 3107 formosam

460 3141 641 3194 solere
669 3139 952 3210 picturam
980 3138 1135 3209 (Cap.
1180 3141 1264 3207 14,
1288 3156 1344 3194 n.
1378 3141 1493 3208 51);
1528 3156 1742 3195 nomen
1771 3140 2023 3196 hominis
2055 3141 2159 3213 qui

460 3222 570 3276 hoc
596 3221 781 3276 facere
809 3220 1045 3290 solebat,
1073 3221 1234 3291 quasi
1255 3225 1475 3275 certum
1504 3222 1693 3291 posui,
1725 3239 1856 3277 cum
1884 3222 1957 3277 sit
1984 3223 2161 3277 incer-

459 3313 585 3364 tum
635 3308 771 3379 quia
817 3307 1091 3362 memoria
1119 3324 1211 3362 me
1258 3308 1479 3364 fefellit.
1512 3310 1627 3363 Hoc
1670 3315 1864 3364 autem
1910 3311 2161 3367 Soranus

458 3403 661 3453 auctor
689 3396 987 3452 medicinae
1019 3396 1037 3431 ⁴
1065 3395 1290 3467 scripsit
1317 3413 1514 3466 regem
1546 3397 1816 3469 Cyprium
1844 3398 2029 3455 facere
2059 3418 2157 3455 so-

455 3487 595 3554 lere,
632 3486 733 3541 sed
776 3501 988 3541 nomen
1034 3484 1156 3556 ejus
1207 3484 1507 3556 proprium
1550 3502 1667 3541 non
1713 3487 2010 3558 expressit.
2046 3490 2161 3545 Hoc

454 3591 599 3645 opus
642 3574 721 3628 sic
748 3572 983 3646 incipit:
1019 3574 1380 3631 Contumelias
1419 3578 1542 3629 tuas
1579 3579 1629 3630 et
1657 3575 1820 3631 verba
1864 3576 2155 3642 maledica,

452 3664 710 3719 Juliane.

1090 3769 1315 3823 CAPUT
1343 3768 1525 3823 LXIII.

456 3873 550 3928 Ad
586 3875 963 3939 Laurentium,
1010 3873 1076 3927 de
1101 3874 1256 3943 Fide,
1285 3875 1391 3943 Spe
1420 3880 1471 3930 et
1499 3875 1796 3942 Charitate,
1830 3877 1966 3932 liber
1991 3893 2154 3935 unus.

525 3995 737 4068 Scripsi
785 3995 958 4050 etiam
1006 3996 1218 4050 librum
1273 3997 1342 4051 de
1388 3998 1542 4061 Fide,
1590 3999 1698 4070 Spe
1748 4004 1807 4054 et
1846 4001 2153 4072 Charitate,

454 4103 584 4142 cum
614 4104 648 4141 a
677 4102 791 4152 me,
824 4085 894 4140 ad
925 4101 1095 4156 quem
1126 4085 1369 4157 scriptus
1414 4092 1519 4151 est,
1567 4089 1911 4158 postulasset
1939 4095 2004 4145 ut
2046 4092 2152 4146 ali-

450 4176 606 4247 quod
635 4174 976 4247 opusculum
998 4174 1233 4229 haberet
1263 4191 1457 4229 meum
1485 4175 1554 4229 de
1596 4176 1714 4230 suis
1741 4177 2006 4233 manibus
2036 4196 2153 4235 non

450 4280 839 4319 recessurum:
872 4262 1029 4335 quod
1077 4278 1255 4333 genus
1302 4264 1479 4318 Graeci
1509 4264 1877 4320 Enchiridion
1924 4271 2148 4321 vocant.

450 4354 555 4409 Ubi
585 4353 719 4408 satis
747 4352 1053 4424 diligenter
1079 4351 1221 4405 mihi
1250 4352 1444 4407 videor
1481 4370 1601 4408 esse
1634 4355 1962 4425 complexus
2006 4372 2149 4428 quo-

444 4442 615 4496 modo
645 4441 718 4496 sit
737 4441 1009 4496 colendus
1047 4442 1213 4507 Deus,
1246 4456 1419 4511 quam
1449 4442 1790 4512 sapientiam
1820 4460 1942 4499 esse
1965 4444 2148 4500 homi-

446 4529 535 4583 nis
575 4530 774 4602 utique
814 4546 1007 4584 veram
1038 4527 1232 4583 divina
1277 4527 1569 4598 Scriptura
1600 4529 1818 4586 definit.
1861 4531 1959 4587 Hic
2002 4532 2150 4588 liber

443 4615 523 4668 sic
549 4616 777 4687 incipit:
813 4619 934 4672 Dici
984 4632 1091 4671 non
1132 4620 1310 4684 potest
1337 4613 1703 4684 dilectissime,
1725 4619 1810 4687 ﬁli
1861 4619 2144 4685 Laurenti,

446 4710 711 4772 quantum
739 4710 833 4760 tua
858 4706 1160 4761 eruditione
1190 4704 1433 4759 delecter.

1077 4829 1303 4884 CAPUT
1344 4829 1521 4884 LXIV.

441 4936 517 4991 De
542 4948 674 4989 cura
696 4948 799 5003 pro
837 4936 1061 4990 mortuis
1091 4935 1347 5003 gerenda,
1383 4936 1458 4991 ad
1475 4935 1778 4991 Paulinum
1814 4938 2141 5008 episcopum,

1125 5024 1261 5078 liber
1296 5040 1454 5080 unus.

512 5129 745 5186 Librum
775 5128 844 5184 de
875 5127 1023 5183 Cura
1051 5144 1156 5199 pro
1188 5130 1428 5185 mortuis
1458 5130 1709 5203 gerenda
1739 5130 1958 5203 scripsi,
2009 5147 2141 5186 cum

502 5259 516 5292 1
552 5255 629 5305 lto.
657 5255 806 5304 Mssa
837 5251 1027 5317 quibus
1061 5251 1373 5318 dissidentes
1400 5255 1487 5304 hic
1511 5255 1711 5318 vulgati
1741 5255 1953 5315 habent,
1982 5256 2138 5307 medi-

431 5322 561 5369 cinae
589 5322 725 5382 artis
753 5314 1022 5382 mag'isler.
1054 5316 1120 5363 At
1147 5314 1236 5382 lib.
1261 5318 1287 5364 5
1312 5314 1802 5379 contraJuli‘auum,
1828 5314 1948 5382 cap.
1972 5321 2045 5377 lli,
2077 5319 2134 5368 in

436 5381 772 5431 concordiam
796 5375 917 5429 cum
947 5377 1071 5426 Mss.
1099 5375 1341 5427 redeunt.

1289 291 1947 349 llE'l‘BAC'l‘ATlONUM
1990 289 2042 345 S.
2088 287 2473 345 AUGUSTINI
2514 290 2729 347 LIBER
2770 290 3156 347 SECUNDUS.
3803 305 3875 356 655

2286 413 2675 486 interrogatus
2694 414 2898 470 litteris
2926 414 3180 481 fuissem,
3204 418 3396 470 utrum
3412 419 3581 487 prosit
3602 421 3780 493 cuique
3791 430 3883 495 post

2285 508 2534 558 mortem
2552 504 2706 575 quod
2737 520 2944 575 corpus
2972 504 3094 575 ejus
3117 505 3272 575 apud
3299 505 3472 560 sancti
3490 506 3702 579 alicujus
3722 526 3882 568 meme.

2284 591 2431 647 riam
2452 592 2751 663 sepelitur.
2787 592 2886 646 Hic
2903 592 3049 649 liber
3067 591 3146 646 sic
3164 592 3391 664 incipit:
3417 595 3516 648 Diu
3531 596 3884 667 Sanctitatim,

2284 682 2587 752 coepiscope
2627 681 2929 736 venerande
2950 682 3202 736 Pauline.

2924 823 3348 896 CAPUT,va.

2486 933 2563 986 De
2598 934 2712 985 octo
2758 930 2980 985 Dulcitii
3006 930 3419 998 Quaestionibus,
3451 930 3576 985 liber
3600 946 3736 987 unus.

2356 1052 2523 1108 Liber
2546 1069 2720 1124 quem
2748 1053 3066 1124 praenotavi
3105 1053 3175 1109 de
3201 1057 3326 1108 octo
3368 1054 3585 1109 Dulcitii
3621 1055 3886 1120 θειωδιὶοηί-

2283 1142 2409 1211 bus,
2441 1158 2558 1196 non
2586 1145 2733 1196 esset
2760 1141 2820 1196 in
2846 1143 2954 1196 hoc
2979 1158 3153 1213 opere
3177 1143 3687 1198 commemorandus
3712 1145 3827 1200 inter
3846 1148 3886 1201 li-

2283 1230 2418 1285 bros
2444 1246 2625 1301 meos,
2654 1246 2784 1284 cum
2815 1229 2889 1285 sit
2911 1231 3202 1285 confectus
3234 1247 3303 1284 ex
3331 1230 3401 1284 iis
3429 1247 3551 1302 qum
3572 1248 3601 1284 a
3622 1246 3702 1285 me
3726 1232 3777 1286 in
3803 1233 3887 1287 aliis

2283 1324 2453 1374 antea
2478 1318 2799 1390 conscripta
2827 1324 2989 1386 sunt;
3022 1318 3134 1373 nisi
3152 1323 3214 1374 et
3241 1318 3626 1391 disputationis
3669 1319 3838 1391 aliquid
3866 1339 3888 1375 ει

2284 1408 2445 1463 nobis
2469 1407 2874 1479 interpositum
2916 1407 3270 1479 reperiretur
3306 1407 3367 1461 in
3396 1423 3487 1476 eo,
3533 1412 3587 1461 et
3621 1407 3712 1461 uni
3750 1423 3886 1463 earnm

2283 1497 2669 1568 quaestionum
2697 1512 2815 1550 non
2847 1512 2916 1551 ex
2935 1497 3214 1567 opusculo
3235 1495 3430 1567 aliquo
3456 1495 3563 1550 alio
3581 1511 3697 1550 meo
3721 1511 3883 1566 respon.

2283 1585 2524 1652 sionem,
2553 1584 2651 1639 sed
2680 1589 2816 1639 tunc
2841 1601 2970 1655 quas
2999 1584 3192 1655 potuit
3219 1599 3533 1650 occurrere,
3573 1583 3884 1638 reddidissem.

2283 1673 2384 1728 Hic
2430 1673 2573 1729 liber
2597 1673 2677 1728 sic
2705 1672 2935 1745 incipit:
2984 1675 3262 1741 Quantum
3288 1673 3426 1727 mihi
3450 1672 3673 1742 videtur,
3713 1671 3886 1727 dilectu-

2280 1764 2417 1817 sime
2447 1764 2529 1835 ﬁli
2553 1763 2775 1817 Dulciti.

2909 1904 3136 1960 CAPUT
3177 1904 3357 1960 LXVI.

2282 2010 2374 2066 Ad
2410 2011 2758 2068 Valentinum
2789 2015 2839 2066 et
2867 2026 2987 2065 cum
3013 2012 3108 2066 illo
3136 2011 3445 2078 monachos,
3479 2011 3542 2065 de
3568 2010 3739 2067 Gratia
3768 2015 3805 2064 ct
3823 2010 3879 2065 Li-

2742 2097 2864 2153 bero
2890 2098 3163 2166 Arbitrio,
3198 2098 3335 2153 liber
3363 2113 3520 2153 unus.

2349 2239 2590 2309 Propter
2605 2255 2700 2293 eos
2716 2238 2836 2311 qui,
2856 2254 2987 2293 cum
3003 2238 3336 2294 defenditur
3356 2239 3457 2293 Dei
3478 2238 3662 2310 gratia,
3686 2240 3878 2309 putantes

2279 2326 2480 2397 negari
2508 2327 2753 2382 liberum
2783 2327 3107 2395 arbitrium,
3134 2328 3217 2382 sic
3247 2328 3357 2400 ipsi
3384 2328 3679 2383 defendunt
3710 2326 3882 2381 liberum

2280 2414 2581 2470 arbitrium
2609 2420 2674 2470 ut
2710 2420 2925 2488 negent
2952 2416 3052 2470 Dei
3081 2416 3351 2487 gratiam,
3382 2421 3682 2471 asserentes
3713 2430 3809 2469 eam
3828 2428 3881 2466 se-

2277 2504 2528 2558 cundum
2550 2504 2755 2559 merita
2771 2510 2962 2559 nostra
2985 2504 3129 2573 dari,
3160 2504 3363 2577 scripsi
3382 2504 3589 2559 librum
3623 2505 3759 2575 cujus
3788 2503 3872 2556 tilu-

2280 2592 2368 2645 lus
2393 2597 2493 2657 est,
2515 2593 2586 2647 de
2608 2593 2796 2648 Gratia
2811 2598 2868 2647 et
2886 2592 3086 2647 Libero
3107 2591 3385 2647 Arbitrio.
3405 2592 3488 2646 Ad
3511 2608 3602 2647 eos
3619 2598 3776 2645 autem
3794 2587 3880 2642 scri-

2277 2680 2368 2753 psi
2393 2681 2697 2737 monachos
2718 2680 3141 2748 Adrumetinos,
3172 2681 3236 2735 in
3263 2696 3507 2752 quorum
3537 2678 3822 2735 monasterio
3833 2677 3875 2729 de

2273 2768 2381 2823 hac
2422 2785 2483 2824 re
2514 2775 2765 2841 coeperat
2807 2786 2929 2825 esse
2974 2770 3292 2837 contentio,
3343 2769 3422 2824 ita
3450 2773 3514 2823 ut
3540 2785 3624 2823 me
3661 2765 3877 2822 consulem

2276 2873 2475 2912 eorum
2521 2858 2699 2930 aliqui
2741 2864 3100 2930 cogerentur.
3153 2858 3257 2913 Hic
3288 2858 3434 2913 liber
3472 2858 3547 2914 sic
3573 2855 3878 2927 incipitzPro-

2271 2950 2396 3015 pter
2421 2962 2505 3001 eos
2532 2949 2630 3016 qui
2656 2948 2888 3003 hominis
2927 2947 3156 3002 liberum
3209 2948 3518 3002 arbitrium.

2885 3091 3016 3145 CAP
3025 3090 3109 3145 UT
3149 3090 3356 3145 LXVII.

2269 3212 2364 3267 Ad
2392 3228 2524 3282 quos
2572 3228 2763 3284 supra,
2803 3212 2870 3267 de
2916 3214 3262 3283 Correptione
3280 3219 3331 3269 et
3378 3214 3585 3280 Gratia,
3616 3210 3732 3266 liber
3764 3220 3870 3262 unm.

2343 3355 2557 3410 Rursus
2586 3354 2657 3409 ad
2688 3354 2920 3410 eosdem
2945 3353 3140 3426 scripsi
3170 3355 3419 3409 alterum
3439 3355 3657 3420 librum,
3676 3365 3809 3423 quem
3825 3347 3868 3401 de
3952 3344 3953 3419 ξ

2271 3441 2640 3513 Correptione
2656 3447 2713 3497 et
2739 3444 2929 3498 Gratia
2948 3444 3289 3514 praenotavi,
3307 3460 3439 3499 cum
3467 3442 3601 3498 mihi
3621 3438 3865 3496 nuntiatum

2272 3533 2419 3584 esset
2438 3529 2642 3585 dixisse
2664 3529 2742 3585 ibi
2765 3531 3091 3602 quemdam,
3116 3532 3414 3587 neminem
3441 3528 3824 3601 corripiendum,
3844 3521 3873 3573 si

2273 3617 2375 3673 Dei
2398 3624 2683 3690 praecepta
2720 3635 2839 3674 non
2882 3620 3054 3688 facit;
3084 3621 3184 3676 sed
3224 3638 3334 3693 pro
3364 3621 3481 3689 illo,
3512 3625 3572 3674 ut
3598 3616 3756 3682 faciat,
3792 3618 3873 3666 tan-

2267 3708 2564 3763 tummodo
2592 3709 2902 3765 orandum.
2940 3709 3056 3765 llicl
3077 3710 3203 3765 iber
3222 3712 3308 3767 sic
3327 3710 3547 3782 incipit:
3586 3710 3728 3765 Lectis
3742 3701 3873 3759 litteris

2268 3799 2481 3863 vestris,
2522 3798 2804 3853 Valentine
2828 3800 3011 3864 frater
3038 3799 3407 3857 dilectissime.

2340 3886 2469 3939 Hmc
2492 3900 2669 3956 opera
2694 3885 3007 3957 nonaginta
3024 3887 3134 3941 tria
3162 3887 3221 3942 in
3252 3889 3410 3944 libris
3440 3885 3679 3944 ducentis
3710 3881 3873 3952 triginta

2266 3973 2491 4027 duobus
2520 3990 2611 4028 me
2654 3973 2893 4028 dictasse
2922 3975 3159 4045 recolui,
3207 3977 3442 4048 quando
3473 3978 3589 4032 haec
3634 3964 3869 4029 retractari.

2265 4067 2461 4116 utrum
2505 4062 2691 4116 adhuc
2719 4078 2899 4118 essem
2929 4064 3152 4136 aliquos
3180 4064 3497 4120 dictaturas
3540 4066 3795 4135 ignorans;
3816 4058 3870 4106 al-

2264 4167 2374 4221 que
2403 4149 2585 4222 ipsam
2614 4167 2815 4205 eorum
2838 4153 3301 4209 retractationem
3329 4154 3389 4209 in
3408 4154 3561 4208 libris
3580 4149 3769 4207 duobus
3787 4140 3867 4197 edi-

2264 4238 2343 4307 di,
2364 4238 2698 4311 urgentihus
2718 4239 3008 4306 fratribus,
3027 4245 3342 4312 antequam
3376 4242 3632 4313 epistolas
3652 4253 3705 4292 ac
3720 4246 3866 4288 sermu-

2262 4343 2365 4382 nes
2395 4328 2466 4383 ad
2495 4328 2795 4399 populum,
2817 4327 2964 4382 alios
2993 4328 3252 4394 dictatas,
3286 4330 3427 4385 alios
3462 4348 3496 4385 a
3521 4344 3604 4383 me
3629 4325 3777 4381 dictos
3809 4332 3866 4371 rc-
3940 4368 3941 4399 ἡ

2261 4418 2502 4470 tractare
2532 4416 2826 4487 cmpissem
2858 4418 2897 4471 ¹.

2325 4570 2342 4603 ⁸
2363 4572 2431 4643 _ln
2451 4570 2720 4643 codicibus
2740 4571 2942 4635 aliquot
2959 4572 3527 4643 veteribus,_post_remo
3545 4569 3744 4643 capitulo

2259 4636 2348 4696 pta
2363 4632 2476 4719 huic
2494 4647 2522 4681 a
2540 4634 2711 4696 prima
2726 4625 3192 4719 manu‘reperimus
3402 4636 3498 4700 qui
3507 4625 3620 4719 post

2258 4693 2379 4744 item
2393 4693 2665 4750 istorunm
2676 4693 3162 4758 sancloAubustino
3175 4693 3422 4765 episcopo
3432 4693 3650 4760 scr‘iptiet
3657 4693 3762 4743 editi
3769 4693 3866 4738 m'r

2257 4757 2704 4824 lletractationum
2714 4758 2807 4809 isti
2819 4758 2924 4808 duo
2935 4759 3076 4808 libri.
3090 4760 3242 4824 Liber
3250 4767 3342 4824 qui
3354 4748 3866 4824 appellaturSpeculup}

2257 4820 2321 4886 de
2340 4820 2657 4886 testimoniis
2675 4807 3178 4886 Scripturarum_._Ad
3188 4807 3866 4886 rrBEbéiﬁm’éinin'rium,

2257 4881 2723 4931 Prmdestinatione
2736 4871 3048 4931 Sdnctorum
3060 4882 3183 4933 libri
3195 4871 3448 4943 duoi'AdQ
3456 4878 3782 4943 uodvultdeum

2255 4930 2547 5000 sonum,“
2565 4930 2865 4994 amabas
2880 4930 2999 4994 libri
3017 4930 3513 4996 auaieaaamaa
3524 4930 3864 4992 habitaculum-

2253 5007 2769 5072 aiminotrinnorum
2783 5007 3314 5072 θρίεφοροωιροηὶαηι
3324 5001 3865 5072 ἀίεεςυομνέτεειξίεὲεέῒ

2238 5068 2491 5134 [arebant
2502 5056 2856 5134 disputatione
2867 5056 2988 5134 ελιιὲ
2996 5056 3213 5134 prblia‘a
3226 5056 3650 5134 animus“),
3668 5056 3862 5134 libi-Vidini).

2254 5131 2449 5195 Contra
2462 5131 2487 5179 .l
2497 5128 2733 5195 utianum
2759 5128 3095 5195 pelagianum
3112 5132 3235 5182 libri
3254 5147 3341 5182 sex
3361 5148 3372 5181 :
3401 5128 3670 5195 Septimum
3683 5128 3863 5195 irroga;

2250 5192 2561 5264 perﬂatum
2579 5187 2811 5264 reliquit
2829 5207 2842 5251 ;
2861 5187 3110 5264 dctavum
3136 5201 3314 5245 autem
3326 5208 3418 5264 nec
3434 5187 3609 5264 attigit.
3624 5187 3861 5264 $053331“

2250 5250 2410 5323 ipsius
2423 5258 2607 5323 Ha’rett
2638 5259 2655 5302 ί
2667 5250 2789 5305 libri
2799 5250 2934 5313 octo,
2947 5255 3133 5323 quibus
3148 5250 3858 5323 responejusverbqpoﬂg‘jf

2251 5303 2758 5390 elisaruegsubungens
2778 5303 3394 5388 respo'nlv‘ioneisends—Sic
3412 5303 3592 5381 le'gitur
3607 5314 3652 5361 iu
3672 5303 3769 5358 .llss.
3784 5303 3861 5351 Pril-

2250 5379 2455 5430 tellensi
2483 5385 2534 5430 et
2559 5381 2611 5429 S.
2646 5379 2848 5428 Aruulﬂ
2871 5381 3138 5430 Metensis.
3168 5385 3266 5429 etc.

2412 5395 2455 5429 81
2483 5394 2534 5430 ει
2559 5394 2611 5429 δ.
2646 5394 2848 5428 Λωιιυι
2871 5394 3138 5443 metemus,
3168 5394 3266 5429 etc.

3928 5130 3931 5295 φ

3926 5296 3929 5465 ι

3924 5488 3927 5635 l
