4026 6180
2386 295 3667 310 mâ€˜m

1421 430 2432 563 ADMONITIO

1079 644 1181 703 DE
1254 645 1796 716 SEQUENTIBUS
1856 648 2461 710 CONFESSIONUM
2530 653 2798 712 LlBRIS.

220 954 365 1017 Qute
399 968 567 1005 causa
597 950 728 1004 fecit
758 954 821 1004 ut
852 949 1144 1020 scriptoris
1177 950 1451 1022 cujusque
1480 950 1593 1004 vita
1632 950 1954 1005 emittendis
1986 952 2045 1005 in
2077 953 2370 1021 publicum
2410 954 2531 1025 ejus
2577 954 2739 1008 libris
2770 956 3014 1009 solemni
3061 973 3221 1010 more
3260 959 3676 1029 praefigeretur,

143 1043 361 1095 eadem
395 1041 567 1094 etiam
599 1039 814 1110 primos
840 1040 895 1093 S.
929 1039 1233 1110 Augustini
1265 1056 1503 1109 operum
1537 1040 1778 1094 editores
1808 1041 1959 1094 haud
1994 1040 2164 1093 dubie
2189 1041 2365 1095 movit
2391 1048 2453 1095 ut
2480 1043 2877 1096 Confessiones
2902 1044 3079 1114 ipsius
3103 1045 3295 1098 statim
3317 1052 3445 1115 post
3476 1048 3677 1102 Retra-

146 1130 479 1183 ctationum
512 1129 709 1195 libros,
742 1128 841 1197 qui
866 1134 1020 1181 recto
1055 1127 1256 1180 ordine
1290 1128 1495 1181 debent
1519 1129 1860 1197 praecedere,
1885 1129 1941 1181 in
1972 1132 2126 1181 tonio
2160 1128 2346 1198 primo
2376 1131 2736 1185 collocarent.
2765 1133 2979 1200 Nempe
3014 1132 3251 1186 interest
3278 1134 3591 1202 plurimum
3617 1140 3681 1188 ut

146 1219 404 1273 auctoris
434 1218 692 1287 genium,
724 1216 929 1279 studia,
975 1232 1185 1276 mores,
1227 1215 1584 1285 probitatem,
1619 1217 1811 1281 fidem,
1872 1217 2123 1287 aliasque
2171 1220 2330 1271 dotes
2370 1225 2697 1289 perspectas
2746 1221 2951 1273 habeat
2984 1222 3083 1291 qui
3125 1223 3246 1291 ejus
3296 1224 3507 1292 scripta
3546 1241 3676 1278 cum

142 1309 447 1378 voluptate
476 1311 530 1359 et
560 1322 690 1359 cum
722 1305 977 1375 profectu
1006 1305 1296 1375 perlegere
1316 1304 1375 1356 in
1408 1304 1921 1359 animuminducit.
1947 1305 2118 1375 Atqui
2148 1306 2209 1358 in
2239 1306 2704 1360 Confessionibus
2736 1308 2853 1360 suis
2879 1309 3231 1378 Augustinus
3260 1314 3442 1363 totum
3474 1327 3529 1361 se
3556 1310 3676 1379 ipse

142 1396 437 1467 expressit
463 1410 745 1466 perquam
776 1398 1071 1446 accurate:
1106 1392 1318 1462 quippe
1350 1393 1449 1462 qui
1480 1393 1537 1445 in
1567 1393 1634 1445 iis
1668 1410 1778 1446 non
1813 1410 1879 1446 ea
1908 1394 2091 1446 solum
2120 1394 2264 1447 facta
2295 1411 2423 1464 quae
2455 1395 2757 1448 hominum
2791 1396 2972 1449 oculis
3020 1397 3271 1465 subjecta
3302 1412 3421 1449 esse
3460 1398 3676 1466 potuis-

140 1492 269 1540 sent
294 1503 308 1550 ;
337 1485 437 1538 sed
470 1484 641 1537 etiam
674 1499 739 1536 ea
782 1499 910 1553 quae
946 1483 1058 1535 Deo
1091 1486 1311 1535 tantum
1340 1481 1566 1534 conscio
1598 1481 1656 1534 in
1688 1481 1905 1534 intimis
1935 1482 2263 1552 agitaverat,
2307 1500 2436 1536 cum
2468 1484 2640 1549 bona,
2674 1489 2795 1538 tum
2830 1486 2998 1550 mala,
3034 1484 3367 1553 singillatim
3396 1485 3672 1553 exposuit.

140 1576 209 1628 In
241 1574 336 1627 his
370 1572 530 1626 enim
571 1571 735 1625 sicuti
792 1575 1067 1624 anteactae
1101 1569 1229 1623 vitm
1260 1570 1347 1623 vel
1379 1570 1664 1623 levissima
1694 1574 1898 1634 errata,
1937 1570 2015 1623 sic
2046 1571 2217 1625 etiam
2259 1576 2489 1642 accepta
2519 1589 2551 1625 a
2584 1574 2696 1626 Deo
2746 1573 3021 1627 beneticia
3066 1574 3187 1626 fuse
3221 1578 3633 1626 commemorat
3663 1590 3675 1639 ;

139 1668 435 1716 aeternum
468 1660 709 1732 posteris
740 1660 1040 1713 relicturus
1066 1659 1181 1713 sive
1212 1658 1562 1729 pceuitentis,
1590 1658 1705 1712 sive
1732 1658 1879 1729 grati
1903 1658 2079 1712 animi
2113 1664 2575 1725 monumentum,
2609 1662 2947 1731 praeclarum
2976 1662 3150 1715 etiam
3170 1661 3322 1714 illius
3353 1677 3524 1731 quam
3542 1678 3676 1714 con-

136 1756 369 1804 stanter
400 1766 537 1820 erga
568 1766 673 1803 nos
690 1748 917 1802 exhibet
941 1749 1110 1816 Deus,
1140 1752 1197 1801 et
1220 1748 1458 1816 justitias
1484 1751 1539 1801 et
1565 1747 1833 1801 bonitatis
1864 1748 2213 1816 exemplum.
2246 1751 2429 1817 Atque
2461 1750 2572 1802 hoc
2606 1749 2664 1802 in
2696 1750 2897 1819 primis
2915 1750 3195 1816 studebat,
3228 1750 3443 1804 scilicet
3474 1750 3674 1820 (ipsius

135 1839 334 1893 verbis
358 1856 487 1893 rem
511 1843 573 1891 ut
605 1836 968 1908 explicemus)
1000 1841 1051 1889 et
1079 1836 1145 1890 de
1165 1838 1327 1889 malis
1356 1840 1407 1889 et
1435 1836 1500 1889 de
1520 1836 1794 1889 bonissuis
1832 1840 1996 1891 Deum
2022 1836 2245 1890 laudare
2264 1838 2479 1904 justum
2511 1843 2559 1891 et
2590 1838 2805 1904 bonum,
2832 1844 2994 1908 atque
3020 1841 3211 1893 meum
3236 1842 3475 1893 excitare
3490 1840 3674 1892 Imma-

130 1945 273 1982 num
314 1929 640 1982 intellectum
668 1931 719 1981 et
748 1925 1017 1994 affectum.
1059 1925 1119 1978 L1
1157 1942 1288 1978 vero
1317 1924 1420 1978 hac
1452 1924 1675 1977 ratione
1711 1925 2034 1995 exequitur.

214 2020 288 2071 In
322 2016 515 2087 primo
540 2015 1021 2083 libro,praemissa
1054 2014 1152 2067 Dei
1183 2013 1560 2077 invocatione,
1598 2013 1792 2067 recolit
1820 2012 1949 2067 vita:
1989 2030 2105 2067 sua;
2128 2013 2441 2084 primordia
2464 2014 2533 2069 ad
2552 2031 2769 2069 annum
2793 2016 3059 2088 quintum
3082 2016 3384 2071 decimum.
3412 2014 3671 2069 Infantiae

134 2110 386 2177 peccata
418 2103 673 2174 agnoscit
703 2108 755 2156 et
783 2102 1043 2173 pueritia:
1068 2119 1081 2169 ;
1110 2106 1281 2171 atque
1312 2101 1417 2154 hac
1438 2104 1601 2154 aetate
1632 2100 1898 2156 inlusum
1929 2107 1986 2156 et
2008 2102 2255 2173 puerilia
2275 2119 2519 2175 qumque
2539 2104 2954 2159 oblectamenta
2984 2110 3038 2160 et
3066 2106 3222 2171 vitia,
3246 2122 3418 2177 quam
3442 2106 3499 2158 in
3524 2105 3670 2158 litte-

130 2210 347 2248 rarum
388 2193 575 2246 studia
606 2190 1009 2261 procliviorem
1044 2205 1101 2241 se
1132 2189 1303 2242 fuisse
1335 2190 1663 2245 confitetur.

210 2285 283 2337 In
315 2282 590 2349 secundo,
620 2280 691 2333 ad
723 2283 949 2332 aetatem
981 2279 1153 2331 aliam
1182 2278 1567 2347 progreditur,
1602 2277 1971 2350 primumque
1998 2280 2393 2335 adolescentia:
2427 2298 2565 2346 sum,
2610 2282 2666 2337 id
2699 2286 2803 2349 est,
2840 2286 3060 2337 sextum
3096 2282 3383 2336 decimum
3412 2282 3537 2334 vitae
3560 2297 3668 2334 an-

134 2386 311 2436 num,
345 2384 520 2439 quem
562 2367 621 2420 in
663 2370 903 2437 paterna
954 2366 1147 2435 domo,
1205 2365 1407 2418 studiis
1456 2365 1813 2434 intermissis,
1856 2373 2284 2437 consumpserat
2322 2369 2491 2439 genio
2541 2385 2605 2422 ac
2654 2369 2991 2423 libidinibus
3043 2369 3364 2438 indulgens,
3398 2369 3463 2422 ad
3502 2384 3668 2421 men-

140 2440 272 2513 teni
306 2461 533 2513 revocat
563 2472 691 2509 cum
724 2454 883 2525 gravi
913 2454 1131 2521 dolore,
1162 2470 1387 2507 severus
1426 2454 1735 2508 admodum
1768 2454 1827 2508 in
1850 2454 2217 2526 dijudicando
2244 2457 2397 2511 furto
2430 2474 2462 2510 a
2485 2474 2543 2511 se
2572 2462 2706 2512 tunc
2735 2457 3009 2527 temporis
3040 2474 3171 2510 eum
3217 2457 3503 2511 sodalibus
3534 2473 3669 2527 per-

138 2551 406 2619 petrato.

208 2635 453 2690 Terrius
480 2633 625 2687 liber
644 2633 713 2685 de
740 2632 901 2685 annis
924 2636 1008 2687 est
1038 2632 1217 2685 astatis
1240 2632 1392 2686 illius
1425 2632 1647 2686 decimo
1675 2633 1941 2703 septimo,
1974 2633 2193 2686 decimo
2233 2637 2427 2687 octavo
2458 2638 2515 2687 et
2544 2633 2761 2687 decimo
2798 2650 2949 2686 nono
2985 2634 3277 2687 transactis
3308 2633 3666 2703 Carthagine,

130 2725 237 2779 ubi
263 2723 411 2776 dum
436 2720 702 2775 litterarii
724 2720 898 2774 studii
928 2720 1278 2775 curriculum
1310 2721 1644 2789 absolveret,
1682 2737 1740 2774 se
1770 2721 2066 2775 libidinosi
2094 2722 2304 2775 amoris
2333 2722 2535 2792 laqueo
2560 2721 2866 2786 irretitum,
2892 2737 3112 2774 necnon
3138 2722 3197 2773 in
3220 2722 3664 2775 Maniclueorum

125 2812 420 2867 haeresim
452 2810 782 2881 prolapsum
813 2809 985 2862 fuisse
1018 2808 1301 2862 meminit.
1334 2809 1620 2862 Adversus
1640 2810 1849 2863 borum
1880 2825 2101 2862 errores
2131 2813 2187 2863 et
2212 2809 2456 2879 ineptias
2494 2808 2722 2863 disserit
2750 2809 3088 2862 luculenter.
3138 2807 3326 2861 Matris
3361 2809 3665 2878 lacrymas,

124 2907 186 2955 et
222 2913 576 2969 responsum
610 2897 679 2950 de
707 2895 808 2949 lilii
840 2895 1231 2965 resipiscentia
1262 2895 1535 2949 divinitus
1566 2900 1861 2966 acceptum
1893 2896 2088 2950 refert.

214 2992 290 3043 In
321 2990 528 3057 quarto
556 2985 700 3038 libro
733 2999 864 3037 eum
886 2984 1065 3053 pudet
1084 3000 1145 3036 se
1178 2984 1259 3037 illi
1279 2987 1443 3037 secta:
1464 2984 1944 3039 addictumfuisse
1958 2985 2442 3055 pernovennium,
2465 2989 2635 3055 atque
2658 2984 2797 3038 alios
2816 3000 3007 3037 secum
3037 2983 3096 3036 in
3122 2983 3387 3036 eumdem
3407 2999 3661 3038 errorem

124 3075 494 3151 pertraxisse
521 3091 533 3139 ;
567 3072 774 3127 deinde
808 3071 1057 3125 amicum
1088 3072 1490 3126 charissimum
1521 3073 1627 3126 sibi
1657 3073 1873 3127 interea
1904 3079 2088 3128 morte
2128 3078 2497 3144 praereptum,
2528 3072 2806 3126 acerbiori
2846 3088 3020 3143 quam
3051 3087 3281 3142 {equum
3307 3078 3454 3125 esset
3485 3073 3665 3125 animi

124 3168 345 3224 dolore
378 3162 550 3216 fuisse
580 3166 973 3233 prosecutum.
1012 3161 1187 3231 Cujus
1219 3161 1532 3227 occasione,
1563 3162 1631 3215 de
1666 3178 1809 3216 vana
1838 3166 1895 3216 et
1922 3162 1989 3216 de
2021 3162 2201 3216 solida
2229 3162 2479 3216 amicitia
2501 3178 2616 3215 non
2645 3178 2825 3232 pauca
2856 3160 3010 3214 dicit.
3040 3160 3384 3215 Mentioncm
3417 3161 3665 3233 denique

127 3256 285 3312 facit
316 3254 597 3307 librorum
629 3250 699 3305 de
727 3250 970 3304 Pulchro
1003 3252 1217 3321 etApto
1243 3267 1275 3303 a
1297 3266 1353 3303 se
1369 3266 1520 3303 anno
1543 3252 1726 3305 mtatis
1747 3250 2021 3321 vigesimo
2039 3254 2193 3304 sexto
2217 3254 2315 3305 aut
2342 3250 2614 3321 vigesimo
2646 3250 2887 3319 septimo
2917 3250 3367 3319 conscriptorum
3391 3268 3405 3309 Ï‚
3442 3266 3666 3303 necnon

125 3360 327 3417 quam
360 3340 514 3395 facili
548 3338 777 3410 negotio
807 3338 1127 3392 liberalium
1162 3338 1373 3392 artium
1404 3339 1577 3393 libros
1605 3344 1775 3411 atque
1796 3339 2112 3394 Aristotelis
2133 3339 2478 3410 Categorias,
2509 3355 2658 3393 anno
2681 3339 2863 3393 astatis
2883 3339 3061 3393 ferme
3090 3339 3389 3409 vigesimo,
3419 3356 3521 3409 per
3546 3356 3666 3393 sese

124 3428 523 3485 intellexerit.

205 3521 285 3574 In
320 3518 470 3572 libro
511 3516 712 3587 quinto
739 3531 954 3569 annum
988 3514 1172 3569 aetatis
1202 3531 1318 3568 suae
1349 3513 1580 3568 exhibet
1610 3513 1945 3584 vigesimum
1971 3532 2209 3582 nonum,
2233 3532 2347 3587 quo
2371 3514 2584 3569 scilicet
2611 3519 2903 3584 comperta
2937 3515 3120 3569 Fausti
3147 3514 3451 3567 manicliaei
3481 3513 3665 3583 impe-

122 3609 301 3671 ritia,
335 3605 698 3677 propositum
726 3605 785 3658 in
814 3605 913 3659 illa
944 3607 1091 3658 secta
1120 3602 1458 3674 proï¬ciendi
1488 3602 1728 3673 abjecit;
1763 3620 1875 3674 quo
1906 3605 2080 3658 etiam
2113 3606 2313 3670 Roma,
2352 3603 2453 3657 ubi
2480 3608 2613 3656 tunc
2658 3602 3000 3656 rhetoricam
3032 3602 3426 3671 profitebatur,
3457 3602 3664 3655 missus

123 3695 537 3752 Mediolanum
577 3697 641 3747 ut
666 3693 923 3747 eamdem
965 3697 1147 3745 artem
1195 3692 1444 3759 doceret,
1499 3691 1669 3762 cmpit
1711 3692 1906 3746 audito
1948 3691 2248 3745 Ambrosio
2292 3691 2643 3762 resipiscere,
2701 3696 2758 3745 et
2796 3691 2864 3744 de
2900 3690 3313 3745 Manichaaismo
3346 3691 3663 3745 abdicando

122 3798 383 3839 necnon
415 3782 482 3836 de
510 3782 821 3853 repetendo
851 3782 1326 3835 catechumenatu
1353 3780 1679 3834 decernere.

202 3874 281 3927 In
306 3871 455 3924 libro
489 3876 664 3938 sexto,
691 3886 821 3924 cum
846 3870 967 3939 jam
1004 3868 1256 3923 Monnica
1285 3868 1463 3938 ipsius
1491 3872 1672 3922 mater
1701 3868 2081 3922 Mediolanum
2107 3867 2444 3933 advenisset,
2477 3868 2715 3939 ipseque
2746 3883 2961 3921 annum
2995 3866 3178 3921 aetatis
3209 3871 3406 3937 ageret
3435 3866 3662 3937 trigesi-

121 3975 345 4023 mum;
378 3958 663 4012 Ambrosii
693 3956 1065 4011 concionibus
1108 3956 1453 4021 admonitus,
1510 3955 1796 4009 catholicae
1844 3956 2117 4009 doctrinm
2153 3955 2472 4021 veritatem,
2520 3972 2691 4026 quam
2732 3955 3022 4010 Manichtei
3056 3955 3193 4009 falso
3228 3956 3660 4016 insimulabant,

126 4047 339 4118 magis
371 4047 667 4117 magisque
700 4044 1080 4115 intelligebat.
1124 4043 1312 4113 Alypii
1340 4042 1508 4096 amici
1547 4043 1633 4096 sui
1662 4060 1850 4097 mores
1880 4043 2263 4114 prosequitur.
2295 4045 2357 4097 In
2387 4043 2605 4097 diversa
2657 4043 3006 4114 rapiebatur,
3066 4043 3201 4096 dum
3260 4043 3328 4096 de
3383 4042 3498 4095 vita
3552 4058 3666 4094 me-

120 4140 255 4192 lius
291 4134 647 4189 instituenda
672 4134 1047 4199 deliberaret;
1085 4131 1282 4185 mortis
1313 4147 1541 4202 quoque
1572 4147 1636 4185 ac
1676 4131 1881 4201 judicii
1933 4135 2085 4185 metu
2117 4133 2430 4201 perculsus,
2463 4132 2532 4187 ad
2580 4132 2709 4187 vitae
2739 4131 3166 4186 conversionem
3198 4132 3257 4184 in
3314 4131 3432 4185 dies
3473 4147 3665 4184 accen-

118 4226 414 4282 debetur.

206 4316 285 4368 In
315 4311 563 4382 septimo
604 4310 749 4365 libro
780 4310 1076 4366 exordium
1107 4326 1224 4363 sua:
1251 4308 1588 4379 juventutis,
1618 4308 1674 4362 id
1701 4312 1785 4363 est
1809 4323 2025 4361 annum
2054 4308 2239 4361 aetatis
2279 4308 2639 4378 trigesimum
2676 4308 2949 4380 primum,
2988 4308 3060 4362 ob
3101 4307 3311 4361 mentis
3341 4307 3533 4360 oculos
3570 4321 3662 4360 re-

119 4402 326 4459 ducit.
363 4401 566 4454 Narrat
592 4416 651 4454 se
691 4399 789 4454 illa
818 4404 982 4454 astate
1008 4397 1364 4453 densioribus
1392 4397 1573 4450 adhuc
1600 4395 1941 4466 ignorantiae
1982 4396 2230 4449 tenebris
2258 4396 2575 4451 involutum
2602 4401 2771 4469 atque
2816 4402 3103 4451 errantem
3133 4396 3283 4448 circa
3336 4395 3436 4448 Dei
3487 4398 3650 4448 natu-

117 4508 292 4557 ram,
327 4504 553 4543 necnon
588 4489 735 4542 circa
758 4488 1036 4559 originem
1063 4486 1219 4552 mali,
1264 4486 1322 4539 in
1353 4486 1512 4557 cujus
1542 4484 1912 4555 inquisitione
1951 4501 2009 4537 se
2044 4483 2257 4538 mirum
2304 4484 2364 4537 in
2394 4486 2631 4540 modum
2662 4488 2927 4557 angebat,
2964 4484 3290 4556 pervenisse
3324 4482 3555 4537 tandem
3590 4484 3659 4536 ad

116 4579 539 4651 cognitionem
562 4577 661 4631 Dei
692 4577 1001 4644 sinceram;
1031 4575 1292 4647 quamvis
1317 4574 1578 4628 nondum
1600 4574 1772 4644 digne
1804 4572 1872 4626 de
1895 4572 2138 4627 Domino
2170 4573 2393 4628 Christo
2425 4575 2689 4630 sentiret.

207 4667 394 4724 Liber
419 4670 646 4720 octavus
676 4665 803 4719 vitae
835 4664 1015 4735 ipsius
1044 4668 1266 4734 partem
1297 4663 1525 4732 attingit
1547 4660 1999 4728 celeberrimam,
2028 4676 2244 4714 annum
2273 4661 2533 4716 videlicet
2564 4662 2747 4715 astatis
2776 4660 3132 4731 trigesimum
3164 4659 3503 4726 secundum,
3541 4676 3654 4731 quo

114 4772 363 4825 nempe
386 4769 514 4808 cum
545 4754 984 4824 Simplicianum
1015 4751 1390 4805 consuluisset
1417 4751 1485 4804 ab
1518 4767 1701 4822 eoque
1730 4749 2016 4805 didicisset
2046 4749 2312 4805 Victorini
2340 4751 2794 4814 conversionem,
2827 4766 2957 4804 cum
2986 4750 3218 4804 Antonii
3252 4749 3503 4820 ASgyptii
3534 4766 3659 4803 mo-

118 4844 322 4903 nachi
354 4843 532 4896 vitam
564 4860 631 4896 ex
662 4840 962 4896 Pontitiani
997 4838 1270 4893 relatione
1302 4839 1676 4908 cognovisset,
1717 4842 1846 4909 post
1887 4838 2284 4892 vehementem
2316 4840 2522 4893 luctam
2573 4855 2801 4892 carnem
2831 4838 2981 4892 inter
3011 4843 3068 4892 et
3093 4838 3373 4902 animum,
3404 4837 3659 4892 codicem

112 4932 408 5007 Apostoli
438 4931 647 4985 caelesti
679 4931 1004 4985 admonitus
1036 4930 1264 4983 oraculo
1291 4928 1568 4998 inspexit;
1601 4942 1843 4998 moxque
1874 4942 1940 4979 ex
1968 4926 2122 4980 illius
2147 4927 2388 4982 lectione
2418 4928 2486 4981 ad
2508 4928 2805 4982 meliorem
2828 4927 3050 4999 frugem
3080 4931 3197 4981 toto
3225 4928 3417 4981 animo
3450 4927 3657 4980 immu-

112 5030 298 5078 tatus
326 5018 460 5087 fuit,
490 5020 773 5090 pleneque
803 5019 875 5073 ad
906 5020 1089 5073 Deum
1123 5032 1445 5071 conversus.

203 5114 284 5167 In
316 5108 465 5163 libro
493 5124 644 5162 nono
673 5108 809 5162 dicit
839 5108 908 5162 de
934 5111 1099 5177 capto
1128 5123 1162 5160 a
1186 5122 1243 5160 se
1273 5104 1508 5159 consilio
1539 5104 1840 5159 rhetorica:
1864 5103 2278 5174 professionem
2307 5104 2629 5175 abjiciendi,
2660 5122 2776 5161 non
2795 5109 2989 5161 tamen
3013 5110 3323 5177 antequam
3349 5102 3657 5157 vindemia-

110 5201 295 5257 lium
329 5195 624 5262 feriarum,
660 5195 812 5266 quod
840 5194 1101 5265 proxime
1132 5194 1401 5261 instabat,
1432 5197 1659 5262 tempus
1687 5192 2022 5248 advenisset.
2054 5195 2197 5247 Tum
2228 5194 2297 5247 de
2325 5210 2426 5247 suo
2460 5194 2520 5248 in
2548 5195 2864 5249 Verecundi
2894 5196 3063 5250 amici
3091 5196 3285 5249 villam
3320 5206 3562 5255 secessu,
3589 5190 3657 5244 de

105 5306 239 5344 suo
278 5284 642 5354 baptismate,
672 5300 735 5337 ac
762 5283 832 5337 de
861 5283 1133 5337 Monnica)
1166 5282 1364 5336 matris
1392 5281 1695 5335 virtutibus
1724 5285 1896 5352 atque
1927 5282 2109 5346 obitu,
2149 5283 2270 5354 qui,
2298 5282 2584 5354 baptizato
2614 5284 2760 5356 ipso,
2794 5284 2993 5340 incidit
3021 5285 3081 5339 in
3115 5283 3382 5338 eumdem
3438 5280 3656 5332 huncce

109 5390 391 5441 annum,
422 5373 602 5425 aetatis
632 5372 893 5426 videlicet
920 5372 1225 5442 Augustini
1250 5370 1610 5441 trigesimum
1643 5370 1905 5426 tertium.

206 5467 283 5518 In
316 5462 467 5515 libro
499 5460 720 5514 decimo
750 5464 1034 5515 scrutatur
1082 5460 1368 5530 deinceps,
1423 5475 1485 5511 ac
1522 5459 1711 5529 palam
1745 5464 2111 5525 contestatur,
2147 5475 2261 5511 non
2297 5462 2480 5529 qualis
2514 5467 2700 5528 antea,
2729 5462 2828 5516 sed
2860 5461 3041 5533 qualis
3073 5466 3203 5511 tunc
3252 5459 3413 5509 esset.
3455 5455 3651 5517 Deum,
