4028 6174
426 242 530 293 659
1631 237 2173 295 CONFESSIONUM
2213 235 2268 292 S.
2326 233 2737 292 AUGUSTINI.
3772 245 3843 293 66o

421 381 592 437 quem
622 367 796 430 amat,
829 363 1018 417 studet
1048 363 1322 430 indicare,
1362 363 1614 435 dumque
1642 380 1746 435 per
1773 364 1999 434 singula
2039 361 2191 416 ducit
2229 377 2423 416 rerum
2453 376 2684 432 genera,
2735 359 2932 414 multis
2979 358 3223 430 explicat
3269 359 3546 413 memoria
3580 360 3682 414 vim
3723 366 3845 432 plane

422 453 784 524 stupendam,
817 452 972 522 quod
1012 467 1112 505 sua
1142 452 1201 506 in
1226 453 1507 507 memoria
1535 453 1724 506 locum
1754 453 1902 506 Deus
1931 451 2158 518 habeat,
2190 451 2533 522 gratulatus.
2561 449 2807 520 Inquirit
2836 449 2897 502 in
2919 453 3094 514 actus,
3119 447 3183 501 in
3214 463 3431 515 sensus,
3453 453 3506 501 et
3531 448 3733 504 atl‘ectns
3757 470 3849 510 suos

423 558 643 606 omnes,
677 557 745 593 ex
783 540 993 610 triplici
1024 541 1340 596 tentatione
1375 541 1693 611 voluptatis,
1729 540 2094 606 curiositatis,
2129 556 2192 594 ac
2221 539 2525 610 superbiai.
2556 537 2863 593 Dominum
2897 537 3188 591 Christum
3217 551 3402 590 unum
3431 537 3760 594 mediatorem
3784 543 3851 598 Dei

422 635 478 685 et
514 629 817 684 hominum
855 630 1176 695 conﬁtetur,
1211 631 1446 700 ejusque
1477 645 1583 699 ope
1606 629 1783 683 animi
1811 630 1901 684 sui
1930 631 2236 700 languores
2279 643 2479 683 omnes
2503 627 2784 682 sanandos
2813 642 2937 680 esse
2970 624 3236 680 conﬁdit.

493 721 559 773 In
587 719 732 772 libro
763 718 1068 771 undecimo
1099 722 1155 771 et
1183 718 1558 789 sequentibus
1583 703 1786 773 tractat
1816 719 1884 772 de
1915 716 2220 787 Scripturis
2246 716 2472 770 sanctis.
2507 718 2713 771 Totum
2743 719 2915 786 caput
2962 714 3225 785 primum
3255 713 3544 780 Geneseos,
3573 730 3673 784 quo
3702 721 3852 772 mundi

423 807 634 862 creatio
664 805 1020 870 describitur,
1053 792 1546 861 dissertationibus
1579 807 1847 876 illustrat,
1879 806 2242 861 difﬁcultates
2275 805 2632 859 incurrentes
2663 803 2994 869 dissolvens,
3027 806 3083 856 et
3124 802 3194 856 ab
3228 802 3660 856 adversariorum
3683 804 3855 874 objectis

417 895 729 950 vindicans.
748 894 854 949 Sed
872 894 1248 949 inundecimo
1278 895 1527 966 disputat
1558 897 1728 966 paulo
1757 895 1937 949 fusius
1967 895 2035 949 de
2050 896 2415 965 tempore.In
2431 893 2772 948 duodecimo
2787 894 2856 947 de
2874 891 3116 946 materia
3143 890 3401 958 informi,
3429 890 3600 960 deque
3619 894 3856 964 multiplici

421 984 726 1054 Scriptura:
756 999 943 1037 sensu.
995 984 1058 1037 In
1105 984 1274 1038 tertio
1319 985 1541 1038 decimo
1585 985 1683 1039 Dei
1732 985 2046 1038 bonitatem
2078 1001 2146 1038 ex
2203 1000 2396 1038 rerum
2449 984 2827 1054 productione
2857 981 3266 1048 commendat;
3301 980 3560 1051 praedicat
3592 982 3745 1035 Deum
3768 986 3856 1038 Tri-

419 1073 676 1137 nitatem,
735 1076 791 1125 et
841 1071 1084 1143 Spiritus
1143 1073 1320 1126 sancti
1387 1073 1684 1144 propriam
1753 1078 2060 1144 quamdam
2113 1073 2431 1127 notionem.
2491 1071 2748 1142 Denique
2813 1071 2986 1125 creati
3035 1068 3246 1124 mundi
3298 1068 3586 1124 historiam
3626 1070 3856 1142 allegorice

423 1162 681 1232 exponit.

490 1252 664 1304 Hosce
686 1249 862 1303 libros
895 1249 1260 1303 observamus
1288 1250 1528 1321 scriptos
1559 1251 1781 1304 circiter
1812 1267 2026 1305 annum
2059 1249 2266 1304 Christi
2297 1247 2949 1320 quadringentesimum,
2991 1251 3301 1318 propterea
3339 1247 3488 1318 quod
3518 1246 3584 1300 ab
3611 1248 3857 1319 Augustino

419 1343 788 1400 recensentur
815 1338 1078 1407 proxime
1109 1342 1240 1391 ante
1270 1338 1400 1392 illos
1446 1356 1589 1410 quos
1615 1339 1911 1411 episcopus
1942 1341 2208 1394 adversus
2241 1339 2512 1392 Faustum
2559 1336 2945 1391 manichaeum
2976 1352 3092 1390 non
3122 1336 3308 1390 multo
3337 1340 3466 1389 ante
3502 1335 3584 1388 vel
3616 1341 3726 1406 post
3751 1337 3856 1390 hunc

419 1443 636 1482 annum
663 1426 992 1492 elaboravit,
1028 1426 1113 1480 uti
1142 1443 1243 1480 suo
1271 1427 1489 1481 dicetur
1520 1429 1659 1482 loco.
1696 1430 1854 1483 Certe
1880 1429 1927 1482 si
1953 1447 2066 1500 qua
2092 1444 2264 1499 opera
2288 1428 2588 1481 indubiam
2613 1426 3013 1481 etdistinctam
3045 1424 3328 1497 temporis
3376 1431 3564 1478 notam
3589 1441 3695 1495 prae
3713 1443 3759 1478 se
3780 1443 3855 1480 non

425 1517 632 1577 ferunt,
668 1513 713 1566 si
759 1513 884 1566 aliis
916 1513 1150 1566 demum
1194 1515 1545 1583 argumentis
1575 1515 1634 1569 id
1665 1516 1994 1588 investigari
2025 1533 2140 1570 non
2170 1519 2377 1586 potest,
2413 1513 2838 1568 decernendum
2867 1513 3091 1567 videtur
3122 1531 3189 1567 ex
3213 1513 3682 1568 Retractationum
3726 1516 3858 1580 serie;

427 1601 914 1674 quandoquidem,
940 1607 1223 1671 quantum
1253 1603 1457 1672 potuit,
1485 1604 1703 1658 curavit
1730 1605 2101 1676 Augustinus,
2134 1609 2196 1658 ut
2221 1620 2325 1657 nos
2356 1619 2422 1657 ex
2443 1603 2564 1673 ipsa
2598 1601 2858 1656 ordinem
2892 1618 3004 1672 quo
3037 1618 3288 1673 quaeque
3321 1602 3525 1672 scripta
3555 1606 3692 1668 sunt,
3719 1619 3859 1656 nosse-

424 1707 554 1744 mus
583 1691 676 1759 (l).
705 1690 896 1760 Neque
927 1689 1304 1744 difﬁtebimur
1332 1695 1524 1745 tamen
1550 1693 1688 1763 quin
1719 1692 2009 1748 interdum
2031 1693 2411 1764 chronologiae
2442 1692 2653 1758 minus,
2687 1691 2868 1762 magis
2907 1695 3099 1746 autem
3131 1691 3468 1762 pertractati
3495 1693 3780 1762 argumenti
3802 1709 3854 1745 ra-

432 1779 650 1833 tionem
682 1778 961 1832 habuerit.

1418 1868 1472 1922 S.
1508 1873 1871 1925 AUGUSTINUS
1914 1886 2165 1924 EPISTULA
2203 1872 2342 1941 23t,
2379 1870 2550 1923 Damo
2582 1885 2779 1935 conm,
2811 1885 2866 1922 Ν.
2901 1871 2954 1923 6.

506 1992 535 2023 ‹‹
567 1973 736 2027 Sume
757 1971 952 2038 libros,
995 1988 1136 2043 quos
1162 1972 1516 2042 desiderasti,
1551 1976 1985 2031 Confessionum
2017 1992 2293 2030 mearum.
2330 1975 2414 2029 Ibi
2443 1991 2535 2028 me
2565 1974 2812 2045 inspice;
2844 1990 2918 2028 ne
2950 1990 3042 2028 me
3070 1973 3273 2028 laudes
3301 1972 3453 2026 ultra
3481 1987 3641 2042 quam
3666 1987 3792 2036 sum;
3812 1972 3863 2024 ibi

432 2077 551 2115 non
589 2060 714 2114 aliis
753 2061 823 2114 de
849 2077 940 2113 me
971 2061 1156 2126 crede,
1189 2061 1285 2114 sed
1318 2061 1490 2129 mihi;
1522 2062 1605 2116 ibi
1635 2079 1725 2118 me
1765 2063 2013 2130 attende,
2047 2069 2104 2117 et
2131 2064 2255 2118 vide
2287 2063 2424 2132 quid
2454 2063 2662 2116 fuerim
2693 2062 2752 2116 in
2780 2062 3024 2133 meipso,
3064 2078 3170 2133 per
3200 2060 3514 2131 meipsum:
3549 2064 3600 2114 et
3627 2058 3668 2112 si
3689 2060 3795 2128 quid
3825 2060 3862 2112 in

431 2167 523 2204 me
553 2149 659 2203 tibi
686 2148 982 2220 placuerit,
1013 2149 1182 2203 lauda
1209 2149 1287 2203 ibi
1315 2167 1562 2218 mecum,
1588 2169 1761 2223 quem
1782 2152 2003 2207 laudari
2024 2151 2177 2205 volui
2200 2151 2268 2206 de
2299 2167 2418 2217 me;
2442 2166 2632 2221 neque
2661 2150 2817 2204 enim
2844 2167 2956 2206 me.
2983 2150 3270 2215 Quoniam
3293 2149 3415 2219 ipse
3445 2147 3573 2202 fecit
3600 2164 3706 2212 nos,
3728 2153 3862 2200 etnon

431 2238 544 2308 ipsi
576 2253 706 2290 nos:
742 2253 845 2290 nos
886 2241 1077 2290 autem
1105 2237 1541 2306 perdideramus
1575 2255 1705 2307 nos;
1739 2239 1836 2294 sed
1877 2240 1977 2311 qui
2013 2239 2165 2306 fecit,
2197 2238 2414 2293 refecit.
2449 2238 2591 2292 Cum
2621 2242 2814 2292 autem
2851 2237 2932 2292 ibi
2964 2254 3056 2292 me
3102 2237 3417 2304 inveneris,
3456 2252 3550 2290 ora
3578 2251 3672 2306 pro
3704 2251 3789 2300 me,
3817 2251 3861 2287 ne

436 2325 718 2391 deficiam,
747 2326 843 2378 sed
869 2324 1152 2396 perﬁciar.
1189 2345 1215 2377 ››

1531 2425 1605 2478 Ex
1635 2441 1797 2479 Liano
1828 2441 1895 2478 DE
1923 2441 2067 2479 nono
2098 2427 2574 2491 Pnnsnvnnmrm,
2597 2439 2714 2479 car.
2748 2440 2838 2478 xx.

509 2537 536 2568 (ι
577 2517 722 2581 Quid
737 2521 928 2571 autem
950 2533 1214 2572 meorum
1237 2521 1646 2590 opusculorum
1671 2521 2029 2592 frequentius
2055 2526 2110 2576 et
2139 2521 2528 2575 delectabilius
2561 2521 2916 2575 innotescere
2931 2520 3139 2591 potuit,
3165 2537 3343 2592 quam
3367 2519 3501 2574 libri
3521 2516 3862 2573 Confessionum

438 2622 698 2661 mearum
717 2608 746 2659 ?
774 2606 916 2661 Cum
948 2611 1005 2660 et
1030 2607 1180 2677 ipsos
1206 2607 1486 2662 ediderim
1516 2613 1826 2680 antequam
1866 2611 2171 2681 Pelagiana
2199 2610 2432 2666 haeresis
2455 2610 2778 2675 exstitisset,
2812 2609 2872 2663 in
2903 2609 2984 2662 eis
3006 2614 3159 2664 certe
3189 2609 3310 2664 dixi
3338 2611 3451 2663 Deo
3472 2612 3670 2671 nostro,
3696 2609 3741 2658 et
3765 2618 3863 2672 sape

441 2694 594 2750 dixi:
629 2697 710 2748 Da
748 2694 892 2764 quod
923 2694 1101 2763 jubcs,
1135 2700 1186 2749 et
1228 2696 1362 2764 jube
1405 2697 1549 2764 quod
1607 2700 1712 2752 vis.
1754 2698 1890 2762 Quae
1945 2715 2075 2753 mea
2115 2699 2287 2754 verba
2316 2699 2581 2769 Pelagius
2628 2700 2826 2753 Romae
2876 2715 3006 2752 cum
3038 2716 3071 2752 a
3113 2699 3368 2769 quodam
3401 2697 3568 2751 fratre
3611 2691 3862 2762 coepiscopo

432 2799 560 2837 meo
582 2782 823 2837 fuissent
861 2799 927 2837 eo
957 2789 1241 2854 praesente
1263 2791 1730 2856 commemorata,
1760 2786 1908 2841 ferre
1934 2803 2048 2842 non
2077 2789 2264 2858 potuit
2288 2809 2301 2856 ,
2336 2793 2393 2843 et
2421 2788 3123 2860 contradicensaliquanto
3155 2787 3518 2851 commotius,
3543 2799 3676 2855 pene
3703 2795 3800 2835 cum
3819 2793 3862 2828 eo

436 2872 536 2944 qui
555 2872 654 2925 illa
684 2877 1261 2942 commemoraverat,
1293 2874 1554 2946 litigavit.
1591 2896 1619 2926 »
3501 2913 3506 2916 -

539 2965 684 3027 Vide
715 2974 1013 3046 praterea
1045 2963 1270 3028 librum
1310 2965 1376 3042 2,
1419 2986 1548 3048 cap.
1592 2966 1658 3045 6,
1695 2967 2266 3048 Retractationum,
2314 2989 2461 3054 pag.
2517 2968 2673 3047 632,
2721 2989 2786 3032 η.
2853 2969 2881 3033 1
2943 2978 3001 3033 et
3065 2972 3133 3045 2,
3192 2967 3414 3044 verbis,
3469 2958 3864 3030 Confessionum

444 3087 736 3132 mearum
775 3089 964 3152 usque
997 3074 1079 3134 ad
1106 3069 1318 3148 verba,
1351 3072 1619 3156 Magnus
1657 3091 1747 3151 es,
1788 3073 2079 3139 Domine.
2486 3075 2569 3139 M.

505 3208 573 3270 (t)
604 3208 811 3270 Prolog.
849 3210 1076 3258 Retract.
1115 3224 1167 3258 n.
1201 3214 1246 3259 3.

441 3353 3871 3383 Μ

1120 3503 1247 3630 S.
1365 3502 2100 3632 AURELII
2291 3505 3285 3633 AUGUSTINI

1728 3748 2264 3814 HIPPONENSIS
2313 3749 2678 3815 EPISCOPI

1609 3924 2808 4047 CONFESSITONUM

1413 4148 1877 4269 LIBRI
1962 4147 2834 4277 TBEDECIM
2915 4139 3024 4269 (α).

1565 4525 2078 4646 LIBER
2177 4521 2847 4646 PRIMUS.

520 4749 796 4797 Prmmissa
814 4750 908 4797 Dei
929 4749 1280 4810 invocatione,
1297 4747 1482 4798 recolit
1499 4746 1621 4795 vitae
1638 4759 1748 4794 suae
1776 4744 2062 4808 primordia
2085 4744 2149 4793 ad
2179 4757 2379 4793 annum
2409 4743 2672 4793 decimum
2692 4744 2955 4807 quintum.
2982 4743 3226 4793 Infantia;
3250 4746 3463 4807 peccata
3491 4732 3707 4801 agnoscit
3729 4731 3771 4812 et
3787 4734 3868 4812 imi"

451 4827 618 4884 ritim;
655 4831 809 4888 atque
843 4827 939 4876 hac
959 4834 1111 4878 aetate
1144 4830 1198 4877 in
1247 4808 1422 4878 lusum
1453 4831 1497 4876 et
1537 4825 1759 4890 puerilia
1783 4837 2005 4888 quaeque
2031 4824 2432 4884 oblectamenta,
2462 4837 2621 4887 quam
2661 4825 2716 4873 in
2745 4824 3037 4874 litterarum
3081 4824 3257 4874 studia
3294 4820 3649 4888 procliviorem
3677 4823 3723 4859 se
3746 4808 3866 4855 fuisse

462 4906 759 4955 conﬁtetur.

1010 5171 1234 5226 CAPUT
1273 5173 1566 5229 PRIMUM.
2266 5189 2436 5238 cxuv,
2469 5171 2516 5241 3)
2540 5184 2560 5222 .'
2590 5185 2798 5240 magna
2815 5169 2994 5224 virtus
3023 5173 3143 5238 tua,
3175 5173 3232 5223 et
3259 5166 3541 5239 sapientiae
3570 5165 3667 5214 tua:
3695 5163 3786 5241 non
3808 5143 3866 5194 θεῖ

734 5263 895 5315 Deum
928 5260 1046 5313 vult
1082 5260 1307 5314 laudare
1335 5262 1403 5314 ab
1432 5265 1550 5331 ipso
1581 5265 1866 5317 ewcitatus.
2263 5239 2536 5314 numerus
2569 5239 2730 5327 (Psat.
2765 5274 2938 5327 cxnvr,
2986 5258 3060 5328 5).
3107 5259 3173 5312 Et
3211 5257 3438 5313 laudare
3482 5258 3535 5307 te
3577 5246 3681 5302 vult
3722 5239 3863 5331 13011107!

516 5357 562 5406 t.
607 5353 840 5421 Magnus
898 5364 976 5413 es,
1031 5348 1291 5412 Domine,
1346 5355 1402 5404 et
1440 5351 1711 5405 laudabili
1771 5350 1932 5405 valde
1975 5349 2140 5419 (Psal.
2255 5348 2445 5418 aliqua
2484 5347 2671 5418 portio
2721 5352 2996 5402 creatura:
3036 5352 3181 5414 tum;
3235 5352 3291 5402 et
3343 5347 3507 5400 homo
3541 5327 3861 5392 circumfert!"S

513 5468 581 5527 (ιι)
616 5467 800 5529 Scripti
826 5479 968 5514 anno
998 5463 1204 5512 circiter
1229 5465 1333 5512 400.
