4028 6174
187 239 281 290 661

185 358 598 413 mortalitatem
633 374 812 426 suam,
839 360 1242 414 circumferens
1258 360 1651 417 testimonium
1675 365 1888 435 peccati

183 448 297 516 sui,
325 453 383 501 et
407 447 803 503 testimonium
832 450 967 519 quia
996 449 1257 519 superbis
1296 450 1509 504 resistis
1532 450 1550 484 ¹
1581 453 1628 522 (Ι
1658 455 1802 507 Petr.
1832 471 1884 520 v,

186 536 235 604 5)
263 553 277 590 ε
303 542 364 591 et
380 542 571 591 tamen
594 538 821 592 laudare
844 543 897 592 te
911 539 1029 591 vult
1047 539 1242 604 homo,
1260 539 1448 609 aliqua
1467 542 1653 610 portio
1676 548 1889 597 creatu-

192 640 273 677 rze
307 629 439 678 tuae.
467 626 549 677 Tu
575 624 802 691 excitas,
826 631 890 679 ut
911 625 1142 680 laudare
1168 630 1223 678 te
1250 626 1525 693 delectet;
1550 629 1686 699 quia
1708 630 1887 683 fecisti

182 728 294 766 nos
314 714 381 766 ad
401 717 476 778 te,
500 719 557 767 et
580 713 900 784 inquietum
922 720 1005 768 est
1028 731 1126 769 cor
1148 720 1430 778 nostrum,
1455 718 1635 771 donec
1660 719 1885 789 requie-

179 806 303 854 scat
332 802 394 855 in
424 806 498 863 te,
529 803 604 855 Da
639 803 803 869 mihi,
825 804 1083 870 Domine,
1102 804 1243 858 scire
1275 809 1332 858 et
1355 805 1675 876 intelligere
1692 812 1886 861 utrum

173 889 255 943 sit
303 890 467 960 prius
513 892 773 946 invocare
825 897 901 957 te,
950 909 1021 945 an
1060 893 1294 947 laudare
1337 898 1426 960 te;
1493 899 1550 947 et
1618 896 1759 949 scire
1832 900 1885 949 te

171 979 343 1049 prius
376 980 467 1045 sit,
496 997 568 1033 an
600 981 861 1034 invocare
894 986 967 1036 te.
1001 981 1108 1036 Sed
1130 983 1259 1053 quis
1288 983 1601 1047 teinvocat,
1629 984 1885 1039 nesciens

171 1072 231 1122 te
270 1067 298 1118 ?
325 1068 495 1123 Aliud
527 1069 679 1123 enim
712 1085 815 1139 pro
849 1070 958 1125 alio
998 1076 1185 1140 potest
1215 1071 1478 1125 invocare
1508 1072 1765 1127 nesciens
1806 1079 1880 1128 te.

170 1159 263 1209 An
301 1157 497 1227 potius
530 1157 828 1225 invocaris,
860 1163 921 1212 ut
952 1158 1143 1212 sciaris
1166 1162 1193 1213 ‘2
1225 1160 1522 1223 Quomodo
1554 1166 1747 1215 autem
1793 1162 1882 1216 in-

170 1246 464 1301 vocabunt
516 1246 576 1299 in
628 1262 799 1317 quem
847 1263 960 1301 non
992 1248 1358 1303 crediderunt
1376 1252 1403 1302 ?
1443 1254 1543 1302 aut
1593 1251 1881 1321 quomodo

166 1335 411 1389 credent
439 1336 559 1390 sine
585 1336 931 1407 praedicante
952 1340 980 1390 ‘2
1011 1336 1180 1405 (Rom.
1210 1356 1263 1398 x,
1304 1341 1425 1408 14.)
1465 1341 1526 1393 Et
1554 1339 1883 1405 ﬁlaudabunt

170 1424 491 1478 Dominum
539 1424 638 1495 qui
677 1424 983 1495 requirunt
1020 1442 1151 1480 eum
1205 1427 1368 1496 (Psal.
1404 1445 1514 1493 1m,
1564 1432 1676 1498 27).
1713 1430 1880 1493 Qua:-

166 1518 370 1567 rentes
396 1514 549 1567 enim
582 1514 874 1568 invenient
906 1531 1059 1581 eum,
1089 1520 1146 1568 et
1171 1516 1529 1571 invenientes
1564 1503 1882 1571 laudabunt

166 1618 332 1655 eum.
378 1603 643 1666 Quaeram
692 1609 767 1669 te,
805 1604 1065 1665 Domine,
1100 1605 1371 1659 invocans
1404 1611 1490 1671 te;
1526 1611 1580 1660 et
1619 1606 1879 1660 invocem

168 1697 251 1757 te,
288 1692 527 1745 credens
556 1693 616 1745 in
649 1698 701 1746 te
735 1693 1115 1763 :prazdicatus
1148 1694 1300 1748 enim
1330 1710 1390 1748 es
1420 1695 1609 1749 nobis.
1652 1697 1880 1749 Invocat

168 1784 252 1845 te,
290 1779 553 1845 Domine,
588 1780 728 1833 tides
754 1798 883 1835 mea
914 1798 1086 1852 quam
1127 1782 1333 1836 dedisti
1385 1782 1547 1848 mihi,
1582 1800 1755 1852 quam
1787 1784 1875 1836 in-

168 1868 409 1939 spirasti
438 1869 580 1922 mihi
608 1886 712 1939 per
740 1870 1158 1924 humanitatem
1190 1871 1312 1925 Filii
1341 1871 1446 1936 tui,
1480 1888 1582 1942 per
1610 1872 1873 1927 ministe-

168 1957 332 2011 rium
358 1956 744 2027 praadicatoris
777 1958 878 2011 tui.

862 2048 1085 2101 CAPUT
1119 2049 1190 2101 II.

242 2138 415 2189 Deum
445 2150 601 2204 quem
640 2137 852 2189 invocat
890 2138 949 2189 in
978 2139 1096 2205 ipso
1121 2152 1249 2203 esse,
1282 2138 1569 2207 ipsumque
1592 2140 1649 2191 in
1674 2142 1797 2193 Deo.

240 2229 299 2279 ‘2.
354 2226 419 2279 Et
465 2224 751 2295 quomodo
791 2224 1064 2278 invocabo
1112 2226 1293 2279 Deum
1333 2242 1548 2293 meum,
1601 2229 1780 2281 Deum
1820 2233 1875 2281 et

168 2314 485 2368 Dominum
513 2330 705 2368 meum
724 2315 752 2367 ?
779 2313 1059 2377 Quoniam
1090 2314 1283 2384 utique
1314 2315 1374 2368 in
1402 2332 1491 2369 me
1525 2316 1712 2386 ipsum
1739 2333 1870 2370 eum

162 2403 405 2469 vocabo,
447 2419 576 2457 cum
607 2402 881 2456 invocabo
913 2419 1065 2456 eum.
1111 2405 1174 2457 Et
1205 2403 1332 2473 quis
1366 2405 1524 2458 locus
1562 2409 1645 2458 est
1676 2406 1736 2459 in
1779 2422 1871 2461 me

163 2509 283 2563 quo
314 2492 503 2545 veniat
531 2492 591 2545 in
620 2509 712 2546 me
747 2493 895 2546 Deus
921 2508 1083 2546 meus
1102 2492 1129 2545 ?
1160 2509 1273 2562 quo
1296 2494 1442 2546 Deus
1462 2493 1724 2547 veniatin
1754 2511 1866 2562 me,

166 2584 318 2636 Deus
353 2581 452 2652 qui
491 2581 621 2635 fecit
647 2582 851 2635 ccelum
883 2585 938 2634 et
969 2586 1180 2635 terram
1200 2584 1228 2635 ?
1256 2584 1433 2648 Itane,
1462 2583 1701 2637 Domine
1722 2585 1869 2638 Deus

163 2687 349 2735 meus,
387 2674 472 2724 est
499 2670 812 2741 quidquam
845 2670 907 2723 in
940 2686 1031 2723 me
1063 2670 1217 2739 quod
1256 2671 1441 2741 capiat
1487 2675 1587 2727 te?
1616 2675 1703 2726 An
1737 2690 1868 2728 vero

161 2759 375 2814 caelum
416 2765 471 2813 et
499 2764 651 2813 terra
682 2776 811 2829 quae
844 2758 1046 2823 fecisti,
1081 2764 1135 2812 et
1179 2757 1238 2811 in
1287 2760 1494 2829 quibus
1542 2777 1632 2814 me
1663 2762 1865 2829 fecisti,

162 2848 402 2918 capiunt
430 2848 526 2901 te?
554 2850 642 2901 An
681 2846 816 2917 quia
846 2846 968 2900 sine
998 2852 1054 2900 te
1094 2863 1207 2900 non
1238 2853 1385 2901 esset
1434 2848 1710 2919 quidquid
1763 2856 1865 2917 est,

163 2938 226 2991 fit
256 2942 319 2991 ut
350 2936 632 3007 quidquid
676 2941 761 2989 est
789 2936 977 3005 capiat
1006 2936 1101 2989 te?
1134 2936 1413 2999 Quoniam
1448 2937 1643 3008 itaque
1674 2944 1730 2993 et
1762 2956 1867 3010 ego

164 3042 314 3091 sum,
358 3026 497 3096 quid
530 3029 662 3095 peto
694 3030 756 3078 ut
788 3025 979 3079 venias
1001 3024 1058 3078 in
1088 3040 1200 3087 me,
1230 3024 1329 3094 qui
1368 3042 1481 3078 non
1525 3043 1725 3094 essem,
1757 3028 1869 3081 nisi

161 3130 309 3169 esses
341 3114 403 3168 in
429 3116 566 3168 me?
597 3116 721 3168 Non
751 3114 905 3167 enim
937 3130 1044 3183 ego
1069 3115 1191 3184 jam
1221 3112 1279 3166 in
1301 3113 1495 3167 inferis
1518 3118 1559 3180 ²,
1594 3119 1649 3168 et
1673 3120 1868 3169 tamen

159 3204 335 3257 etiam
363 3203 445 3257 ibi
484 3220 561 3257 es.
601 3204 741 3257 Nam
768 3202 874 3257 etsi
906 3202 1252 3256 descendero
1295 3202 1354 3255 in
1391 3202 1699 3269 infernum,
1732 3202 1867 3255 ades

161 3294 323 3357 (Psal.
363 3308 625 3359 cxxxvm,
657 3294 735 3361 8).
788 3293 911 3346 Non
953 3308 1058 3362 ego
1096 3307 1299 3357 essem,
1338 3292 1711 3377 Deus/meus,
1748 3307 1864 3345 non

162 3380 402 3434 omnino
432 3395 639 3445 essem,
666 3380 775 3433 nisi
796 3396 946 3434 esses
967 3380 1027 3433 in
1054 3396 1166 3435 me.
1196 3382 1283 3433 An
1310 3381 1501 3450 potius
1524 3396 1638 3433 non
1658 3396 1859 3447 essem,

155 3469 267 3523 nisi
308 3485 496 3523 essem
526 3468 586 3522 in
614 3473 689 3535 te,
726 3485 793 3522 ex
826 3485 941 3540 quo
971 3468 1187 3537 omnia,
1220 3484 1323 3538 per
1354 3484 1527 3539 quem
1562 3470 1774 3536 omnia,
1803 3471 1863 3524 in

1682 242 1893 298 LIBER
1934 243 2216 299 PRIMUS.

3604 254 3707 305 662

2004 383 2118 437 quo
2157 367 2349 421 omnia
2385 371 2549 437 (Rom.
2592 386 2667 437 x1,
2706 368 2789 436 36)
2813 370 2841 422 ‘P
2871 368 3047 422 Etiam
3084 370 3181 436 sic,
3238 372 3499 442 Domine,
3530 375 3701 429 etiam

2002 456 2100 508 sic.
2137 457 2258 520 Quo
2288 461 2341 511 te
2359 456 2571 519 invoco,
2606 474 2734 511 cum
2756 458 2815 512 in
2847 462 2901 511 te
2941 457 3049 511 sim
3070 460 3097 512 ?
3120 463 3219 513 aut
3248 460 3398 513 unde
3422 462 3615 515 venias
3644 464 3703 517 in

2000 562 2093 599 me
2114 549 2141 600 ‘?
2170 547 2292 611 Quo
2336 548 2490 601 enim
2520 550 2783 602 recedam
2831 552 2989 602 extra
3038 550 3247 603 caelum
3289 555 3343 604 et
3374 555 3607 620 terram,
3640 558 3703 606 ut

2000 635 2131 689 inde
2163 636 2222 689 in
2256 653 2347 690 me
2399 637 2589 691 veniat
2640 639 2787 692 Deus
2834 654 3015 704 meus,
3062 639 3162 708 qui
3205 638 3347 693 dixit
3379 656 3391 692 :
3427 641 3620 696 Galam
3653 648 3701 693 et

2001 729 2203 779 terram
2233 741 2325 793 ego
2358 726 2549 794 impleo
2572 729 2599 781 ἰ)
2634 728 2838 795 (Jerem.
2871 743 3027 792 xxxix,
3060 727 3167 794 24.)

2672 816 2896 868 CAPUT
2932 816 3026 869 III.

1996 904 2135 955 Deus
2166 906 2240 957 sic
2269 903 2468 971 ubique
2496 908 2652 968 totus,
2680 910 2742 957 ut
2776 920 2859 957 res
2888 906 3040 958 nulla
3074 907 3251 973 ipsum
3289 910 3456 959 totum
3491 909 3695 975 capiat.

2068 994 2117 1044 3.
2152 992 2397 1061 Capiunt
2434 1008 2645 1062 ergone
2677 997 2729 1046 te
2768 995 2975 1047 coelum
3018 998 3073 1046 et
3112 999 3282 1059 terra,
3326 995 3599 1065 quoniam
3629 1002 3685 1048 tu

1992 1078 2199 1149 imples
2234 1083 2344 1134 ea?
2378 1084 2462 1135 An
2492 1082 2717 1152 imples,
2760 1087 2815 1135 et
2846 1087 3039 1148 restat,
3069 1082 3346 1152 quoniam
3385 1098 3503 1135 non
3528 1088 3578 1136 te
3605 1100 3696 1136 ca-

1994 1168 2202 1237 piunt?
2236 1171 2298 1223 Et
2322 1186 2435 1239 quo
2453 1170 2709 1223 refundis
2732 1170 3016 1240 quidquid
3038 1170 3275 1240 impleto
3298 1171 3439 1223 coelo
3464 1176 3520 1225 et
3542 1176 3693 1225 terra

1993 1260 2168 1309 restat
2193 1273 2256 1309 ex
2292 1258 2384 1310 te?
2416 1260 2502 1310 An
2538 1274 2650 1310 non
2674 1274 2820 1326 opus
2850 1258 3045 1323 habes,
3084 1264 3147 1311 ut
3176 1275 3467 1329 quoquam
3507 1260 3693 1313 conti—

1991 1341 2199 1408 nearis,
2251 1343 2348 1413 qui
2400 1336 2671 1397 contines'
2708 1344 2932 1409 omnia;
2970 1345 3245 1413 quoniam
3273 1362 3403 1415 qua:
3457 1346 3683 1417 imples,

1990 1433 2333 1488 continendo
2356 1433 2604 1504 imples?
2626 1436 2749 1488 Non
2783 1434 2937 1487 enim
2968 1452 3100 1487 vasa
3119 1452 3247 1504 quas
3272 1440 3323 1489 te
3344 1436 3513 1505 plena
3534 1443 3685 1502 sunt,

1988 1522 2247 1576 stabilem
2277 1527 2332 1576 te
2361 1523 2610 1588 faciunt;
2654 1522 2789 1593 quia
2814 1522 2917 1575 etsi
2950 1522 3307 1592 frangantur,
3360 1539 3473 1576 non
3508 1524 3689 1577 effun-

1989 1610 2159 1664 deris.
2200 1612 2265 1665 Et
2297 1627 2427 1665 cum
2458 1612 2764 1665 etfunderis
2794 1628 2964 1681 super
2994 1628 3119 1677 nos,
3161 1627 3276 1664 non
3307 1616 3369 1665 tu
3394 1612 3565 1681 jaces,
3595 1613 3691 1665 sed

1989 1699 2161 1769 erigis
2196 1718 2333 1755 nos:
2384 1716 2487 1754 nec
2522 1706 2583 1753 tu
2623 1700 2912 1769 dissiparis
2950 1699 2993 1767 ί,
3030 1700 3127 1753 sed
3167 1699 3386 1770 colligis
3417 1717 3543 1753 nos.
3582 1700 3690 1753 Sed

1985 1789 2084 1858 qui
2120 1786 2143 1820 ²
2173 1788 2379 1858 imples
2411 1789 2621 1854 omnia,
2659 1794 2714 1841 te
2749 1793 2865 1841 toto
2916 1788 3121 1857 imples
3161 1787 3354 1841 omnia
3372 1790 3400 1841 ‘9
3438 1791 3523 1841 An
3555 1789 3689 1859 quia

1986 1893 2099 1930 non
2135 1881 2371 1948 possunt
2400 1882 2453 1930 te
2489 1881 2672 1931 totum
2722 1893 2922 1947 capere
2964 1876 3176 1941 omnia,
3219 1881 3439 1945 partem
3482 1877 3565 1929 tui
3604 1894 3688 1929 ca-

1982 1966 2170 2036 piunt,
2204 1970 2259 2020 et
2288 1966 2548 2019 eamdem
2585 1972 2804 2036 partem
2854 1966 3024 2019 simul
3066 1964 3259 2018 omnia
3294 1964 3571 2034 capiunt?
3602 1969 3686 2019 An

1982 2054 2236 2125 singulas
2266 2054 2511 2125 singula,
2548 2059 2604 2109 et
2632 2055 2879 2125 majores
2910 2054 3146 2124 majora,
3188 2053 3434 2107 minores
3464 2054 3687 2107 minora

1981 2142 2422 2213 capiunt?,Ergo
2445 2147 2530 2197 est
2550 2143 2742 2213 aliqua
2766 2160 2896 2213 pars
2917 2143 3002 2197 tui
3027 2142 3443 2212 major,‘aliqua
3471 2142 3678 2195 minor.

1982 2233 2069 2285 An
2099 2232 2311 2303 ubique
2345 2236 2499 2286 totus
2533 2249 2612 2298 es,
2650 2236 2703 2286 et
2740 2248 2826 2285 res
2846 2232 3006 2285 nulla
3036 2236 3091 2284 te
3118 2235 3300 2284 totum
3333 2230 3526 2300 capit?

2660 2322 2883 2375 CAPUT
2926 2322 3013 2374 IV.

2175 2412 2265 2463 Dei
2288 2410 2546 2477 majestas
2585 2414 2635 2463 et
2661 2411 3017 2478 perfectiones
3047 2407 3490 2477 inewplicabiles.

2048 2499 2101 2550 4.
2138 2497 2283 2560 Quid
2320 2514 2379 2550 es
2422 2514 2575 2566 ergo,
2613 2498 2760 2551 Deus
2788 2513 2949 2550 meus
2974 2500 3001 2550 ‘?
3042 2497 3201 2567 quid,
3237 2512 3399 2566 rogo,
3429 2495 3539 2549 nisi
3573 2498 3682 2550 Do-

1977 2585 2168 2638 minus
2203 2587 2351 2639 Deus
2378 2588 2405 2639 ?
2438 2586 2572 2649 Quis
2607 2586 2761 2639 enim
2797 2585 3067 2639 Dominus
3094 2590 3306 2656 praeter
3343 2584 3684 2639 Dominum?

1976 2679 2077 2728 aut
2107 2674 2234 2746 quis
2263 2675 2410 2728 Deus
2426 2679 2635 2744 praeter
2663 2676 2839 2727 Deum
2871 2676 3170 2727 nostrum?
3200 2676 3359 2729 (Psal.
3398 2691 3526 2740 xvu,
3565 2675 3682 2744 32.)

1976 2762 2228 2828 Summe,
2267 2763 2502 2833 optime,
2527 2761 2942 2832 potentissime,
2979 2762 3554 2838 omnipotentissjme,
3579 2763 3681 2816 mi-

1980 2850 2423 2909 sericordissime
2458 2856 2517 2905 et
2546 2850 2885 2921 justissime,
2934 2850 3307 2904 secretissime
3339 2854 3395 2903 et
3422 2866 3678 2920 prasen-

1976 2939 2213 3004 tissime,
2247 2938 2633 3008 pulcherrime
2668 2943 2723 2991 et
2748 2938 3072 3003 fortissime,
3101 2937 3321 2991 stabilis
3354 2942 3409 2990 et
3454 2937 3675 2991 incom-

1975 3027 2379 3098 prehensibilis
2403 3044 2415 3093 ;
2441 3026 2835 3093 immutabilis,
2860 3031 3087 3079 mutans
3119 3026 3344 3093 omnia;
3380 3042 3676 3096 nunquam

1974 3132 2176 3182 novus,
2199 3128 2495 3186 nunquam
2509 3120 2666 3169 vetus
2684 3102 3000 3181 {innovans
3019 3115 3214 3168 omnia
3238 3131 3251 3181 ;
3277 3119 3333 3169 et
3356 3115 3416 3168 in
3437 3120 3676 3169 vetusta-

1974 3208 2089 3258 tem
2120 3204 2437 3274 perducens
2467 3205 2762 3273 superbos,
2797 3208 2853 3256 et
2886 3203 3149 3256 nesciunt
3183 3219 3197 3256 :
3233 3220 3458 3274 semper
3478 3219 3673 3273 agens,

1972 3309 2200 3363 semper
2228 3293 2486 3364 quietus;
2527 3293 2823 3362 colligens,
2863 3295 2917 3344 et
2942 3308 3058 3345 non
3091 3308 3304 3362 egens;
3337 3297 3589 3362 portans,
3622 3296 3677 3345 et

1969 3382 2239 3453 implens,
2293 3386 2350 3436 et
2380 3386 2685 3453 protegens
2712 3401 2725 3449 ;
2758 3396 2978 3447 creans,
3011 3386 3069 3434 et
3104 3380 3381 3447 nutriens,
3416 3385 3473 3434 et
3501 3380 3671 3450 perti-

1971 3472 2163 3536 ciens;
2214 3487 2492 3540 quaerens,
2550 3486 2681 3524 cum
2734 3468 2880 3523 nihil
2937 3468 3083 3523 desit
3130 3468 3252 3522 tibi.
3314 3471 3507 3537 Amas,
3566 3484 3670 3522 nec

1435 3580 1709 3616 ADIONITIO
1741 3568 1800 3615 P.
1834 3568 1888 3615 P.
1925 3568 2393 3616 Beasmcrmoaux.

1435 3581 1709 3616 ADIONITIO
1742 3581 1800 3615 ιι.
1834 3581 1888 3615 ιι.
1927 3581 2393 3617 uenemcrmonux.

149 3629 557 3678 Confessionum
573 3628 693 3676 libri
706 3628 970 3691 prodeunt
997 3629 1079 3676 hic
1097 3628 1159 3691 de
1190 3641 1328 3676 novo
1342 3630 1603 3676 emendati
1617 3630 1679 3676 ad
1694 3635 1894 3691 veteres
1912 3630 2118 3678 codices
2134 3630 2345 3691 optime
2360 3634 2497 3677 notae
2513 3630 2895 3686 Fossatensem,
2914 3625 3244 3686 Tliuaneum,
3266 3626 3655 3687 Corbeiensem,

150 3694 580 3745 Germanensem,
613 3690 1015 3753 Benignianum,
1044 3690 1131 3752 qui
1158 3695 1277 3738 ante
1304 3703 1472 3738 annos
1502 3692 1591 3737 700
1622 3690 1707 3738 vel
1729 3692 1817 3739 800
1850 3692 2029 3753 scripti
2060 3690 2343 3753 videntur:

210 3754 512 3815 Insuperad
527 3754 655 3801 alios
670 3752 875 3815 codices
902 3752 1162 3800 inferioris
1191 3753 1377 3815 aetatis.
1409 3756 1499 3815 aut
1524 3753 1677 3801 nobis

1814 3766 1921 3801 non
1938 3749 2122 3801 omnes
2140 3752 2363 3815 prOpriis
2380 3752 2549 3801 oculis
2564 3749 2961 3815 exploravimus
2985 3751 3326 3815 incompertie
3338 3766 3357 3815 Ξ
3383 3750 3581 3815 scilicet
3598 3752 3662 3799 ad

211 3767 437 3815 Insuper
449 3767 512 3800 an
527 3767 655 3801 auos
670 3767 875 3800 codices
902 3767 1162 3800 [memoris
1191 3767 1377 3803 anatis.
1409 3767 1499 3800 aut
1524 3767 1677 3801 noms
1746 3768 1795 3800 ιιι
1814 3767 1921 3801 non
1938 3767 2122 3801 omnes
2140 3767 2363 3815 propriis
2380 3767 2549 3801 ocuus
2564 3767 2960 3814 explorawmus
2985 3767 3356 3813 incomperue;
3383 3767 3581 3799 Βοιιιοθι
3598 3767 3662 3799 au

146 3815 640 3885 'I‘beodericensem,
659 3814 1017 3885 Albinensem,
1041 3815 1324 3885 Lyrapum,
1339 3767 1963 3885 Yalinensem,(l_legium,
1983 3814 2899 3885 Vedastinum,_Vaticanum;unum
2912 3827 2939 3885 e
2952 3813 3273 3885 bibliotlieca
3289 3814 3392 3863 RR.
3416 3813 3511 3861 PP.
3533 3814 3666 3885 Prae-

149 3878 449 3926 dicatorum
482 3878 640 3925 Paris.
672 3876 760 3925 via
786 3875 1032 3935 Jacobea,
1061 3875 1125 3923 ex
1162 3876 1449 3925 Sorboniea
1478 3876 1629 3934 duos,
1657 3892 1721 3925 ex
1743 3875 2011 3926 Victorina
2040 3882 2162 3935 tres,
2199 3891 2264 3925 ex
2292 3877 2611 3925 bibliotheca
2641 3876 2746 3925 RR.
2774 3875 2869 3923 PP.
2897 3876 3407 3938 Augustinianorum
3442 3875 3660 3938 majoris

149 3943 449 4009 conventus
485 3940 650 4009 Paris:
684 3941 925 4009 quatuor:

210 4002 469 4063 Denique,
505 4001 568 4049 ad
606 4000 877 4064 Variantes
908 4000 1176 4049 Lectiones
1204 4000 1608 4064 Lovaniensium
1640 4015 1766 4064 cura
1794 4014 1857 4050 ex
1882 4001 2114 4064 quinque
2143 4000 2515 4064 manuscriptis
2546 4000 2821 4064 collectas;
2854 4013 3063 4049 necnon
3090 4000 3418 4064 adpqugatuor
3448 4013 3661 4064 manus-

146 4064 347 4126 criptos
368 4062 709 4126 ’Anglicanos,
741 4063 940 4111 scilicet
966 4075 1221 4126 unumex
1250 4062 1532 4126 Bodleiana
1560 4062 1910 4119 bibliotheca,
1927 4062 2060 4111 duos
2082 4078 2141 4111 ex
2177 4062 2774 4126 Collegio’Mertonensi,
2798 4067 2850 4111 et
2880 4076 3047 4110 unum
3074 4076 3133 4110 ex
3157 4062 3382 4111 Arcliiva
3401 4062 3652 4111 Laudiua.

250 4123 615 4174 ontessionum
645 4125 809 4173 Libris
835 4124 1178 4173 emendandis
1205 4123 1423 4171 adhibiti
1456 4129 1580 4187 sunt
1602 4125 1726 4173 editi
1758 4126 1964 4173 codices
1994 4126 2316 4187 antiquiores
2331 4123 2396 4173 vet
2424 4126 2781 4187 castigatiores
2806 4139 2817 4172 :

145 4192 264 4237 Am.
290 4188 341 4235 id
369 4192 465 4245 est,
494 4188 625 4235 liber
648 4201 873 4235 excusas
906 4186 1119 4234 Basileaa
1150 4200 1240 4247 per
1264 4187 1522 4234 Joannem
1551 4186 1615 4235 de
1642 4187 1951 4245 Amerbach,
1983 4186 2135 4235 anno
2149 4187 2359 4236 Domini
2391 4190 2527 4235 1189.

142 4251 278 4299 Bad.
312 4252 480 4307 Quem
500 4249 730 4297 .lodocus
757 4249 947 4297 Badius
975 4262 1063 4310 per
1082 4249 1342 4295 Joannem
1376 4248 1599 4296 Parvum
1633 4249 1843 4296 Parisiis
1872 4249 2061 4297 excudi
2089 4251 2311 4306 curavit,
2336 4262 2477 4296 anno
2506 4250 2645 4296 12302.

141 4314 233 4361 Er.
262 4312 518 4359 Desiderii
547 4311 746 4359 Erasmi
777 4324 902 4359 cura
932 4310 1234 4371 castigatus.
1257 4316 1307 4372 et
1339 4310 1664 4358 Frobeniano
1696 4311 1838 4372 prelo
1860 4311 2032 4359 editus
2066 4312 2301 4369 Basileze,
2335 4324 2475 4359 anno
2508 4312 2644 4358 1529.

148 4377 267 4444 [ρι’.
290 4374 446 4444 ξίφει·
464 4374 552 4436 qui
562 4374 714 4444 junxta
726 4373 1139 4444 recognitionem
1152 4371 1538 4444 :l‘heologgru‘m
1555 4371 1976 4444 Lovaniensium,
1995 4373 2411 4444 ex_Plantiuiaua
2428 4372 2774 4444 typograpbia
2795 4371 3322 4444 prodiitAntqerpize,
3347 4382 3488 4418 anno

141 4440 271 4485 Arn.
289 4436 461 4484 Editio
474 4433 592 4499 quae
603 4436 662 4483 D.
680 4433 895 4484 Antonii
910 4434 1124 4483 Arualdi
1137 4434 1363 4483 doctoris
1378 4434 1652 4482 Sorbonici
1664 4436 1839 4483 studio
1853 4435 1917 4483 ad
1930 4435 2209 4483 duodecim
2229 4448 2349 4484 man
2358 4433 2614 4497 uscri’ptos
2628 4433 2900 4498 recognita
2912 4434 3105 4497 prodiit
3118 4433 3495 4492 Parisiis,anno
3512 4436 3650 4482 1649.

1411 4526 1788 4564 ευκηιυιγωιτε
1824 4528 2080 4563 ΡΒΞΤΕΒΕΑ
2117 4529 2410 4564 ΕΒΙἸΊΟΧΕΒΣ

212 4582 263 4626 1ο
292 4577 562 4641 Lugduid
592 4579 664 4641 est
689 4576 1104 4641 Lugdunensem,
1130 4574 1431 4641 anni71561.

206 4604 261 4688 ἑο
288 4604 1484 4697 Eisdiil‘ff,£23tittiéift‘ti°t'}zs;;51‘Hirtii.
1512 4635 1701 4688 datam
1719 4641 1771 4687 in
1794 4638 2476 4699 adibusCaroleuillard,
2505 4642 2643 4689 1511.
2739 4623 3036 4695 βμωθιίειω
3059 4623 3383 4684 nuperrime
3412 4626 3643 4695 exstant.

207 4706 263 4771 3°
295 4703 446 4771 Υθηον
480 4702 637 4771 ίάΐδί
670 4704 930 4771 ιῖεῑξειωη·
959 4700 1256 4771 αηνξῌδδςιο
1293 4766 1299 4771 .
1341 4765 1350 4771 .
1402 4764 1411 4771 ,
1474 4763 1494 4771 -
1647 4766 1672 4771 -
1715 4762 1726 4771 .
1804 4766 1812 4771 .
1917 4767 1923 4771 .
2016 4764 2023 4771 .
2071 4766 2079 4771 .
2679 4685 3315 4771 ῗζῖᾞῗηεῇξῖἰιυῗι⁵Ῐῖ“η.ῗ⁵ξ
3336 4684 3643 4771 (ΞΕᾉῘΫΞΫ

207 4706 263 4750 3ο
295 4703 446 4759 Ven.,
480 4702 537 4751 id
561 4707 637 4747 est
670 4704 930 4753 Venetam.
959 4700 1090 4748 anni
1120 4703 1256 4747 1584.

2679 4686 2954 4744 editiones,
2982 4686 3036 4732 P.
3070 4685 3224 4733 Desb.
3262 4690 3315 4733 et
3336 4686 3460 4745 GG.,
3497 4684 3549 4733 id
3573 4693 3653 4735 est

204 4747 258 4812 λῖο
289 4747 601 4822 361313134
635 4747 1101 4813 est—Hiﬁsoinrnalii
1132 4778 1159 4811 e
1187 4764 1443 4812 Societate
1461 4763 1604 4825 Iesu.
1635 4762 1858 4811 Colonia?
1893 4764 2162 4825 Agripina:
2184 4776 2328 4813 anno
2364 4766 2501 4813 1629.
2655 4747 3655 4825 ἔδεεεξςξι,ξυρρ-Ρμεξιρθβινχυβειεξξςςβε.

204 4830 259 4875 5ο
291 4828 416 4874 Lov.
456 4827 590 4885 Par.,
625 4826 682 4874 id
706 4828 774 4873 est
808 4825 1227 4882 Lovaniensiam,
1262 4838 1373 4887 qua:
1395 4822 1598 4887 prodiit
1628 4826 1859 4874 Parisiis
1889 4822 2029 4874 1651.

201 4892 257 4936 6°
288 4889 437 4947 Lov.,
464 4888 519 4935 id
543 4890 618 4937 est
651 4890 885 4937 alteram
920 4888 1353 4941 Lovaniensium.
1380 4890 1684 4944 AnIverpixc
1716 4891 1835 4937 1662
1860 4900 2121 4937 recusant.

202 4954 259 4999 7°
290 4951 427 4999 Dub.
458 4948 514 4998 id
544 4952 620 4999 est
654 4954 713 4998 Ι).
749 4949 959 5006 Dubois,
992 4947 1267 5009 vulgatam
1294 4950 1515 4999 Parisiis
1546 4950 1690 4997 1687.

2681 4809 2994 4870 alteraapud
3023 4811 3219 4857 Gaume
3248 4810 3441 4858 fratres
3463 4811 3661 4859 Biblio-

2681 4818 2843 4857 altera
2856 4818 2994 4870 apud
3023 4818 3219 4857 Gaume
3248 4818 3441 4858 fratres
3464 4818 3656 4859 Biblio-

3080 4871 3333 4963 vlplgata}.
3368 4873 3656 4936 Utramque

2666 4932 3022 4981 teontulimus.
3094 4933 3162 4981 M.

203 5016 257 5061 8°
288 5011 576 5076 Benedict.,
607 5010 660 5059 id
682 5014 759 5061 est
795 5013 1187 5076 Benediclinam
1214 5024 1327 5073 qua:
1356 5012 1662 5073 Anlverpia:
1685 5012 2119 5076 iterumprodiit
2156 5012 2445 5076 1700-1702.
2501 5075 2525 5076 η
2602 5070 2634 5076 ,Α
2958 5064 2959 5067 η

204 5077 259 5123 9ο
292 5074 467 5131 Mart,
486 5074 538 5121 id
564 5078 638 5121 est
658 5088 693 5123 a
724 5080 870 5121 Dom.
901 5074 948 5121 J.
982 5070 1471 5122 Martino'Maurm
1496 5070 1813 5133 rei-agnitum
1839 5070 2217 5133 ad’anliquam
2237 5074 2527 5123 Ulimmerii
2554 5070 2829 5122 editionem
2858 5076 2905 5122 et
2931 5075 3003 5124 ad
3027 5074 3086 5124 12
3112 5075 3494 5132 Mss.,Parisiis
3520 5079 3664 5129 1741.

204 5140 292 5185 1οο
320 5137 476 5193 Flor.,
499 5135 556 5183 id
577 5138 648 5202 est
670 5138 753 5184 Fr.
782 5133 1103 5202 Archangeli
1122 5148 1155 5182 a
1174 5135 1587 5202 Prasentalio‘ne
1598 5136 1907 5202 sacerdotis,
1929 5135 3118 5202 professigannelitaeaicalceali,Theologia’
3132 5142 3181 5188 et
3201 5141 3491 5202 Scriptura:
3502 5150 3665 5188 sacrae

139 5199 369 5251 lectoris.
402 5199 734 5259 recoynilam
765 5197 836 5246 ad
864 5198 1163 5259 complures
1190 5197 1448 5245 editiones
1477 5200 1528 5246 et
1559 5197 1628 5245 ad
1658 5200 1710 5245 13
1746 5202 1981 5247 Etruria:
2008 5199 2132 5246 Mss.
2162 5198 2434 5247 Florentiae
2462 5199 2595 5245 1757.

208 5265 296 5311 11°
334 5257 609 5317 Rond.,'id
643 5263 720 5309 est
746 5262 802 5306 L.
825 5263 901 5307 st.
934 5257 1136 5308 [tondet
1165 5260 1344 5308 stadio
1373 5258 1631 5309 collatam
1661 5272 1785 5308 cum
1816 5264 1872 5310 16
1898 5262 2014 5311 Mss.
2044 5263 2089 5310 et
2112 5272 2231 5309 cum
2253 5259 2673 5320 pratceaentibus
2699 5259 3027 5321 editionibus,
3066 5261 3290 5311 Parisiis
3317 5263 3460 5309 1776.
3528 5262 3595 5311 Μ.

210 5344 225 5374 ¹
263 5337 541 5395 Somma1.,
574 5339 719 5394 Lov.,
750 5338 921 5385 Mart.
959 5351 1023 5385 ex
1055 5337 1287 5399 quinque
1307 5338 1429 5386 Mss.
1456 5352 1468 5398 ;
1499 5338 1667 5387 Rond.
1687 5352 1751 5387 ex
1773 5339 1859 5386 tri-

144 5402 446 5465 busilldssqz
472 5400 747 5465 Supeg'bis,
760 5402 927 5465 _Deus,
953 5399 1281 5465 resistis._M.
1384 5462 1392 5465 _
1496 5446 1515 5465 Δ,

209 5465 231 5498 ³
253 5460 565 5511 Theoderici
586 5462 681 5509 Ms.
711 5460 853 5524 :'Ego
881 5474 1003 5524 sum
1032 5460 1212 5524 inferi,
1243 5476 1349 5510 non
1382 5462 1736 5511 intoleranter.
1760 5463 1860 5511 Alii

151 5525 425 5633 plerique:
461 5525 564 5583 Ego
583 5525 702 5584 jam
721 5522 916 5587 inferi,
947 5522 1284 5595 librariorum
1308 5524 1558 5597 lapsu,.ut
1573 5524 1862 5595 videtur.—

184 5600 301 5633 .nus
332 5586 507 5633 Codex
527 5586 665 5633 amid
688 5586 855 5633 Rond.
883 5601 894 5633 :
922 5590 1031 5633 Non
1059 5599 1197 5633 enim
1226 5600 1313 5633 eno
1335 5600 1455 5633 sum
1478 5600 1527 5633 m
1560 5589 1764 5633 inieris.
1792 5588 1857 5633 Μ.

179 5586 507 5634 inus'Codex
527 5586 665 5647 apud
688 5586 855 5633 Rond.
883 5601 894 5633 :
922 5590 1031 5634 Non
1059 5588 1197 5635 enim
1226 5600 1313 5646 ego
1335 5600 1455 5635 sum
1478 5589 1527 5634 in
1560 5586 1764 5643 inieris.
1792 5588 1857 5633 M.

2034 5342 2048 5373 ι
2080 5338 2415 5400 Antiquiores
2443 5338 2593 5395 Edd.,
2626 5338 2825 5388 scilicet
2845 5354 2875 5387 a
2907 5341 3105 5389 JOdoco
3130 5340 3287 5388 Badio
3333 5340 3601 5396 Ascensio,
3632 5356 3663 5389 a

1972 5403 2174 5511 JDoanne
2196 5400 2537 5473 Amerbachio
2550 5406 2603 5449 et
2617 5402 2923 5451 aDesiderio
2946 5404 3177 5461 Erasmo,
3192 5414 3311 5449 cum
3324 5401 3487 5449 tribus
3508 5402 3631 5450 Mss.
3648 5418 3658 5450 :

2024 5475 2320 5525 aspergeris.
3254 5524 3261 5525 ί

2035 5524 2146 5572 ﬁ'In
2166 5524 2251 5583 B.,
2281 5538 2433 5587 qua‘;
2465 5529 2518 5573 at
2548 5526 2746 5576 Somni.
2771 5527 2905 5574 Dub.
2938 5526 3086 5573 Mart.
3124 5524 3307 5583 Lond.,
3340 5526 3447 5586 qui.
3470 5526 3537 5573 Μ.
