  <div class='ocr_page' id='page_1' title='image "/cluster/home/n/w/nwhite01/storage/ocr_20150623/32/hvd.32044096580550/351.png"; bbox 0 0 4028 6174; ppageno 0'>
   <div class='ocr_carea' id='block_1_1' title="bbox 445 273 548 325">
    <p class='ocr_par' dir='ltr' id='par_1_1' title="bbox 445 273 548 325">
     <span class='ocr_line' id='line_1_1' title="bbox 445 273 548 325; baseline 0.01 -1"><span class='ocrx_word' id='word_1_1' title='bbox 445 273 548 325; x_wconf 79' lang='grc'>663</span> 
     </span>
    </p>
   </div>
   <div class='ocr_carea' id='block_1_2' title="bbox 444 389 2143 459">
    <p class='ocr_par' dir='ltr' id='par_1_2' title="bbox 444 389 2143 459">
     <span class='ocr_line' id='line_1_2' title="bbox 444 389 2143 459; baseline -0.002 -15"><span class='ocrx_word' id='word_1_2' title='bbox 444 397 649 446; x_wconf 84' lang='lat' dir='ltr'>aestuas</span> <span class='ocrx_word' id='word_1_3' title='bbox 675 407 687 458; x_wconf 92' lang='lat'>;</span> <span class='ocrx_word' id='word_1_4' title='bbox 721 391 889 456; x_wconf 87' lang='lat' dir='ltr'>zelas,</span> <span class='ocrx_word' id='word_1_5' title='bbox 931 394 985 444; x_wconf 91' lang='lat' dir='ltr'>et</span> <span class='ocrx_word' id='word_1_6' title='bbox 1015 405 1244 443; x_wconf 84' lang='lat' dir='ltr'>securus</span> <span class='ocrx_word' id='word_1_7' title='bbox 1295 406 1389 458; x_wconf 89' lang='lat' dir='ltr'>es;</span> <span class='ocrx_word' id='word_1_8' title='bbox 1419 389 1656 459; x_wconf 67' lang='lat' dir='ltr'>paenitet</span> <span class='ocrx_word' id='word_1_9' title='bbox 1706 394 1778 454; x_wconf 89' lang='lat' dir='ltr'>te,</span> <span class='ocrx_word' id='word_1_10' title='bbox 1809 393 1866 442; x_wconf 92' lang='lat' dir='ltr'>et</span> <span class='ocrx_word' id='word_1_11' title='bbox 1895 405 2013 442; x_wconf 86' lang='lat' dir='ltr'>non</span> <span class='ocrx_word' id='word_1_12' title='bbox 2041 389 2143 443; x_wconf 89' lang='lat' dir='ltr'>do-</span> 
     </span>
    </p>
   </div>
   <div class='ocr_carea' id='block_1_3' title="bbox 443 478 2144 549">
    <p class='ocr_par' dir='ltr' id='par_1_3' title="bbox 443 478 2144 549">
     <span class='ocr_line' id='line_1_3' title="bbox 443 478 2144 549; baseline -0.002 -15"><span class='ocrx_word' id='word_1_13' title='bbox 443 482 544 546; x_wconf 88' lang='lat' dir='ltr'>les,</span> <span class='ocrx_word' id='word_1_14' title='bbox 591 479 849 533; x_wconf 85' lang='lat' dir='ltr'>irasceris</span> <span class='ocrx_word' id='word_1_15' title='bbox 901 483 957 532; x_wconf 89' lang='lat' dir='ltr'>et</span> <span class='ocrx_word' id='word_1_16' title='bbox 1002 478 1347 549; x_wconf 88' lang='lat' dir='ltr'>tranquillus</span> <span class='ocrx_word' id='word_1_17' title='bbox 1402 494 1495 542; x_wconf 90' lang='lat' dir='ltr'>es;</span> <span class='ocrx_word' id='word_1_18' title='bbox 1554 493 1727 548; x_wconf 83' lang='lat' dir='ltr'>opera</span> <span class='ocrx_word' id='word_1_19' title='bbox 1784 481 1990 541; x_wconf 87' lang='lat' dir='ltr'>mutas,</span> <span class='ocrx_word' id='word_1_20' title='bbox 2039 486 2144 531; x_wconf 79' lang='lat' dir='ltr'>nec</span> 
     </span>
    </p>
   </div>
   <div class='ocr_carea' id='block_1_4' title="bbox 447 564 2143 637">
    <p class='ocr_par' dir='ltr' id='par_1_4' title="bbox 447 564 2143 637">
     <span class='ocr_line' id='line_1_4' title="bbox 447 564 2143 637; baseline -0.002 -15"><span class='ocrx_word' id='word_1_21' title='bbox 447 573 634 622; x_wconf 91' lang='lat' dir='ltr'>mutas</span> <span class='ocrx_word' id='word_1_22' title='bbox 663 567 1004 622; x_wconf 85' lang='lat' dir='ltr'>consilium:</span> <span class='ocrx_word' id='word_1_23' title='bbox 1057 566 1263 637; x_wconf 84' lang='lat' dir='ltr'>recipis</span> <span class='ocrx_word' id='word_1_24' title='bbox 1295 565 1445 636; x_wconf 90' lang='lat' dir='ltr'>quod</span> <span class='ocrx_word' id='word_1_25' title='bbox 1489 564 1730 632; x_wconf 90' lang='lat' dir='ltr'>invenis,</span> <span class='ocrx_word' id='word_1_26' title='bbox 1762 569 1819 619; x_wconf 89' lang='lat' dir='ltr'>et</span> <span class='ocrx_word' id='word_1_27' title='bbox 1847 581 2143 637; x_wconf 85' lang='lat' dir='ltr'>nunquam</span> 
     </span>
    </p>
   </div>
   <div class='ocr_carea' id='block_1_5' title="bbox 446 653 2143 726">
    <p class='ocr_par' dir='ltr' id='par_1_5' title="bbox 446 653 2143 726">
     <span class='ocr_line' id='line_1_5' title="bbox 446 653 2143 726; baseline -0.001 -16"><span class='ocrx_word' id='word_1_28' title='bbox 446 654 773 721; x_wconf 73' lang='lat' dir='ltr'>amisisti‘;</span> <span class='ocrx_word' id='word_1_29' title='bbox 803 671 1100 726; x_wconf 86' lang='lat' dir='ltr'>nunquam</span> <span class='ocrx_word' id='word_1_30' title='bbox 1146 654 1333 724; x_wconf 90' lang='lat' dir='ltr'>inops,</span> <span class='ocrx_word' id='word_1_31' title='bbox 1371 659 1428 707; x_wconf 81' lang='lat' dir='ltr'>et</span> <span class='ocrx_word' id='word_1_32' title='bbox 1485 655 1698 722; x_wconf 82' lang='lat' dir='ltr'>gaudes</span> <span class='ocrx_word' id='word_1_33' title='bbox 1739 653 1939 720; x_wconf 91' lang='lat' dir='ltr'>lucris;</span> <span class='ocrx_word' id='word_1_34' title='bbox 1994 670 2143 708; x_wconf 84' lang='lat' dir='ltr'>nun-</span> 
     </span>
    </p>
   </div>
   <div class='ocr_carea' id='block_1_6' title="bbox 446 742 2146 816">
    <p class='ocr_par' dir='ltr' id='par_1_6' title="bbox 446 742 2146 816">
     <span class='ocr_line' id='line_1_6' title="bbox 446 742 2146 816; baseline -0.001 -18"><span class='ocrx_word' id='word_1_35' title='bbox 446 762 619 816; x_wconf 86' lang='lat' dir='ltr'>quam</span> <span class='ocrx_word' id='word_1_36' title='bbox 650 761 870 809; x_wconf 82' lang='lat' dir='ltr'>avarus,</span> <span class='ocrx_word' id='word_1_37' title='bbox 905 749 959 797; x_wconf 87' lang='lat' dir='ltr'>et</span> <span class='ocrx_word' id='word_1_38' title='bbox 986 759 1184 797; x_wconf 87' lang='lat' dir='ltr'>usuras</span> <span class='ocrx_word' id='word_1_39' title='bbox 1215 742 1413 812; x_wconf 85' lang='lat' dir='ltr'>exigis.</span> <span class='ocrx_word' id='word_1_40' title='bbox 1449 742 1898 812; x_wconf 87' lang='lat' dir='ltr'>Supererogatur</span> <span class='ocrx_word' id='word_1_41' title='bbox 1926 743 2049 804; x_wconf 89' lang='lat' dir='ltr'>tibi,</span> <span class='ocrx_word' id='word_1_42' title='bbox 2080 747 2146 797; x_wconf 86' lang='lat' dir='ltr'>ut</span> 
     </span>
    </p>
   </div>
   <div class='ocr_carea' id='block_1_7' title="bbox 443 829 2144 902">
    <p class='ocr_par' dir='ltr' id='par_1_7' title="bbox 443 829 2144 902">
     <span class='ocr_line' id='line_1_7' title="bbox 443 829 2144 902; baseline -0.003 -15"><span class='ocrx_word' id='word_1_43' title='bbox 443 834 684 898; x_wconf 77' lang='lat' dir='ltr'>debeas;</span> <span class='ocrx_word' id='word_1_44' title='bbox 720 837 777 885; x_wconf 90' lang='lat' dir='ltr'>et</span> <span class='ocrx_word' id='word_1_45' title='bbox 821 831 950 902; x_wconf 86' lang='lat' dir='ltr'>quis</span> <span class='ocrx_word' id='word_1_46' title='bbox 983 832 1153 884; x_wconf 87' lang='lat' dir='ltr'>habet</span> <span class='ocrx_word' id='word_1_47' title='bbox 1184 830 1497 901; x_wconf 79' lang='lat' dir='ltr'>quidquam</span> <span class='ocrx_word' id='word_1_48' title='bbox 1545 847 1658 884; x_wconf 86' lang='lat' dir='ltr'>non</span> <span class='ocrx_word' id='word_1_49' title='bbox 1694 835 1860 884; x_wconf 91' lang='lat' dir='ltr'>tuum</span> <span class='ocrx_word' id='word_1_50' title='bbox 1882 832 1910 884; x_wconf 86' lang='lat'>?</span> <span class='ocrx_word' id='word_1_51' title='bbox 1941 829 2144 884; x_wconf 80' lang='lat' dir='ltr'>Reddis</span> 
     </span>
    </p>
   </div>
   <div class='ocr_carea' id='block_1_8' title="bbox 444 918 2146 988">
    <p class='ocr_par' dir='ltr' id='par_1_8' title="bbox 444 918 2146 988">
     <span class='ocr_line' id='line_1_8' title="bbox 444 918 2146 988; baseline -0.002 -13"><span class='ocrx_word' id='word_1_52' title='bbox 444 923 632 975; x_wconf 91' lang='lat' dir='ltr'>debita</span> <span class='ocrx_word' id='word_1_53' title='bbox 663 920 806 974; x_wconf 84' lang='lat' dir='ltr'>nulli</span> <span class='ocrx_word' id='word_1_54' title='bbox 844 920 1075 978; x_wconf 88' lang='lat' dir='ltr'>debens,</span> <span class='ocrx_word' id='word_1_55' title='bbox 1127 920 1304 973; x_wconf 89' lang='lat' dir='ltr'>donas</span> <span class='ocrx_word' id='word_1_56' title='bbox 1351 918 1542 972; x_wconf 88' lang='lat' dir='ltr'>debita</span> <span class='ocrx_word' id='word_1_57' title='bbox 1590 918 1732 972; x_wconf 84' lang='lat' dir='ltr'>nihil</span> <span class='ocrx_word' id='word_1_58' title='bbox 1775 919 2042 988; x_wconf 88' lang='lat' dir='ltr'>perdens.</span> <span class='ocrx_word' id='word_1_59' title='bbox 2079 920 2146 972; x_wconf 85' lang='lat' dir='ltr'>Et</span> 
     </span>
    </p>
   </div>
   <div class='ocr_carea' id='block_1_9' title="bbox 441 1006 2142 1080">
    <p class='ocr_par' dir='ltr' id='par_1_9' title="bbox 441 1006 2142 1080">
     <span class='ocr_line' id='line_1_9' title="bbox 441 1006 2142 1080; baseline -0.001 -18"><span class='ocrx_word' id='word_1_60' title='bbox 441 1009 576 1080; x_wconf 89' lang='lat' dir='ltr'>quid</span> <span class='ocrx_word' id='word_1_61' title='bbox 611 1007 854 1060; x_wconf 81' lang='lat' dir='ltr'>diximus</span> <span class='ocrx_word' id='word_1_62' title='bbox 887 1010 925 1070; x_wconf 81' lang='grc'>²,</span> <span class='ocrx_word' id='word_1_63' title='bbox 970 1009 1117 1060; x_wconf 87' lang='lat' dir='ltr'>Deus</span> <span class='ocrx_word' id='word_1_64' title='bbox 1166 1023 1346 1071; x_wconf 88' lang='lat' dir='ltr'>meus,</span> <span class='ocrx_word' id='word_1_65' title='bbox 1401 1006 1514 1060; x_wconf 89' lang='lat' dir='ltr'>vita</span> <span class='ocrx_word' id='word_1_66' title='bbox 1548 1022 1694 1072; x_wconf 90' lang='lat' dir='ltr'>mea,</span> <span class='ocrx_word' id='word_1_67' title='bbox 1741 1007 1981 1060; x_wconf 90' lang='lat' dir='ltr'>dulcedo</span> <span class='ocrx_word' id='word_1_68' title='bbox 2014 1023 2142 1060; x_wconf 87' lang='lat' dir='ltr'>mea</span> 
     </span>
    </p>
   </div>
   <div class='ocr_carea' id='block_1_10' title="bbox 441 1095 2143 1165">
    <p class='ocr_par' dir='ltr' id='par_1_10' title="bbox 441 1095 2143 1165">
     <span class='ocr_line' id='line_1_10' title="bbox 441 1095 2143 1165; baseline 0.001 -17"><span class='ocrx_word' id='word_1_69' title='bbox 441 1098 678 1149; x_wconf 79' lang='lat' dir='ltr'>sancta?</span> <span class='ocrx_word' id='word_1_70' title='bbox 710 1100 809 1149; x_wconf 91' lang='lat' dir='ltr'>aut</span> <span class='ocrx_word' id='word_1_71' title='bbox 837 1095 976 1165; x_wconf 90' lang='lat' dir='ltr'>quid</span> <span class='ocrx_word' id='word_1_72' title='bbox 1014 1095 1150 1149; x_wconf 90' lang='lat' dir='ltr'>dicit</span> <span class='ocrx_word' id='word_1_73' title='bbox 1173 1095 1402 1164; x_wconf 85' lang='lat' dir='ltr'>aliquis,</span> <span class='ocrx_word' id='word_1_74' title='bbox 1426 1111 1553 1148; x_wconf 90' lang='lat' dir='ltr'>cum</span> <span class='ocrx_word' id='word_1_75' title='bbox 1587 1095 1655 1148; x_wconf 90' lang='lat' dir='ltr'>de</span> <span class='ocrx_word' id='word_1_76' title='bbox 1683 1100 1738 1150; x_wconf 87' lang='lat' dir='ltr'>te</span> <span class='ocrx_word' id='word_1_77' title='bbox 1759 1095 1940 1150; x_wconf 84' lang='lat' dir='ltr'>dicit?</span> <span class='ocrx_word' id='word_1_78' title='bbox 1960 1096 2030 1150; x_wconf 89' lang='lat' dir='ltr'>Et</span> <span class='ocrx_word' id='word_1_79' title='bbox 2061 1112 2143 1149; x_wconf 73' lang='lat' dir='ltr'>vae</span> 
     </span>
    </p>
   </div>
   <div class='ocr_carea' id='block_1_11' title="bbox 439 1184 1963 1255">
    <p class='ocr_par' dir='ltr' id='par_1_11' title="bbox 439 1184 1963 1255">
     <span class='ocr_line' id='line_1_11' title="bbox 439 1184 1963 1255; baseline 0.001 -16"><span class='ocrx_word' id='word_1_80' title='bbox 439 1186 758 1240; x_wconf 84' lang='lat' dir='ltr'>tacentibus</span> <span class='ocrx_word' id='word_1_81' title='bbox 798 1185 866 1238; x_wconf 91' lang='lat' dir='ltr'>de</span> <span class='ocrx_word' id='word_1_82' title='bbox 899 1189 992 1250; x_wconf 85' lang='lat' dir='ltr'>te;</span> <span class='ocrx_word' id='word_1_83' title='bbox 1019 1184 1291 1255; x_wconf 86' lang='lat' dir='ltr'>quoniam</span> <span class='ocrx_word' id='word_1_84' title='bbox 1331 1185 1597 1255; x_wconf 88' lang='lat' dir='ltr'>loquaces</span> <span class='ocrx_word' id='word_1_85' title='bbox 1633 1184 1773 1238; x_wconf 89' lang='lat' dir='ltr'>muti</span> <span class='ocrx_word' id='word_1_86' title='bbox 1805 1188 1963 1240; x_wconf 90' lang='lat' dir='ltr'>sunt.</span> 
     </span>
    </p>
   </div>
   <div class='ocr_carea' id='block_1_12' title="bbox 1126 1273 1450 1325">
    <p class='ocr_par' dir='ltr' id='par_1_12' title="bbox 1126 1273 1450 1325">
     <span class='ocr_line' id='line_1_12' title="bbox 1126 1273 1450 1325; baseline 0 0"><span class='ocrx_word' id='word_1_87' title='bbox 1126 1273 1353 1325; x_wconf 85' lang='lat' dir='ltr'><strong>CAPUT</strong></span> <span class='ocrx_word' id='word_1_88' title='bbox 1389 1273 1450 1325; x_wconf 92' lang='lat' dir='ltr'>V.</span> 
     </span>
    </p>
   </div>
   <div class='ocr_carea' id='block_1_13' title="bbox 669 1361 1902 1427">
    <p class='ocr_par' dir='ltr' id='par_1_13' title="bbox 669 1361 1902 1427">
     <span class='ocr_line' id='line_1_13' title="bbox 669 1361 1902 1427; baseline 0 -13"><span class='ocrx_word' id='word_1_89' title='bbox 669 1363 809 1415; x_wconf 86' lang='lat' dir='ltr'>Petit</span> <span class='ocrx_word' id='word_1_90' title='bbox 838 1377 1071 1414; x_wconf 83' lang='lat' dir='ltr'>amorem</span> <span class='ocrx_word' id='word_1_91' title='bbox 1100 1363 1215 1427; x_wconf 87' lang='lat' dir='ltr'>Dei,</span> <span class='ocrx_word' id='word_1_92' title='bbox 1250 1366 1299 1414; x_wconf 89' lang='lat' dir='ltr'>et</span> <span class='ocrx_word' id='word_1_93' title='bbox 1329 1361 1643 1414; x_wconf 79' lang='lat' dir='ltr'>delictorum</span> <span class='ocrx_word' id='word_1_94' title='bbox 1671 1363 1902 1414; x_wconf 82' lang='lat' dir='ltr'>veniam.</span> 
     </span>
    </p>
   </div>
   <div class='ocr_carea' id='block_1_14' title="bbox 514 1448 2143 1518">
    <p class='ocr_par' dir='ltr' id='par_1_14' title="bbox 514 1448 2143 1518">
     <span class='ocr_line' id='line_1_14' title="bbox 514 1448 2143 1518; baseline -0.001 -14"><span class='ocrx_word' id='word_1_95' title='bbox 514 1453 565 1504; x_wconf 83' lang='grc'>5.</span> <span class='ocrx_word' id='word_1_96' title='bbox 597 1449 732 1514; x_wconf 89' lang='lat' dir='ltr'>Quis</span> <span class='ocrx_word' id='word_1_97' title='bbox 764 1448 906 1502; x_wconf 85' lang='lat' dir='ltr'>mihi</span> <span class='ocrx_word' id='word_1_98' title='bbox 938 1449 1095 1502; x_wconf 86' lang='lat' dir='ltr'>dabit</span> <span class='ocrx_word' id='word_1_99' title='bbox 1122 1449 1479 1518; x_wconf 85' lang='lat' dir='ltr'>acquiescere</span> <span class='ocrx_word' id='word_1_100' title='bbox 1502 1449 1560 1502; x_wconf 93' lang='lat' dir='ltr'>in</span> <span class='ocrx_word' id='word_1_101' title='bbox 1582 1454 1636 1503; x_wconf 84' lang='lat' dir='ltr'>te</span> <span class='ocrx_word' id='word_1_102' title='bbox 1657 1450 1685 1503; x_wconf 82' lang='lat'>‘?</span> <span class='ocrx_word' id='word_1_103' title='bbox 1733 1449 1868 1513; x_wconf 87' lang='lat' dir='ltr'>Quis</span> <span class='ocrx_word' id='word_1_104' title='bbox 1891 1450 2031 1504; x_wconf 88' lang='lat' dir='ltr'>mihi</span> <span class='ocrx_word' id='word_1_105' title='bbox 2051 1449 2143 1504; x_wconf 85' lang='lat' dir='ltr'>da-</span> 
     </span>
    </p>
   </div>
   <div class='ocr_carea' id='block_1_15' title="bbox 441 1536 2144 1603">
    <p class='ocr_par' dir='ltr' id='par_1_15' title="bbox 441 1536 2144 1603">
     <span class='ocr_line' id='line_1_15' title="bbox 441 1536 2144 1603; baseline 0 -12"><span class='ocrx_word' id='word_1_106' title='bbox 441 1538 528 1591; x_wconf 88' lang='lat' dir='ltr'>bit</span> <span class='ocrx_word' id='word_1_107' title='bbox 555 1543 615 1591; x_wconf 91' lang='lat' dir='ltr'>ut</span> <span class='ocrx_word' id='word_1_108' title='bbox 645 1538 836 1590; x_wconf 84' lang='lat' dir='ltr'>venias</span> <span class='ocrx_word' id='word_1_109' title='bbox 865 1537 922 1590; x_wconf 90' lang='lat' dir='ltr'>in</span> <span class='ocrx_word' id='word_1_110' title='bbox 959 1553 1057 1590; x_wconf 87' lang='lat' dir='ltr'>cor</span> <span class='ocrx_word' id='word_1_111' title='bbox 1087 1553 1302 1602; x_wconf 91' lang='lat' dir='ltr'>meum,</span> <span class='ocrx_word' id='word_1_112' title='bbox 1336 1542 1392 1591; x_wconf 93' lang='lat' dir='ltr'>et</span> <span class='ocrx_word' id='word_1_113' title='bbox 1429 1536 1678 1591; x_wconf 83' lang='lat' dir='ltr'>inebries</span> <span class='ocrx_word' id='word_1_114' title='bbox 1705 1537 1866 1603; x_wconf 91' lang='lat' dir='ltr'>illud,</span> <span class='ocrx_word' id='word_1_115' title='bbox 1902 1543 1964 1592; x_wconf 90' lang='lat' dir='ltr'>ut</span> <span class='ocrx_word' id='word_1_116' title='bbox 1991 1538 2144 1592; x_wconf 91' lang='lat' dir='ltr'>obli-</span> 
     </span>
    </p>
   </div>
   <div class='ocr_carea' id='block_1_16' title="bbox 441 1624 2143 1695">
    <p class='ocr_par' dir='ltr' id='par_1_16' title="bbox 441 1624 2143 1695">
     <span class='ocr_line' id='line_1_16' title="bbox 441 1624 2143 1695; baseline 0.002 -19"><span class='ocrx_word' id='word_1_117' title='bbox 441 1625 622 1677; x_wconf 84' lang='lat' dir='ltr'>viscar</span> <span class='ocrx_word' id='word_1_118' title='bbox 651 1624 798 1677; x_wconf 89' lang='lat' dir='ltr'>mala</span> <span class='ocrx_word' id='word_1_119' title='bbox 814 1641 960 1693; x_wconf 87' lang='lat' dir='ltr'>mea,</span> <span class='ocrx_word' id='word_1_120' title='bbox 976 1629 1032 1678; x_wconf 89' lang='lat' dir='ltr'>et</span> <span class='ocrx_word' id='word_1_121' title='bbox 1059 1640 1239 1678; x_wconf 89' lang='lat' dir='ltr'>unum</span> <span class='ocrx_word' id='word_1_122' title='bbox 1258 1626 1474 1679; x_wconf 91' lang='lat' dir='ltr'>bonum</span> <span class='ocrx_word' id='word_1_123' title='bbox 1494 1642 1687 1680; x_wconf 88' lang='lat' dir='ltr'>meum</span> <span class='ocrx_word' id='word_1_124' title='bbox 1717 1627 2028 1695; x_wconf 87' lang='lat' dir='ltr'>amplectar</span> <span class='ocrx_word' id='word_1_125' title='bbox 2049 1625 2143 1680; x_wconf 80' lang='lat' dir='ltr'>te?</span> 
     </span>
    </p>
   </div>
   <div class='ocr_carea' id='block_1_17' title="bbox 442 1712 2139 1784">
    <p class='ocr_par' dir='ltr' id='par_1_17' title="bbox 442 1712 2139 1784">
     <span class='ocr_line' id='line_1_17' title="bbox 442 1712 2139 1784; baseline 0.001 -19"><span class='ocrx_word' id='word_1_126' title='bbox 442 1712 587 1776; x_wconf 89' lang='lat' dir='ltr'>Quid</span> <span class='ocrx_word' id='word_1_127' title='bbox 621 1712 761 1766; x_wconf 87' lang='lat' dir='ltr'>mihi</span> <span class='ocrx_word' id='word_1_128' title='bbox 779 1730 836 1766; x_wconf 92' lang='lat' dir='ltr'>es</span> <span class='ocrx_word' id='word_1_129' title='bbox 855 1715 884 1767; x_wconf 75' lang='lat' dir='ltr'>‘P</span> <span class='ocrx_word' id='word_1_130' title='bbox 906 1713 1186 1779; x_wconf 81' lang='lat' dir='ltr'>Miserere,</span> <span class='ocrx_word' id='word_1_131' title='bbox 1221 1717 1284 1766; x_wconf 91' lang='lat' dir='ltr'>ut</span> <span class='ocrx_word' id='word_1_132' title='bbox 1308 1714 1531 1784; x_wconf 84' lang='lat' dir='ltr'>loquar,</span> <span class='ocrx_word' id='word_1_133' title='bbox 1566 1714 1709 1778; x_wconf 90' lang='lat' dir='ltr'>Quid</span> <span class='ocrx_word' id='word_1_134' title='bbox 1729 1713 1831 1767; x_wconf 86' lang='lat' dir='ltr'>tibi</span> <span class='ocrx_word' id='word_1_135' title='bbox 1853 1714 2139 1783; x_wconf 87' lang='lat' dir='ltr'>sumipse,</span> 
     </span>
    </p>
   </div>
   <div class='ocr_carea' id='block_1_18' title="bbox 441 1801 2140 1870">
    <p class='ocr_par' dir='ltr' id='par_1_18' title="bbox 441 1801 2140 1870">
     <span class='ocr_line' id='line_1_18' title="bbox 441 1801 2140 1870; baseline 0.001 -18"><span class='ocrx_word' id='word_1_136' title='bbox 441 1805 506 1854; x_wconf 88' lang='lat' dir='ltr'>ut</span> <span class='ocrx_word' id='word_1_137' title='bbox 534 1801 714 1853; x_wconf 87' lang='lat' dir='ltr'>amari</span> <span class='ocrx_word' id='word_1_138' title='bbox 743 1807 797 1854; x_wconf 87' lang='lat' dir='ltr'>te</span> <span class='ocrx_word' id='word_1_139' title='bbox 821 1801 1026 1870; x_wconf 85' lang='lat' dir='ltr'>jubeas</span> <span class='ocrx_word' id='word_1_140' title='bbox 1050 1817 1082 1854; x_wconf 90' lang='lat' dir='ltr'>a</span> <span class='ocrx_word' id='word_1_141' title='bbox 1108 1818 1218 1867; x_wconf 91' lang='lat' dir='ltr'>me,</span> <span class='ocrx_word' id='word_1_142' title='bbox 1247 1807 1304 1855; x_wconf 90' lang='lat' dir='ltr'>et</span> <span class='ocrx_word' id='word_1_143' title='bbox 1330 1801 1440 1855; x_wconf 90' lang='lat' dir='ltr'>nisi</span> <span class='ocrx_word' id='word_1_144' title='bbox 1465 1802 1670 1855; x_wconf 79' lang='lat' dir='ltr'>faciam</span> <span class='ocrx_word' id='word_1_145' title='bbox 1699 1801 1958 1855; x_wconf 83' lang='lat' dir='ltr'>irascaris</span> <span class='ocrx_word' id='word_1_146' title='bbox 1978 1801 2140 1867; x_wconf 87' lang='lat' dir='ltr'>mihi,</span> 
     </span>
    </p>
   </div>
   <div class='ocr_carea' id='block_1_19' title="bbox 441 1887 2141 1959">
    <p class='ocr_par' dir='ltr' id='par_1_19' title="bbox 441 1887 2141 1959">
     <span class='ocr_line' id='line_1_19' title="bbox 441 1887 2141 1959; baseline 0.002 -20"><span class='ocrx_word' id='word_1_147' title='bbox 441 1895 495 1940; x_wconf 88' lang='lat' dir='ltr'>et</span> <span class='ocrx_word' id='word_1_148' title='bbox 524 1888 761 1941; x_wconf 74' lang='lat' dir='ltr'>mineris</span> <span class='ocrx_word' id='word_1_149' title='bbox 802 1887 1062 1958; x_wconf 85' lang='lat' dir='ltr'>ingentes</span> <span class='ocrx_word' id='word_1_150' title='bbox 1093 1889 1352 1943; x_wconf 82' lang='lat' dir='ltr'>miserias</span> <span class='ocrx_word' id='word_1_151' title='bbox 1372 1891 1400 1942; x_wconf 85' lang='lat'>‘?</span> <span class='ocrx_word' id='word_1_152' title='bbox 1451 1890 1704 1943; x_wconf 76' lang='lat' dir='ltr'>Parvane</span> <span class='ocrx_word' id='word_1_153' title='bbox 1755 1891 1879 1959; x_wconf 91' lang='lat' dir='ltr'>ipsa</span> <span class='ocrx_word' id='word_1_154' title='bbox 1905 1894 1990 1943; x_wconf 91' lang='lat' dir='ltr'>est</span> <span class='ocrx_word' id='word_1_155' title='bbox 2019 1888 2062 1953; x_wconf 77' lang='grc'>³,</span> <span class='ocrx_word' id='word_1_156' title='bbox 2095 1890 2141 1943; x_wconf 90' lang='lat' dir='ltr'>si</span> 
     </span>
    </p>
   </div>
   <div class='ocr_carea' id='block_1_20' title="bbox 440 1977 2142 2047">
    <p class='ocr_par' dir='ltr' id='par_1_20' title="bbox 440 1977 2142 2047">
     <span class='ocr_line' id='line_1_20' title="bbox 440 1977 2142 2047; baseline 0.001 -18"><span class='ocrx_word' id='word_1_157' title='bbox 440 1991 558 2029; x_wconf 89' lang='lat' dir='ltr'>non</span> <span class='ocrx_word' id='word_1_158' title='bbox 587 1993 774 2030; x_wconf 89' lang='lat' dir='ltr'>amem</span> <span class='ocrx_word' id='word_1_159' title='bbox 805 1977 904 2030; x_wconf 87' lang='lat' dir='ltr'>te?</span> <span class='ocrx_word' id='word_1_160' title='bbox 940 1977 1038 2030; x_wconf 85' lang='lat' dir='ltr'>Hei</span> <span class='ocrx_word' id='word_1_161' title='bbox 1072 1977 1242 2033; x_wconf 83' lang='lat' dir='ltr'>mihi!</span> <span class='ocrx_word' id='word_1_162' title='bbox 1275 1977 1369 2031; x_wconf 91' lang='lat' dir='ltr'>Dic</span> <span class='ocrx_word' id='word_1_163' title='bbox 1417 1977 1558 2030; x_wconf 88' lang='lat' dir='ltr'>mihi</span> <span class='ocrx_word' id='word_1_164' title='bbox 1590 1993 1694 2047; x_wconf 90' lang='lat' dir='ltr'>per</span> <span class='ocrx_word' id='word_1_165' title='bbox 1743 1977 2142 2032; x_wconf 86' lang='lat' dir='ltr'>miserationes</span> 
     </span>
    </p>
   </div>
   <div class='ocr_carea' id='block_1_21' title="bbox 441 2065 2144 2137">
    <p class='ocr_par' dir='ltr' id='par_1_21' title="bbox 441 2065 2144 2137">
     <span class='ocr_line' id='line_1_21' title="bbox 441 2065 2144 2137; baseline 0.001 -18"><span class='ocrx_word' id='word_1_166' title='bbox 441 2070 588 2132; x_wconf 88' lang='lat' dir='ltr'>tuas,</span> <span class='ocrx_word' id='word_1_167' title='bbox 618 2065 856 2120; x_wconf 89' lang='lat' dir='ltr'>Domine</span> <span class='ocrx_word' id='word_1_168' title='bbox 890 2068 1037 2120; x_wconf 89' lang='lat' dir='ltr'>Deus</span> <span class='ocrx_word' id='word_1_169' title='bbox 1065 2083 1246 2132; x_wconf 90' lang='lat' dir='ltr'>meus,</span> <span class='ocrx_word' id='word_1_170' title='bbox 1289 2066 1425 2137; x_wconf 92' lang='lat' dir='ltr'>quid</span> <span class='ocrx_word' id='word_1_171' title='bbox 1483 2066 1559 2119; x_wconf 88' lang='lat' dir='ltr'>sis</span> <span class='ocrx_word' id='word_1_172' title='bbox 1605 2066 1772 2120; x_wconf 87' lang='lat' dir='ltr'>mihi.</span> <span class='ocrx_word' id='word_1_173' title='bbox 1813 2069 1910 2120; x_wconf 89' lang='lat' dir='ltr'>Dic</span> <span class='ocrx_word' id='word_1_174' title='bbox 1948 2069 2144 2120; x_wconf 57' lang='lat' dir='ltr'>animm</span> 
     </span>
    </p>
   </div>
   <div class='ocr_carea' id='block_1_22' title="bbox 437 2155 2144 2224">
    <p class='ocr_par' dir='ltr' id='par_1_22' title="bbox 437 2155 2144 2224">
     <span class='ocr_line' id='line_1_22' title="bbox 437 2155 2144 2224; baseline 0.001 -17"><span class='ocrx_word' id='word_1_175' title='bbox 437 2170 601 2208; x_wconf 67' lang='lat' dir='ltr'>meas:</span> <span class='ocrx_word' id='word_1_176' title='bbox 645 2155 804 2209; x_wconf 86' lang='lat' dir='ltr'>Salus</span> <span class='ocrx_word' id='word_1_177' title='bbox 836 2159 931 2208; x_wconf 87' lang='lat' dir='ltr'>tua</span> <span class='ocrx_word' id='word_1_178' title='bbox 979 2170 1072 2220; x_wconf 86' lang='lat' dir='ltr'>ego</span> <span class='ocrx_word' id='word_1_179' title='bbox 1101 2170 1220 2208; x_wconf 83' lang='lat' dir='ltr'>sum</span> <span class='ocrx_word' id='word_1_180' title='bbox 1267 2156 1430 2223; x_wconf 87' lang='lat' dir='ltr'>(Psal.</span> <span class='ocrx_word' id='word_1_181' title='bbox 1463 2171 1650 2223; x_wconf 74' lang='lat' dir='ltr'>xxxrv,</span> <span class='ocrx_word' id='word_1_182' title='bbox 1699 2158 1776 2224; x_wconf 89' lang='lat'>3).</span> <span class='ocrx_word' id='word_1_183' title='bbox 1810 2155 1898 2209; x_wconf 90' lang='lat' dir='ltr'>Sic</span> <span class='ocrx_word' id='word_1_184' title='bbox 1930 2155 2040 2220; x_wconf 92' lang='lat' dir='ltr'>dic,</span> <span class='ocrx_word' id='word_1_185' title='bbox 2081 2159 2144 2208; x_wconf 87' lang='lat' dir='ltr'>ut</span> 
     </span>
    </p>
   </div>
   <div class='ocr_carea' id='block_1_23' title="bbox 441 2241 2137 2310">
    <p class='ocr_par' dir='ltr' id='par_1_23' title="bbox 441 2241 2137 2310">
     <span class='ocr_line' id='line_1_23' title="bbox 441 2241 2137 2310; baseline 0.001 -16"><span class='ocrx_word' id='word_1_186' title='bbox 441 2241 693 2298; x_wconf 87' lang='lat' dir='ltr'>audiam.</span> <span class='ocrx_word' id='word_1_187' title='bbox 728 2244 863 2295; x_wconf 87' lang='lat' dir='ltr'>Ecce</span> <span class='ocrx_word' id='word_1_188' title='bbox 919 2259 1084 2295; x_wconf 88' lang='lat' dir='ltr'>aures</span> <span class='ocrx_word' id='word_1_189' title='bbox 1140 2243 1328 2296; x_wconf 88' lang='lat' dir='ltr'>cordis</span> <span class='ocrx_word' id='word_1_190' title='bbox 1382 2244 1496 2296; x_wconf 90' lang='lat' dir='ltr'>mei</span> <span class='ocrx_word' id='word_1_191' title='bbox 1550 2247 1680 2296; x_wconf 90' lang='lat' dir='ltr'>ante</span> <span class='ocrx_word' id='word_1_192' title='bbox 1736 2248 1815 2310; x_wconf 88' lang='lat' dir='ltr'>te,</span> <span class='ocrx_word' id='word_1_193' title='bbox 1862 2243 2137 2309; x_wconf 86' lang='lat' dir='ltr'>Domine;</span> 
     </span>
    </p>
   </div>
   <div class='ocr_carea' id='block_1_24' title="bbox 440 2330 2144 2402">
    <p class='ocr_par' dir='ltr' id='par_1_24' title="bbox 440 2330 2144 2402">
     <span class='ocr_line' id='line_1_24' title="bbox 440 2330 2144 2402; baseline 0.003 -20"><span class='ocrx_word' id='word_1_194' title='bbox 440 2345 554 2396; x_wconf 88' lang='lat' dir='ltr'>eas,</span> <span class='ocrx_word' id='word_1_195' title='bbox 585 2334 642 2382; x_wconf 92' lang='lat' dir='ltr'>et</span> <span class='ocrx_word' id='word_1_196' title='bbox 656 2330 741 2384; x_wconf 83' lang='lat' dir='ltr'>dic</span> <span class='ocrx_word' id='word_1_197' title='bbox 761 2333 955 2384; x_wconf 66' lang='lat' dir='ltr'>animae</span> <span class='ocrx_word' id='word_1_198' title='bbox 970 2346 1096 2384; x_wconf 69' lang='lat' dir='ltr'>mea:</span> <span class='ocrx_word' id='word_1_199' title='bbox 1121 2347 1132 2383; x_wconf 92' lang='lat'>:</span> <span class='ocrx_word' id='word_1_200' title='bbox 1153 2332 1312 2385; x_wconf 82' lang='lat' dir='ltr'>Salus</span> <span class='ocrx_word' id='word_1_201' title='bbox 1339 2335 1433 2384; x_wconf 86' lang='lat' dir='ltr'>tua</span> <span class='ocrx_word' id='word_1_202' title='bbox 1461 2347 1557 2400; x_wconf 83' lang='lat' dir='ltr'>ego</span> <span class='ocrx_word' id='word_1_203' title='bbox 1585 2347 1720 2385; x_wconf 86' lang='lat' dir='ltr'>sum.</span> <span class='ocrx_word' id='word_1_204' title='bbox 1756 2331 1989 2384; x_wconf 89' lang='lat' dir='ltr'>Curram</span> <span class='ocrx_word' id='word_1_205' title='bbox 2009 2338 2144 2402; x_wconf 90' lang='lat' dir='ltr'>post</span> 
     </span>
    </p>
   </div>
   <div class='ocr_carea' id='block_1_25' title="bbox 435 2418 2141 2488">
    <p class='ocr_par' dir='ltr' id='par_1_25' title="bbox 435 2418 2141 2488">
     <span class='ocr_line' id='line_1_25' title="bbox 435 2418 2141 2488; baseline 0.004 -20"><span class='ocrx_word' id='word_1_206' title='bbox 435 2432 631 2471; x_wconf 89' lang='lat' dir='ltr'>vocem</span> <span class='ocrx_word' id='word_1_207' title='bbox 661 2418 828 2484; x_wconf 90' lang='lat' dir='ltr'>hanc,</span> <span class='ocrx_word' id='word_1_208' title='bbox 870 2423 928 2472; x_wconf 88' lang='lat' dir='ltr'>et</span> <span class='ocrx_word' id='word_1_209' title='bbox 957 2418 1390 2488; x_wconf 88' lang='lat' dir='ltr'>apprehendam</span> <span class='ocrx_word' id='word_1_210' title='bbox 1434 2423 1509 2473; x_wconf 91' lang='lat' dir='ltr'>te.</span> <span class='ocrx_word' id='word_1_211' title='bbox 1555 2419 1680 2472; x_wconf 90' lang='lat' dir='ltr'>Noli</span> <span class='ocrx_word' id='word_1_212' title='bbox 1727 2419 2078 2474; x_wconf 87' lang='lat' dir='ltr'>abscondere</span> <span class='ocrx_word' id='word_1_213' title='bbox 2109 2437 2141 2474; x_wconf 90' lang='lat' dir='ltr'>a</span> 
     </span>
    </p>
   </div>
   <div class='ocr_carea' id='block_1_26' title="bbox 439 2505 2137 2574">
    <p class='ocr_par' dir='ltr' id='par_1_26' title="bbox 439 2505 2137 2574">
     <span class='ocr_line' id='line_1_26' title="bbox 439 2505 2137 2574; baseline 0.002 -16"><span class='ocrx_word' id='word_1_214' title='bbox 439 2521 534 2560; x_wconf 91' lang='lat' dir='ltr'>me</span> <span class='ocrx_word' id='word_1_215' title='bbox 559 2505 761 2560; x_wconf 87' lang='lat' dir='ltr'>faciem</span> <span class='ocrx_word' id='word_1_216' title='bbox 791 2509 950 2560; x_wconf 89' lang='lat' dir='ltr'>tuam</span> <span class='ocrx_word' id='word_1_217' title='bbox 979 2524 992 2560; x_wconf 89' lang='lat'>:</span> <span class='ocrx_word' id='word_1_218' title='bbox 1028 2506 1262 2574; x_wconf 89' lang='lat' dir='ltr'>moriar,</span> <span class='ocrx_word' id='word_1_219' title='bbox 1285 2523 1355 2560; x_wconf 89' lang='lat' dir='ltr'>ne</span> <span class='ocrx_word' id='word_1_220' title='bbox 1385 2506 1620 2571; x_wconf 90' lang='lat' dir='ltr'>moriar,</span> <span class='ocrx_word' id='word_1_221' title='bbox 1643 2511 1707 2560; x_wconf 89' lang='lat' dir='ltr'>ut</span> <span class='ocrx_word' id='word_1_222' title='bbox 1736 2523 1862 2560; x_wconf 90' lang='lat' dir='ltr'>eam</span> <span class='ocrx_word' id='word_1_223' title='bbox 1891 2508 2137 2562; x_wconf 87' lang='lat' dir='ltr'>videam.</span> 
     </span>
    </p>
   </div>
   <div class='ocr_carea' id='block_1_27' title="bbox 510 2594 2136 2665">
    <p class='ocr_par' dir='ltr' id='par_1_27' title="bbox 510 2594 2136 2665">
     <span class='ocr_line' id='line_1_27' title="bbox 510 2594 2136 2665; baseline 0.002 -19"><span class='ocrx_word' id='word_1_224' title='bbox 510 2597 562 2646; x_wconf 82' lang='grc'>6.</span> <span class='ocrx_word' id='word_1_225' title='bbox 595 2596 849 2663; x_wconf 81' lang='lat' dir='ltr'>Angusta</span> <span class='ocrx_word' id='word_1_226' title='bbox 891 2599 974 2647; x_wconf 84' lang='lat' dir='ltr'>est</span> <span class='ocrx_word' id='word_1_227' title='bbox 1005 2594 1209 2648; x_wconf 89' lang='lat' dir='ltr'>domus</span> <span class='ocrx_word' id='word_1_228' title='bbox 1238 2594 1448 2648; x_wconf 60' lang='lat' dir='ltr'>animas</span> <span class='ocrx_word' id='word_1_229' title='bbox 1483 2611 1627 2648; x_wconf 73' lang='lat' dir='ltr'>mea:</span> <span class='ocrx_word' id='word_1_230' title='bbox 1675 2611 1788 2665; x_wconf 87' lang='lat' dir='ltr'>quo</span> <span class='ocrx_word' id='word_1_231' title='bbox 1830 2596 2025 2648; x_wconf 83' lang='lat' dir='ltr'>venias</span> <span class='ocrx_word' id='word_1_232' title='bbox 2064 2596 2136 2649; x_wconf 89' lang='lat' dir='ltr'>ad</span> 
     </span>
    </p>
   </div>
   <div class='ocr_carea' id='block_1_28' title="bbox 443 2683 2142 2749">
    <p class='ocr_par' dir='ltr' id='par_1_28' title="bbox 443 2683 2142 2749">
     <span class='ocr_line' id='line_1_28' title="bbox 443 2683 2142 2749; baseline 0.002 -14"><span class='ocrx_word' id='word_1_233' title='bbox 443 2698 568 2737; x_wconf 87' lang='lat' dir='ltr'>eam</span> <span class='ocrx_word' id='word_1_234' title='bbox 594 2703 609 2749; x_wconf 89' lang='lat'>;</span> <span class='ocrx_word' id='word_1_235' title='bbox 633 2683 900 2737; x_wconf 90' lang='lat' dir='ltr'>dilatetur</span> <span class='ocrx_word' id='word_1_236' title='bbox 929 2683 1029 2737; x_wconf 88' lang='lat' dir='ltr'>abs</span> <span class='ocrx_word' id='word_1_237' title='bbox 1058 2688 1132 2738; x_wconf 88' lang='lat' dir='ltr'>te.</span> <span class='ocrx_word' id='word_1_238' title='bbox 1165 2683 1416 2738; x_wconf 80' lang='lat' dir='ltr'>Ruinosa</span> <span class='ocrx_word' id='word_1_239' title='bbox 1444 2687 1559 2748; x_wconf 85' lang='lat' dir='ltr'>est;</span> <span class='ocrx_word' id='word_1_240' title='bbox 1591 2684 1758 2737; x_wconf 81' lang='lat' dir='ltr'>refice</span> <span class='ocrx_word' id='word_1_241' title='bbox 1789 2700 1935 2739; x_wconf 88' lang='lat' dir='ltr'>eam.</span> <span class='ocrx_word' id='word_1_242' title='bbox 1963 2684 2142 2738; x_wconf 86' lang='lat' dir='ltr'>Habet</span> 
     </span>
    </p>
   </div>
   <div class='ocr_carea' id='block_1_29' title="bbox 439 2770 2141 2842">
    <p class='ocr_par' dir='ltr' id='par_1_29' title="bbox 439 2770 2141 2842">
     <span class='ocr_line' id='line_1_29' title="bbox 439 2770 2141 2842; baseline 0 -18"><span class='ocrx_word' id='word_1_243' title='bbox 439 2787 568 2840; x_wconf 72' lang='lat' dir='ltr'>qtue</span> <span class='ocrx_word' id='word_1_244' title='bbox 611 2770 900 2825; x_wconf 78' lang='lat' dir='ltr'>offendant</span> <span class='ocrx_word' id='word_1_245' title='bbox 943 2772 1137 2824; x_wconf 91' lang='lat' dir='ltr'>oculos</span> <span class='ocrx_word' id='word_1_246' title='bbox 1175 2775 1341 2836; x_wconf 88' lang='lat' dir='ltr'>tuos;</span> <span class='ocrx_word' id='word_1_247' title='bbox 1389 2772 1568 2824; x_wconf 82' lang='lat' dir='ltr'>fateor</span> <span class='ocrx_word' id='word_1_248' title='bbox 1601 2776 1656 2824; x_wconf 86' lang='lat' dir='ltr'>et</span> <span class='ocrx_word' id='word_1_249' title='bbox 1686 2770 1840 2824; x_wconf 90' lang='lat' dir='ltr'>scio:</span> <span class='ocrx_word' id='word_1_250' title='bbox 1874 2773 1972 2825; x_wconf 91' lang='lat' dir='ltr'>sed</span> <span class='ocrx_word' id='word_1_251' title='bbox 2012 2772 2141 2842; x_wconf 91' lang='lat' dir='ltr'>quis</span> 
     </span>
    </p>
   </div>
   <div class='ocr_carea' id='block_1_30' title="bbox 437 2858 2139 2929">
    <p class='ocr_par' dir='ltr' id='par_1_30' title="bbox 437 2858 2139 2929">
     <span class='ocr_line' id='line_1_30' title="bbox 437 2858 2139 2929; baseline 0 -17"><span class='ocrx_word' id='word_1_252' title='bbox 437 2858 737 2913; x_wconf 87' lang='lat' dir='ltr'>mundabit</span> <span class='ocrx_word' id='word_1_253' title='bbox 765 2875 892 2912; x_wconf 90' lang='lat' dir='ltr'>eam</span> <span class='ocrx_word' id='word_1_254' title='bbox 915 2860 942 2913; x_wconf 88' lang='lat'><strong><em>?</em></strong></span> <span class='ocrx_word' id='word_1_255' title='bbox 969 2863 1066 2912; x_wconf 90' lang='lat' dir='ltr'>aut</span> <span class='ocrx_word' id='word_1_256' title='bbox 1089 2859 1180 2912; x_wconf 90' lang='lat' dir='ltr'>cui</span> <span class='ocrx_word' id='word_1_257' title='bbox 1210 2859 1372 2912; x_wconf 88' lang='lat' dir='ltr'>alteri</span> <span class='ocrx_word' id='word_1_258' title='bbox 1400 2863 1608 2929; x_wconf 66' lang='lat' dir='ltr'>praeter</span> <span class='ocrx_word' id='word_1_259' title='bbox 1640 2864 1691 2912; x_wconf 90' lang='lat' dir='ltr'>te</span> <span class='ocrx_word' id='word_1_260' title='bbox 1735 2858 2018 2925; x_wconf 86' lang='lat' dir='ltr'>clamabo,</span> <span class='ocrx_word' id='word_1_261' title='bbox 2053 2859 2139 2913; x_wconf 85' lang='lat' dir='ltr'>Ab</span> 
     </span>
    </p>
   </div>
   <div class='ocr_carea' id='block_1_31' title="bbox 437 2947 2140 3015">
    <p class='ocr_par' dir='ltr' id='par_1_31' title="bbox 437 2947 2140 3015">
     <span class='ocr_line' id='line_1_31' title="bbox 437 2947 2140 3015; baseline 0.001 -15"><span class='ocrx_word' id='word_1_262' title='bbox 437 2948 656 3000; x_wconf 81' lang='lat' dir='ltr'>occultis</span> <span class='ocrx_word' id='word_1_263' title='bbox 676 2949 808 3000; x_wconf 90' lang='lat' dir='ltr'>meis</span> <span class='ocrx_word' id='word_1_264' title='bbox 825 2947 1029 3000; x_wconf 86' lang='lat' dir='ltr'>munda</span> <span class='ocrx_word' id='word_1_265' title='bbox 1049 2963 1150 3010; x_wconf 87' lang='lat' dir='ltr'>me,</span> <span class='ocrx_word' id='word_1_266' title='bbox 1177 2949 1412 3010; x_wconf 82' lang='lat' dir='ltr'>Domine,</span> <span class='ocrx_word' id='word_1_267' title='bbox 1431 2952 1480 3000; x_wconf 87' lang='lat' dir='ltr'>et</span> <span class='ocrx_word' id='word_1_268' title='bbox 1509 2947 1577 3000; x_wconf 80' lang='lat' dir='ltr'>ab</span> <span class='ocrx_word' id='word_1_269' title='bbox 1602 2948 1794 3000; x_wconf 83' lang='lat' dir='ltr'>alienis</span> <span class='ocrx_word' id='word_1_270' title='bbox 1811 2963 1975 3015; x_wconf 82' lang='lat' dir='ltr'>parce</span> <span class='ocrx_word' id='word_1_271' title='bbox 1989 2962 2140 3001; x_wconf 72' lang='lat' dir='ltr'>servo</span> 
     </span>
    </p>
   </div>
   <div class='ocr_carea' id='block_1_32' title="bbox 441 3033 2140 3104">
    <p class='ocr_par' dir='ltr' id='par_1_32' title="bbox 441 3033 2140 3104">
     <span class='ocr_line' id='line_1_32' title="bbox 441 3033 2140 3104; baseline 0 -18"><span class='ocrx_word' id='word_1_272' title='bbox 441 3037 571 3087; x_wconf 85' lang='lat' dir='ltr'>tuo?</span> <span class='ocrx_word' id='word_1_273' title='bbox 604 3033 770 3103; x_wconf 87' lang='lat' dir='ltr'>(Psal.</span> <span class='ocrx_word' id='word_1_274' title='bbox 806 3049 962 3099; x_wconf 79' lang='lat' dir='ltr'>xvm,</span> <span class='ocrx_word' id='word_1_275' title='bbox 1012 3037 1094 3096; x_wconf 78' lang='lat' dir='ltr'>t3,</span> <span class='ocrx_word' id='word_1_276' title='bbox 1136 3033 1242 3104; x_wconf 72' lang='grc'>14.)</span> <span class='ocrx_word' id='word_1_277' title='bbox 1286 3034 1464 3087; x_wconf 86' lang='lat' dir='ltr'>Credo</span> <span class='ocrx_word' id='word_1_278' title='bbox 1491 3038 1734 3104; x_wconf 83' lang='lat' dir='ltr'>propter</span> <span class='ocrx_word' id='word_1_279' title='bbox 1759 3034 1918 3104; x_wconf 90' lang='lat' dir='ltr'>quod</span> <span class='ocrx_word' id='word_1_280' title='bbox 1960 3038 2016 3088; x_wconf 90' lang='lat' dir='ltr'>et</span> <span class='ocrx_word' id='word_1_281' title='bbox 2058 3035 2140 3088; x_wconf 93' lang='lat' dir='ltr'>lo-</span> 
     </span>
    </p>
   </div>
   <div class='ocr_carea' id='block_1_33' title="bbox 438 3121 2140 3191">
    <p class='ocr_par' dir='ltr' id='par_1_33' title="bbox 438 3121 2140 3191">
     <span class='ocr_line' id='line_1_33' title="bbox 438 3121 2140 3191; baseline 0 -17"><span class='ocrx_word' id='word_1_282' title='bbox 438 3137 586 3191; x_wconf 91' lang='lat' dir='ltr'>quor</span> <span class='ocrx_word' id='word_1_283' title='bbox 634 3121 827 3191; x_wconf 84' lang='lat' dir='ltr'>(Psal.</span> <span class='ocrx_word' id='word_1_284' title='bbox 867 3138 989 3189; x_wconf 80' lang='lat' dir='ltr'>cxv,</span> <span class='ocrx_word' id='word_1_285' title='bbox 1025 3125 1089 3175; x_wconf 85' lang='grc'>10</span> <span class='ocrx_word' id='word_1_286' title='bbox 1117 3125 1177 3187; x_wconf 83' lang='grc'>);</span> <span class='ocrx_word' id='word_1_287' title='bbox 1229 3123 1489 3189; x_wconf 90' lang='lat' dir='ltr'>Domine,</span> <span class='ocrx_word' id='word_1_288' title='bbox 1531 3127 1592 3176; x_wconf 90' lang='lat' dir='ltr'>tu</span> <span class='ocrx_word' id='word_1_289' title='bbox 1640 3121 1768 3178; x_wconf 90' lang='lat' dir='ltr'>scis.</span> <span class='ocrx_word' id='word_1_290' title='bbox 1801 3122 2002 3175; x_wconf 82' lang='lat' dir='ltr'>Nonne</span> <span class='ocrx_word' id='word_1_291' title='bbox 2036 3121 2140 3176; x_wconf 89' lang='lat' dir='ltr'>tibi</span> 
     </span>
    </p>
   </div>
   <div class='ocr_carea' id='block_1_34' title="bbox 439 3209 2138 3278">
    <p class='ocr_par' dir='ltr' id='par_1_34' title="bbox 439 3209 2138 3278">
     <span class='ocr_line' id='line_1_34' title="bbox 439 3209 2138 3278; baseline 0.001 -18"><span class='ocrx_word' id='word_1_292' title='bbox 439 3209 773 3278; x_wconf 87' lang='lat' dir='ltr'>prolocutus</span> <span class='ocrx_word' id='word_1_293' title='bbox 803 3225 928 3260; x_wconf 91' lang='lat' dir='ltr'>sum</span> <span class='ocrx_word' id='word_1_294' title='bbox 952 3209 1250 3262; x_wconf 86' lang='lat' dir='ltr'>adversum</span> <span class='ocrx_word' id='word_1_295' title='bbox 1271 3226 1362 3262; x_wconf 92' lang='lat' dir='ltr'>me</span> <span class='ocrx_word' id='word_1_296' title='bbox 1382 3210 1586 3264; x_wconf 88' lang='lat' dir='ltr'>delicta</span> <span class='ocrx_word' id='word_1_297' title='bbox 1609 3226 1752 3275; x_wconf 86' lang='lat' dir='ltr'>mea,</span> <span class='ocrx_word' id='word_1_298' title='bbox 1783 3211 1934 3263; x_wconf 90' lang='lat' dir='ltr'>Deus</span> <span class='ocrx_word' id='word_1_299' title='bbox 1948 3226 2138 3277; x_wconf 82' lang='lat' dir='ltr'>meus;</span> 
     </span>
    </p>
   </div>
   <div class='ocr_carea' id='block_1_35' title="bbox 442 3295 2137 3367">
    <p class='ocr_par' dir='ltr' id='par_1_35' title="bbox 442 3295 2137 3367">
     <span class='ocr_line' id='line_1_35' title="bbox 442 3295 2137 3367; baseline 0.002 -19"><span class='ocrx_word' id='word_1_300' title='bbox 442 3301 497 3349; x_wconf 91' lang='lat' dir='ltr'>et</span> <span class='ocrx_word' id='word_1_301' title='bbox 527 3301 588 3350; x_wconf 92' lang='lat' dir='ltr'>tu</span> <span class='ocrx_word' id='word_1_302' title='bbox 614 3295 880 3350; x_wconf 89' lang='lat' dir='ltr'>dimisisti</span> <span class='ocrx_word' id='word_1_303' title='bbox 909 3296 1264 3367; x_wconf 86' lang='lat' dir='ltr'>impietatem</span> <span class='ocrx_word' id='word_1_304' title='bbox 1296 3298 1480 3350; x_wconf 87' lang='lat' dir='ltr'>cordis</span> <span class='ocrx_word' id='word_1_305' title='bbox 1504 3298 1614 3350; x_wconf 91' lang='lat' dir='ltr'>mei</span> <span class='ocrx_word' id='word_1_306' title='bbox 1636 3298 1853 3366; x_wconf 84' lang='lat' dir='ltr'>?(Psal.</span> <span class='ocrx_word' id='word_1_307' title='bbox 1883 3313 2034 3363; x_wconf 76' lang='lat' dir='ltr'><strong>xxxx,</strong></span> <span class='ocrx_word' id='word_1_308' title='bbox 2059 3301 2137 3366; x_wconf 84' lang='lat'>5.)</span> 
     </span>
    </p>
   </div>
   <div class='ocr_carea' id='block_1_36' title="bbox 440 3385 2138 3456">
    <p class='ocr_par' dir='ltr' id='par_1_36' title="bbox 440 3385 2138 3456">
     <span class='ocr_line' id='line_1_36' title="bbox 440 3385 2138 3456; baseline 0.001 -18"><span class='ocrx_word' id='word_1_309' title='bbox 440 3385 792 3456; x_wconf 87' lang='lat' dir='ltr'>Noujudicio</span> <span class='ocrx_word' id='word_1_310' title='bbox 815 3385 1096 3438; x_wconf 89' lang='lat' dir='ltr'>contendo</span> <span class='ocrx_word' id='word_1_311' title='bbox 1126 3390 1310 3439; x_wconf 85' lang='lat' dir='ltr'>tecum</span> <span class='ocrx_word' id='word_1_312' title='bbox 1339 3385 1437 3456; x_wconf 84' lang='lat' dir='ltr'>qui</span> <span class='ocrx_word' id='word_1_313' title='bbox 1459 3385 1665 3439; x_wconf 88' lang='lat' dir='ltr'>veritas</span> <span class='ocrx_word' id='word_1_314' title='bbox 1695 3402 1753 3439; x_wconf 92' lang='lat' dir='ltr'>es</span> <span class='ocrx_word' id='word_1_315' title='bbox 1785 3385 1935 3456; x_wconf 82' lang='lat' dir='ltr'>(Job.</span> <span class='ocrx_word' id='word_1_316' title='bbox 1966 3401 2040 3454; x_wconf 77' lang='grc' dir='ltr'>ιχ,</span> <span class='ocrx_word' id='word_1_317' title='bbox 2083 3388 2138 3439; x_wconf 77' lang='lat'>2.</span> 
     </span>
    </p>
   </div>
   <div class='ocr_carea' id='block_1_37' title="bbox 441 3472 2140 3544">
    <p class='ocr_par' dir='ltr' id='par_1_37' title="bbox 441 3472 2140 3544">
     <span class='ocr_line' id='line_1_37' title="bbox 441 3472 2140 3544; baseline 0 -18"><span class='ocrx_word' id='word_1_318' title='bbox 441 3475 488 3541; x_wconf 84' lang='lat'>3)</span> <span class='ocrx_word' id='word_1_319' title='bbox 518 3490 531 3540; x_wconf 88' lang='lat'>;</span> <span class='ocrx_word' id='word_1_320' title='bbox 555 3479 610 3527; x_wconf 88' lang='lat' dir='ltr'>et</span> <span class='ocrx_word' id='word_1_321' title='bbox 623 3490 728 3544; x_wconf 90' lang='lat' dir='ltr'>ego</span> <span class='ocrx_word' id='word_1_322' title='bbox 747 3474 878 3526; x_wconf 91' lang='lat' dir='ltr'>nolo</span> <span class='ocrx_word' id='word_1_323' title='bbox 898 3473 1094 3528; x_wconf 82' lang='lat' dir='ltr'>fallere</span> <span class='ocrx_word' id='word_1_324' title='bbox 1116 3474 1419 3544; x_wconf 90' lang='lat' dir='ltr'>meipsum,</span> <span class='ocrx_word' id='word_1_325' title='bbox 1448 3489 1520 3528; x_wconf 90' lang='lat' dir='ltr'>ne</span> <span class='ocrx_word' id='word_1_326' title='bbox 1542 3472 2140 3544; x_wconf 78' lang='lat' dir='ltr'>mentiaturiniquitas</span> 
     </span>
    </p>
   </div>
   <div class='ocr_carea' id='block_1_38' title="bbox 442 3561 2140 3634">
    <p class='ocr_par' dir='ltr' id='par_1_38' title="bbox 442 3561 2140 3634">
     <span class='ocr_line' id='line_1_38' title="bbox 442 3561 2140 3634; baseline 0.001 -20"><span class='ocrx_word' id='word_1_327' title='bbox 442 3578 571 3616; x_wconf 89' lang='lat' dir='ltr'>mea</span> <span class='ocrx_word' id='word_1_328' title='bbox 591 3561 699 3616; x_wconf 88' lang='lat' dir='ltr'>sibi</span> <span class='ocrx_word' id='word_1_329' title='bbox 729 3563 894 3629; x_wconf 84' lang='lat' dir='ltr'>(Psal.</span> <span class='ocrx_word' id='word_1_330' title='bbox 939 3578 1087 3629; x_wconf 69' lang='lat' dir='ltr'>xxvx,</span> <span class='ocrx_word' id='word_1_331' title='bbox 1125 3564 1234 3631; x_wconf 78' lang='grc'>12).</span> <span class='ocrx_word' id='word_1_332' title='bbox 1282 3563 1405 3616; x_wconf 89' lang='lat' dir='ltr'>Non</span> <span class='ocrx_word' id='word_1_333' title='bbox 1452 3579 1588 3634; x_wconf 86' lang='lat' dir='ltr'>ergo</span> <span class='ocrx_word' id='word_1_334' title='bbox 1612 3561 1829 3633; x_wconf 89' lang='lat' dir='ltr'>judicio</span> <span class='ocrx_word' id='word_1_335' title='bbox 1858 3562 2140 3615; x_wconf 88' lang='lat' dir='ltr'>contendo</span> 
     </span>
    </p>
   </div>
   <div class='ocr_carea' id='block_1_39' title="bbox 440 3648 2142 3722">
    <p class='ocr_par' dir='ltr' id='par_1_39' title="bbox 440 3648 2142 3722">
     <span class='ocr_line' id='line_1_39' title="bbox 440 3648 2142 3722; baseline 0.001 -20"><span class='ocrx_word' id='word_1_336' title='bbox 440 3655 629 3704; x_wconf 81' lang='lat' dir='ltr'>tecum</span> <span class='ocrx_word' id='word_1_337' title='bbox 654 3667 668 3716; x_wconf 93' lang='lat'>;</span> <span class='ocrx_word' id='word_1_338' title='bbox 703 3650 835 3721; x_wconf 87' lang='lat' dir='ltr'>quia</span> <span class='ocrx_word' id='word_1_339' title='bbox 868 3650 914 3704; x_wconf 87' lang='lat' dir='ltr'>si</span> <span class='ocrx_word' id='word_1_340' title='bbox 945 3651 1277 3722; x_wconf 87' lang='lat' dir='ltr'>iniquitates</span> <span class='ocrx_word' id='word_1_341' title='bbox 1304 3650 1711 3720; x_wconf 79' lang='lat' dir='ltr'>observaveris,</span> <span class='ocrx_word' id='word_1_342' title='bbox 1730 3648 2004 3717; x_wconf 84' lang='lat' dir='ltr'>Domine;</span> <span class='ocrx_word' id='word_1_343' title='bbox 2035 3651 2142 3704; x_wconf 88' lang='lat' dir='ltr'>Do-</span> 
     </span>
    </p>
   </div>
   <div class='ocr_carea' id='block_1_40' title="bbox 440 3738 1657 3810">
    <p class='ocr_par' dir='ltr' id='par_1_40' title="bbox 440 3738 1657 3810">
     <span class='ocr_line' id='line_1_40' title="bbox 440 3738 1657 3810; baseline 0.002 -18"><span class='ocrx_word' id='word_1_344' title='bbox 440 3738 613 3800; x_wconf 86' lang='lat' dir='ltr'>mine,</span> <span class='ocrx_word' id='word_1_345' title='bbox 656 3739 784 3810; x_wconf 88' lang='lat' dir='ltr'>quis</span> <span class='ocrx_word' id='word_1_346' title='bbox 810 3739 1158 3793; x_wconf 88' lang='lat' dir='ltr'>sustinebit?</span> <span class='ocrx_word' id='word_1_347' title='bbox 1189 3740 1352 3808; x_wconf 86' lang='lat' dir='ltr'>(Psal.</span> <span class='ocrx_word' id='word_1_348' title='bbox 1383 3756 1560 3805; x_wconf 78' lang='lat' dir='ltr'>cxxxx,</span> <span class='ocrx_word' id='word_1_349' title='bbox 1584 3741 1657 3809; x_wconf 87' lang='grc'>3.)</span> 
     </span>
    </p>
   </div>
   <div class='ocr_carea' id='block_1_41' title="bbox 1117 3829 1459 3882">
    <p class='ocr_par' dir='ltr' id='par_1_41' title="bbox 1117 3829 1459 3882">
     <span class='ocr_line' id='line_1_41' title="bbox 1117 3829 1459 3882; baseline -0.006 0"><span class='ocrx_word' id='word_1_350' title='bbox 1117 3829 1341 3882; x_wconf 83' lang='lat' dir='ltr'>CAPUT</span> <span class='ocrx_word' id='word_1_351' title='bbox 1371 3829 1459 3882; x_wconf 88' lang='lat' dir='ltr'>VI.</span> 
     </span>
    </p>
   </div>
   <div class='ocr_carea' id='block_1_42' title="bbox 440 3914 2140 3984">
    <p class='ocr_par' dir='ltr' id='par_1_42' title="bbox 440 3914 2140 3984">
     <span class='ocr_line' id='line_1_42' title="bbox 440 3914 2140 3984; baseline 0 -16"><span class='ocrx_word' id='word_1_352' title='bbox 440 3916 744 3980; x_wconf 78' lang='lat' dir='ltr'>Infantiam</span> <span class='ocrx_word' id='word_1_353' title='bbox 789 3929 943 3968; x_wconf 79' lang='lat' dir='ltr'>suam</span> <span class='ocrx_word' id='word_1_354' title='bbox 973 3915 1249 3983; x_wconf 84' lang='lat' dir='ltr'>describit,</span> <span class='ocrx_word' id='word_1_355' title='bbox 1298 3916 1489 3969; x_wconf 85' lang='lat' dir='ltr'>laudat</span> <span class='ocrx_word' id='word_1_356' title='bbox 1521 3917 1615 3968; x_wconf 87' lang='lat' dir='ltr'>Dei</span> <span class='ocrx_word' id='word_1_357' title='bbox 1636 3914 2042 3984; x_wconf 83' lang='lat' dir='ltr'>providentiam</span> <span class='ocrx_word' id='word_1_358' title='bbox 2087 3918 2140 3968; x_wconf 78' lang='lat' dir='ltr'>et</span> 
     </span>
    </p>
   </div>
   <div class='ocr_carea' id='block_1_43' title="bbox 1103 4005 1477 4055">
    <p class='ocr_par' dir='ltr' id='par_1_43' title="bbox 1103 4005 1477 4055">
     <span class='ocr_line' id='line_1_43' title="bbox 1103 4005 1477 4055; baseline 0.003 -1"><span class='ocrx_word' id='word_1_359' title='bbox 1103 4005 1477 4055; x_wconf 72' lang='lat' dir='ltr'>aztemitatem.</span> 
     </span>
    </p>
   </div>
   <div class='ocr_carea' id='block_1_44' title="bbox 510 4089 2140 4160">
    <p class='ocr_par' dir='ltr' id='par_1_44' title="bbox 510 4089 2140 4160">
     <span class='ocr_line' id='line_1_44' title="bbox 510 4089 2140 4160; baseline 0.003 -17"><span class='ocrx_word' id='word_1_360' title='bbox 510 4094 563 4143; x_wconf 87' lang='lat'>7.</span> <span class='ocrx_word' id='word_1_361' title='bbox 607 4089 714 4143; x_wconf 91' lang='lat' dir='ltr'>Sed</span> <span class='ocrx_word' id='word_1_362' title='bbox 755 4092 970 4158; x_wconf 85' lang='lat' dir='ltr'>tamen,</span> <span class='ocrx_word' id='word_1_363' title='bbox 1003 4089 1122 4145; x_wconf 90' lang='lat' dir='ltr'>sine</span> <span class='ocrx_word' id='word_1_364' title='bbox 1155 4106 1245 4144; x_wconf 91' lang='lat' dir='ltr'>me</span> <span class='ocrx_word' id='word_1_365' title='bbox 1294 4090 1454 4160; x_wconf 84' lang='lat' dir='ltr'>loqui</span> <span class='ocrx_word' id='word_1_366' title='bbox 1498 4089 1648 4160; x_wconf 90' lang='lat' dir='ltr'>apud</span> <span class='ocrx_word' id='word_1_367' title='bbox 1690 4089 2140 4148; x_wconf 87' lang='lat' dir='ltr'>misericordiam</span> 
     </span>
    </p>
   </div>
   <div class='ocr_carea' id='block_1_45' title="bbox 439 4177 2142 4252">
    <p class='ocr_par' dir='ltr' id='par_1_45' title="bbox 439 4177 2142 4252">
     <span class='ocr_line' id='line_1_45' title="bbox 439 4177 2142 4252; baseline 0.001 -19"><span class='ocrx_word' id='word_1_368' title='bbox 439 4183 622 4246; x_wconf 90' lang='lat' dir='ltr'>tuam,</span> <span class='ocrx_word' id='word_1_369' title='bbox 655 4195 746 4232; x_wconf 89' lang='lat' dir='ltr'>me</span> <span class='ocrx_word' id='word_1_370' title='bbox 769 4183 980 4232; x_wconf 85' lang='lat' dir='ltr'>terram</span> <span class='ocrx_word' id='word_1_371' title='bbox 1007 4183 1065 4232; x_wconf 90' lang='lat' dir='ltr'>et</span> <span class='ocrx_word' id='word_1_372' title='bbox 1083 4177 1354 4232; x_wconf 89' lang='lat' dir='ltr'>cinerem.</span> <span class='ocrx_word' id='word_1_373' title='bbox 1380 4178 1513 4234; x_wconf 88' lang='lat' dir='ltr'>Sine</span> <span class='ocrx_word' id='word_1_374' title='bbox 1534 4183 1554 4214; x_wconf 80' lang='lat'><strong>‘</strong></span> <span class='ocrx_word' id='word_1_375' title='bbox 1575 4179 1966 4250; x_wconf 91' lang='lat' dir='ltr'>tamenloqui;</span> <span class='ocrx_word' id='word_1_376' title='bbox 2001 4197 2142 4252; x_wconf 91' lang='lat' dir='ltr'>quo-</span> 
     </span>
    </p>
   </div>
   <div class='ocr_carea' id='block_1_46' title="bbox 443 4267 2139 4340">
    <p class='ocr_par' dir='ltr' id='par_1_46' title="bbox 443 4267 2139 4340">
     <span class='ocr_line' id='line_1_46' title="bbox 443 4267 2139 4340; baseline 0.001 -18"><span class='ocrx_word' id='word_1_377' title='bbox 443 4269 597 4322; x_wconf 88' lang='lat' dir='ltr'>niam</span> <span class='ocrx_word' id='word_1_378' title='bbox 619 4284 745 4322; x_wconf 91' lang='lat' dir='ltr'>ecce</span> <span class='ocrx_word' id='word_1_379' title='bbox 768 4267 1153 4322; x_wconf 89' lang='lat' dir='ltr'>misericordia</span> <span class='ocrx_word' id='word_1_380' title='bbox 1169 4272 1266 4330; x_wconf 80' lang='lat' dir='ltr'>tua</span> <span class='ocrx_word' id='word_1_381' title='bbox 1289 4271 1393 4336; x_wconf 89' lang='lat' dir='ltr'>est,</span> <span class='ocrx_word' id='word_1_382' title='bbox 1408 4283 1526 4321; x_wconf 91' lang='lat' dir='ltr'>non</span> <span class='ocrx_word' id='word_1_383' title='bbox 1545 4267 1720 4321; x_wconf 89' lang='lat' dir='ltr'>homo</span> <span class='ocrx_word' id='word_1_384' title='bbox 1741 4267 1941 4322; x_wconf 91' lang='lat' dir='ltr'>irrisor</span> <span class='ocrx_word' id='word_1_385' title='bbox 1956 4286 2139 4340; x_wconf 88' lang='lat' dir='ltr'>meus,</span> 
     </span>
    </p>
   </div>
   <div class='ocr_carea' id='block_1_47' title="bbox 440 4355 2142 4428">
    <p class='ocr_par' dir='ltr' id='par_1_47' title="bbox 440 4355 2142 4428">
     <span class='ocr_line' id='line_1_47' title="bbox 440 4355 2142 4428; baseline 0.001 -18"><span class='ocrx_word' id='word_1_386' title='bbox 440 4358 531 4410; x_wconf 88' lang='lat' dir='ltr'>cui</span> <span class='ocrx_word' id='word_1_387' title='bbox 562 4359 786 4428; x_wconf 90' lang='lat' dir='ltr'>loquor.</span> <span class='ocrx_word' id='word_1_388' title='bbox 837 4357 903 4410; x_wconf 89' lang='lat' dir='ltr'>Et</span> <span class='ocrx_word' id='word_1_389' title='bbox 931 4361 991 4410; x_wconf 91' lang='lat' dir='ltr'>tu</span> <span class='ocrx_word' id='word_1_390' title='bbox 1019 4356 1258 4410; x_wconf 84' lang='lat' dir='ltr'>fortasse</span> <span class='ocrx_word' id='word_1_391' title='bbox 1290 4355 1494 4410; x_wconf 91' lang='lat' dir='ltr'>irrides</span> <span class='ocrx_word' id='word_1_392' title='bbox 1527 4371 1620 4409; x_wconf 90' lang='lat' dir='ltr'>me</span> <span class='ocrx_word' id='word_1_393' title='bbox 1647 4376 1662 4422; x_wconf 86' lang='lat'>;</span> <span class='ocrx_word' id='word_1_394' title='bbox 1707 4355 1804 4409; x_wconf 90' lang='lat' dir='ltr'>sed</span> <span class='ocrx_word' id='word_1_395' title='bbox 1833 4371 2142 4411; x_wconf 89' lang='lat' dir='ltr'>conversus</span> 
     </span>
    </p>
   </div>
   <div class='ocr_carea' id='block_1_48' title="bbox 442 4443 2140 4514">
    <p class='ocr_par' dir='ltr' id='par_1_48' title="bbox 442 4443 2140 4514">
     <span class='ocr_line' id='line_1_48' title="bbox 442 4443 2140 4514; baseline -0.001 -15"><span class='ocrx_word' id='word_1_396' title='bbox 442 4446 803 4499; x_wconf 88' lang='lat' dir='ltr'>misereberis</span> <span class='ocrx_word' id='word_1_397' title='bbox 833 4444 964 4500; x_wconf 91' lang='lat' dir='ltr'>mei.</span> <span class='ocrx_word' id='word_1_398' title='bbox 999 4444 1140 4508; x_wconf 83' lang='lat' dir='ltr'>Quid</span> <span class='ocrx_word' id='word_1_399' title='bbox 1163 4443 1319 4497; x_wconf 90' lang='lat' dir='ltr'>enim</span> <span class='ocrx_word' id='word_1_400' title='bbox 1351 4448 1434 4497; x_wconf 90' lang='lat' dir='ltr'>est</span> <span class='ocrx_word' id='word_1_401' title='bbox 1469 4443 1623 4514; x_wconf 88' lang='lat' dir='ltr'>quod</span> <span class='ocrx_word' id='word_1_402' title='bbox 1645 4443 1769 4496; x_wconf 90' lang='lat' dir='ltr'>volo</span> <span class='ocrx_word' id='word_1_403' title='bbox 1797 4443 2006 4508; x_wconf 83' lang='lat' dir='ltr'>dicere,</span> <span class='ocrx_word' id='word_1_404' title='bbox 2031 4445 2140 4498; x_wconf 87' lang='lat' dir='ltr'>Do-</span> 
     </span>
    </p>
   </div>
   <div class='ocr_carea' id='block_1_49' title="bbox 450 4531 2137 4604">
    <p class='ocr_par' dir='ltr' id='par_1_49' title="bbox 450 4531 2137 4604">
     <span class='ocr_line' id='line_1_49' title="bbox 450 4531 2137 4604; baseline 0 -18"><span class='ocrx_word' id='word_1_405' title='bbox 450 4535 603 4587; x_wconf 89' lang='lat' dir='ltr'>mine</span> <span class='ocrx_word' id='word_1_406' title='bbox 639 4535 786 4588; x_wconf 90' lang='lat' dir='ltr'>Deus</span> <span class='ocrx_word' id='word_1_407' title='bbox 809 4551 991 4592; x_wconf 86' lang='lat' dir='ltr'>meus.</span> <span class='ocrx_word' id='word_1_408' title='bbox 1022 4533 1133 4587; x_wconf 91' lang='lat' dir='ltr'>nisi</span> <span class='ocrx_word' id='word_1_409' title='bbox 1163 4533 1299 4604; x_wconf 91' lang='lat' dir='ltr'>quia</span> <span class='ocrx_word' id='word_1_410' title='bbox 1323 4533 1513 4586; x_wconf 90' lang='lat' dir='ltr'>nescio</span> <span class='ocrx_word' id='word_1_411' title='bbox 1539 4531 1692 4585; x_wconf 91' lang='lat' dir='ltr'>unde</span> <span class='ocrx_word' id='word_1_412' title='bbox 1722 4533 1978 4586; x_wconf 88' lang='lat' dir='ltr'>venerim</span> <span class='ocrx_word' id='word_1_413' title='bbox 2008 4533 2137 4600; x_wconf 87' lang='lat' dir='ltr'>huc,</span> 
     </span>
    </p>
   </div>
   <div class='ocr_carea' id='block_1_50' title="bbox 447 4618 2139 4689">
    <p class='ocr_par' dir='ltr' id='par_1_50' title="bbox 447 4618 2139 4689">
     <span class='ocr_line' id='line_1_50' title="bbox 447 4618 2139 4689; baseline 0.002 -16"><span class='ocrx_word' id='word_1_414' title='bbox 447 4621 506 4674; x_wconf 92' lang='lat' dir='ltr'>in</span> <span class='ocrx_word' id='word_1_415' title='bbox 536 4621 705 4675; x_wconf 89' lang='lat' dir='ltr'>istam</span> <span class='ocrx_word' id='word_1_416' title='bbox 735 4623 862 4676; x_wconf 92' lang='lat' dir='ltr'>dico</span> <span class='ocrx_word' id='word_1_417' title='bbox 901 4623 1076 4676; x_wconf 90' lang='lat' dir='ltr'>vitam</span> <span class='ocrx_word' id='word_1_418' title='bbox 1102 4621 1402 4676; x_wconf 82' lang='lat' dir='ltr'>mortalem</span> <span class='ocrx_word' id='word_1_419' title='bbox 1424 4618 1466 4687; x_wconf 80' lang='grc'>⁵,</span> <span class='ocrx_word' id='word_1_420' title='bbox 1502 4637 1575 4674; x_wconf 87' lang='lat' dir='ltr'>an</span> <span class='ocrx_word' id='word_1_421' title='bbox 1607 4625 1852 4675; x_wconf 89' lang='lat' dir='ltr'>mortem</span> <span class='ocrx_word' id='word_1_422' title='bbox 1887 4621 2139 4689; x_wconf 87' lang='lat' dir='ltr'>vitalem,</span> 
     </span>
    </p>
   </div>
   <div class='ocr_carea' id='block_1_51' title="bbox 508 4709 1670 4768">
    <p class='ocr_par' dir='ltr' id='par_1_51' title="bbox 508 4709 1670 4768">
     <span class='ocr_line' id='line_1_51' title="bbox 508 4709 1670 4768; baseline 0.001 -12"><span class='ocrx_word' id='word_1_423' title='bbox 508 4711 522 4742; x_wconf 75' lang='grc' dir='ltr'><strong>ι</strong></span> <span class='ocrx_word' id='word_1_424' title='bbox 548 4709 708 4756; x_wconf 82' lang='lat' dir='ltr'>Juxta</span> <span class='ocrx_word' id='word_1_425' title='bbox 733 4709 930 4758; x_wconf 88' lang='lat' dir='ltr'>Somm.</span> <span class='ocrx_word' id='word_1_426' title='bbox 963 4711 1098 4768; x_wconf 89' lang='lat' dir='ltr'>Flor,</span> <span class='ocrx_word' id='word_1_427' title='bbox 1126 4709 1324 4758; x_wconf 80' lang='lat' dir='ltr'>Rond.:</span> <span class='ocrx_word' id='word_1_428' title='bbox 1355 4711 1576 4760; x_wconf 79' lang='lat' dir='ltr'>Amittls.</span> <span class='ocrx_word' id='word_1_429' title='bbox 1604 4709 1670 4757; x_wconf 87' lang='grc' dir='ltr'>Μ.</span> 
     </span>
    </p>
   </div>
   <div class='ocr_carea' id='block_1_52' title="bbox 505 4770 1808 4821">
    <p class='ocr_par' dir='ltr' id='par_1_52' title="bbox 505 4770 1808 4821">
     <span class='ocr_line' id='line_1_52' title="bbox 505 4770 1808 4821; baseline 0.001 -3"><span class='ocrx_word' id='word_1_430' title='bbox 505 4772 526 4804; x_wconf 79' lang='grc'><strong>²</strong></span> <span class='ocrx_word' id='word_1_431' title='bbox 558 4770 755 4818; x_wconf 86' lang='lat' dir='ltr'>Somm.</span> <span class='ocrx_word' id='word_1_432' title='bbox 792 4777 845 4819; x_wconf 91' lang='lat' dir='ltr'>et</span> <span class='ocrx_word' id='word_1_433' title='bbox 866 4772 1033 4821; x_wconf 79' lang='lat' dir='ltr'>Rond.</span> <span class='ocrx_word' id='word_1_434' title='bbox 1063 4787 1125 4820; x_wconf 81' lang='lat' dir='ltr'>ex</span> <span class='ocrx_word' id='word_1_435' title='bbox 1149 4787 1254 4821; x_wconf 89' lang='lat' dir='ltr'>uno</span> <span class='ocrx_word' id='word_1_436' title='bbox 1290 4771 1377 4821; x_wconf 90' lang='lat' dir='ltr'>Cd.</span> <span class='ocrx_word' id='word_1_437' title='bbox 1413 4773 1708 4820; x_wconf 78' lang='lat' dir='ltr'>:Dicimus.</span> <span class='ocrx_word' id='word_1_438' title='bbox 1735 4770 1808 4819; x_wconf 85' lang='lat' dir='ltr'>M.</span> 
     </span>
    </p>
   </div>
   <div class='ocr_carea' id='block_1_53' title="bbox 505 4832 2139 4894">
    <p class='ocr_par' dir='ltr' id='par_1_53' title="bbox 505 4832 2139 4894">
     <span class='ocr_line' id='line_1_53' title="bbox 505 4832 2139 4894; baseline 0.004 -16"><span class='ocrx_word' id='word_1_439' title='bbox 505 4835 526 4866; x_wconf 74' lang='grc'>³</span> <span class='ocrx_word' id='word_1_440' title='bbox 554 4832 612 4879; x_wconf 89' lang='lat' dir='ltr'>In</span> <span class='ocrx_word' id='word_1_441' title='bbox 639 4832 870 4894; x_wconf 82' lang='lat' dir='ltr'>antiquis</span> <span class='ocrx_word' id='word_1_442' title='bbox 900 4834 1027 4881; x_wconf 89' lang='lat' dir='ltr'>Edd.</span> <span class='ocrx_word' id='word_1_443' title='bbox 1061 4835 1186 4884; x_wconf 85' lang='lat' dir='ltr'>Bnd.</span> <span class='ocrx_word' id='word_1_444' title='bbox 1229 4835 1326 4884; x_wconf 74' lang='lat' dir='ltr'>An.</span> <span class='ocrx_word' id='word_1_445' title='bbox 1370 4837 1423 4882; x_wconf 90' lang='lat' dir='ltr'>ct</span> <span class='ocrx_word' id='word_1_446' title='bbox 1470 4833 1575 4893; x_wconf 90' lang='lat' dir='ltr'>Er.,</span> <span class='ocrx_word' id='word_1_447' title='bbox 1624 4847 1721 4881; x_wconf 90' lang='lat' dir='ltr'>nec</span> <span class='ocrx_word' id='word_1_448' title='bbox 1751 4846 1859 4882; x_wconf 89' lang='lat' dir='ltr'>non</span> <span class='ocrx_word' id='word_1_449' title='bbox 1893 4834 1946 4882; x_wconf 91' lang='lat' dir='ltr'>in</span> <span class='ocrx_word' id='word_1_450' title='bbox 1977 4847 2081 4883; x_wconf 88' lang='lat' dir='ltr'>uno</span> <span class='ocrx_word' id='word_1_451' title='bbox 2110 4849 2139 4884; x_wconf 91' lang='lat' dir='ltr'>e</span> 
     </span>
    </p>
   </div>
   <div class='ocr_carea' id='block_1_54' title="bbox 442 4893 1087 4950">
    <p class='ocr_par' dir='ltr' id='par_1_54' title="bbox 442 4893 1087 4950">
     <span class='ocr_line' id='line_1_54' title="bbox 442 4893 1087 4950; baseline 0.005 -9"><span class='ocrx_word' id='word_1_452' title='bbox 442 4894 566 4942; x_wconf 88' lang='lat' dir='ltr'>Mss.</span> <span class='ocrx_word' id='word_1_453' title='bbox 597 4893 824 4950; x_wconf 85' lang='lat' dir='ltr'>additur,</span> <span class='ocrx_word' id='word_1_454' title='bbox 855 4898 1087 4945; x_wconf 78' lang='lat' dir='ltr'>miseria.</span> 
     </span>
    </p>
   </div>
   <div class='ocr_carea' id='block_1_55' title="bbox 502 4955 2137 5018">
    <p class='ocr_par' dir='ltr' id='par_1_55' title="bbox 502 4955 2137 5018">
     <span class='ocr_line' id='line_1_55' title="bbox 502 4955 2137 5018; baseline 0.002 -14"><span class='ocrx_word' id='word_1_455' title='bbox 502 4958 523 4991; x_wconf 76' lang='grc'><strong>⁴</strong></span> <span class='ocrx_word' id='word_1_456' title='bbox 553 4955 807 5004; x_wconf 86' lang='lat' dir='ltr'>Summal.</span> <span class='ocrx_word' id='word_1_457' title='bbox 833 4971 845 5015; x_wconf 89' lang='lat'>;</span> <span class='ocrx_word' id='word_1_458' title='bbox 876 4957 1047 5004; x_wconf 83' lang='lat' dir='ltr'>Rond.</span> <span class='ocrx_word' id='word_1_459' title='bbox 1087 4971 1151 5006; x_wconf 83' lang='lat' dir='ltr'>ex</span> <span class='ocrx_word' id='word_1_460' title='bbox 1180 4971 1373 5007; x_wconf 89' lang='lat' dir='ltr'>novem</span> <span class='ocrx_word' id='word_1_461' title='bbox 1421 4957 1578 5018; x_wconf 87' lang='lat' dir='ltr'>Mss.;</span> <span class='ocrx_word' id='word_1_462' title='bbox 1616 4957 1765 5007; x_wconf 85' lang='lat' dir='ltr'>Mart.</span> <span class='ocrx_word' id='word_1_463' title='bbox 1822 4970 1888 5006; x_wconf 82' lang='lat' dir='ltr'>ex</span> <span class='ocrx_word' id='word_1_464' title='bbox 1930 4957 2137 5008; x_wconf 90' lang='lat' dir='ltr'>duobus</span> 
     </span>
    </p>
   </div>
   <div class='ocr_carea' id='block_1_56' title="bbox 441 5019 985 5076">
    <p class='ocr_par' dir='ltr' id='par_1_56' title="bbox 441 5019 985 5076">
     <span class='ocr_line' id='line_1_56' title="bbox 441 5019 985 5076; baseline -0.004 -8"><span class='ocrx_word' id='word_1_465' title='bbox 441 5019 564 5068; x_wconf 86' lang='lat' dir='ltr'>Mss.</span> <span class='ocrx_word' id='word_1_466' title='bbox 589 5033 601 5076; x_wconf 90' lang='lat'>;</span> <span class='ocrx_word' id='word_1_467' title='bbox 635 5019 759 5067; x_wconf 84' lang='lat' dir='ltr'>Sine</span> <span class='ocrx_word' id='word_1_468' title='bbox 787 5031 892 5066; x_wconf 84' lang='lat' dir='ltr'>me.</span> <span class='ocrx_word' id='word_1_469' title='bbox 920 5019 985 5066; x_wconf 82' lang='lat' dir='ltr'>M.</span> 
     </span>
    </p>
   </div>
   <div class='ocr_carea' id='block_1_57' title="bbox 503 5079 2206 5144">
    <p class='ocr_par' dir='ltr' id='par_1_57' title="bbox 503 5079 2206 5144">
     <span class='ocr_line' id='line_1_57' title="bbox 503 5079 2206 5144; baseline 0.002 -16"><span class='ocrx_word' id='word_1_470' title='bbox 503 5083 524 5115; x_wconf 70' lang='grc' dir='ltr'><strong>ὖ</strong></span> <span class='ocrx_word' id='word_1_471' title='bbox 554 5080 631 5144; x_wconf 81' lang='lat' dir='ltr'>Ita</span> <span class='ocrx_word' id='word_1_472' title='bbox 661 5080 782 5127; x_wconf 82' lang='lat' dir='ltr'>Mss.</span> <span class='ocrx_word' id='word_1_473' title='bbox 813 5079 975 5144; x_wconf 80' lang='lat' dir='ltr'>ferme</span> <span class='ocrx_word' id='word_1_474' title='bbox 1004 5093 1207 5144; x_wconf 74' lang='lat' dir='ltr'>omnes</span> <span class='ocrx_word' id='word_1_475' title='bbox 1235 5084 1287 5128; x_wconf 89' lang='lat' dir='ltr'>et</span> <span class='ocrx_word' id='word_1_476' title='bbox 1315 5081 1474 5144; x_wconf 87' lang='lat' dir='ltr'>editio</span> <span class='ocrx_word' id='word_1_477' title='bbox 1509 5095 1602 5144; x_wconf 88' lang='lat' dir='ltr'>per</span> <span class='ocrx_word' id='word_1_478' title='bbox 1625 5080 1915 5130; x_wconf 83' lang='lat' dir='ltr'>Antonium</span> <span class='ocrx_word' id='word_1_479' title='bbox 1949 5082 2138 5131; x_wconf 80' lang='lat' dir='ltr'>Arnal-</span> <span class='ocrx_word' id='word_1_480' title='bbox 2197 5112 2206 5116; x_wconf 57' lang='grc' dir='ltr'><em>η</em></span> 
     </span>
    </p>
   </div>
   <div class='ocr_carea' id='block_1_58' title="bbox 443 5141 2138 5202">
    <p class='ocr_par' dir='ltr' id='par_1_58' title="bbox 443 5141 2138 5202">
     <span class='ocr_line' id='line_1_58' title="bbox 443 5141 2138 5202; baseline 0.001 -11"><span class='ocrx_word' id='word_1_481' title='bbox 443 5142 571 5191; x_wconf 92' lang='lat' dir='ltr'>dum</span> <span class='ocrx_word' id='word_1_482' title='bbox 598 5141 868 5190; x_wconf 89' lang='lat' dir='ltr'>doctorem</span> <span class='ocrx_word' id='word_1_483' title='bbox 904 5141 1249 5190; x_wconf 87' lang='lat' dir='ltr'>Sorbonicum</span> <span class='ocrx_word' id='word_1_484' title='bbox 1275 5141 1531 5192; x_wconf 75' lang='lat' dir='ltr'>adornata</span> <span class='ocrx_word' id='word_1_485' title='bbox 1554 5159 1567 5202; x_wconf 92' lang='lat'>;</span> <span class='ocrx_word' id='word_1_486' title='bbox 1597 5143 1690 5191; x_wconf 91' lang='lat' dir='ltr'>ubi</span> <span class='ocrx_word' id='word_1_487' title='bbox 1716 5144 1936 5192; x_wconf 90' lang='lat' dir='ltr'>verbum</span> <span class='ocrx_word' id='word_1_488' title='bbox 1963 5149 2138 5193; x_wconf 76' lang='lat' dir='ltr'>nescio</span> 
     </span>
    </p>
   </div>
   <div class='ocr_carea' id='block_1_59' title="bbox 441 5204 2140 5269">
    <p class='ocr_par' dir='ltr' id='par_1_59' title="bbox 441 5204 2140 5269">
     <span class='ocr_line' id='line_1_59' title="bbox 441 5204 2140 5269; baseline 0.001 -15"><span class='ocrx_word' id='word_1_489' title='bbox 441 5206 665 5254; x_wconf 86' lang='lat' dir='ltr'>refertur</span> <span class='ocrx_word' id='word_1_490' title='bbox 685 5204 750 5269; x_wconf 83' lang='lat' dir='ltr'>ad</span> <span class='ocrx_word' id='word_1_491' title='bbox 764 5204 1083 5269; x_wconf 68' lang='lat' dir='ltr'>superiorem</span> <span class='ocrx_word' id='word_1_492' title='bbox 1098 5205 1412 5269; x_wconf 79' lang='lat' dir='ltr'>sententiam</span> <span class='ocrx_word' id='word_1_493' title='bbox 1438 5221 1448 5253; x_wconf 94' lang='lat'>:</span> <span class='ocrx_word' id='word_1_494' title='bbox 1473 5207 1616 5269; x_wconf 78' lang='lat' dir='ltr'>Unde</span> <span class='ocrx_word' id='word_1_495' title='bbox 1636 5208 1872 5269; x_wconf 75' lang='lat' dir='ltr'>venerim</span> <span class='ocrx_word' id='word_1_496' title='bbox 1894 5206 2014 5265; x_wconf 80' lang='lat' dir='ltr'>huc,</span> <span class='ocrx_word' id='word_1_497' title='bbox 2036 5220 2140 5269; x_wconf 91' lang='lat' dir='ltr'>qua</span> 
     </span>
    </p>
   </div>
   <div class='ocr_carea' id='block_1_60' title="bbox 442 5264 2141 5330">
    <p class='ocr_par' dir='ltr' id='par_1_60' title="bbox 442 5264 2141 5330">
     <span class='ocr_line' id='line_1_60' title="bbox 442 5264 2141 5330; baseline 0.002 -16"><span class='ocrx_word' id='word_1_498' title='bbox 442 5281 497 5316; x_wconf 76' lang='lat' dir='ltr'>se</span> <span class='ocrx_word' id='word_1_499' title='bbox 516 5264 850 5330; x_wconf 68' lang='lat' dir='ltr'>Augustinus</span> <span class='ocrx_word' id='word_1_500' title='bbox 873 5264 1134 5330; x_wconf 77' lang='lat' dir='ltr'>signiﬁcat</span> <span class='ocrx_word' id='word_1_501' title='bbox 1157 5266 1294 5313; x_wconf 87' lang='lat' dir='ltr'>circa</span> <span class='ocrx_word' id='word_1_502' title='bbox 1309 5268 1498 5316; x_wconf 64' lang='lat' dir='ltr'>animae</span> <span class='ocrx_word' id='word_1_503' title='bbox 1519 5268 1775 5330; x_wconf 81' lang='lat' dir='ltr'>originem</span> <span class='ocrx_word' id='word_1_504' title='bbox 1793 5264 2141 5330; x_wconf 58' lang='lat' dir='ltr'>ﬂuctuareIAt</span> 
     </span>
    </p>
   </div>
   <div class='ocr_carea' id='block_1_61' title="bbox 443 5328 2138 5380">
    <p class='ocr_par' dir='ltr' id='par_1_61' title="bbox 443 5328 2138 5380">
     <span class='ocr_line' id='line_1_61' title="bbox 443 5328 2138 5380; baseline 0.001 -3"><span class='ocrx_word' id='word_1_505' title='bbox 443 5329 566 5378; x_wconf 87' lang='lat' dir='ltr'>Bad.</span> <span class='ocrx_word' id='word_1_506' title='bbox 602 5328 718 5379; x_wconf 73' lang='lat' dir='ltr'>Am.</span> <span class='ocrx_word' id='word_1_507' title='bbox 737 5333 789 5378; x_wconf 90' lang='lat' dir='ltr'>et</span> <span class='ocrx_word' id='word_1_508' title='bbox 816 5329 898 5377; x_wconf 89' lang='lat' dir='ltr'>Er.</span> <span class='ocrx_word' id='word_1_509' title='bbox 926 5328 1124 5376; x_wconf 87' lang='lat' dir='ltr'>habent</span> <span class='ocrx_word' id='word_1_510' title='bbox 1147 5341 1158 5374; x_wconf 89' lang='lat'>:</span> <span class='ocrx_word' id='word_1_511' title='bbox 1194 5331 1255 5376; x_wconf 84' lang='lat' dir='ltr'>In</span> <span class='ocrx_word' id='word_1_512' title='bbox 1282 5331 1440 5378; x_wconf 70' lang='lat' dir='ltr'>istam</span> <span class='ocrx_word' id='word_1_513' title='bbox 1466 5330 1584 5378; x_wconf 82' lang='lat' dir='ltr'>dico</span> <span class='ocrx_word' id='word_1_514' title='bbox 1607 5328 1902 5380; x_wconf 69' lang='lat' dir='ltr'>mortalem</span> <span class='ocrx_word' id='word_1_515' title='bbox 1931 5331 2094 5380; x_wconf 68' lang='lat' dir='ltr'>vitam</span> <span class='ocrx_word' id='word_1_516' title='bbox 2120 5345 2138 5378; x_wconf 74' lang='grc' dir='ltr'>,ο</span> 
     </span>
    </p>
   </div>
   <div class='ocr_carea' id='block_1_62' title="bbox 442 5391 2138 5455">
    <p class='ocr_par' dir='ltr' id='par_1_62' title="bbox 442 5391 2138 5455">
     <span class='ocr_line' id='line_1_62' title="bbox 442 5391 2138 5455; baseline 0 -14"><span class='ocrx_word' id='word_1_517' title='bbox 442 5393 733 5455; x_wconf 75' lang='lat' dir='ltr'>mortalem</span> <span class='ocrx_word' id='word_1_518' title='bbox 753 5392 942 5455; x_wconf 78' lang='lat' dir='ltr'>dicam</span> <span class='ocrx_word' id='word_1_519' title='bbox 955 5393 1142 5444; x_wconf 76' lang='lat' dir='ltr'>vitam.</span> <span class='ocrx_word' id='word_1_520' title='bbox 1158 5401 1233 5455; x_wconf 85' lang='lat' dir='ltr'>a_n</span> <span class='ocrx_word' id='word_1_521' title='bbox 1249 5394 1480 5455; x_wconf 80' lang='lat' dir='ltr'>mortem</span> <span class='ocrx_word' id='word_1_522' title='bbox 1492 5394 1737 5455; x_wconf 66' lang='lat' dir='ltr'>vitalem,</span> <span class='ocrx_word' id='word_1_523' title='bbox 1759 5391 1942 5442; x_wconf 78' lang='lat' dir='ltr'>nescio</span> <span class='ocrx_word' id='word_1_524' title='bbox 1956 5406 2138 5455; x_wconf 85' lang='lat' dir='ltr'>:quam</span> 
     </span>
    </p>
   </div>
   <div class='ocr_carea' id='block_1_63' title="bbox 441 5451 2137 5514">
    <p class='ocr_par' dir='ltr' id='par_1_63' title="bbox 441 5451 2137 5514">
     <span class='ocr_line' id='line_1_63' title="bbox 441 5451 2137 5514; baseline 0.003 -15"><span class='ocrx_word' id='word_1_525' title='bbox 441 5453 718 5503; x_wconf 87' lang='lat' dir='ltr'>lectionem</span> <span class='ocrx_word' id='word_1_526' title='bbox 757 5453 1102 5503; x_wconf 84' lang='lat' dir='ltr'>Lovanienses</span> <span class='ocrx_word' id='word_1_527' title='bbox 1133 5451 1195 5500; x_wconf 86' lang='lat' dir='ltr'>ad</span> <span class='ocrx_word' id='word_1_528' title='bbox 1226 5452 1388 5500; x_wconf 89' lang='lat' dir='ltr'>trium</span> <span class='ocrx_word' id='word_1_529' title='bbox 1409 5455 1528 5502; x_wconf 81' lang='lat' dir='ltr'>Mss.</span> <span class='ocrx_word' id='word_1_530' title='bbox 1562 5453 1717 5502; x_wconf 83' lang='lat' dir='ltr'>fidem</span> <span class='ocrx_word' id='word_1_531' title='bbox 1748 5455 1822 5503; x_wconf 92' lang='lat' dir='ltr'>sic</span> <span class='ocrx_word' id='word_1_532' title='bbox 1846 5451 2137 5514; x_wconf 75' lang='lat' dir='ltr'>mutarunt;</span> 
     </span>
    </p>
   </div>
   <div class='ocr_carea' id='block_1_64' title="bbox 441 5515 2135 5572">
    <p class='ocr_par' dir='ltr' id='par_1_64' title="bbox 441 5515 2135 5572">
     <span class='ocr_line' id='line_1_64' title="bbox 441 5515 2135 5572; baseline 0.002 -11"><span class='ocrx_word' id='word_1_533' title='bbox 441 5517 505 5562; x_wconf 86' lang='lat' dir='ltr'>In</span> <span class='ocrx_word' id='word_1_534' title='bbox 517 5518 676 5565; x_wconf 78' lang='lat' dir='ltr'>istam</span> <span class='ocrx_word' id='word_1_535' title='bbox 686 5517 854 5565; x_wconf 82' lang='lat' dir='ltr'>dicam</span> <span class='ocrx_word' id='word_1_536' title='bbox 869 5515 1152 5566; x_wconf 78' lang='lat' dir='ltr'>mortalem</span> <span class='ocrx_word' id='word_1_537' title='bbox 1167 5515 1432 5572; x_wconf 79' lang='lat' dir='ltr'>uitam,an</span> <span class='ocrx_word' id='word_1_538' title='bbox 1444 5519 1673 5565; x_wconf 82' lang='lat' dir='ltr'>mortem</span> <span class='ocrx_word' id='word_1_539' title='bbox 1684 5516 2135 5571; x_wconf 61' lang='lat' dir='ltr'>vitalemmescio.</span> 
     </span>
    </p>
   </div>
   <div class='ocr_carea' id='block_1_65' title="bbox 1653 268 3843 340">
    <p class='ocr_par' dir='ltr' id='par_1_65' title="bbox 1653 268 3843 340">
     <span class='ocr_line' id='line_1_65' title="bbox 1653 268 3843 340; baseline 0.006 -17"><span class='ocrx_word' id='word_1_540' title='bbox 1653 269 2193 326; x_wconf 80' lang='lat' dir='ltr'>CONFESSIONUM</span> <span class='ocrx_word' id='word_1_541' title='bbox 2243 268 2301 324; x_wconf 90' lang='lat' dir='ltr'>S.</span> <span class='ocrx_word' id='word_1_542' title='bbox 2345 268 2757 327; x_wconf 82' lang='lat' dir='ltr'>AUGUSTINI.</span> <span class='ocrx_word' id='word_1_543' title='bbox 3771 284 3843 340; x_wconf 78' lang='lat' dir='ltr'>66i</span> 
     </span>
    </p>
   </div>
   <div class='ocr_carea' id='block_1_66' title="bbox 2255 386 3847 456">
    <p class='ocr_par' dir='ltr' id='par_1_66' title="bbox 2255 386 3847 456">
     <span class='ocr_line' id='line_1_66' title="bbox 2255 386 3847 456; baseline 0.009 -15"><span class='ocrx_word' id='word_1_544' title='bbox 2255 386 2466 441; x_wconf 89' lang='lat' dir='ltr'>nescio.</span> <span class='ocrx_word' id='word_1_545' title='bbox 2495 387 2558 440; x_wconf 85' lang='lat' dir='ltr'>Et</span> <span class='ocrx_word' id='word_1_546' title='bbox 2574 393 2946 456; x_wconf 86' lang='lat' dir='ltr'>susceperunt</span> <span class='ocrx_word' id='word_1_547' title='bbox 2972 402 3062 441; x_wconf 88' lang='lat' dir='ltr'>me</span> <span class='ocrx_word' id='word_1_548' title='bbox 3083 387 3486 444; x_wconf 85' lang='lat' dir='ltr'>consolationes</span> <span class='ocrx_word' id='word_1_549' title='bbox 3498 392 3847 456; x_wconf 88' lang='lat' dir='ltr'>miserationum</span> 
     </span>
    </p>
   </div>
   <div class='ocr_carea' id='block_1_67' title="bbox 2257 474 3848 558">
    <p class='ocr_par' dir='ltr' id='par_1_67' title="bbox 2257 474 3848 558">
     <span class='ocr_line' id='line_1_67' title="bbox 2257 474 3848 558; baseline 0.007 -29"><span class='ocrx_word' id='word_1_550' title='bbox 2257 479 2503 540; x_wconf 89' lang='lat' dir='ltr'>tuarum,</span> <span class='ocrx_word' id='word_1_551' title='bbox 2527 474 2671 527; x_wconf 86' lang='lat' dir='ltr'>sicut</span> <span class='ocrx_word' id='word_1_552' title='bbox 2699 474 2932 528; x_wconf 88' lang='lat' dir='ltr'>audivia</span> <span class='ocrx_word' id='word_1_553' title='bbox 2961 475 3291 546; x_wconf 89' lang='lat' dir='ltr'>parentibus</span> <span class='ocrx_word' id='word_1_554' title='bbox 3311 479 3484 532; x_wconf 88' lang='lat' dir='ltr'>carnis</span> <span class='ocrx_word' id='word_1_555' title='bbox 3507 496 3652 551; x_wconf 60' lang='lat' dir='ltr'>meas,</span> <span class='ocrx_word' id='word_1_556' title='bbox 3667 500 3723 538; x_wconf 81' lang='lat' dir='ltr'>ex</span> <span class='ocrx_word' id='word_1_557' title='bbox 3739 492 3848 558; x_wconf 70' lang='lat' dir='ltr'>quo‘</span> 
     </span>
    </p>
   </div>
   <div class='ocr_carea' id='block_1_68' title="bbox 2254 561 3854 641">
    <p class='ocr_par' dir='ltr' id='par_1_68' title="bbox 2254 561 3854 641">
     <span class='ocr_line' id='line_1_68' title="bbox 2254 561 3854 641; baseline 0.006 -25"><span class='ocrx_word' id='word_1_558' title='bbox 2254 567 2311 616; x_wconf 89' lang='lat' dir='ltr'>et</span> <span class='ocrx_word' id='word_1_559' title='bbox 2339 562 2398 616; x_wconf 89' lang='lat' dir='ltr'>in</span> <span class='ocrx_word' id='word_1_560' title='bbox 2429 577 2542 632; x_wconf 89' lang='lat' dir='ltr'>qua</span> <span class='ocrx_word' id='word_1_561' title='bbox 2563 561 2820 615; x_wconf 86' lang='lat' dir='ltr'>formasti</span> <span class='ocrx_word' id='word_1_562' title='bbox 2859 578 2951 616; x_wconf 88' lang='lat' dir='ltr'>me</span> <span class='ocrx_word' id='word_1_563' title='bbox 2981 562 3043 616; x_wconf 91' lang='lat' dir='ltr'>in</span> <span class='ocrx_word' id='word_1_564' title='bbox 3069 568 3349 634; x_wconf 89' lang='lat' dir='ltr'>tempore,</span> <span class='ocrx_word' id='word_1_565' title='bbox 3375 581 3483 619; x_wconf 89' lang='lat' dir='ltr'>non</span> <span class='ocrx_word' id='word_1_566' title='bbox 3509 569 3646 623; x_wconf 90' lang='lat' dir='ltr'>enim</span> <span class='ocrx_word' id='word_1_567' title='bbox 3667 587 3757 641; x_wconf 83' lang='lat' dir='ltr'>ego</span> <span class='ocrx_word' id='word_1_568' title='bbox 3775 591 3854 629; x_wconf 82' lang='lat' dir='ltr'>me-</span> 
     </span>
    </p>
   </div>
   <div class='ocr_carea' id='block_1_69' title="bbox 2256 649 3853 720">
    <p class='ocr_par' dir='ltr' id='par_1_69' title="bbox 2256 649 3853 720">
     <span class='ocr_line' id='line_1_69' title="bbox 2256 649 3853 720; baseline 0.008 -16"><span class='ocrx_word' id='word_1_569' title='bbox 2256 649 2417 705; x_wconf 90' lang='lat' dir='ltr'>mini.</span> <span class='ocrx_word' id='word_1_570' title='bbox 2441 651 2793 720; x_wconf 89' lang='lat' dir='ltr'>Exceperunt</span> <span class='ocrx_word' id='word_1_571' title='bbox 2811 665 2946 720; x_wconf 89' lang='lat' dir='ltr'>ergo</span> <span class='ocrx_word' id='word_1_572' title='bbox 2968 666 3060 704; x_wconf 88' lang='lat' dir='ltr'>me</span> <span class='ocrx_word' id='word_1_573' title='bbox 3075 652 3481 707; x_wconf 84' lang='lat' dir='ltr'>consolationes</span> <span class='ocrx_word' id='word_1_574' title='bbox 3501 656 3638 710; x_wconf 89' lang='lat' dir='ltr'>lactis</span> <span class='ocrx_word' id='word_1_575' title='bbox 3656 659 3853 718; x_wconf 82' lang='lat' dir='ltr'>humani.</span> 
     </span>
    </p>
   </div>
   <div class='ocr_carea' id='block_1_70' title="bbox 2255 740 3857 820">
    <p class='ocr_par' dir='ltr' id='par_1_70' title="bbox 2255 740 3857 820">
     <span class='ocr_line' id='line_1_70' title="bbox 2255 740 3857 820; baseline 0.006 -27"><span class='ocrx_word' id='word_1_576' title='bbox 2255 740 2366 793; x_wconf 83' lang='lat' dir='ltr'>Nec</span> <span class='ocrx_word' id='word_1_577' title='bbox 2423 743 2605 792; x_wconf 90' lang='lat' dir='ltr'>mater</span> <span class='ocrx_word' id='word_1_578' title='bbox 2659 753 2808 804; x_wconf 88' lang='lat' dir='ltr'>mea,</span> <span class='ocrx_word' id='word_1_579' title='bbox 2865 740 2952 793; x_wconf 88' lang='lat' dir='ltr'>vel</span> <span class='ocrx_word' id='word_1_580' title='bbox 3019 740 3270 794; x_wconf 88' lang='lat' dir='ltr'>nutrices</span> <span class='ocrx_word' id='word_1_581' title='bbox 3321 757 3457 796; x_wconf 67' lang='lat' dir='ltr'>mea:</span> <span class='ocrx_word' id='word_1_582' title='bbox 3499 744 3657 800; x_wconf 86' lang='lat' dir='ltr'>ubera</span> <span class='ocrx_word' id='word_1_583' title='bbox 3701 748 3857 820; x_wconf 83' lang='lat' dir='ltr'>imple-</span> 
     </span>
    </p>
   </div>
   <div class='ocr_carea' id='block_1_71' title="bbox 2254 825 3856 907">
    <p class='ocr_par' dir='ltr' id='par_1_71' title="bbox 2254 825 3856 907">
     <span class='ocr_line' id='line_1_71' title="bbox 2254 825 3856 907; baseline 0.006 -25"><span class='ocrx_word' id='word_1_584' title='bbox 2254 829 2428 882; x_wconf 87' lang='lat' dir='ltr'>bant:</span> <span class='ocrx_word' id='word_1_585' title='bbox 2460 827 2558 881; x_wconf 87' lang='lat' dir='ltr'>sed</span> <span class='ocrx_word' id='word_1_586' title='bbox 2595 831 2656 880; x_wconf 89' lang='lat' dir='ltr'>tu</span> <span class='ocrx_word' id='word_1_587' title='bbox 2685 825 2828 880; x_wconf 90' lang='lat' dir='ltr'>mibi</span> <span class='ocrx_word' id='word_1_588' title='bbox 2854 843 2955 899; x_wconf 89' lang='lat' dir='ltr'>per</span> <span class='ocrx_word' id='word_1_589' title='bbox 2983 844 3076 881; x_wconf 89' lang='lat' dir='ltr'>eas</span> <span class='ocrx_word' id='word_1_590' title='bbox 3107 828 3284 883; x_wconf 88' lang='lat' dir='ltr'>dabas</span> <span class='ocrx_word' id='word_1_591' title='bbox 3302 830 3617 886; x_wconf 86' lang='lat' dir='ltr'>alimentum</span> <span class='ocrx_word' id='word_1_592' title='bbox 3641 834 3856 907; x_wconf 72' lang='lat' dir='ltr'>infantia,</span> 
     </span>
    </p>
   </div>
   <div class='ocr_carea' id='block_1_72' title="bbox 2254 912 3856 990">
    <p class='ocr_par' dir='ltr' id='par_1_72' title="bbox 2254 912 3856 990">
     <span class='ocr_line' id='line_1_72' title="bbox 2254 912 3856 990; baseline 0.006 -23"><span class='ocrx_word' id='word_1_593' title='bbox 2254 915 2565 967; x_wconf 88' lang='lat' dir='ltr'>secundum</span> <span class='ocrx_word' id='word_1_594' title='bbox 2593 912 3011 969; x_wconf 89' lang='lat' dir='ltr'>institutionem</span> <span class='ocrx_word' id='word_1_595' title='bbox 3034 919 3265 969; x_wconf 86' lang='lat' dir='ltr'>tuamet</span> <span class='ocrx_word' id='word_1_596' title='bbox 3293 915 3512 970; x_wconf 86' lang='lat' dir='ltr'>divitias</span> <span class='ocrx_word' id='word_1_597' title='bbox 3525 922 3749 990; x_wconf 87' lang='lat' dir='ltr'>usquead</span> <span class='ocrx_word' id='word_1_598' title='bbox 3766 923 3856 976; x_wconf 80' lang='lat' dir='ltr'>iun-</span> 
     </span>
    </p>
   </div>
   <div class='ocr_carea' id='block_1_73' title="bbox 2253 1000 3858 1071">
    <p class='ocr_par' dir='ltr' id='par_1_73' title="bbox 2253 1000 3858 1071">
     <span class='ocr_line' id='line_1_73' title="bbox 2253 1000 3858 1071; baseline 0.006 -16"><span class='ocrx_word' id='word_1_599' title='bbox 2253 1001 2390 1055; x_wconf 90' lang='lat' dir='ltr'>dum</span> <span class='ocrx_word' id='word_1_600' title='bbox 2422 1017 2610 1055; x_wconf 88' lang='lat' dir='ltr'>rerum</span> <span class='ocrx_word' id='word_1_601' title='bbox 2644 1000 2962 1071; x_wconf 87' lang='lat' dir='ltr'>dispositas.</span> <span class='ocrx_word' id='word_1_602' title='bbox 2984 1005 3068 1057; x_wconf 81' lang='lat' dir='ltr'>&#39;l‘u</span> <span class='ocrx_word' id='word_1_603' title='bbox 3088 1003 3263 1057; x_wconf 87' lang='lat' dir='ltr'>etiam</span> <span class='ocrx_word' id='word_1_604' title='bbox 3288 1004 3426 1058; x_wconf 86' lang='lat' dir='ltr'>mihi</span> <span class='ocrx_word' id='word_1_605' title='bbox 3455 1005 3612 1059; x_wconf 83' lang='lat' dir='ltr'>dabas</span> <span class='ocrx_word' id='word_1_606' title='bbox 3635 1009 3764 1062; x_wconf 85' lang='lat' dir='ltr'>nolle</span> <span class='ocrx_word' id='word_1_607' title='bbox 3780 1026 3858 1064; x_wconf 85' lang='lat' dir='ltr'>am-</span> 
     </span>
    </p>
   </div>
   <div class='ocr_carea' id='block_1_74' title="bbox 2251 1090 3859 1160">
    <p class='ocr_par' dir='ltr' id='par_1_74' title="bbox 2251 1090 3859 1160">
     <span class='ocr_line' id='line_1_74' title="bbox 2251 1090 3859 1160; baseline 0.006 -18"><span class='ocrx_word' id='word_1_608' title='bbox 2251 1090 2403 1160; x_wconf 87' lang='lat' dir='ltr'>plius</span> <span class='ocrx_word' id='word_1_609' title='bbox 2424 1106 2598 1159; x_wconf 90' lang='lat' dir='ltr'>quam</span> <span class='ocrx_word' id='word_1_610' title='bbox 2629 1090 2838 1154; x_wconf 88' lang='lat' dir='ltr'>dabas;</span> <span class='ocrx_word' id='word_1_611' title='bbox 2868 1095 2922 1143; x_wconf 92' lang='lat' dir='ltr'>et</span> <span class='ocrx_word' id='word_1_612' title='bbox 2955 1091 3346 1146; x_wconf 89' lang='lat' dir='ltr'>nutrientibus</span> <span class='ocrx_word' id='word_1_613' title='bbox 3377 1108 3463 1146; x_wconf 89' lang='lat' dir='ltr'>me</span> <span class='ocrx_word' id='word_1_614' title='bbox 3485 1093 3608 1148; x_wconf 91' lang='lat' dir='ltr'>dare</span> <span class='ocrx_word' id='word_1_615' title='bbox 3628 1095 3859 1152; x_wconf 85' lang='lat' dir='ltr'>mihivelle</span> 
     </span>
    </p>
   </div>
   <div class='ocr_carea' id='block_1_75' title="bbox 2254 1178 3859 1252">
    <p class='ocr_par' dir='ltr' id='par_1_75' title="bbox 2254 1178 3859 1252">
     <span class='ocr_line' id='line_1_75' title="bbox 2254 1178 3859 1252; baseline 0.006 -22"><span class='ocrx_word' id='word_1_616' title='bbox 2254 1179 2406 1249; x_wconf 89' lang='lat' dir='ltr'>quod</span> <span class='ocrx_word' id='word_1_617' title='bbox 2446 1178 2527 1231; x_wconf 89' lang='lat' dir='ltr'>eis</span> <span class='ocrx_word' id='word_1_618' title='bbox 2571 1178 2766 1232; x_wconf 90' lang='lat' dir='ltr'>dabas.</span> <span class='ocrx_word' id='word_1_619' title='bbox 2799 1180 2942 1233; x_wconf 86' lang='lat' dir='ltr'>Dare</span> <span class='ocrx_word' id='word_1_620' title='bbox 2973 1179 3126 1233; x_wconf 89' lang='lat' dir='ltr'>enim</span> <span class='ocrx_word' id='word_1_621' title='bbox 3158 1180 3306 1234; x_wconf 90' lang='lat' dir='ltr'>mihi</span> <span class='ocrx_word' id='word_1_622' title='bbox 3332 1198 3431 1252; x_wconf 91' lang='lat' dir='ltr'>per</span> <span class='ocrx_word' id='word_1_623' title='bbox 3459 1183 3750 1238; x_wconf 86' lang='lat' dir='ltr'>ordinatum</span> <span class='ocrx_word' id='word_1_624' title='bbox 3766 1186 3859 1239; x_wconf 76' lang='lat' dir='ltr'>alie-</span> 
     </span>
    </p>
   </div>
   <div class='ocr_carea' id='block_1_76' title="bbox 2252 1267 3861 1337">
    <p class='ocr_par' dir='ltr' id='par_1_76' title="bbox 2252 1267 3861 1337">
     <span class='ocr_line' id='line_1_76' title="bbox 2252 1267 3861 1337; baseline 0.006 -18"><span class='ocrx_word' id='word_1_625' title='bbox 2252 1272 2408 1320; x_wconf 91' lang='lat' dir='ltr'>ctum</span> <span class='ocrx_word' id='word_1_626' title='bbox 2437 1267 2700 1320; x_wconf 86' lang='lat' dir='ltr'>volebant</span> <span class='ocrx_word' id='word_1_627' title='bbox 2721 1283 2833 1337; x_wconf 88' lang='lat' dir='ltr'>quo</span> <span class='ocrx_word' id='word_1_628' title='bbox 2849 1283 2918 1322; x_wconf 80' lang='lat' dir='ltr'>ex</span> <span class='ocrx_word' id='word_1_629' title='bbox 2949 1271 3003 1321; x_wconf 92' lang='lat' dir='ltr'>te</span> <span class='ocrx_word' id='word_1_630' title='bbox 3024 1269 3410 1324; x_wconf 83' lang='lat' dir='ltr'>abundabant.</span> <span class='ocrx_word' id='word_1_631' title='bbox 3433 1272 3564 1324; x_wconf 87' lang='lat' dir='ltr'>Nam</span> <span class='ocrx_word' id='word_1_632' title='bbox 3583 1271 3764 1326; x_wconf 90' lang='lat' dir='ltr'>bonum</span> <span class='ocrx_word' id='word_1_633' title='bbox 3781 1280 3861 1328; x_wconf 84' lang='lat' dir='ltr'>erat</span> 
     </span>
    </p>
   </div>
   <div class='ocr_carea' id='block_1_77' title="bbox 2251 1355 3860 1431">
    <p class='ocr_par' dir='ltr' id='par_1_77' title="bbox 2251 1355 3860 1431">
     <span class='ocr_line' id='line_1_77' title="bbox 2251 1355 3860 1431; baseline 0.003 -21"><span class='ocrx_word' id='word_1_634' title='bbox 2251 1355 2334 1410; x_wconf 91' lang='lat' dir='ltr'>eis</span> <span class='ocrx_word' id='word_1_635' title='bbox 2364 1356 2581 1410; x_wconf 91' lang='lat' dir='ltr'>bonum</span> <span class='ocrx_word' id='word_1_636' title='bbox 2600 1372 2794 1410; x_wconf 88' lang='lat' dir='ltr'>meum</span> <span class='ocrx_word' id='word_1_637' title='bbox 2817 1373 2881 1410; x_wconf 76' lang='lat' dir='ltr'>ex</span> <span class='ocrx_word' id='word_1_638' title='bbox 2903 1359 2984 1410; x_wconf 89' lang='lat' dir='ltr'>eis</span> <span class='ocrx_word' id='word_1_639' title='bbox 3009 1377 3024 1424; x_wconf 88' lang='lat'>;</span> <span class='ocrx_word' id='word_1_640' title='bbox 3047 1358 3204 1429; x_wconf 91' lang='lat' dir='ltr'>quod</span> <span class='ocrx_word' id='word_1_641' title='bbox 3226 1374 3343 1412; x_wconf 89' lang='lat' dir='ltr'>non</span> <span class='ocrx_word' id='word_1_642' title='bbox 3369 1375 3432 1413; x_wconf 87' lang='lat' dir='ltr'>ex</span> <span class='ocrx_word' id='word_1_643' title='bbox 3455 1360 3531 1414; x_wconf 90' lang='lat' dir='ltr'>eis</span> <span class='ocrx_word' id='word_1_644' title='bbox 3549 1363 3586 1426; x_wconf 82' lang='grc'>²,</span> <span class='ocrx_word' id='word_1_645' title='bbox 3609 1361 3692 1415; x_wconf 90' lang='lat' dir='ltr'>sed</span> <span class='ocrx_word' id='word_1_646' title='bbox 3708 1378 3860 1431; x_wconf 83' lang='lat' dir='ltr'>pereas</span> 
     </span>
    </p>
   </div>
   <div class='ocr_carea' id='block_1_78' title="bbox 2249 1444 3860 1515">
    <p class='ocr_par' dir='ltr' id='par_1_78' title="bbox 2249 1444 3860 1515">
     <span class='ocr_line' id='line_1_78' title="bbox 2249 1444 3860 1515; baseline 0.005 -19"><span class='ocrx_word' id='word_1_647' title='bbox 2249 1449 2370 1497; x_wconf 90' lang='lat' dir='ltr'>erat</span> <span class='ocrx_word' id='word_1_648' title='bbox 2402 1460 2416 1497; x_wconf 91' lang='lat'>:</span> <span class='ocrx_word' id='word_1_649' title='bbox 2452 1461 2518 1497; x_wconf 81' lang='lat' dir='ltr'>ex</span> <span class='ocrx_word' id='word_1_650' title='bbox 2541 1449 2594 1498; x_wconf 85' lang='lat' dir='ltr'>te</span> <span class='ocrx_word' id='word_1_651' title='bbox 2625 1444 2838 1515; x_wconf 88' lang='lat' dir='ltr'>quippe</span> <span class='ocrx_word' id='word_1_652' title='bbox 2871 1445 3019 1498; x_wconf 87' lang='lat' dir='ltr'>bona</span> <span class='ocrx_word' id='word_1_653' title='bbox 3043 1446 3260 1511; x_wconf 88' lang='lat' dir='ltr'>omnia,</span> <span class='ocrx_word' id='word_1_654' title='bbox 3292 1447 3438 1501; x_wconf 87' lang='lat' dir='ltr'>Deus</span> <span class='ocrx_word' id='word_1_655' title='bbox 3464 1468 3478 1513; x_wconf 90' lang='lat'>;</span> <span class='ocrx_word' id='word_1_656' title='bbox 3506 1452 3557 1501; x_wconf 89' lang='lat' dir='ltr'>et</span> <span class='ocrx_word' id='word_1_657' title='bbox 3577 1463 3639 1502; x_wconf 84' lang='lat' dir='ltr'>ex</span> <span class='ocrx_word' id='word_1_658' title='bbox 3659 1449 3752 1502; x_wconf 86' lang='lat' dir='ltr'>Deo</span> <span class='ocrx_word' id='word_1_659' title='bbox 3774 1467 3860 1505; x_wconf 83' lang='lat' dir='ltr'>meo</span> 
     </span>
    </p>
   </div>
   <div class='ocr_carea' id='block_1_79' title="bbox 2252 1532 3861 1606">
    <p class='ocr_par' dir='ltr' id='par_1_79' title="bbox 2252 1532 3861 1606">
     <span class='ocr_line' id='line_1_79' title="bbox 2252 1532 3861 1606; baseline 0.003 -20"><span class='ocrx_word' id='word_1_660' title='bbox 2252 1534 2403 1586; x_wconf 91' lang='lat' dir='ltr'>salus</span> <span class='ocrx_word' id='word_1_661' title='bbox 2432 1532 2574 1587; x_wconf 89' lang='lat' dir='ltr'>mihi</span> <span class='ocrx_word' id='word_1_662' title='bbox 2604 1533 2888 1587; x_wconf 88' lang='lat' dir='ltr'>universa.</span> <span class='ocrx_word' id='word_1_663' title='bbox 2941 1534 3106 1598; x_wconf 91' lang='lat' dir='ltr'>Quod</span> <span class='ocrx_word' id='word_1_664' title='bbox 3146 1534 3521 1590; x_wconf 86' lang='lat' dir='ltr'>animadverti</span> <span class='ocrx_word' id='word_1_665' title='bbox 3550 1538 3861 1606; x_wconf 85' lang='lat' dir='ltr'>postmodum,</span> 
     </span>
    </p>
   </div>
   <div class='ocr_carea' id='block_1_80' title="bbox 2252 1621 3863 1694">
    <p class='ocr_par' dir='ltr' id='par_1_80' title="bbox 2252 1621 3863 1694">
     <span class='ocr_line' id='line_1_80' title="bbox 2252 1621 3863 1694; baseline 0.002 -20"><span class='ocrx_word' id='word_1_666' title='bbox 2252 1623 2533 1675; x_wconf 89' lang='lat' dir='ltr'>clamante</span> <span class='ocrx_word' id='word_1_667' title='bbox 2565 1627 2620 1675; x_wconf 93' lang='lat' dir='ltr'>te</span> <span class='ocrx_word' id='word_1_668' title='bbox 2648 1621 2790 1674; x_wconf 85' lang='lat' dir='ltr'>mihi</span> <span class='ocrx_word' id='word_1_669' title='bbox 2832 1637 2935 1692; x_wconf 91' lang='lat' dir='ltr'>per</span> <span class='ocrx_word' id='word_1_670' title='bbox 2980 1623 3104 1676; x_wconf 69' lang='lat' dir='ltr'>haec</span> <span class='ocrx_word' id='word_1_671' title='bbox 3153 1622 3280 1694; x_wconf 89' lang='lat' dir='ltr'>ipsa</span> <span class='ocrx_word' id='word_1_672' title='bbox 3319 1639 3446 1694; x_wconf 62' lang='lat' dir='ltr'>quas</span> <span class='ocrx_word' id='word_1_673' title='bbox 3475 1623 3661 1677; x_wconf 85' lang='lat' dir='ltr'>tribuis</span> <span class='ocrx_word' id='word_1_674' title='bbox 3691 1625 3863 1679; x_wconf 80' lang='lat' dir='ltr'>intnset</span> 
     </span>
    </p>
   </div>
   <div class='ocr_carea' id='block_1_81' title="bbox 2251 1711 3863 1783">
    <p class='ocr_par' dir='ltr' id='par_1_81' title="bbox 2251 1711 3863 1783">
     <span class='ocr_line' id='line_1_81' title="bbox 2251 1711 3863 1783; baseline 0.002 -18"><span class='ocrx_word' id='word_1_675' title='bbox 2251 1711 2408 1765; x_wconf 84' lang='lat' dir='ltr'>foris.</span> <span class='ocrx_word' id='word_1_676' title='bbox 2444 1712 2582 1764; x_wconf 85' lang='lat' dir='ltr'>Nam</span> <span class='ocrx_word' id='word_1_677' title='bbox 2615 1716 2752 1766; x_wconf 90' lang='lat' dir='ltr'>tunc</span> <span class='ocrx_word' id='word_1_678' title='bbox 2778 1727 2982 1781; x_wconf 78' lang='lat' dir='ltr'>augere</span> <span class='ocrx_word' id='word_1_679' title='bbox 3011 1727 3238 1775; x_wconf 85' lang='lat' dir='ltr'>noram,</span> <span class='ocrx_word' id='word_1_680' title='bbox 3267 1716 3322 1766; x_wconf 89' lang='lat' dir='ltr'>et</span> <span class='ocrx_word' id='word_1_681' title='bbox 3338 1713 3673 1783; x_wconf 86' lang='lat' dir='ltr'>acquiescere</span> <span class='ocrx_word' id='word_1_682' title='bbox 3691 1714 3863 1768; x_wconf 69' lang='lat' dir='ltr'>delecta-</span> 
     </span>
    </p>
   </div>
   <div class='ocr_carea' id='block_1_82' title="bbox 2251 1799 3861 1868">
    <p class='ocr_par' dir='ltr' id='par_1_82' title="bbox 2251 1799 3861 1868">
     <span class='ocr_line' id='line_1_82' title="bbox 2251 1799 3861 1868; baseline 0.001 -15"><span class='ocrx_word' id='word_1_683' title='bbox 2251 1799 2524 1866; x_wconf 84' lang='lat' dir='ltr'>tionibus,</span> <span class='ocrx_word' id='word_1_684' title='bbox 2557 1802 2694 1854; x_wconf 87' lang='lat' dir='ltr'>tlere</span> <span class='ocrx_word' id='word_1_685' title='bbox 2753 1805 2945 1854; x_wconf 89' lang='lat' dir='ltr'>autem</span> <span class='ocrx_word' id='word_1_686' title='bbox 2985 1799 3334 1854; x_wconf 82' lang='lat' dir='ltr'>offensiones</span> <span class='ocrx_word' id='word_1_687' title='bbox 3381 1801 3556 1855; x_wconf 88' lang='lat' dir='ltr'>carnis</span> <span class='ocrx_word' id='word_1_688' title='bbox 3590 1802 3861 1868; x_wconf 66' lang='lat' dir='ltr'>mete;nihil</span> 
     </span>
    </p>
   </div>
   <div class='ocr_carea' id='block_1_83' title="bbox 2254 1887 2522 1958">
    <p class='ocr_par' dir='ltr' id='par_1_83' title="bbox 2254 1887 2522 1958">
     <span class='ocr_line' id='line_1_83' title="bbox 2254 1887 2522 1958; baseline 0.004 -17"><span class='ocrx_word' id='word_1_689' title='bbox 2254 1887 2522 1958; x_wconf 89' lang='lat' dir='ltr'>amplius.</span> 
     </span>
    </p>
   </div>
   <div class='ocr_carea' id='block_1_84' title="bbox 2324 1976 3863 2050">
    <p class='ocr_par' dir='ltr' id='par_1_84' title="bbox 2324 1976 3863 2050">
     <span class='ocr_line' id='line_1_84' title="bbox 2324 1976 3863 2050; baseline 0.002 -22"><span class='ocrx_word' id='word_1_690' title='bbox 2324 1978 2374 2029; x_wconf 90' lang='lat'>8.</span> <span class='ocrx_word' id='word_1_691' title='bbox 2422 1977 2551 2030; x_wconf 89' lang='lat' dir='ltr'>Post</span> <span class='ocrx_word' id='word_1_692' title='bbox 2606 1980 2663 2030; x_wconf 90' lang='lat' dir='ltr'>et</span> <span class='ocrx_word' id='word_1_693' title='bbox 2691 1977 2880 2031; x_wconf 88' lang='lat' dir='ltr'>ridere</span> <span class='ocrx_word' id='word_1_694' title='bbox 2928 1976 3097 2047; x_wconf 81' lang='lat' dir='ltr'>ccepi,</span> <span class='ocrx_word' id='word_1_695' title='bbox 3139 1976 3436 2032; x_wconf 88' lang='lat' dir='ltr'>dormiens</span> <span class='ocrx_word' id='word_1_696' title='bbox 3477 1978 3668 2050; x_wconf 89' lang='lat' dir='ltr'>primo,</span> <span class='ocrx_word' id='word_1_697' title='bbox 3718 1977 3863 2032; x_wconf 87' lang='lat' dir='ltr'>deinde</span> 
     </span>
    </p>
   </div>
   <div class='ocr_carea' id='block_1_85' title="bbox 2251 2063 3862 2134">
    <p class='ocr_par' dir='ltr' id='par_1_85' title="bbox 2251 2063 3862 2134">
     <span class='ocr_line' id='line_1_85' title="bbox 2251 2063 3862 2134; baseline 0.002 -18"><span class='ocrx_word' id='word_1_698' title='bbox 2251 2063 2512 2134; x_wconf 83' lang='lat' dir='ltr'>vigilans.</span> <span class='ocrx_word' id='word_1_699' title='bbox 2549 2066 2662 2118; x_wconf 83' lang='lat' dir='ltr'>Hoc</span> <span class='ocrx_word' id='word_1_700' title='bbox 2690 2065 2845 2120; x_wconf 92' lang='lat' dir='ltr'>enim</span> <span class='ocrx_word' id='word_1_701' title='bbox 2874 2065 2944 2119; x_wconf 91' lang='lat' dir='ltr'>de</span> <span class='ocrx_word' id='word_1_702' title='bbox 2974 2082 3066 2119; x_wconf 89' lang='lat' dir='ltr'>me</span> <span class='ocrx_word' id='word_1_703' title='bbox 3099 2066 3242 2120; x_wconf 91' lang='lat' dir='ltr'>mihi</span> <span class='ocrx_word' id='word_1_704' title='bbox 3274 2066 3579 2120; x_wconf 89' lang='lat' dir='ltr'>indicatum</span> <span class='ocrx_word' id='word_1_705' title='bbox 3607 2071 3680 2121; x_wconf 90' lang='lat' dir='ltr'>est</span> <span class='ocrx_word' id='word_1_706' title='bbox 3709 2070 3756 2120; x_wconf 87' lang='lat' dir='ltr'>et</span> <span class='ocrx_word' id='word_1_707' title='bbox 3784 2082 3862 2120; x_wconf 84' lang='lat' dir='ltr'>cre-</span> 
     </span>
    </p>
   </div>
   <div class='ocr_carea' id='block_1_86' title="bbox 2255 2151 3865 2222">
    <p class='ocr_par' dir='ltr' id='par_1_86' title="bbox 2255 2151 3865 2222">
     <span class='ocr_line' id='line_1_86' title="bbox 2255 2151 3865 2222; baseline 0.001 -16"><span class='ocrx_word' id='word_1_708' title='bbox 2255 2151 2396 2218; x_wconf 88' lang='lat' dir='ltr'>didi,</span> <span class='ocrx_word' id='word_1_709' title='bbox 2431 2153 2704 2222; x_wconf 88' lang='lat' dir='ltr'>quoniam</span> <span class='ocrx_word' id='word_1_710' title='bbox 2737 2154 2816 2208; x_wconf 90' lang='lat' dir='ltr'>sic</span> <span class='ocrx_word' id='word_1_711' title='bbox 2840 2153 3099 2208; x_wconf 89' lang='lat' dir='ltr'>videmus</span> <span class='ocrx_word' id='word_1_712' title='bbox 3129 2161 3188 2209; x_wconf 88' lang='lat' dir='ltr'>et</span> <span class='ocrx_word' id='word_1_713' title='bbox 3203 2156 3347 2209; x_wconf 89' lang='lat' dir='ltr'>alios</span> <span class='ocrx_word' id='word_1_714' title='bbox 3377 2155 3642 2210; x_wconf 86' lang='lat' dir='ltr'>infantes:</span> <span class='ocrx_word' id='word_1_715' title='bbox 3670 2171 3778 2209; x_wconf 87' lang='lat' dir='ltr'>nam</span> <span class='ocrx_word' id='word_1_716' title='bbox 3797 2156 3865 2208; x_wconf 76' lang='lat' dir='ltr'>ista</span> 
     </span>
    </p>
   </div>
   <div class='ocr_carea' id='block_1_87' title="bbox 2251 2242 3865 2313">
    <p class='ocr_par' dir='ltr' id='par_1_87' title="bbox 2251 2242 3865 2313">
     <span class='ocr_line' id='line_1_87' title="bbox 2251 2242 3865 2313; baseline 0.002 -20"><span class='ocrx_word' id='word_1_717' title='bbox 2251 2256 2381 2294; x_wconf 88' lang='lat' dir='ltr'>mea</span> <span class='ocrx_word' id='word_1_718' title='bbox 2402 2257 2521 2295; x_wconf 89' lang='lat' dir='ltr'>non</span> <span class='ocrx_word' id='word_1_719' title='bbox 2545 2242 2801 2297; x_wconf 91' lang='lat' dir='ltr'>memini.</span> <span class='ocrx_word' id='word_1_720' title='bbox 2838 2243 2902 2297; x_wconf 87' lang='lat' dir='ltr'>Et</span> <span class='ocrx_word' id='word_1_721' title='bbox 2932 2258 3061 2297; x_wconf 90' lang='lat' dir='ltr'>ecce</span> <span class='ocrx_word' id='word_1_722' title='bbox 3089 2244 3374 2313; x_wconf 87' lang='lat' dir='ltr'>paulatim</span> <span class='ocrx_word' id='word_1_723' title='bbox 3402 2244 3694 2298; x_wconf 88' lang='lat' dir='ltr'>sentiebam</span> <span class='ocrx_word' id='word_1_724' title='bbox 3718 2243 3794 2297; x_wconf 89' lang='lat' dir='ltr'>ubi</span> <span class='ocrx_word' id='word_1_725' title='bbox 3812 2259 3865 2296; x_wconf 83' lang='lat' dir='ltr'>es-</span> 
     </span>
    </p>
   </div>
   <div class='ocr_carea' id='block_1_88' title="bbox 2251 2331 3863 2402">
    <p class='ocr_par' dir='ltr' id='par_1_88' title="bbox 2251 2331 3863 2402">
     <span class='ocr_line' id='line_1_88' title="bbox 2251 2331 3863 2402; baseline 0.001 -21"><span class='ocrx_word' id='word_1_726' title='bbox 2251 2344 2393 2397; x_wconf 89' lang='lat' dir='ltr'>sem,</span> <span class='ocrx_word' id='word_1_727' title='bbox 2409 2333 2465 2382; x_wconf 89' lang='lat' dir='ltr'>et</span> <span class='ocrx_word' id='word_1_728' title='bbox 2487 2331 2804 2385; x_wconf 84' lang='lat' dir='ltr'>voluntates</span> <span class='ocrx_word' id='word_1_729' title='bbox 2829 2347 2983 2385; x_wconf 88' lang='lat' dir='ltr'>meas</span> <span class='ocrx_word' id='word_1_730' title='bbox 2998 2332 3260 2386; x_wconf 87' lang='lat' dir='ltr'>volebam</span> <span class='ocrx_word' id='word_1_731' title='bbox 3281 2333 3576 2387; x_wconf 88' lang='lat' dir='ltr'>ostendere</span> <span class='ocrx_word' id='word_1_732' title='bbox 3587 2332 3754 2402; x_wconf 89' lang='lat' dir='ltr'>eisper</span> <span class='ocrx_word' id='word_1_733' title='bbox 3767 2346 3863 2402; x_wconf 83' lang='lat' dir='ltr'>quos</span> 
     </span>
    </p>
   </div>
   <div class='ocr_carea' id='block_1_89' title="bbox 2250 2416 3862 2492">
    <p class='ocr_par' dir='ltr' id='par_1_89' title="bbox 2250 2416 3862 2492">
     <span class='ocr_line' id='line_1_89' title="bbox 2250 2416 3862 2492; baseline 0.001 -22"><span class='ocrx_word' id='word_1_734' title='bbox 2250 2416 2650 2486; x_wconf 89' lang='lat' dir='ltr'>implerentur,</span> <span class='ocrx_word' id='word_1_735' title='bbox 2687 2423 2745 2472; x_wconf 89' lang='lat' dir='ltr'>et</span> <span class='ocrx_word' id='word_1_736' title='bbox 2787 2435 2899 2473; x_wconf 89' lang='lat' dir='ltr'>non</span> <span class='ocrx_word' id='word_1_737' title='bbox 2928 2423 3191 2490; x_wconf 88' lang='lat' dir='ltr'>poteram</span> <span class='ocrx_word' id='word_1_738' title='bbox 3219 2441 3234 2488; x_wconf 94' lang='lat'>;</span> <span class='ocrx_word' id='word_1_739' title='bbox 3265 2421 3401 2492; x_wconf 87' lang='lat' dir='ltr'>quia</span> <span class='ocrx_word' id='word_1_740' title='bbox 3431 2421 3541 2475; x_wconf 75' lang='lat' dir='ltr'>illas</span> <span class='ocrx_word' id='word_1_741' title='bbox 3585 2421 3718 2474; x_wconf 86' lang='lat' dir='ltr'>intus</span> <span class='ocrx_word' id='word_1_742' title='bbox 3737 2423 3862 2482; x_wconf 86' lang='lat' dir='ltr'>erant,</span> 
     </span>
    </p>
   </div>
   <div class='ocr_carea' id='block_1_90' title="bbox 2249 2505 3864 2572">
    <p class='ocr_par' dir='ltr' id='par_1_90' title="bbox 2249 2505 3864 2572">
     <span class='ocr_line' id='line_1_90' title="bbox 2249 2505 3864 2572; baseline 0.001 -14"><span class='ocrx_word' id='word_1_743' title='bbox 2249 2505 2388 2559; x_wconf 89' lang='lat' dir='ltr'>foris</span> <span class='ocrx_word' id='word_1_744' title='bbox 2417 2511 2610 2560; x_wconf 88' lang='lat' dir='ltr'>autem</span> <span class='ocrx_word' id='word_1_745' title='bbox 2642 2506 2748 2572; x_wconf 89' lang='lat' dir='ltr'>illi,</span> <span class='ocrx_word' id='word_1_746' title='bbox 2780 2523 2884 2560; x_wconf 90' lang='lat' dir='ltr'>nec</span> <span class='ocrx_word' id='word_1_747' title='bbox 2915 2509 3031 2562; x_wconf 90' lang='lat' dir='ltr'>ullo</span> <span class='ocrx_word' id='word_1_748' title='bbox 3069 2525 3173 2562; x_wconf 90' lang='lat' dir='ltr'>suo</span> <span class='ocrx_word' id='word_1_749' title='bbox 3207 2526 3382 2564; x_wconf 90' lang='lat' dir='ltr'>sensu</span> <span class='ocrx_word' id='word_1_750' title='bbox 3431 2511 3674 2564; x_wconf 87' lang='lat' dir='ltr'>valebant</span> <span class='ocrx_word' id='word_1_751' title='bbox 3696 2507 3864 2562; x_wconf 83' lang='lat' dir='ltr'>introire</span> 
     </span>
    </p>
   </div>
   <div class='ocr_carea' id='block_1_91' title="bbox 2250 2593 3864 2668">
    <p class='ocr_par' dir='ltr' id='par_1_91' title="bbox 2250 2593 3864 2668">
     <span class='ocr_line' id='line_1_91' title="bbox 2250 2593 3864 2668; baseline 0.001 -22"><span class='ocrx_word' id='word_1_752' title='bbox 2250 2593 2308 2646; x_wconf 92' lang='lat' dir='ltr'>in</span> <span class='ocrx_word' id='word_1_753' title='bbox 2343 2593 2594 2648; x_wconf 89' lang='lat' dir='ltr'>animam</span> <span class='ocrx_word' id='word_1_754' title='bbox 2626 2611 2833 2650; x_wconf 89' lang='lat' dir='ltr'>meam.</span> <span class='ocrx_word' id='word_1_755' title='bbox 2865 2597 3062 2668; x_wconf 88' lang='lat' dir='ltr'>Itaque</span> <span class='ocrx_word' id='word_1_756' title='bbox 3078 2597 3374 2667; x_wconf 85' lang='lat' dir='ltr'>jactabam</span> <span class='ocrx_word' id='word_1_757' title='bbox 3405 2599 3647 2652; x_wconf 87' lang='lat' dir='ltr'>membra</span> <span class='ocrx_word' id='word_1_758' title='bbox 3668 2601 3716 2650; x_wconf 89' lang='lat' dir='ltr'>et</span> <span class='ocrx_word' id='word_1_759' title='bbox 3737 2611 3864 2660; x_wconf 85' lang='lat' dir='ltr'>voces,</span> 
     </span>
    </p>
   </div>
   <div class='ocr_carea' id='block_1_92' title="bbox 2248 2681 3863 2757">
    <p class='ocr_par' dir='ltr' id='par_1_92' title="bbox 2248 2681 3863 2757">
     <span class='ocr_line' id='line_1_92' title="bbox 2248 2681 3863 2757; baseline 0.001 -23"><span class='ocrx_word' id='word_1_760' title='bbox 2248 2681 2412 2751; x_wconf 85' lang='lat' dir='ltr'>signa</span> <span class='ocrx_word' id='word_1_761' title='bbox 2443 2683 2654 2737; x_wconf 90' lang='lat' dir='ltr'>similia</span> <span class='ocrx_word' id='word_1_762' title='bbox 2679 2684 3072 2738; x_wconf 87' lang='lat' dir='ltr'>voluntatibus</span> <span class='ocrx_word' id='word_1_763' title='bbox 3103 2686 3274 2754; x_wconf 91' lang='lat' dir='ltr'>meis,</span> <span class='ocrx_word' id='word_1_764' title='bbox 3309 2703 3490 2757; x_wconf 88' lang='lat' dir='ltr'>pauca</span> <span class='ocrx_word' id='word_1_765' title='bbox 3518 2702 3636 2757; x_wconf 67' lang='lat' dir='ltr'>quia</span> <span class='ocrx_word' id='word_1_766' title='bbox 3661 2687 3863 2756; x_wconf 84' lang='lat' dir='ltr'>poteram,</span> 
     </span>
    </p>
   </div>
   <div class='ocr_carea' id='block_1_93' title="bbox 2251 2770 3866 2842">
    <p class='ocr_par' dir='ltr' id='par_1_93' title="bbox 2251 2770 3866 2842">
     <span class='ocr_line' id='line_1_93' title="bbox 2251 2770 3866 2842; baseline -0.001 -19"><span class='ocrx_word' id='word_1_767' title='bbox 2251 2770 2443 2841; x_wconf 87' lang='lat' dir='ltr'>qualia</span> <span class='ocrx_word' id='word_1_768' title='bbox 2464 2777 2723 2842; x_wconf 88' lang='lat' dir='ltr'>poteram</span> <span class='ocrx_word' id='word_1_769' title='bbox 2748 2788 2762 2826; x_wconf 88' lang='lat'><strong>:</strong></span> <span class='ocrx_word' id='word_1_770' title='bbox 2794 2788 2911 2826; x_wconf 89' lang='lat' dir='ltr'>non</span> <span class='ocrx_word' id='word_1_771' title='bbox 2955 2773 3111 2826; x_wconf 90' lang='lat' dir='ltr'>enim</span> <span class='ocrx_word' id='word_1_772' title='bbox 3131 2779 3299 2829; x_wconf 88' lang='lat' dir='ltr'>erant</span> <span class='ocrx_word' id='word_1_773' title='bbox 3330 2775 3444 2829; x_wconf 88' lang='lat' dir='ltr'>veri</span> <span class='ocrx_word' id='word_1_774' title='bbox 3475 2774 3686 2828; x_wconf 86' lang='lat' dir='ltr'>similia.</span> <span class='ocrx_word' id='word_1_775' title='bbox 3715 2774 3866 2826; x_wconf 85' lang='lat' dir='ltr'>Etcum</span> 
     </span>
    </p>
   </div>
   <div class='ocr_carea' id='block_1_94' title="bbox 2249 2859 3864 2931">
    <p class='ocr_par' dir='ltr' id='par_1_94' title="bbox 2249 2859 3864 2931">
     <span class='ocr_line' id='line_1_94' title="bbox 2249 2859 3864 2931; baseline -0.001 -19"><span class='ocrx_word' id='word_1_776' title='bbox 2249 2859 2391 2912; x_wconf 90' lang='lat' dir='ltr'>mibi</span> <span class='ocrx_word' id='word_1_777' title='bbox 2423 2876 2538 2914; x_wconf 90' lang='lat' dir='ltr'>non</span> <span class='ocrx_word' id='word_1_778' title='bbox 2577 2861 3100 2931; x_wconf 87' lang='lat' dir='ltr'>obtemperabatur,</span> <span class='ocrx_word' id='word_1_779' title='bbox 3132 2863 3221 2915; x_wconf 88' lang='lat' dir='ltr'>vel</span> <span class='ocrx_word' id='word_1_780' title='bbox 3255 2879 3374 2917; x_wconf 91' lang='lat' dir='ltr'>non</span> <span class='ocrx_word' id='word_1_781' title='bbox 3429 2863 3710 2926; x_wconf 88' lang='lat' dir='ltr'>intellecto,</span> <span class='ocrx_word' id='word_1_782' title='bbox 3734 2859 3799 2913; x_wconf 84' lang='lat' dir='ltr'>vel</span> <span class='ocrx_word' id='word_1_783' title='bbox 3819 2874 3864 2912; x_wconf 87' lang='lat' dir='ltr'>ne</span> 
     </span>
    </p>
   </div>
   <div class='ocr_carea' id='block_1_95' title="bbox 2249 2946 3866 3022">
    <p class='ocr_par' dir='ltr' id='par_1_95' title="bbox 2249 2946 3866 3022">
     <span class='ocr_line' id='line_1_95' title="bbox 2249 2946 3866 3022; baseline -0.004 -19"><span class='ocrx_word' id='word_1_784' title='bbox 2249 2949 2492 3013; x_wconf 89' lang='lat' dir='ltr'>obesset,</span> <span class='ocrx_word' id='word_1_785' title='bbox 2525 2948 2866 3019; x_wconf 86' lang='lat' dir='ltr'>indignabar</span> <span class='ocrx_word' id='word_1_786' title='bbox 2895 2965 3012 3003; x_wconf 92' lang='lat' dir='ltr'>non</span> <span class='ocrx_word' id='word_1_787' title='bbox 3041 2950 3283 3005; x_wconf 87' lang='lat' dir='ltr'>subditis</span> <span class='ocrx_word' id='word_1_788' title='bbox 3314 2951 3635 3022; x_wconf 85' lang='lat' dir='ltr'>majoribus,</span> <span class='ocrx_word' id='word_1_789' title='bbox 3663 2954 3711 3003; x_wconf 89' lang='lat' dir='ltr'>et</span> <span class='ocrx_word' id='word_1_790' title='bbox 3731 2946 3866 3002; x_wconf 86' lang='lat' dir='ltr'>liberis</span> 
     </span>
    </p>
   </div>
   <div class='ocr_carea' id='block_1_96' title="bbox 2251 3036 3862 3105">
    <p class='ocr_par' dir='ltr' id='par_1_96' title="bbox 2251 3036 3862 3105">
     <span class='ocr_line' id='line_1_96' title="bbox 2251 3036 3862 3105; baseline -0.003 -15"><span class='ocrx_word' id='word_1_791' title='bbox 2251 3052 2366 3090; x_wconf 89' lang='lat' dir='ltr'>non</span> <span class='ocrx_word' id='word_1_792' title='bbox 2396 3036 2797 3105; x_wconf 87' lang='lat' dir='ltr'>servientibus,</span> <span class='ocrx_word' id='word_1_793' title='bbox 2840 3041 2898 3091; x_wconf 91' lang='lat' dir='ltr'>et</span> <span class='ocrx_word' id='word_1_794' title='bbox 2934 3053 3026 3092; x_wconf 88' lang='lat' dir='ltr'>me</span> <span class='ocrx_word' id='word_1_795' title='bbox 3071 3038 3140 3092; x_wconf 87' lang='lat' dir='ltr'>de</span> <span class='ocrx_word' id='word_1_796' title='bbox 3178 3039 3296 3093; x_wconf 89' lang='lat' dir='ltr'>illis</span> <span class='ocrx_word' id='word_1_797' title='bbox 3343 3039 3528 3093; x_wconf 87' lang='lat' dir='ltr'>llendo</span> <span class='ocrx_word' id='word_1_798' title='bbox 3567 3036 3862 3091; x_wconf 80' lang='lat' dir='ltr'>vindicabam.</span> 
     </span>
    </p>
   </div>
   <div class='ocr_carea' id='block_1_97' title="bbox 2250 3125 3866 3197">
    <p class='ocr_par' dir='ltr' id='par_1_97' title="bbox 2250 3125 3866 3197">
     <span class='ocr_line' id='line_1_97' title="bbox 2250 3125 3866 3197; baseline -0.004 -17"><span class='ocrx_word' id='word_1_799' title='bbox 2250 3126 2412 3180; x_wconf 86' lang='lat' dir='ltr'>Tales</span> <span class='ocrx_word' id='word_1_800' title='bbox 2444 3141 2564 3178; x_wconf 88' lang='lat' dir='ltr'>esse</span> <span class='ocrx_word' id='word_1_801' title='bbox 2595 3125 2839 3179; x_wconf 87' lang='lat' dir='ltr'>infantes</span> <span class='ocrx_word' id='word_1_802' title='bbox 2891 3125 3063 3180; x_wconf 89' lang='lat' dir='ltr'>didici</span> <span class='ocrx_word' id='word_1_803' title='bbox 3109 3143 3257 3197; x_wconf 87' lang='lat' dir='ltr'>quos</span> <span class='ocrx_word' id='word_1_804' title='bbox 3293 3129 3505 3182; x_wconf 89' lang='lat' dir='ltr'>discere</span> <span class='ocrx_word' id='word_1_805' title='bbox 3550 3126 3711 3197; x_wconf 88' lang='lat' dir='ltr'>potui,</span> <span class='ocrx_word' id='word_1_806' title='bbox 3745 3128 3866 3176; x_wconf 84' lang='lat' dir='ltr'>etme</span> 
     </span>
    </p>
   </div>
   <div class='ocr_carea' id='block_1_98' title="bbox 2249 3212 3864 3285">
    <p class='ocr_par' dir='ltr' id='par_1_98' title="bbox 2249 3212 3864 3285">
     <span class='ocr_line' id='line_1_98' title="bbox 2249 3212 3864 3285; baseline -0.002 -17"><span class='ocrx_word' id='word_1_807' title='bbox 2249 3215 2425 3268; x_wconf 88' lang='lat' dir='ltr'>talem</span> <span class='ocrx_word' id='word_1_808' title='bbox 2455 3213 2628 3267; x_wconf 84' lang='lat' dir='ltr'>fuisse</span> <span class='ocrx_word' id='word_1_809' title='bbox 2661 3213 2843 3284; x_wconf 90' lang='lat' dir='ltr'>magis</span> <span class='ocrx_word' id='word_1_810' title='bbox 2866 3214 3005 3267; x_wconf 86' lang='lat' dir='ltr'>mihi</span> <span class='ocrx_word' id='word_1_811' title='bbox 3035 3214 3146 3285; x_wconf 89' lang='lat' dir='ltr'>ipsi</span> <span class='ocrx_word' id='word_1_812' title='bbox 3177 3215 3571 3271; x_wconf 87' lang='lat' dir='ltr'>indicaverunt</span> <span class='ocrx_word' id='word_1_813' title='bbox 3611 3212 3864 3272; x_wconf 68' lang='lat' dir='ltr'>nescientes,</span> 
     </span>
    </p>
   </div>
   <div class='ocr_carea' id='block_1_99' title="bbox 2253 3301 3192 3374">
    <p class='ocr_par' dir='ltr' id='par_1_99' title="bbox 2253 3301 3192 3374">
     <span class='ocr_line' id='line_1_99' title="bbox 2253 3301 3192 3374; baseline 0.001 -18"><span class='ocrx_word' id='word_1_814' title='bbox 2253 3318 2428 3374; x_wconf 89' lang='lat' dir='ltr'>quam</span> <span class='ocrx_word' id='word_1_815' title='bbox 2457 3301 2696 3355; x_wconf 90' lang='lat' dir='ltr'>scientes</span> <span class='ocrx_word' id='word_1_816' title='bbox 2716 3302 3028 3356; x_wconf 86' lang='lat' dir='ltr'>nutritores</span> <span class='ocrx_word' id='word_1_817' title='bbox 3057 3303 3192 3357; x_wconf 92' lang='lat' dir='ltr'>mei.</span> 
     </span>
    </p>
   </div>
   <div class='ocr_carea' id='block_1_100' title="bbox 2321 3389 3866 3456">
    <p class='ocr_par' dir='ltr' id='par_1_100' title="bbox 2321 3389 3866 3456">
     <span class='ocr_line' id='line_1_100' title="bbox 2321 3389 3866 3456; baseline -0.005 -12"><span class='ocrx_word' id='word_1_818' title='bbox 2321 3394 2373 3444; x_wconf 90' lang='lat'>9.</span> <span class='ocrx_word' id='word_1_819' title='bbox 2405 3392 2469 3444; x_wconf 86' lang='lat' dir='ltr'>Et</span> <span class='ocrx_word' id='word_1_820' title='bbox 2497 3405 2624 3443; x_wconf 88' lang='lat' dir='ltr'>ecce</span> <span class='ocrx_word' id='word_1_821' title='bbox 2654 3389 2897 3444; x_wconf 87' lang='lat' dir='ltr'>infantia</span> <span class='ocrx_word' id='word_1_822' title='bbox 2941 3407 3069 3445; x_wconf 88' lang='lat' dir='ltr'>mea</span> <span class='ocrx_word' id='word_1_823' title='bbox 3125 3391 3269 3447; x_wconf 88' lang='lat' dir='ltr'>olim</span> <span class='ocrx_word' id='word_1_824' title='bbox 3329 3396 3548 3446; x_wconf 87' lang='lat' dir='ltr'>mortua</span> <span class='ocrx_word' id='word_1_825' title='bbox 3593 3393 3684 3456; x_wconf 88' lang='lat' dir='ltr'>est,</span> <span class='ocrx_word' id='word_1_826' title='bbox 3725 3391 3770 3441; x_wconf 87' lang='lat' dir='ltr'>et</span> <span class='ocrx_word' id='word_1_827' title='bbox 3795 3399 3866 3453; x_wconf 76' lang='lat' dir='ltr'>ego</span> 
     </span>
    </p>
   </div>
   <div class='ocr_carea' id='block_1_101' title="bbox 2249 3474 3867 3552">
    <p class='ocr_par' dir='ltr' id='par_1_101' title="bbox 2249 3474 3867 3552">
     <span class='ocr_line' id='line_1_101' title="bbox 2249 3474 3867 3552; baseline -0.003 -23"><span class='ocrx_word' id='word_1_828' title='bbox 2249 3476 2396 3530; x_wconf 89' lang='lat' dir='ltr'>vivo.</span> <span class='ocrx_word' id='word_1_829' title='bbox 2424 3478 2503 3531; x_wconf 86' lang='lat' dir='ltr'>Tu</span> <span class='ocrx_word' id='word_1_830' title='bbox 2545 3482 2759 3538; x_wconf 87' lang='lat' dir='ltr'>autem,</span> <span class='ocrx_word' id='word_1_831' title='bbox 2795 3479 3052 3546; x_wconf 89' lang='lat' dir='ltr'>Domine,</span> <span class='ocrx_word' id='word_1_832' title='bbox 3086 3480 3188 3550; x_wconf 88' lang='lat' dir='ltr'>qui</span> <span class='ocrx_word' id='word_1_833' title='bbox 3213 3485 3271 3535; x_wconf 89' lang='lat' dir='ltr'>et</span> <span class='ocrx_word' id='word_1_834' title='bbox 3291 3497 3516 3552; x_wconf 86' lang='lat' dir='ltr'>semper</span> <span class='ocrx_word' id='word_1_835' title='bbox 3540 3479 3686 3545; x_wconf 85' lang='lat' dir='ltr'>vivis,</span> <span class='ocrx_word' id='word_1_836' title='bbox 3707 3482 3754 3530; x_wconf 91' lang='lat' dir='ltr'>et</span> <span class='ocrx_word' id='word_1_837' title='bbox 3772 3474 3867 3528; x_wconf 88' lang='lat' dir='ltr'>nihil</span> 
     </span>
    </p>
   </div>
   <div class='ocr_carea' id='block_1_102' title="bbox 2249 3565 3869 3639">
    <p class='ocr_par' dir='ltr' id='par_1_102' title="bbox 2249 3565 3869 3639">
     <span class='ocr_line' id='line_1_102' title="bbox 2249 3565 3869 3639; baseline -0.001 -21"><span class='ocrx_word' id='word_1_838' title='bbox 2249 3565 2493 3619; x_wconf 89' lang='lat' dir='ltr'>moritur</span> <span class='ocrx_word' id='word_1_839' title='bbox 2519 3566 2580 3619; x_wconf 92' lang='lat' dir='ltr'>in</span> <span class='ocrx_word' id='word_1_840' title='bbox 2608 3570 2684 3632; x_wconf 91' lang='lat' dir='ltr'>te,</span> <span class='ocrx_word' id='word_1_841' title='bbox 2717 3567 2991 3637; x_wconf 90' lang='lat' dir='ltr'>quoniam</span> <span class='ocrx_word' id='word_1_842' title='bbox 3018 3573 3149 3621; x_wconf 89' lang='lat' dir='ltr'>ante</span> <span class='ocrx_word' id='word_1_843' title='bbox 3174 3569 3495 3639; x_wconf 88' lang='lat' dir='ltr'>primordia</span> <span class='ocrx_word' id='word_1_844' title='bbox 3522 3565 3869 3627; x_wconf 65' lang='lat' dir='ltr'>saacc.lorum,et</span> 
     </span>
    </p>
   </div>
   <div class='ocr_carea' id='block_1_103' title="bbox 2249 3654 3869 3728">
    <p class='ocr_par' dir='ltr' id='par_1_103' title="bbox 2249 3654 3869 3728">
     <span class='ocr_line' id='line_1_103' title="bbox 2249 3654 3869 3728; baseline -0.003 -21"><span class='ocrx_word' id='word_1_845' title='bbox 2249 3659 2380 3707; x_wconf 89' lang='lat' dir='ltr'>ante</span> <span class='ocrx_word' id='word_1_846' title='bbox 2405 3670 2574 3708; x_wconf 91' lang='lat' dir='ltr'>omne</span> <span class='ocrx_word' id='word_1_847' title='bbox 2605 3655 2760 3725; x_wconf 87' lang='lat' dir='ltr'>quod</span> <span class='ocrx_word' id='word_1_848' title='bbox 2809 3657 2895 3709; x_wconf 90' lang='lat' dir='ltr'>vel</span> <span class='ocrx_word' id='word_1_849' title='bbox 2937 3661 3067 3710; x_wconf 88' lang='lat' dir='ltr'>ante</span> <span class='ocrx_word' id='word_1_850' title='bbox 3100 3656 3206 3710; x_wconf 91' lang='lat' dir='ltr'>dici</span> <span class='ocrx_word' id='word_1_851' title='bbox 3238 3662 3448 3728; x_wconf 88' lang='lat' dir='ltr'>potest,</span> <span class='ocrx_word' id='word_1_852' title='bbox 3497 3662 3555 3711; x_wconf 92' lang='lat' dir='ltr'>tu</span> <span class='ocrx_word' id='word_1_853' title='bbox 3593 3672 3665 3721; x_wconf 88' lang='lat' dir='ltr'>es,</span> <span class='ocrx_word' id='word_1_854' title='bbox 3699 3657 3745 3707; x_wconf 87' lang='lat' dir='ltr'>et</span> <span class='ocrx_word' id='word_1_855' title='bbox 3770 3654 3869 3706; x_wconf 82' lang='lat' dir='ltr'>Deus</span> 
     </span>
    </p>
   </div>
   <div class='ocr_carea' id='block_1_104' title="bbox 2251 3741 3863 3814">
    <p class='ocr_par' dir='ltr' id='par_1_104' title="bbox 2251 3741 3863 3814">
     <span class='ocr_line' id='line_1_104' title="bbox 2251 3741 3863 3814; baseline -0.002 -21"><span class='ocrx_word' id='word_1_856' title='bbox 2251 3757 2310 3794; x_wconf 92' lang='lat' dir='ltr'>es</span> <span class='ocrx_word' id='word_1_857' title='bbox 2331 3741 2722 3812; x_wconf 88' lang='lat' dir='ltr'>Dominusque</span> <span class='ocrx_word' id='word_1_858' title='bbox 2739 3741 2997 3796; x_wconf 90' lang='lat' dir='ltr'>omnium</span> <span class='ocrx_word' id='word_1_859' title='bbox 3020 3759 3148 3814; x_wconf 66' lang='lat' dir='ltr'>qua:</span> <span class='ocrx_word' id='word_1_860' title='bbox 3166 3746 3380 3799; x_wconf 83' lang='lat' dir='ltr'>creasti</span> <span class='ocrx_word' id='word_1_861' title='bbox 3404 3762 3416 3800; x_wconf 91' lang='lat'>:</span> <span class='ocrx_word' id='word_1_862' title='bbox 3441 3749 3496 3799; x_wconf 90' lang='lat' dir='ltr'>et</span> <span class='ocrx_word' id='word_1_863' title='bbox 3513 3743 3653 3814; x_wconf 87' lang='lat' dir='ltr'>apud</span> <span class='ocrx_word' id='word_1_864' title='bbox 3666 3747 3711 3795; x_wconf 90' lang='lat' dir='ltr'>te</span> <span class='ocrx_word' id='word_1_865' title='bbox 3729 3752 3863 3794; x_wconf 87' lang='lat' dir='ltr'>rerum</span> 
     </span>
    </p>
   </div>
   <div class='ocr_carea' id='block_1_105' title="bbox 2249 3828 3867 3899">
    <p class='ocr_par' dir='ltr' id='par_1_105' title="bbox 2249 3828 3867 3899">
     <span class='ocr_line' id='line_1_105' title="bbox 2249 3828 3867 3899; baseline -0.003 -17"><span class='ocrx_word' id='word_1_866' title='bbox 2249 3829 2510 3884; x_wconf 90' lang='lat' dir='ltr'>omnium</span> <span class='ocrx_word' id='word_1_867' title='bbox 2541 3829 2896 3884; x_wconf 87' lang='lat' dir='ltr'>instabilium</span> <span class='ocrx_word' id='word_1_868' title='bbox 2930 3835 3078 3884; x_wconf 89' lang='lat' dir='ltr'>stant</span> <span class='ocrx_word' id='word_1_869' title='bbox 3106 3847 3335 3899; x_wconf 59' lang='lat' dir='ltr'>causa);</span> <span class='ocrx_word' id='word_1_870' title='bbox 3368 3838 3423 3887; x_wconf 91' lang='lat' dir='ltr'>et</span> <span class='ocrx_word' id='word_1_871' title='bbox 3450 3848 3633 3887; x_wconf 88' lang='lat' dir='ltr'>rerum</span> <span class='ocrx_word' id='word_1_872' title='bbox 3679 3828 3867 3884; x_wconf 84' lang='lat' dir='ltr'>omnium</span> 
     </span>
    </p>
   </div>
   <div class='ocr_carea' id='block_1_106' title="bbox 2249 3917 3870 3992">
    <p class='ocr_par' dir='ltr' id='par_1_106' title="bbox 2249 3917 3870 3992">
     <span class='ocr_line' id='line_1_106' title="bbox 2249 3917 3870 3992; baseline -0.002 -21"><span class='ocrx_word' id='word_1_873' title='bbox 2249 3917 2728 3972; x_wconf 87' lang='lat' dir='ltr'>irrationabilium</span> <span class='ocrx_word' id='word_1_874' title='bbox 2757 3924 2814 3973; x_wconf 89' lang='lat' dir='ltr'>et</span> <span class='ocrx_word' id='word_1_875' title='bbox 2841 3920 3245 3990; x_wconf 88' lang='lat' dir='ltr'>temporalium</span> <span class='ocrx_word' id='word_1_876' title='bbox 3271 3923 3621 3992; x_wconf 69' lang='lat' dir='ltr'>sempiternae</span> <span class='ocrx_word' id='word_1_877' title='bbox 3642 3920 3870 3972; x_wconf 86' lang='lat' dir='ltr'>vivuntra-</span> 
     </span>
    </p>
   </div>
   <div class='ocr_carea' id='block_1_107' title="bbox 2249 4003 3869 4080">
    <p class='ocr_par' dir='ltr' id='par_1_107' title="bbox 2249 4003 3869 4080">
     <span class='ocr_line' id='line_1_107' title="bbox 2249 4003 3869 4080; baseline 0 -22"><span class='ocrx_word' id='word_1_878' title='bbox 2249 4005 2452 4059; x_wconf 87' lang='lat' dir='ltr'>tiones.</span> <span class='ocrx_word' id='word_1_879' title='bbox 2487 4006 2582 4060; x_wconf 93' lang='lat' dir='ltr'>Dic</span> <span class='ocrx_word' id='word_1_880' title='bbox 2608 4006 2748 4060; x_wconf 82' lang='lat' dir='ltr'>milii</span> <span class='ocrx_word' id='word_1_881' title='bbox 2781 4007 3023 4077; x_wconf 88' lang='lat' dir='ltr'>supplici</span> <span class='ocrx_word' id='word_1_882' title='bbox 3051 4013 3172 4075; x_wconf 91' lang='lat' dir='ltr'>tuo,</span> <span class='ocrx_word' id='word_1_883' title='bbox 3207 4011 3383 4080; x_wconf 87' lang='lat' dir='ltr'>Deus,</span> <span class='ocrx_word' id='word_1_884' title='bbox 3414 4016 3470 4064; x_wconf 92' lang='lat' dir='ltr'>et</span> <span class='ocrx_word' id='word_1_885' title='bbox 3501 4007 3781 4064; x_wconf 87' lang='lat' dir='ltr'>misericors</span> <span class='ocrx_word' id='word_1_886' title='bbox 3802 4003 3869 4057; x_wconf 87' lang='lat' dir='ltr'>mi-</span> 
     </span>
    </p>
   </div>
   <div class='ocr_carea' id='block_1_108' title="bbox 2251 4093 3868 4166">
    <p class='ocr_par' dir='ltr' id='par_1_108' title="bbox 2251 4093 3868 4166">
     <span class='ocr_line' id='line_1_108' title="bbox 2251 4093 3868 4166; baseline -0.003 -19"><span class='ocrx_word' id='word_1_887' title='bbox 2251 4109 2377 4147; x_wconf 89' lang='lat' dir='ltr'>sero</span> <span class='ocrx_word' id='word_1_888' title='bbox 2408 4098 2506 4148; x_wconf 89' lang='lat' dir='ltr'>tuo</span> <span class='ocrx_word' id='word_1_889' title='bbox 2530 4113 2546 4158; x_wconf 85' lang='lat'>;</span> <span class='ocrx_word' id='word_1_890' title='bbox 2580 4093 2670 4148; x_wconf 93' lang='lat' dir='ltr'>dic</span> <span class='ocrx_word' id='word_1_891' title='bbox 2699 4095 3050 4150; x_wconf 84' lang='lat' dir='ltr'>miliiutrum</span> <span class='ocrx_word' id='word_1_892' title='bbox 3057 4097 3177 4166; x_wconf 90' lang='lat' dir='ltr'>jam</span> <span class='ocrx_word' id='word_1_893' title='bbox 3194 4098 3680 4154; x_wconf 69' lang='lat' dir='ltr'>alicuiastatimese</span> <span class='ocrx_word' id='word_1_894' title='bbox 3694 4097 3868 4149; x_wconf 74' lang='lat' dir='ltr'>mortue</span> 
     </span>
    </p>
   </div>
   <div class='ocr_carea' id='block_1_109' title="bbox 2252 4181 3871 4258">
    <p class='ocr_par' dir='ltr' id='par_1_109' title="bbox 2252 4181 3871 4258">
     <span class='ocr_line' id='line_1_109' title="bbox 2252 4181 3871 4258; baseline -0.002 -22"><span class='ocrx_word' id='word_1_895' title='bbox 2252 4182 2587 4236; x_wconf 89' lang='lat' dir='ltr'>successerit</span> <span class='ocrx_word' id='word_1_896' title='bbox 2618 4182 2865 4236; x_wconf 89' lang='lat' dir='ltr'>infantia</span> <span class='ocrx_word' id='word_1_897' title='bbox 2888 4199 3016 4237; x_wconf 90' lang='lat' dir='ltr'>mea</span> <span class='ocrx_word' id='word_1_898' title='bbox 3046 4201 3060 4238; x_wconf 94' lang='lat'>:</span> <span class='ocrx_word' id='word_1_899' title='bbox 3091 4201 3164 4238; x_wconf 88' lang='lat' dir='ltr'>an</span> <span class='ocrx_word' id='word_1_900' title='bbox 3213 4186 3316 4240; x_wconf 89' lang='lat' dir='ltr'>illa</span> <span class='ocrx_word' id='word_1_901' title='bbox 3346 4193 3432 4241; x_wconf 89' lang='lat' dir='ltr'>est</span> <span class='ocrx_word' id='word_1_902' title='bbox 3472 4202 3636 4258; x_wconf 87' lang='lat' dir='ltr'>quam</span> <span class='ocrx_word' id='word_1_903' title='bbox 3670 4182 3747 4253; x_wconf 81' lang='lat' dir='ltr'>egi</span> <span class='ocrx_word' id='word_1_904' title='bbox 3769 4181 3871 4234; x_wconf 78' lang='lat' dir='ltr'>intra</span> 
     </span>
    </p>
   </div>
   <div class='ocr_carea' id='block_1_110' title="bbox 2250 4267 3866 4329">
    <p class='ocr_par' dir='ltr' id='par_1_110' title="bbox 2250 4267 3866 4329">
     <span class='ocr_line' id='line_1_110' title="bbox 2250 4267 3866 4329; baseline -0.003 -6"><span class='ocrx_word' id='word_1_905' title='bbox 2250 4271 2462 4324; x_wconf 87' lang='lat' dir='ltr'>viscera</span> <span class='ocrx_word' id='word_1_906' title='bbox 2484 4269 2680 4324; x_wconf 89' lang='lat' dir='ltr'>matris</span> <span class='ocrx_word' id='word_1_907' title='bbox 2713 4287 2854 4324; x_wconf 64' lang='lat' dir='ltr'>mete</span> <span class='ocrx_word' id='word_1_908' title='bbox 2875 4275 2902 4326; x_wconf 90' lang='lat'><strong><em>?</em></strong></span> <span class='ocrx_word' id='word_1_909' title='bbox 2930 4273 3072 4326; x_wconf 83' lang='lat' dir='ltr'>Nam</span> <span class='ocrx_word' id='word_1_910' title='bbox 3104 4277 3162 4327; x_wconf 92' lang='lat' dir='ltr'>et</span> <span class='ocrx_word' id='word_1_911' title='bbox 3187 4274 3256 4328; x_wconf 92' lang='lat' dir='ltr'>de</span> <span class='ocrx_word' id='word_1_912' title='bbox 3285 4276 3383 4329; x_wconf 89' lang='lat' dir='ltr'>illa</span> <span class='ocrx_word' id='word_1_913' title='bbox 3415 4275 3555 4329; x_wconf 87' lang='lat' dir='ltr'>mihi</span> <span class='ocrx_word' id='word_1_914' title='bbox 3575 4269 3794 4327; x_wconf 89' lang='lat' dir='ltr'>nonnihil</span> <span class='ocrx_word' id='word_1_915' title='bbox 3811 4267 3866 4319; x_wconf 88' lang='lat' dir='ltr'>in-</span> 
     </span>
    </p>
   </div>
   <div class='ocr_carea' id='block_1_111' title="bbox 2251 4351 3868 4433">
    <p class='ocr_par' dir='ltr' id='par_1_111' title="bbox 2251 4351 3868 4433">
     <span class='ocr_line' id='line_1_111' title="bbox 2251 4351 3868 4433; baseline 0.001 -21"><span class='ocrx_word' id='word_1_916' title='bbox 2251 4359 2501 4413; x_wconf 89' lang='lat' dir='ltr'>dicatum</span> <span class='ocrx_word' id='word_1_917' title='bbox 2533 4366 2635 4425; x_wconf 90' lang='lat' dir='ltr'>est,</span> <span class='ocrx_word' id='word_1_918' title='bbox 2688 4365 2744 4414; x_wconf 90' lang='lat' dir='ltr'>et</span> <span class='ocrx_word' id='word_1_919' title='bbox 2776 4367 3140 4431; x_wconf 62' lang='lat' dir='ltr'>praegnantes</span> <span class='ocrx_word' id='word_1_920' title='bbox 3186 4362 3310 4433; x_wconf 90' lang='lat' dir='ltr'>ipse</span> <span class='ocrx_word' id='word_1_921' title='bbox 3355 4364 3470 4418; x_wconf 88' lang='lat' dir='ltr'>vidi</span> <span class='ocrx_word' id='word_1_922' title='bbox 3514 4361 3743 4418; x_wconf 82' lang='lat' dir='ltr'>feminas.</span> <span class='ocrx_word' id='word_1_923' title='bbox 3767 4351 3868 4421; x_wconf 82' lang='lat' dir='ltr'>Quid</span> 
     </span>
    </p>
   </div>
   <div class='ocr_carea' id='block_1_112' title="bbox 2250 4440 3871 4516">
    <p class='ocr_par' dir='ltr' id='par_1_112' title="bbox 2250 4440 3871 4516">
     <span class='ocr_line' id='line_1_112' title="bbox 2250 4440 3871 4516; baseline -0.003 -16"><span class='ocrx_word' id='word_1_924' title='bbox 2250 4452 2382 4501; x_wconf 91' lang='lat' dir='ltr'>ante</span> <span class='ocrx_word' id='word_1_925' title='bbox 2412 4448 2559 4501; x_wconf 90' lang='lat' dir='ltr'>hanc</span> <span class='ocrx_word' id='word_1_926' title='bbox 2589 4449 2782 4514; x_wconf 88' lang='lat' dir='ltr'>etiam,</span> <span class='ocrx_word' id='word_1_927' title='bbox 2818 4449 3056 4504; x_wconf 89' lang='lat' dir='ltr'>dulcedo</span> <span class='ocrx_word' id='word_1_928' title='bbox 3087 4467 3235 4516; x_wconf 89' lang='lat' dir='ltr'>mea,</span> <span class='ocrx_word' id='word_1_929' title='bbox 3272 4453 3422 4506; x_wconf 89' lang='lat' dir='ltr'>Deus</span> <span class='ocrx_word' id='word_1_930' title='bbox 3445 4452 3634 4506; x_wconf 86' lang='lat' dir='ltr'>meus?</span> <span class='ocrx_word' id='word_1_931' title='bbox 3658 4448 3786 4504; x_wconf 87' lang='lat' dir='ltr'>fuine</span> <span class='ocrx_word' id='word_1_932' title='bbox 3806 4440 3871 4496; x_wconf 82' lang='lat' dir='ltr'>ali-</span> 
     </span>
    </p>
   </div>
   <div class='ocr_carea' id='block_1_113' title="bbox 2250 4533 3867 4610">
    <p class='ocr_par' dir='ltr' id='par_1_113' title="bbox 2250 4533 3867 4610">
     <span class='ocr_line' id='line_1_113' title="bbox 2250 4533 3867 4610; baseline -0.001 -21"><span class='ocrx_word' id='word_1_933' title='bbox 2250 4536 2401 4602; x_wconf 90' lang='lat' dir='ltr'>cubi,</span> <span class='ocrx_word' id='word_1_934' title='bbox 2424 4540 2524 4590; x_wconf 88' lang='lat' dir='ltr'>aut</span> <span class='ocrx_word' id='word_1_935' title='bbox 2538 4537 2744 4608; x_wconf 85' lang='lat' dir='ltr'>aliquis</span> <span class='ocrx_word' id='word_1_936' title='bbox 2767 4541 2796 4592; x_wconf 85' lang='lat'><strong><em>?</em></strong></span> <span class='ocrx_word' id='word_1_937' title='bbox 2822 4539 2963 4592; x_wconf 89' lang='lat' dir='ltr'>Nam</span> <span class='ocrx_word' id='word_1_938' title='bbox 2993 4539 3122 4610; x_wconf 91' lang='lat' dir='ltr'>quis</span> <span class='ocrx_word' id='word_1_939' title='bbox 3150 4539 3292 4594; x_wconf 86' lang='lat' dir='ltr'>mihi</span> <span class='ocrx_word' id='word_1_940' title='bbox 3313 4541 3574 4595; x_wconf 88' lang='lat' dir='ltr'>dicatista</span> <span class='ocrx_word' id='word_1_941' title='bbox 3601 4553 3702 4592; x_wconf 89' lang='lat' dir='ltr'>non</span> <span class='ocrx_word' id='word_1_942' title='bbox 3716 4533 3867 4590; x_wconf 84' lang='lat' dir='ltr'>habeo:</span> 
     </span>
    </p>
   </div>
   <div class='ocr_carea' id='block_1_114' title="bbox 2248 4623 3870 4697">
    <p class='ocr_par' dir='ltr' id='par_1_114' title="bbox 2248 4623 3870 4697">
     <span class='ocr_line' id='line_1_114' title="bbox 2248 4623 3870 4697; baseline -0.004 -19"><span class='ocrx_word' id='word_1_943' title='bbox 2248 4641 2353 4678; x_wconf 87' lang='lat' dir='ltr'>nec</span> <span class='ocrx_word' id='word_1_944' title='bbox 2374 4629 2535 4696; x_wconf 85' lang='lat' dir='ltr'>pater</span> <span class='ocrx_word' id='word_1_945' title='bbox 2558 4641 2658 4679; x_wconf 90' lang='lat' dir='ltr'>nec</span> <span class='ocrx_word' id='word_1_946' title='bbox 2671 4631 2852 4680; x_wconf 89' lang='lat' dir='ltr'>mater</span> <span class='ocrx_word' id='word_1_947' title='bbox 2863 4631 3194 4697; x_wconf 90' lang='lat' dir='ltr'>potuerunt,</span> <span class='ocrx_word' id='word_1_948' title='bbox 3209 4645 3315 4684; x_wconf 91' lang='lat' dir='ltr'>nec</span> <span class='ocrx_word' id='word_1_949' title='bbox 3332 4630 3574 4684; x_wconf 88' lang='lat' dir='ltr'>aliorum</span> <span class='ocrx_word' id='word_1_950' title='bbox 3585 4623 3870 4696; x_wconf 84' lang='lat' dir='ltr'>experimen-</span> 
     </span>
    </p>
   </div>
   <div class='ocr_carea' id='block_1_115' title="bbox 2250 4713 3870 4784">
    <p class='ocr_par' dir='ltr' id='par_1_115' title="bbox 2250 4713 3870 4784">
     <span class='ocr_line' id='line_1_115' title="bbox 2250 4713 3870 4784; baseline -0.006 -18"><span class='ocrx_word' id='word_1_951' title='bbox 2250 4717 2393 4777; x_wconf 82' lang='lat' dir='ltr'>tum,</span> <span class='ocrx_word' id='word_1_952' title='bbox 2427 4727 2532 4766; x_wconf 90' lang='lat' dir='ltr'>nec</span> <span class='ocrx_word' id='word_1_953' title='bbox 2563 4713 2844 4767; x_wconf 89' lang='lat' dir='ltr'>memoria</span> <span class='ocrx_word' id='word_1_954' title='bbox 2873 4730 3019 4771; x_wconf 90' lang='lat' dir='ltr'>mea.</span> <span class='ocrx_word' id='word_1_955' title='bbox 3073 4718 3159 4770; x_wconf 83' lang='lat' dir='ltr'>An</span> <span class='ocrx_word' id='word_1_956' title='bbox 3193 4715 3398 4771; x_wconf 90' lang='lat' dir='ltr'>irrides</span> <span class='ocrx_word' id='word_1_957' title='bbox 3425 4733 3516 4771; x_wconf 89' lang='lat' dir='ltr'>me</span> <span class='ocrx_word' id='word_1_958' title='bbox 3544 4717 3643 4769; x_wconf 90' lang='lat' dir='ltr'>ista</span> <span class='ocrx_word' id='word_1_959' title='bbox 3668 4720 3870 4784; x_wconf 65' lang='lat' dir='ltr'>quaren-</span> 
     </span>
    </p>
   </div>
   <div class='ocr_carea' id='block_1_116' title="bbox 2248 4795 3872 4874">
    <p class='ocr_par' dir='ltr' id='par_1_116' title="bbox 2248 4795 3872 4874">
     <span class='ocr_line' id='line_1_116' title="bbox 2248 4795 3872 4874; baseline 0.001 -20"><span class='ocrx_word' id='word_1_960' title='bbox 2248 4805 2387 4862; x_wconf 91' lang='lat' dir='ltr'>tem,</span> <span class='ocrx_word' id='word_1_961' title='bbox 2419 4805 2589 4872; x_wconf 89' lang='lat' dir='ltr'>teque</span> <span class='ocrx_word' id='word_1_962' title='bbox 2619 4801 2687 4856; x_wconf 89' lang='lat' dir='ltr'>de</span> <span class='ocrx_word' id='word_1_963' title='bbox 2735 4802 2842 4856; x_wconf 88' lang='lat' dir='ltr'>hoc</span> <span class='ocrx_word' id='word_1_964' title='bbox 2873 4803 3023 4874; x_wconf 86' lang='lat' dir='ltr'>quod</span> <span class='ocrx_word' id='word_1_965' title='bbox 3049 4803 3201 4872; x_wconf 87' lang='lat' dir='ltr'>novi,</span> <span class='ocrx_word' id='word_1_966' title='bbox 3235 4805 3456 4860; x_wconf 88' lang='lat' dir='ltr'>laudari</span> <span class='ocrx_word' id='word_1_967' title='bbox 3501 4819 3635 4858; x_wconf 88' lang='lat' dir='ltr'>ame</span> <span class='ocrx_word' id='word_1_968' title='bbox 3656 4800 3810 4872; x_wconf 79' lang='lat' dir='ltr'>jubeS,</span> <span class='ocrx_word' id='word_1_969' title='bbox 3835 4795 3872 4844; x_wconf 70' lang='grc' dir='ltr'>εἳ</span> 
     </span>
    </p>
   </div>
   <div class='ocr_carea' id='block_1_117' title="bbox 2253 4889 2878 4946">
    <p class='ocr_par' dir='ltr' id='par_1_117' title="bbox 2253 4889 2878 4946">
     <span class='ocr_line' id='line_1_117' title="bbox 2253 4889 2878 4946; baseline 0.003 -2"><span class='ocrx_word' id='word_1_970' title='bbox 2253 4889 2514 4944; x_wconf 85' lang='lat' dir='ltr'>conﬁteri</span> <span class='ocrx_word' id='word_1_971' title='bbox 2545 4906 2636 4943; x_wconf 90' lang='lat' dir='ltr'>me</span> <span class='ocrx_word' id='word_1_972' title='bbox 2666 4890 2770 4944; x_wconf 90' lang='lat' dir='ltr'>tibi</span> <span class='ocrx_word' id='word_1_973' title='bbox 2799 4891 2823 4922; x_wconf 83' lang='grc'>³</span> <span class='ocrx_word' id='word_1_974' title='bbox 2850 4891 2878 4946; x_wconf 87' lang='lat'><strong>?</strong></span> 
     </span>
    </p>
   </div>
   <div class='ocr_carea' id='block_1_118' title="bbox 2323 4971 3871 5048">
    <p class='ocr_par' dir='ltr' id='par_1_118' title="bbox 2323 4971 3871 5048">
     <span class='ocr_line' id='line_1_118' title="bbox 2323 4971 3871 5048; baseline -0.007 -15"><span class='ocrx_word' id='word_1_975' title='bbox 2323 4981 2406 5034; x_wconf 83' lang='lat' dir='ltr'>tO.</span> <span class='ocrx_word' id='word_1_976' title='bbox 2441 4979 2728 5034; x_wconf 82' lang='lat' dir='ltr'>Conﬁteor</span> <span class='ocrx_word' id='word_1_977' title='bbox 2765 4979 2888 5048; x_wconf 88' lang='lat' dir='ltr'>tibi,</span> <span class='ocrx_word' id='word_1_978' title='bbox 2940 4981 3184 5036; x_wconf 90' lang='lat' dir='ltr'>Domine</span> <span class='ocrx_word' id='word_1_979' title='bbox 3240 4982 3366 5036; x_wconf 64' lang='lat' dir='ltr'>coeli</span> <span class='ocrx_word' id='word_1_980' title='bbox 3410 4986 3464 5037; x_wconf 91' lang='lat' dir='ltr'>et</span> <span class='ocrx_word' id='word_1_981' title='bbox 3491 4985 3665 5046; x_wconf 76' lang='lat' dir='ltr'>terrm,</span> <span class='ocrx_word' id='word_1_982' title='bbox 3699 4971 3871 5030; x_wconf 87' lang='lat' dir='ltr'>laudem</span> 
     </span>
    </p>
   </div>
   <div class='ocr_carea' id='block_1_119' title="bbox 2311 5137 3870 5214">
    <p class='ocr_par' dir='ltr' id='par_1_119' title="bbox 2311 5137 3870 5214">
     <span class='ocr_line' id='line_1_119' title="bbox 2311 5137 3870 5214; baseline -0.006 -21"><span class='ocrx_word' id='word_1_983' title='bbox 2311 5144 2660 5214; x_wconf 68' lang='lat' dir='ltr'>iApud_Bad.</span> <span class='ocrx_word' id='word_1_984' title='bbox 2685 5150 2797 5214; x_wconf 77' lang='lat' dir='ltr'>Am.</span> <span class='ocrx_word' id='word_1_985' title='bbox 2828 5147 2912 5214; x_wconf 66' lang='lat' dir='ltr'>Er.</span> <span class='ocrx_word' id='word_1_986' title='bbox 2943 5151 2996 5214; x_wconf 81' lang='lat' dir='ltr'>et</span> <span class='ocrx_word' id='word_1_987' title='bbox 3027 5147 3188 5214; x_wconf 70' lang='lat' dir='ltr'>Lov.:</span> <span class='ocrx_word' id='word_1_988' title='bbox 3221 5151 3304 5200; x_wconf 80' lang='lat' dir='ltr'>Ea:</span> <span class='ocrx_word' id='word_1_989' title='bbox 3329 5152 3510 5214; x_wconf 75' lang='lat' dir='ltr'>quaet</span> <span class='ocrx_word' id='word_1_990' title='bbox 3526 5147 3580 5197; x_wconf 81' lang='lat' dir='ltr'>in</span> <span class='ocrx_word' id='word_1_991' title='bbox 3599 5137 3870 5214; x_wconf 36' lang='lat' dir='ltr'>q_ua..Verius</span> 
     </span>
    </p>
   </div>
   <div class='ocr_carea' id='block_1_120' title="bbox 2246 5197 3870 5286">
    <p class='ocr_par' dir='ltr' id='par_1_120' title="bbox 2246 5197 3870 5286">
     <span class='ocr_line' id='line_1_120' title="bbox 2246 5197 3870 5286; baseline 0.001 -31"><span class='ocrx_word' id='word_1_992' title='bbox 2246 5197 2410 5286; x_wconf 42' lang='lat' dir='ltr'>porro.</span> <span class='ocrx_word' id='word_1_993' title='bbox 2432 5207 2486 5255; x_wconf 90' lang='lat' dir='ltr'>in</span> <span class='ocrx_word' id='word_1_994' title='bbox 2511 5209 2630 5257; x_wconf 83' lang='lat' dir='ltr'>Mss.</span> <span class='ocrx_word' id='word_1_995' title='bbox 2649 5197 2717 5286; x_wconf 29' lang='lat' dir='ltr'>let</span> <span class='ocrx_word' id='word_1_996' title='bbox 2745 5209 2808 5286; x_wconf 27' lang='lat' dir='ltr'>in,</span> <span class='ocrx_word' id='word_1_997' title='bbox 2831 5197 3208 5286; x_wconf 41' lang='lat' dir='ltr'>editione‘Aut.</span> <span class='ocrx_word' id='word_1_998' title='bbox 3240 5197 3475 5261; x_wconf 15' lang='lat' dir='ltr'>iAﬁrn‘aldii</span> <span class='ocrx_word' id='word_1_999' title='bbox 3493 5197 3582 5274; x_wconf 89' lang='lat' dir='ltr'>pro</span> <span class='ocrx_word' id='word_1_1000' title='bbox 3605 5197 3870 5266; x_wconf 60' lang='lat' dir='ltr'>designatido</span> 
     </span>
    </p>
   </div>
   <div class='ocr_carea' id='block_1_121' title="bbox 2249 5273 3866 5395">
    <p class='ocr_par' dir='ltr' id='par_1_121' title="bbox 2249 5273 3866 5395">
     <span class='ocr_line' id='line_1_121' title="bbox 2249 5273 3866 5395; baseline -0.009 -15"><span class='ocrx_word' id='word_1_1001' title='bbox 2249 5273 3358 5395; x_wconf 56' lang='grc' dir='ltr'>⁰⁸ξ⁰ιἮ¹ἱῗ³ξῖ¹ἑὲἱ⁵ἐπ¹⁵ἓέ¹¹ἑίὲιξξ’ἓισὲἕιὶιω</span> <span class='ocrx_word' id='word_1_1002' title='bbox 3394 5335 3525 5384; x_wconf 91' lang='lat' dir='ltr'>Dub.</span> <span class='ocrx_word' id='word_1_1003' title='bbox 3574 5332 3707 5381; x_wconf 83' lang='lat' dir='ltr'>Mart.</span> <span class='ocrx_word' id='word_1_1004' title='bbox 3738 5319 3866 5374; x_wconf 80' lang='lat' dir='ltr'>Rond.</span> 
     </span>
    </p>
   </div>
   <div class='ocr_carea' id='block_1_122' title="bbox 2249 5393 3173 5454">
    <p class='ocr_par' dir='ltr' id='par_1_122' title="bbox 2249 5393 3173 5454">
     <span class='ocr_line' id='line_1_122' title="bbox 2249 5393 3173 5454; baseline 0.006 -13"><span class='ocrx_word' id='word_1_1005' title='bbox 2249 5407 2368 5442; x_wconf 89' lang='lat' dir='ltr'>cum</span> <span class='ocrx_word' id='word_1_1006' title='bbox 2399 5395 2424 5441; x_wconf 78' lang='grc'>4</span> <span class='ocrx_word' id='word_1_1007' title='bbox 2456 5395 2521 5442; x_wconf 88' lang='grc' dir='ltr'>Μ.</span> <span class='ocrx_word' id='word_1_1008' title='bbox 2546 5393 2576 5442; x_wconf 54' lang='lat'>:‘</span> <span class='ocrx_word' id='word_1_1009' title='bbox 2594 5393 2734 5454; x_wconf 79' lang='lat' dir='ltr'>Quod</span> <span class='ocrx_word' id='word_1_1010' title='bbox 2758 5408 2862 5444; x_wconf 84' lang='lat' dir='ltr'>non</span> <span class='ocrx_word' id='word_1_1011' title='bbox 2895 5409 2962 5447; x_wconf 77' lang='lat' dir='ltr'>ea;</span> <span class='ocrx_word' id='word_1_1012' title='bbox 2984 5399 3079 5447; x_wconf 83' lang='lat' dir='ltr'>eis.</span> <span class='ocrx_word' id='word_1_1013' title='bbox 3107 5399 3173 5447; x_wconf 85' lang='lat' dir='ltr'>M.</span> 
     </span>
    </p>
   </div>
   <div class='ocr_carea' id='block_1_123' title="bbox 2309 5455 3471 5510">
    <p class='ocr_par' dir='ltr' id='par_1_123' title="bbox 2309 5455 3471 5510">
     <span class='ocr_line' id='line_1_123' title="bbox 2309 5455 3471 5510; baseline 0.003 -7"><span class='ocrx_word' id='word_1_1014' title='bbox 2309 5456 2331 5491; x_wconf 76' lang='grc' dir='ltr'><strong>δ</strong></span> <span class='ocrx_word' id='word_1_1015' title='bbox 2362 5455 2560 5504; x_wconf 91' lang='lat' dir='ltr'>Somm.</span> <span class='ocrx_word' id='word_1_1016' title='bbox 2593 5457 2715 5505; x_wconf 89' lang='lat' dir='ltr'>Lov.</span> <span class='ocrx_word' id='word_1_1017' title='bbox 2753 5457 2920 5508; x_wconf 80' lang='lat' dir='ltr'>Rond.</span> <span class='ocrx_word' id='word_1_1018' title='bbox 2949 5472 3014 5506; x_wconf 82' lang='lat' dir='ltr'>ex</span> <span class='ocrx_word' id='word_1_1019' title='bbox 3045 5461 3317 5510; x_wconf 88' lang='lat' dir='ltr'>nonnullis</span> <span class='ocrx_word' id='word_1_1020' title='bbox 3346 5460 3471 5509; x_wconf 84' lang='lat' dir='ltr'>Cdd.</span> 
     </span>
    </p>
   </div>
   <div class='ocr_carea' id='block_1_124' title="bbox 3506 5445 3866 5522">
    <p class='ocr_par' dir='ltr' id='par_1_124' title="bbox 3506 5445 3866 5522">
     <span class='ocr_line' id='line_1_124' title="bbox 3506 5445 3866 5522; baseline -0.028 -16"><span class='ocrx_word' id='word_1_1021' title='bbox 3506 5453 3791 5522; x_wconf 56' lang='lat' dir='ltr'>quarentem</span> <span class='ocrx_word' id='word_1_1022' title='bbox 3818 5445 3866 5496; x_wconf 68' lang='grc' dir='ltr'>τε.</span> 
     </span>
    </p>
   </div>
   <div class='ocr_carea' id='block_1_125' title="bbox 2249 5515 3310 5580">
    <p class='ocr_par' dir='ltr' id='par_1_125' title="bbox 2249 5515 3310 5580">
     <span class='ocr_line' id='line_1_125' title="bbox 2249 5515 3310 5580; baseline 0.006 -15"><span class='ocrx_word' id='word_1_1023' title='bbox 2249 5517 2337 5579; x_wconf 82' lang='lat' dir='ltr'>qui</span> <span class='ocrx_word' id='word_1_1024' title='bbox 2360 5517 2424 5566; x_wconf 78' lang='lat' dir='ltr'>de</span> <span class='ocrx_word' id='word_1_1025' title='bbox 2449 5515 2559 5576; x_wconf 84' lang='lat' dir='ltr'>hoc,</span> <span class='ocrx_word' id='word_1_1026' title='bbox 2591 5517 2728 5580; x_wconf 83' lang='lat' dir='ltr'>quod</span> <span class='ocrx_word' id='word_1_1027' title='bbox 2755 5523 2894 5579; x_wconf 70' lang='lat' dir='ltr'>nari,</span> <span class='ocrx_word' id='word_1_1028' title='bbox 2917 5521 3137 5571; x_wconf 80' lang='lat' dir='ltr'>laudari</span> <span class='ocrx_word' id='word_1_1029' title='bbox 3152 5524 3219 5572; x_wconf 79' lang='lat' dir='ltr'>te.</span> <span class='ocrx_word' id='word_1_1030' title='bbox 3245 5524 3310 5571; x_wconf 90' lang='lat' dir='ltr'>M.</span> 
     </span>
    </p>
   </div>
  </div>
