4028 6174
167 257 276 309 665

166 374 370 429 dicens
398 374 503 427 tibi
524 374 593 427 de
610 372 938 444 primordiis
963 377 1019 427 et
1039 372 1280 428 infantia
1300 389 1426 427 mea
1455 390 1585 444 quae
1607 390 1722 428 non
1751 390 1871 427 me-

165 463 350 529 mini;
382 468 438 517 et
462 462 668 517 dedisti
699 479 764 515 ea
797 461 1014 515 homini
1043 479 1109 515 ex
1141 461 1265 515 aliis
1295 463 1363 515 de
1398 479 1454 515 se
1486 462 1785 530 conjicere,
1822 466 1877 515 et

168 550 604 607 auctoritatibus
632 549 806 603 etiam
847 549 1313 603 muliercularum
1354 550 1534 603 multa
1571 550 1639 602 de
1669 566 1727 604 se
1755 565 1875 603 cre-

174 640 334 694 dere.
377 640 543 693 Eram
593 638 748 692 enim
796 642 853 692 et
876 637 1136 692 vivebam
1185 638 1355 692 etiam
1403 642 1557 704 tunc,
1590 642 1646 692 et
1693 638 1874 708 signa,

171 729 385 801 quibus
414 743 578 781 sensa
606 744 735 781 mea
761 732 897 781 nota
939 727 1066 780 aliis
1097 727 1363 793 facerem,
1397 726 1518 796 jam
1550 727 1606 780 in
1644 726 1757 780 fine
1789 726 1878 779 in-

167 817 372 872 fantiae
410 816 757 887 quarrebam.
798 815 954 870 Unde
994 816 1100 868 hoc
1137 815 1249 868 tale
1286 814 1499 867 animal
1538 814 1646 867 nisi
1672 814 1770 868 abs
1800 818 1874 878 te,

169 906 420 960 Domine
437 906 464 959 ?
482 908 568 959 An
594 905 893 976 quisquam
914 919 971 956 se
992 902 1234 957 faciendi
1256 902 1362 955 erit
1382 902 1621 957 artifex?
1640 906 1737 955 aut
1764 903 1880 955 ulla

164 1008 318 1046 vena
339 992 585 1046 trahitur
604 992 856 1059 aliunde,
880 1008 992 1061 qua
1010 1007 1129 1043 esse
1150 996 1205 1045 et
1220 989 1407 1044 vivere
1441 994 1632 1044 currat
1660 990 1718 1045 in
1748 1007 1875 1057 nos,

164 1086 562 1152 praeterquam
605 1082 756 1151 quod
802 1085 862 1135 tu
908 1079 1045 1134 facis
1093 1095 1216 1146 nos,
1263 1080 1522 1145 Domine,
1552 1078 1642 1133 cui
1673 1096 1794 1133 esse
1824 1084 1881 1133 et

167 1170 364 1223 vivere
384 1186 500 1223 non
516 1169 669 1223 aliud
695 1174 865 1239 atque
895 1168 1051 1221 aliud
1084 1172 1192 1233 est;
1222 1167 1356 1238 quia
1376 1184 1598 1221 summe
1621 1183 1762 1234 esse,
1794 1174 1878 1222 at-

91 1260 126 1279 ’
150 1270 287 1329 ‘que
329 1273 552 1311 summe
593 1258 775 1311 vivere
806 1256 1058 1327 idipsum
1099 1258 1195 1311 es?
1225 1257 1495 1311 Summus
1524 1256 1679 1309 enim
1712 1273 1792 1317 es,
1825 1261 1880 1311 et

168 1359 291 1395 non
325 1342 563 1396 mutaris
583 1361 598 1407 ;
618 1358 805 1412 neque
825 1341 1121 1411 peragitur
1148 1341 1208 1394 in
1238 1346 1291 1394 te
1313 1340 1627 1394 hodiernus
1656 1340 1797 1407 dies,
1824 1345 1881 1394 et

167 1436 374 1485 tamen
411 1431 471 1485 in
501 1435 552 1484 te
581 1430 894 1501 peragitur,
928 1429 1063 1501 quia
1090 1429 1151 1483 in
1178 1433 1233 1483 te
1265 1434 1397 1483 sunt
1426 1434 1483 1483 et
1511 1429 1617 1483 ista
1644 1428 1874 1483 omnia:

170 1536 291 1573 non
318 1519 471 1573 enim
498 1519 773 1573 haberent
792 1518 907 1572 vias
928 1518 1280 1583 transeundi,
1305 1517 1415 1572 nisi
1444 1518 1762 1572 contineres
1792 1534 1878 1572 ea.

171 1610 242 1663 Et
271 1608 549 1679 quoniam
579 1608 715 1660 anni
745 1607 831 1661 tui
861 1624 975 1661 non
1005 1606 1277 1661 deﬁciunt
1309 1609 1350 1675 ί,
1382 1606 1518 1660 anni
1538 1607 1622 1660 tui
1651 1607 1881 1661 hodier-

174 1713 287 1750 nus
315 1696 469 1750 dies:
508 1700 565 1750 et
588 1711 761 1767 quam
782 1696 949 1749 multi
960 1694 1081 1763 jam
1102 1695 1222 1749 dies
1250 1696 1429 1749 nostri
1446 1700 1501 1749 et
1530 1699 1756 1765 patrum
1780 1712 1884 1748 no-

172 1789 429 1839 strorum
458 1801 563 1855 per
608 1785 951 1839 hodiernum
998 1788 1161 1838 tuum
1196 1784 1566 1850 transierunt,
1600 1788 1654 1838 et
1689 1801 1755 1838 ex
1784 1785 1882 1839 illo

173 1877 521 1944 acceperunt
551 1874 773 1943 modos,
802 1878 857 1927 et
884 1877 1195 1944 utcumque
1225 1873 1584 1939 exstiterunt,
1615 1877 1671 1927 et
1699 1878 1884 1927 trans-

171 1962 348 2016 ibunt
384 1961 567 2016 adhuc
607 1962 728 2027 alii,
758 1966 814 2015 et
851 1961 1148 2031 accipient,
1179 1966 1234 2015 et
1270 1967 1577 2032 utcumque
1614 1961 1880 2016 existant!

174 2052 261 2105 Tu
292 2054 483 2104 autem
523 2049 677 2104 idem
728 2050 849 2120 ipse
877 2065 967 2116 es;
999 2054 1055 2103 et
1076 2049 1269 2102 omnia
1310 2048 1559 2102 crastina
1606 2053 1775 2120 atque
1804 2050 1886 2102 ul-

177 2145 294 2206 tra,
325 2139 632 2208 omniaque
679 2138 948 2191 hesterna
978 2140 1035 2190 et
1077 2141 1229 2191 retro
1270 2136 1440 2191 hodie
1488 2137 1679 2203 facies,
1720 2138 1887 2191 hodie

177 2227 387 2282 fecisti.
419 2226 565 2291 Quid
614 2227 683 2280 ad
726 2243 837 2293 me,
869 2226 915 2280 si
963 2226 1092 2298 quis
1120 2242 1238 2280 non
1274 2226 1599 2296 intelligat?
1639 2227 1915 2281 Gaudeat

180 2320 238 2369 et
267 2316 411 2386 ipse,
441 2315 671 2370 dicens:
715 2314 862 2379 Quid
892 2319 976 2369 est
1013 2315 1159 2368 hoc?
1199 2315 1454 2369 Gaudeat
1492 2314 1662 2368 etiam
1691 2313 1799 2381 sic;
1834 2319 1891 2368 et

181 2409 337 2459 amet
382 2421 497 2458 non
550 2404 894 2458 inveniendo
950 2402 1228 2467 invenire,
1281 2402 1476 2473 potius
1519 2418 1694 2474 quam
1737 2403 1889 2457 inve-

180 2494 395 2549 niendo
422 2510 541 2548 non
571 2492 828 2547 invenire
856 2497 931 2548 te.

848 2599 1074 2653 CAPUT
1110 2599 1225 2652 VII.

504 2692 751 2757 Infantia
790 2706 997 2758 quoque
1030 2692 1265 2759 peccatis
1302 2688 1563 2744 obnorcia.

262 2782 344 2834 ll.
391 2779 626 2845 Exaudi,
661 2780 826 2833 Deus.
858 2779 955 2832 Va:
984 2778 1230 2850 peccatis
1259 2776 1588 2831 hominum!
1621 2778 1686 2830 Et
1714 2776 1888 2829 homo

184 2866 319 2921 dicit
345 2867 492 2929 huic,
535 2870 590 2919 et
626 2864 920 2919 misereris
947 2866 1102 2935 ejus;
1132 2864 1407 2935 quoniam
1435 2869 1499 2918 tu
1525 2863 1708 2918 fecisti
1734 2880 1886 2929 eum,

186 2960 240 3009 et
267 2958 567 3025 peccatum
596 2970 711 3008 non
738 2953 918 3007 fecisti
942 2954 1000 3006 in
1029 2970 1113 3007 eo.
1150 2952 1286 3017 Quis
1318 2969 1408 3007 me
1428 2955 1451 2989 ¹
1480 2957 1892 3006 commemorat

187 3048 483 3115 peccatum
514 3042 770 3097 infantia:
806 3044 989 3095 meas?
1035 3040 1315 3106 Quoniam
1365 3057 1534 3094 nemo
1579 3040 1828 3093 mundus
1860 3056 1891 3093 a

186 3137 418 3207 peccato
449 3147 641 3185 coram
662 3134 736 3196 te,
770 3146 875 3184 nec
903 3129 1089 3183 infans
1121 3129 1284 3199 cujus
1314 3133 1396 3183 est
1432 3128 1603 3182 unius
1636 3128 1750 3181 diei
1776 3128 1889 3182 vita

187 3238 360 3294 super
405 3227 618 3275 terram
671 3219 805 3289 (Job.
862 3234 997 3287 xxv,
1025 3219 1099 3288 4).
1148 3217 1282 3282 Quis
1312 3234 1403 3271 me
1443 3218 1891 3271 commemorat?

186 3316 269 3365 Au
297 3309 545 3382 quilibet
568 3308 823 3362 tantillus
846 3323 997 3361 nunc
1016 3308 1309 3377 parvulus,
1331 3306 1391 3360 in
1425 3322 1537 3377 quo
1556 3306 1717 3359 video
1739 3306 1892 3377 quod

188 3416 303 3475 noq
328 3397 571 3452 memini
601 3396 671 3450 de
720 3396 849 3449 me?
897 3396 1043 3459 Quid
1087 3410 1222 3465 ergo
1258 3398 1393 3448 tunc
1434 3394 1778 3464 peccabam?
1806 3396 1894 3447 An

187 3488 322 3560 quia
341 3486 617 3540 uberibus
639 3484 929 3538 inhiabam
952 3485 1222 3553 plorans?
1242 3484 1382 3537 Nam
1410 3482 1454 3535 si
1487 3498 1638 3536 nunc
1668 3481 1893 3549 faciam,

184 3593 303 3630 non
333 3574 570 3647 quidem
598 3573 890 3633 uberibus,
915 3573 1014 3627 sed
1038 3588 1180 3626 escas
1204 3571 1544 3642 congruenti
1568 3570 1731 3623 annis
1752 3570 1893 3623 meis

183 3666 263 3719 ita
292 3663 546 3727 inhians,
587 3661 893 3715 deridebor
928 3665 1097 3731 atque
1136 3659 1525 3730 reprehendar
1554 3658 1888 3729 justissima.

184 3755 347 3807 Tunc
374 3767 512 3821 ergo
539 3750 1009 3821 reprehendenda
1050 3749 1325 3803 faciebam
1352 3765 1363 3802 :
1397 3748 1495 3801 sed
1533 3747 1668 3818 quia
1701 3763 1894 3818 repre-

182 3840 539 3896 hendentem
568 3838 887 3907 intelligere
918 3854 1033 3890 non
1074 3842 1367 3907 poteramo,
1408 3851 1510 3889 nec
1541 3852 1664 3889 mos
1699 3852 1895 3905 repre-

182 3928 365 3984 hendi
387 3944 502 3995 me,
529 3944 633 3981 nec
661 3927 806 3980 ratio
848 3926 1086 3980 sinebat.
1119 3928 1260 3980 Nam
1293 3925 1674 3995 exstirpemus
1700 3929 1755 3979 et
1795 3923 1897 3994 eji-

183 4020 375 4073 cimus
404 4017 510 4070 ista
535 4021 869 4070 crescentes.
900 4017 1012 4069 Nec
1057 4014 1171 4068 vidi
1212 4030 1561 4084 quemquam
1602 4013 1894 4072 scientem,

186 4124 321 4162 cum
354 4104 574 4176 aliquid
602 4110 811 4176 purgat
836 4109 877 4174 ³,
908 4104 1058 4158 bona
1074 4103 1374 4174 projicere.
1398 4106 1487 4158 An
1506 4118 1611 4172 pro
1640 4106 1897 4171 tempore

186 4196 365 4251 etiam
390 4195 489 4248 illa
515 4194 667 4247 bona
696 4198 878 4261 erant,
904 4193 1096 4247 flendo
1125 4197 1320 4262 petere
1349 4191 1522 4244 etiam
1553 4190 1709 4261 quod
1730 4190 1897 4243 noxie

187 4287 447 4349 daretur,
496 4282 782 4353 indignari
830 4281 1035 4335 acriter
1076 4296 1192 4334 non
1232 4278 1496 4348 subjectis
1548 4278 1895 4344 hominibus,

187 4372 388 4429 liberis
405 4376 463 4426 et
482 4371 818 4442 majoribus,
842 4370 1044 4441 hisque
1073 4386 1106 4423 a
1135 4369 1342 4440 quibus
1365 4367 1592 4437 genitus
1623 4372 1726 4433 est,
1756 4368 1900 4421 mul-

189 4464 379 4534 tisque
407 4465 686 4531 praeterea
715 4458 1182 4530 prudentioribus
1206 4474 1323 4511 non
1355 4456 1424 4510 ad
1456 4460 1660 4509 nutum
1693 4456 1899 4509 volun-

188 4552 327 4605 tatis
361 4546 920 4618 obtemperantibus;
955 4546 1209 4599 feriendo
1248 4560 1452 4598 nocere
1482 4543 1588 4597 niti
1620 4548 1899 4613 quantum

188 4643 408 4711 potest,
438 4637 572 4709 quia
600 4653 713 4690 non
744 4635 1012 4690 obeditur
1051 4633 1309 4703 imperiis
1339 4632 1546 4703 quibus
1584 4631 1899 4702 perniciose

190 4727 565 4783 obediretur?
594 4726 676 4778 Ita
705 4723 1063 4777 imbecillitas
1112 4721 1502 4775 membrorum
1554 4720 1901 4774 infantilium

190 4818 469 4872 innocens
510 4817 611 4876 est,
656 4829 773 4866 non
811 4812 1035 4865 animus
1077 4808 1400 4863 infantium.
1430 4809 1555 4862 Vidi
1583 4825 1687 4879 ego
1722 4812 1778 4862 et
1807 4824 1900 4861 ex-

250 4937 269 4969 ¹
308 4935 459 4989 Lov.,
480 4943 554 4980 an
584 4930 718 4982 anni
750 4930 847 4981 tui.
878 4930 1038 4979 Abest
1056 4932 1233 4977 tamen
1251 4941 1319 4977 an
1350 4942 1379 4976 a
1399 4928 1592 4976 nostris
1616 4929 1738 4976 Mss.
1770 4931 1820 4976 et
1837 4928 1901 4977 ab

190 4997 308 5046 aliis
344 4995 508 5059 pleris
549 5008 612 5042 ue
642 4994 772 5041 Edd.
791 4992 1056 5041 -—Eodem
1070 4991 1186 5039 loco
1199 4990 1585 5039 Somm.llond.
1604 4992 1900 5039 cumBMss.

190 5060 405 5120 legunt:
437 5006 709 5120 De%cient.
731 5056 799 5120 M.
856 5118 862 5120 Α
1415 5116 1423 5120 Α
1454 5115 1487 5120 _
1545 5113 1558 5120 _
1609 5113 1619 5120 .
1760 5114 1823 5120 A_

190 5056 405 5122 legunt:
437 5056 709 5120 Deﬁcient.
731 5056 799 5105 M.

208 5186 219 5187 γ
251 5123 426 5187 Πίον.
441 5123 495 5167 et
509 5118 722 5169 Arnald.
743 5133 753 5166 :
768 5118 892 5177 Quis
904 5115 1033 5187 mihi
1046 5116 1441 5187 commemorat.
1454 5113 1579 5187 Dad.
1596 5113 1716 5187 Am;
1724 5118 1775 5162 et
1785 5114 1869 5163 Er.
1887 5128 1899 5162 :

190 5184 314 5247 Quis
339 5194 554 5247 mecum
572 5183 979 5247 commemorat,-
998 5178 1088 5227 sed
1104 5191 1227 5247 vera
1240 5178 1391 5247 lectio
1404 5181 1653 5247 estquam
1668 5177 1789 5247 Mss.
1805 5190 1903 5247 ope

191 5238 543 5305 restituimus,
562 5243 715 5307 juxta
731 5256 883 5307 quem
902 5240 1154 5307 loquendi
1185 5240 1401 5307 modum
1422 5239 1472 5307 in
1494 5238 1628 5286 libro
1651 5240 1715 5307 fle
1734 5238 1901 5301 Magi-

194 5315 323 5365 stro,
355 5321 473 5369 cap.
505 5300 713 5369 l','dicit_
734 5300 1090 5369 Augustinus;
1125 5306 1268 5369 D‘uas
1287 5302 1405 5362 jam
1439 5300 1685 5363 loquendi
1714 5300 1905 5369 causas

194 5363 456 5419 constituo
470 5384 489 5423 ,·
500 5363 593 5418 aut
610 5372 669 5416 ut
680 5363 978 5423 doceamus,
997 5366 1093 5414 aut
1109 5367 1173 5414 ut
1185 5376 1440 5414 commem
1450 5374 1670 5413 oremus
1685 5363 1907 5414 velalios

196 5434 280 5483 vel
310 5433 688 5494 nosmetipsos.

257 5497 277 5529 ³
300 5493 456 5555 Angl.
490 5486 633 5551 Mes,
654 5489 1101 5552 purgabat—Ita
1131 5488 1301 5537 Rond.
1333 5502 1451 5537 cum
1475 5489 1502 5536 8
1533 5486 1661 5542 Cdd,
1695 5488 1762 5534 Μ.

1674 247 1887 308 LIBER
1927 251 2210 308 PRIMUS.
3592 259 3694 311 666

1989 379 2184 444 pertus
2205 390 2332 427 sum
2363 374 2641 427 zelantem
2672 374 3009 443 parvulum:
3043 376 3300 429 nondum
3323 376 3690 447 loquebatur,

1991 467 2045 517 et
2092 462 2421 516 intuebatur
2470 462 2712 528 pallidus
2753 478 2947 515 amaro
2997 467 3227 532 aspectu
3287 465 3695 520 collacteneum

1990 567 2178 605 suum.
2215 549 2352 614 Quis
2383 551 2490 604 hoc
2519 550 2783 619 ignorat?
2833 550 3066 621 Expiare
3112 569 3168 605 se
3210 552 3403 606 dicunt
3435 554 3539 607 ista
3569 570 3695 607 ma-

1989 647 2105 693 tres
2132 644 2301 710 atque
2332 639 2576 693 nutrices
2607 638 2797 692 nescio
2839 641 3047 709 quibus
3088 640 3373 695 remediis.
3403 640 3518 694 Nisi
3560 658 3690 694 vero

1990 732 2046 781 et
2066 727 2173 781 ista
2201 727 2527 781 innocentia
2557 733 2658 794 est,
2691 728 2750 780 in
2775 728 2931 781 fonte
2964 728 3120 782 lactis
3149 729 3395 783 ubertim
3428 734 3693 783 manante

1991 820 2161 886 atque
2207 815 2554 881 abundante,
2606 816 2731 885 opis
2773 816 3226 885 egentissimum,
3279 822 3335 870 et
3374 818 3474 871 illo
3507 818 3694 871 adhuc

1989 922 2104 958 uno
2151 904 2422 958 alimento
2450 904 2622 957 vitam
2667 904 2988 965 ducentem,
3035 910 3359 959 consortem
3394 923 3509 959 non
3550 906 3692 976 pati.

1990 993 2099 1048 Sed
2124 993 2332 1047 blande
2367 993 2685 1046 tolerantur
2713 992 2852 1058 haec,
2888 1009 3005 1046 non
3037 994 3171 1064 quia
3202 994 3361 1047 nulla
3385 995 3467 1047 vel
3503 1011 3693 1064 parva,

1991 1082 2085 1135 sed
2114 1081 2250 1152 quia
2278 1080 2457 1134 aetatis
2482 1097 2718 1134 accensa
2749 1082 3002 1150 peritura
3032 1087 3183 1136 sunt.
3220 1082 3377 1146 Quod
3415 1083 3541 1135 licet
3570 1099 3698 1153 pro-

1990 1171 2108 1237 bes,
2139 1186 2268 1223 cum
2295 1171 2312 1207 ί
2344 1170 2480 1223 ferri
2511 1186 2676 1239 aequo
2696 1169 2889 1221 animo
2912 1170 3111 1222 eadem
3143 1170 3264 1240 ipsa
3294 1186 3407 1223 non
3438 1176 3692 1239 possunt,

1990 1261 2218 1329 quando
2246 1258 2307 1310 in
2333 1259 2525 1328 aliquo
2556 1258 2858 1310 annosiore
2890 1258 3416 1327 deprehenduntur.

2067 1350 2148 1400 l2.
2181 1348 2264 1400 Tu
2296 1344 2509 1416 itaque,
2544 1344 2782 1398 Domine
2828 1346 2974 1398 Deus
3016 1362 3196 1406 meus,
3229 1346 3331 1416 qui
3381 1347 3585 1401 dedisti
3613 1346 3696 1399 vi-

1991 1439 2109 1489 tam
2134 1434 2357 1501 infanti,
2389 1438 2446 1488 et
2475 1450 2701 1505 corpus,
2727 1435 2880 1505 quod
2907 1434 2985 1487 ita
3007 1439 3070 1487 ut
3099 1434 3355 1487 videmus
3379 1435 3699 1488 instruxisti

1993 1522 2272 1588 sensibus,
2309 1522 2648 1593 compegisti
2678 1522 2975 1587 membris,
3013 1522 3197 1591 ﬁgura
3231 1523 3531 1588 decorasti,
3564 1538 3697 1592 pro-

1993 1628 2103 1683 que
2134 1612 2257 1680 ejus
2278 1611 2644 1665 universitate
2680 1615 2853 1681 atque
2883 1610 3271 1664 incolumitate
3303 1627 3501 1664 omnes
3532 1626 3701 1663 cona-

1997 1705 2085 1754 tus
2110 1699 2422 1752 animantis
2448 1698 2749 1751 insinuasti
2775 1716 2788 1763 ;
2814 1699 2981 1768 jubes
3027 1714 3116 1751 me
3150 1698 3381 1751 laudare
3411 1704 3463 1751 te
3494 1698 3553 1751 in
3580 1698 3701 1751 istis

1995 1793 2052 1842 et
2088 1786 2349 1841 conﬁteri
2396 1786 2522 1851 tibi,
2573 1790 2629 1839 et
2670 1787 2912 1855 psallere
2960 1785 3181 1839 nomini
3237 1790 3360 1853 tuo,
3419 1786 3700 1839 Altissime

1998 1876 2165 1947 (Psal.
2220 1891 2325 1939 xcr,
2358 1876 2414 1942 2)
2451 1890 2462 1927 :
2496 1874 2631 1944 quia
2662 1875 2812 1926 Deus
2851 1890 2910 1926 es
2959 1872 3324 1943 omnipotens
3383 1878 3438 1926 ct
3490 1873 3697 1938 bonus,

1997 1964 2222 2019 etiamsi
2250 1965 2367 2017 sola
2415 1962 2522 2016 ista
2552 1962 2797 2027 fecisses,
2855 1978 2984 2033 quae
3037 1978 3207 2015 nemo
3240 1963 3383 2015 alius
3412 1966 3595 2032 potest
3625 1962 3701 2015 fa-

1998 2070 2145 2119 cere,
2178 2052 2287 2106 nisi
2318 2057 2401 2117 tu,
2438 2067 2571 2117 une,
2604 2068 2635 2103 a
2665 2067 2779 2121 quo
2813 2056 2896 2103 est
2926 2050 3112 2104 omnis
3145 2050 3348 2104 modus
3378 2070 3392 2115 ;
3422 2050 3704 2103 formosis-

1999 2144 2159 2207 sime,
2189 2141 2287 2213 qui
2315 2141 2526 2194 formas
2558 2140 2772 2203 omnia,
2822 2143 2877 2192 et
2925 2140 3047 2209 lege
3076 2143 3174 2192 tua
3219 2138 3451 2191 ordinas
3482 2138 3696 2193 omnia.

2004 2233 2157 2285 Hanc
2188 2246 2323 2300 ergo
2351 2233 2598 2287 aetatem,
2653 2227 2915 2291 Domine,
2955 2243 3131 2297 quam
3187 2242 3279 2280 me
3309 2226 3512 2280 vixisse
3542 2225 3565 2257 ²
3590 2242 3704 2279 non

1999 2318 2259 2383 memini,
2292 2318 2360 2372 de
2408 2333 2522 2387 qua
2572 2316 2697 2369 aliis
2724 2314 2963 2379 credidi,
2997 2320 3053 2368 et
3083 2330 3255 2385 quam
3288 2330 3378 2371 me
3422 2314 3603 2384 egisse
3635 2330 3703 2367 ex

2002 2409 2123 2463 aliis
2150 2406 2465 2461 infantibus
2519 2404 2761 2474 conjeci,
2800 2420 3132 2473 quanquam
3164 2403 3270 2456 ista
3315 2404 3560 2456 multum
3592 2402 3703 2456 tida

2001 2498 2325 2567 conjectura
2355 2495 2445 2561 sit,
2474 2493 2633 2564 piget
2674 2509 2764 2546 me
2796 2508 3175 2546 annumerare
3216 2491 3349 2545 huic
3379 2492 3508 2545 vitae
3539 2507 3702 2551 mem,

2002 2601 2175 2658 quam
2201 2583 2326 2637 vivo
2362 2582 2420 2635 in
2470 2583 2578 2635 hoc
2634 2581 2864 2636 szeculo.
2898 2580 3186 2644 Quantum
3219 2579 3377 2633 enim
3410 2579 3611 2632 attinet
3638 2578 3709 2631 ad

2001 2671 2302 2727 oblivionis
2332 2686 2471 2723 mea:
2499 2669 2783 2733 tenebras,
2815 2683 2920 2737 par
2940 2667 3026 2721 illi
3057 2670 3141 2721 est
3168 2682 3341 2736 quam
3369 2665 3481 2718 vixi
3511 2666 3569 2718 in
3593 2682 3709 2718 ma-

2000 2762 2103 2817 tris
2136 2765 2317 2814 utero.
2347 2757 2508 2821 Quod
2525 2757 2572 2809 si
2601 2760 2657 2809 et
2685 2761 2704 2791 ³
2731 2756 2793 2809 in
2821 2755 3126 2826 iniquitate
3154 2758 3462 2823 conceptus
3479 2769 3626 2816 sum,
3652 2758 3709 2807 et

2001 2848 2062 2901 in
2089 2846 2334 2918 peccatis
2365 2861 2454 2898 me
2487 2849 2671 2897 mater
2701 2859 2829 2896 mea
2874 2843 2936 2895 in
2966 2848 3128 2896 utero
3170 2841 3312 2895 aluit
3341 2842 3501 2911 (Psal.
3536 2857 3586 2905 1.,
3616 2844 3703 2909 '7);

2003 2937 2120 3002 ubi,
2151 2952 2251 2988 oro
2282 2938 2359 3000 te,
2394 2935 2539 2987 Deus
2563 2948 2741 2999 meus,
2764 2932 2883 2997 ubi,
2918 2930 3178 2995 Domine,
3203 2946 3308 2999 ego
3338 2945 3531 2982 servus
3554 2932 3705 2993 tuus,

2004 3024 2101 3078 ubi
2152 3028 2252 3077 aut
2298 3022 2525 3093 quando
2557 3021 2830 3073 innocens
2860 3020 2990 3072 fui?
3013 3018 3119 3073 Sed
3167 3034 3295 3071 ecce
3336 3017 3537 3071 omitto
3568 3016 3709 3071 illud

2001 3119 2226 3182 tempus
2257 3128 2271 3165 :
2307 3115 2364 3164 et
2392 3110 2528 3179 quid
2553 3109 2693 3163 mihi
2714 3110 2836 3179 jam
2858 3124 2990 3162 cum
3016 3123 3082 3161 eo
3110 3111 3212 3174 est,
3244 3107 3408 3178 cujus
3441 3106 3598 3159 nulla
3628 3120 3714 3160 ve-

2004 3200 2175 3271 stigia
2207 3199 2397 3253 recolo
2420 3200 2449 3252 ?

2654 3286 2881 3341 CAPUT
2914 3286 3056 3340 VIII.

2463 3375 2611 3430 Unde
2636 3390 2772 3444 puer
2801 3376 2951 3443 loqui
2978 3374 3251 3427 didicerit.

2080 3470 2163 3521 13.
2207 3467 2409 3520 Nonne
2437 3466 2508 3519 ab
2538 3464 2777 3517 infantia
2814 3464 2925 3516 huc
2963 3478 3209 3533 pergens
3248 3462 3377 3515 veni
3411 3461 3469 3515 in
3508 3461 3713 3531 pueri-

2005 3556 2177 3621 tiam;
2204 3556 2289 3609 vel
2320 3554 2511 3624 potius
2550 3552 2671 3623 ipsa
2703 3552 2763 3605 in
2795 3568 2884 3605 me
2914 3551 3088 3617 venit,
3131 3555 3185 3603 et
3222 3551 3489 3603 successit
3526 3550 3710 3602 infan-

2005 3645 2131 3711 tire;
2165 3645 2276 3698 Nec
2306 3641 2561 3696 discessit
2590 3642 2719 3695 illa:
2754 3657 2867 3711 quo
2899 3639 3055 3693 enim
3084 3639 3260 3692 abiit?
3292 3643 3348 3691 et
3378 3643 3567 3691 tamen
3590 3638 3709 3707 jam

2006 3748 2124 3786 non
2144 3735 2281 3785 erat.
2306 3731 2433 3784 Non
2460 3728 2613 3782 enim
2633 3745 2790 3782 eram
2818 3727 3007 3780 infans
3035 3727 3134 3797 qui
3156 3742 3269 3780 non
3290 3726 3457 3790 farer,
3478 3725 3571 3779 sed
3589 3726 3709 3794 jam

2006 3837 2151 3893 puer
2180 3820 2421 3889 loquens
2450 3834 2625 3872 eram.
2658 3819 2720 3871 Et
2750 3816 2989 3871 memini
3018 3816 3151 3882 hoc;
3185 3819 3242 3869 et
3271 3814 3423 3868 unde
3445 3814 3600 3885 loqui
3626 3815 3711 3868 di-

2009 3910 2244 3966 dicerim
2268 3912 2397 3979 post
2426 3907 2657 3961 adverti.
2690 3907 2815 3959 Non
2856 3906 3011 3959 enim
3040 3904 3317 3959 docebant
3347 3919 3437 3957 me
3469 3900 3713 3972 majores

2007 3999 2270 4053 homines
2317 3996 2635 4066 praahentes
2665 3994 2807 4048 mihi
2855 3995 3028 4047 verba
3074 3998 3229 4048 certo
3278 3994 3470 4063 aliquo
3515 3993 3714 4046 ordine

2011 4086 2308 4152 doctrinae,
2340 4085 2484 4138 sicut
2510 4085 2679 4154 paulo
2698 4088 2826 4153 post
2846 4083 3091 4136 litteras:
3118 4082 3214 4135 sed
3245 4098 3351 4151 ego
3383 4081 3503 4150 ipse
3527 4084 3715 4133 mente

2008 4194 2179 4247 quam
2214 4174 2413 4229 dedisti
2448 4173 2609 4236 mihi,
2646 4175 2792 4226 Deus
2820 4188 3002 4236 meus,
3037 4187 3163 4224 cum
3197 4170 3504 4240 gemitibus
3530 4175 3587 4222 et
3617 4185 3714 4220 vo-

2009 4264 2167 4317 cibus
2196 4262 2385 4326 variis,
2420 4266 2477 4313 et
2505 4260 2676 4313 variis
2704 4260 3094 4313 membrorum
3126 4257 3369 4310 motibus
3400 4256 3567 4309 edere
3597 4256 3713 4308 vel-

2009 4355 2124 4408 lem
2157 4367 2321 4405 sensa
2347 4350 2533 4403 cordis
2565 4348 2677 4402 mei
2710 4353 2769 4401 ut
2806 4346 3081 4402 voluntati
3119 4350 3435 4416 pareretur,
3477 4359 3579 4397 nec
3620 4359 3716 4397 va-

2008 4442 2184 4494 lerem
2215 4455 2343 4511 qum
2365 4439 2623 4491 volebam
2643 4438 2856 4503 omnia,
2881 4452 2985 4490 nec
3010 4435 3216 4505 quibus
3242 4432 3503 4486 volebam
3526 4432 3715 4485 omni-

2009 4530 2135 4595 bus,
2175 4528 2575 4600 prresonabam
2613 4526 2888 4580 memoria
2926 4530 2978 4591 ‘;
3023 4539 3154 4577 cum
3200 4522 3307 4592 ipsi
3349 4521 3718 4592 appellabant

2010 4634 2133 4672 rem
2154 4616 2428 4688 aliquam,
2456 4620 2513 4669 et
2536 4631 2669 4669 cum
2694 4613 3007 4668 secundum
3030 4627 3154 4664 eam
3185 4626 3381 4665 vocem
3409 4626 3615 4680 corpus
3644 4611 3717 4664 ad

2076 4743 2091 4775 ί
2115 4742 2192 4789 Ita
2211 4739 2263 4787 in
2287 4740 2407 4787 Mss.
2426 4742 2477 4787 et
2497 4742 2653 4787 recte.
2682 4736 2807 4785 Vult
2829 4733 3082 4782 nimirum
3111 4732 3439 4796 Augustinus
3460 4746 3612 4796 posse
3638 4733 3717 4781 vel

2012 4818 2076 4853 ex
2100 4817 2173 4873 _eo
2190 4802 2417 4873 probari.
2441 4801 2580 4873 quod
2591 4800 2693 4873 illa
2714 4811 2831 4860 qua:
2854 4796 3151 4873 infantibus.
3168 4795 3406 4873 benigne,
3424 4795 3721 4873 tolerantur

2011 4865 2148 4914 mala
2180 4858 2303 4921 sint,
2330 4858 2518 4926 quiain
2539 4866 2691 4926 aetate
2712 4858 3349 4926 provect_i()_r_ib_ustolerari
3371 4871 3523 4926 aequo
3542 4859 3718 4926 animo

2013 4942 2121 4977 non
2148 4920 2387 4990 possunt.
2411 4925 2656 4973 Mendose
2679 4920 2802 4985 ergo
2824 4922 2878 4969 in
2904 4920 3034 4969 Edd.
3061 4920 3277 4983 legitur:
3298 4920 3444 4979 Quod
3459 4921 3718 4981 licetpro-

2013 4992 2117 5047 bes,
2148 4988 2326 5039 tamen
2340 4988 2506 5047 ferri.

2076 5043 2196 5100 2Er.
2220 5043 2382 5112 Lugd.
2400 5049 2531 5097 Ven.
2547 5048 2670 5095 Lov.
2686 5045 2938 5112 Sommal.
2958 5044 3127 5093 Rond.
3147 5058 3267 5112 cum
3287 5047 3344 5112 l0
3360 5045 3479 5092 Mss.
3497 5050 3548 5112 et
3568 5043 3716 5112 Mart.

2014 5128 2134 5163 eum
2148 5104 2476 5162 tribusTMss.:
2503 5114 2616 5166 Qua
2634 5122 2718 5159 me
2734 5109 2930 5159 vixisse
2949 5120 3056 5155 non
3076 5110 3294 5156 memini
3310 5122 3321 5166 ;
3340 5112 3391 5154 et
3403 5104 3558 5167 paulo
3571 5108 3715 5167 post:

2014 5180 2128 5237 Qua
2158 5177 2341 5225 vivo...
2376 5186 2477 5235 qua
2506 5174 2633 5237 vixi.
2656 5173 2722 5219 M.

2076 5240 2096 5273 3
2127 5232 2412 5293 Omittitur,
2443 5238 2483 5281 si
2504 5236 2565 5292 et,
2598 5234 2651 5282 in
2681 5233 2803 5281 edit.
2830 5232 3161 5280 Lovaniensi.

2076 5302 2097 5335 ὀ
2128 5300 2249 5347 Lov.
2269 5313 2279 5344 :
2300 5287 2622 5345 PreaSubam
2636 5295 2909 5345 memoria.
2927 5295 3049 5342 Bad.
3074 5297 3188 5341 Am.
3203 5293 3287 5339 Er.
3302 5287 3577 5339 etArnald.
3595 5302 3716 5337 cum

2015 5360 2288 5409 nonnullis
2319 5359 2470 5407 Mss.:
2494 5359 2781 5408 I’ensabam
2812 5356 3090 5406 memoria.
3118 5354 3300 5403 Melior
3332 5353 3440 5399 visa
3462 5356 3540 5398 est
3561 5350 3715 5398 lectio

2016 5423 2314 5533 Mss.bCorb.
2340 5422 2536 5469 Fossat.
2559 5420 2841 5469 etaliorum
2864 5419 3075 5481 Optimae
3102 5421 3239 5464 notae
3256 5413 3555 5475 quihabent
3576 5425 3715 5473 prm-

2016 5498 2138 5533 sona
2173 5497 2278 5533 am.

2015 5497 2278 5534 sonaoam.
