4028 6174
357 279 361 288 .
405 236 510 287 667

393 356 610 427 aliquid
656 357 982 423 movebant,
1029 356 1292 411 videbam
1342 361 1398 411 et
1445 357 1712 413 tenebam
1761 357 1866 410 hoc
1897 356 1967 409 ab
2019 356 2098 410 eis

387 445 578 500 vocari
608 461 730 500 rem
774 446 951 513 illam,
995 446 1151 518 quod
1197 446 1496 508 sonabant,
1541 463 1673 500 cum
1721 462 1849 500 eam
1881 445 2098 500 vellent

393 535 707 590 ostendere.
744 537 857 589 Hoc
877 540 1069 590 autem
1100 552 1195 589 eos
1226 536 1370 589 velle
1401 551 1468 589 ex
1499 539 1659 588 motu
1685 534 1940 604 corporis
1965 550 2101 604 ape-

392 624 665 690 riebatur,
716 629 991 695 tanquam
1033 625 1220 678 verbis
1261 624 1616 677 naturalibus
1651 623 1910 677 omnium
1961 639 2099 692 gen-

391 715 554 781 tium,
588 729 717 784 quae
749 713 897 768 ﬁunt
926 715 1083 767 vultu
1116 718 1170 767 et
1199 718 1344 767 nutu
1372 713 1691 778 oculorum,
1725 716 2095 766 casterorum-

393 819 504 874 que
529 802 921 856 membrorum
951 809 1100 869 actu,
1141 807 1198 857 et
1232 802 1424 856 sonitu
1449 801 1600 855 vocis
1640 801 1926 855 indicante
1961 801 2104 855 aﬂ‘e-

392 892 637 946 ctionem
669 891 867 957 animi,
901 892 958 945 in
988 892 1268 961 petendis,
1310 891 1606 954 habendis,
1640 891 1985 961 rejiciendis,
2019 890 2104 944 fu-

394 981 684 1051 giendisve
724 981 910 1035 rebus.
969 982 1051 1034 Ita
1082 982 1254 1035 verba
1295 979 1357 1034 in
1385 981 1554 1034 variis
1597 980 1916 1048 sententiis,
1967 979 2104 1032 locis

395 1070 512 1123 suis
555 1070 758 1140 posita,
809 1075 866 1124 et
917 1071 1111 1124 crebro
1157 1070 1372 1138 audita,
1421 1086 1666 1140 quarum
1707 1085 1898 1122 rerum
1941 1068 2103 1138 signa

394 1163 602 1226 essent,
636 1159 911 1230 paulatim
944 1160 1306 1230 colligebam,
1339 1175 1611 1228 measque
1636 1159 1757 1228 jam
1784 1159 2103 1211 voluntates

395 1247 645 1301 edomito
674 1247 733 1300 in
763 1249 844 1302 eis
893 1248 1069 1318 signis
1100 1264 1218 1314 ore,
1272 1263 1376 1317 per
1404 1247 1526 1300 hec
1572 1245 1959 1300 enuntiabam.
2009 1245 2099 1299 Sic

395 1353 527 1391 cum
556 1336 646 1391 his
668 1336 819 1390 inter
849 1353 992 1406 quos
1023 1351 1199 1401 eram,
1233 1336 1593 1388 voluntatum
1624 1334 2104 1388 euuntiandarum

394 1424 558 1493 signa
587 1423 1024 1492 communicavi,
1047 1429 1104 1476 et
1132 1422 1262 1478 vita:
1292 1423 1563 1477 humanae
1602 1424 1979 1492 procellosam
2011 1439 2102 1476 so-

397 1511 661 1565 cietatem
693 1512 860 1565 altius
885 1512 1178 1581 ingressus
1220 1528 1367 1578 sum,
1406 1512 1664 1582 pendens
1693 1528 1760 1566 ex
1802 1516 2102 1582 parentum

394 1600 750 1668 auctoritate,
771 1605 1032 1671 nutuque
1060 1602 1340 1670 majorum
1369 1601 1690 1655 hominum.

1075 1691 1299 1744 CAPUT
1341 1691 1426 1744 IX.

399 1778 602 1835 Odium
640 1778 966 1844 litterarum,
1007 1794 1158 1832 amor
1196 1781 1372 1839 lusus.
1415 1783 1465 1832 et
1504 1777 1811 1847 vapulandi
1850 1781 2010 1833 timor
2046 1781 2102 1833 in

1138 1870 1324 1938 pueris
1339 1909 1350 1923 .

471 1957 555 2010 14.
599 1957 768 2023 Deus,
815 1957 964 2010 Deus
1004 1972 1182 2021 meus,
1234 1974 1374 2027 quas
1414 1956 1491 2010 ibi
1533 1954 1792 2011 miserias
1839 1961 2104 2025 expertus

395 2060 523 2099 sum
555 2049 610 2099 et
649 2045 1092 2101 ludificationesl
1128 2046 1595 2116 quandoquidem
1633 2049 1782 2099 recte
1829 2044 1972 2098 mihi
2018 2044 2100 2098 vi-

392 2150 524 2188 vere
562 2150 741 2204 puero
781 2133 840 2188 id
878 2135 1327 2204 proponebatur,
1378 2134 1772 2204 obtemperare
1815 2133 2104 2188 monenti-

395 2222 524 2288 bus,
556 2222 702 2276 utin
731 2223 840 2276 hoc
868 2223 1074 2275 saaculo
1113 2223 1398 2290 tlorerem,
1424 2227 1479 2275 et
1507 2223 1838 2276 excellerem
1878 2222 2102 2292 linguo-

399 2310 475 2364 sis
507 2311 742 2377 artibus,
775 2311 848 2364 ad
894 2313 1177 2364 honorem
1223 2311 1523 2365 hominum
1571 2315 1626 2364 et
1656 2311 1824 2364 falsas
1879 2310 2102 2365 divitias

398 2398 831 2454 famnlantibus.
866 2399 1002 2452 Inde
1031 2399 1091 2452 in
1125 2400 1379 2453 scholam
1412 2399 1577 2453 datus
1597 2415 1721 2452 sum
1743 2405 1804 2453 ut
1823 2399 2099 2453 discerem

405 2487 642 2549 litteras,
667 2487 726 2540 in
757 2487 964 2558 quibus
994 2487 1129 2558 quid
1159 2487 1422 2541 utilitatis
1451 2493 1598 2541 esset
1625 2487 1962 2557 ignorabam
1995 2488 2100 2542 mi—

397 2593 507 2644 ser,
541 2581 600 2631 et
627 2581 820 2630 tamen
838 2575 883 2629 si
916 2576 1104 2647 segnis
1125 2576 1182 2629 in
1214 2577 1480 2630 discendo
1513 2592 1714 2642 essem,
1738 2577 2096 2647 vapulabam.

397 2665 758 2720 Laudabatur
789 2664 945 2718 enim
976 2665 1082 2718 hoc
1113 2680 1146 2717 a
1174 2664 1513 2734 majoribus,
1545 2669 1601 2717 et
1626 2663 1793 2717 multi
1837 2668 1968 2718 ante
2000 2681 2101 2718 nos

394 2754 572 2808 vitam
601 2754 769 2808 istam
791 2759 1043 2824 agentes,
1086 2759 1537 2824 praestruxerant
1583 2769 1936 2807 aerumnosas
1959 2753 2100 2821 vias,

393 2860 498 2915 per
538 2860 678 2914 quas
716 2843 955 2896 transire
995 2841 1361 2913 Cogebamur,
1403 2842 1779 2913 multiplicato
1817 2842 2009 2896 labore
2048 2846 2104 2896 et

397 2932 592 2988 dolore
623 2932 756 2986 ﬁliis
779 2932 980 2986 Adam.
1009 2932 1335 2986 Invenimus
1363 2936 1579 2997 autem,
1621 2933 1882 2999 Domine,
1916 2931 2100 2986 homi-

397 3039 499 3077 nes
526 3025 791 3092 rogantes
820 3025 908 3088 te;
939 3025 995 3074 et
1023 3020 1326 3074 didicimus
1357 3020 1425 3074 ab
1453 3020 1552 3084 eis,
1577 3020 1883 3074 sentientes
1924 3025 2000 3084 te,
2037 3025 2104 3075 ut

397 3116 745 3182 poteramus,
779 3127 900 3164 esse
932 3126 1208 3181 magnum
1239 3110 1510 3180 aliquem,
1547 3110 1646 3181 qui
1676 3127 1892 3180 posses,
1928 3109 2103 3164 etiam

394 3215 514 3253 non
545 3214 826 3269 apparens
869 3199 1126 3252 sensibus
1166 3198 1390 3263 nostris,
1429 3197 1696 3251 exaudire
1727 3214 1838 3267 “nos
1877 3203 1932 3252 et
1969 3199 2102 3252 sub-

396 3287 590 3342 venire
619 3286 803 3340 nobis.
841 3287 978 3340 Nam
1006 3302 1149 3356 puer
1187 3286 1331 3356 coepi
1359 3301 1564 3356 rogare
1597 3291 1674 3352 te,
1717 3286 1996 3340 auxilium
2045 3292 2103 3342 et
2182 3326 2196 3337 .

397 3375 684 3446 refugium
715 3391 940 3436 meum;
971 3378 1028 3428 et
1054 3374 1114 3428 in
1135 3379 1294 3428 tuam
1324 3375 1741 3428 invocationem
1762 3376 2102 3446 rumpebam

395 3465 574 3520 nodos
607 3453 827 3535 linguae.
850 3479 1027 3530 meae;
1059 3467 1114 3517 et
1137 3463 1411 3533 rogabam
1442 3469 1497 3516 te
1525 3480 1748 3534 parvus,
1784 3481 1902 3517 non
1928 3481 2101 3534 parvo

397 3555 621 3618 ati‘ectu,
681 3570 752 3608 ne
796 3554 855 3607 in
913 3553 1104 3608 schola
1155 3555 1508 3624 vapularem.
1571 3555 1634 3607 Et
1691 3570 1820 3610 cum
1862 3570 1952 3608 me
1986 3570 2101 3607 non

400 3643 762 3710 exaudiebas,
831 3643 982 3714 quod
1040 3659 1155 3696 non
1210 3646 1329 3696 erat
1387 3643 1459 3696 ad
1514 3641 1904 3712 insipientiam
1959 3642 2103 3696 mihi

400 3734 561 3801 (Psal.
621 3749 734 3800 χχι,
796 3732 875 3802 3).
935 3731 1271 3785 ridebantur
1309 3747 1343 3784 a
1386 3731 1696 3800 majoribus
1750 3731 2099 3799 hominibus,

401 3835 580 3889 usque
613 3820 682 3873 ab
709 3819 846 3889 ipsis
877 3819 1232 3889 parentibus,
1263 3819 1364 3890 qui
1386 3819 1528 3873 mihi
1557 3819 1812 3872 accidere
1842 3819 1979 3872 mali
2009 3819 2101 3872 ni-

397 3905 481 3960 hil
507 3907 788 3970 volebant,
821 3909 1006 3977 plagae
1037 3923 1201 3974 meae,
1235 3923 1508 3977 magnum
1539 3912 1674 3960 tunc
1702 3912 1756 3961 et
1779 3923 1950 3976 grave
1980 3924 2099 3960 ma-

399 3995 519 4048 lum
542 4011 754 4048 meum.

472 4088 555 4139 15.
601 4085 768 4138 Estne
800 4083 1126 4154 quisquam,
1152 4082 1552 4150 Domine,tam
1581 4099 1822 4154 magnus
1850 4083 2100 4152 animus,

396 4171 722 4243 praegrandi
753 4170 955 4224 affectu
980 4169 1085 4224 tibi
1101 4165 1426 4224 cohaerens?
1447 4174 1624 4235 estne,
1658 4171 1914 4241 inquam,
1945 4171 2102 4242 quis-

399 4263 614 4333 quam?
639 4260 772 4315 facit
819 4260 974 4314 enim
1004 4259 1110 4312 hoc
1139 4259 1404 4330 quaedam
1460 4258 1632 4313 etiam
1680 4259 1987 4314 stoliditas:
2017 4265 2103 4315 est

394 4365 550 4420 ergo,
576 4349 675 4420 qui
706 4348 808 4403 tibi
835 4349 924 4420 pie
955 4348 1292 4402 cohaerendo
1319 4349 1396 4402 ita
1428 4347 1500 4402 sit
1532 4348 1762 4402 affectus
1787 4349 2098 4418 granditer,

394 4444 460 4493 ut
488 4439 762 4509 equuleos
791 4443 848 4492 et
876 4439 1137 4509 ungulas,
1173 4442 1345 4508 atque
1374 4437 1770 4507 hujuscemodi
1795 4438 1952 4492 varia
1984 4445 2098 4493 tor-

396 4533 609 4593 menta,
641 4544 745 4597 pro
777 4526 988 4598 quibus
1028 4525 1368 4597 etfugiendis
1398 4525 1502 4579 tibi
1539 4542 1644 4596 per
1664 4526 1954 4580 universas
1979 4531 2100 4582 ter-

396 4631 488 4668 ras
510 4631 638 4668 cum
669 4615 870 4670 timore
896 4631 1105 4686 magno
1136 4613 1506 4685 supplicatur,
1539 4614 1618 4667 ita
1648 4614 1806 4685 parvi
1835 4616 2098 4686 aestimet,

401 4702 665 4757 deridens
686 4704 705 4738 ί
727 4720 822 4757 eos
855 4705 952 4774 qui
985 4706 1107 4758 haec
1138 4703 1499 4758 acerbissime
1530 4702 1862 4773 formidant,
1894 4721 2100 4776 quem-

399 4791 708 4845 admodum
751 4798 1014 4862 parentes
1064 4793 1246 4847 nostri
1288 4791 1554 4846 ridebant
1581 4796 1867 4846 tormenta
1896 4795 2102 4865 quibus

398 4879 565 4951 pueri
596 4895 629 4931 a
650 4879 938 4948 magistris
979 4879 1416 4951 aftligebamur?
1456 4880 1581 4933 Non
1610 4878 1765 4932 enim
1791 4885 1887 4932 aut
1914 4881 2103 4936 minus

399 4985 465 5023 ea
491 4967 910 5036 metuebamus,
941 4972 1038 5022 aut
1063 4968 1254 5021 minus
1281 4973 1336 5022 te
1361 4969 1428 5022 de
1457 4967 1546 5022 his
1576 4968 1878 5022 evadendis
1909 4970 2103 5041 depre-

397 5057 704 5112 cabamur:
755 5059 811 5109 et
863 5056 1234 5125 peccabamus
1300 5061 1494 5110 tamen
1533 5057 1725 5110 minus
1783 5059 2101 5125 scribendo,

399 5151 496 5202 aut
524 5145 787 5216 legendo,
821 5148 919 5197 aut
947 5143 1247 5213 cogitando
1281 5145 1348 5198 de
1377 5144 1596 5207 litteris,
1646 5162 1818 5216 quam
1845 5146 2106 5218 exigeba-

396 5241 492 5290 tur
520 5253 554 5289 a
582 5233 766 5289 nobis.
801 5233 923 5287 Non
968 5231 1122 5285 enim
1148 5231 1361 5298 deerat,
1397 5233 1654 5300 Domine,
1700 5229 1976 5288 memoria
2018 5237 2104 5289 vel

393 5324 714 5396 ingenium,
747 5339 876 5394 qua:
906 5337 1010 5376 nos
1035 5320 1245 5375 habere
1285 5321 1512 5376 voluisti
1552 5338 1658 5393 pro
1687 5323 1788 5378 illa
1820 5327 1985 5378 aetate
2015 5340 2102 5378 sa-

460 5468 475 5500 ι
511 5465 761 5514 Nonnulli
779 5480 805 5515 e
827 5467 947 5514 Mss.
967 5479 977 5512 :
1007 5464 1239 5528 Diligens
1261 5476 1358 5512 eos.
1383 5465 1544 5513 Paulo
1566 5468 1684 5528 post
1703 5479 1822 5513 vero
1845 5465 1969 5514 Bad.
1989 5465 2102 5513 Am.

402 5532 454 5575 et
478 5528 590 5574 Er.:
625 5529 973 5577 AcerbiSsime
998 5526 1264 5588 inﬂigunt.

1587 231 2127 288 CONFESSIONUM
2178 231 2230 286 S.
2291 230 2698 288 AUGUSTINI.
3748 251 3821 300 668

2211 356 2317 422 tis;
2345 356 2441 410 sed
2481 356 2799 410 delectabat
2829 357 3055 412 ludere:
3097 364 3156 412 et
3193 358 3560 416 vindicabatur
3585 363 3638 417 in
3670 382 3753 420 nos
3775 371 3822 422 ab

2213 445 2290 499 eis
2320 446 2420 515 qui
2450 445 2584 500 talia
2607 447 2805 517 utique
2825 447 3090 517 agebant.
3115 448 3224 502 Sed
3249 449 3516 518 majorum
3537 468 3684 523 nugae
3702 471 3825 526 nego.

2210 534 2289 588 tia
2318 539 2622 601 vocantur;
2647 551 2962 605 puerorum
2983 539 3176 590 autem
3196 537 3330 591 talia
3352 554 3471 592 cum
3490 540 3606 606 sint,
3626 545 3827 612 puniun-

2209 629 2305 679 tur
2331 640 2366 677 a
2395 623 2708 694 majoribus
2735 640 2747 678 :
2780 628 2834 677 et
2865 640 3036 678 nemo
3059 624 3362 679 miseratur
3386 643 3592 697 pueros,
3619 631 3695 684 vel
3720 633 3830 703 illos,

2209 712 2296 766 vel
2319 716 2606 782 utrosque.
2644 712 2759 766 Nisi
2788 729 2921 766 vero
2951 713 3270 785 approbet‘
3299 715 3580 786 quisquam
3598 719 3755 774 bonus
3771 739 3833 776 re-

2210 817 2340 854 rum
2360 801 2573 854 arbiter
2597 802 2891 872 vapulasse
2922 818 3031 866 me,
3060 802 3199 873 quia
3226 803 3485 857 ludebam
3510 806 3614 874 pila
3637 823 3774 876 puer,
3797 817 3834 865 et

2211 907 2276 944 eo
2301 891 2435 944 ludo
2465 890 2822 960 impediebar
2863 891 3177 962 quominus
3202 892 3458 945 celeriter
3499 893 3736 948 discerem
3767 897 3833 950 lit~

2210 985 2380 1046 teras,
2416 979 2625 1050 quibus
2658 979 2840 1048 major
2888 979 3205 1034 deformius
3256 980 3532 1034 luderem:
3577 981 3700 1034 aut’
3724 985 3836 1037 aliud

2209 1069 2447 1123 faciebat
2478 1068 2629 1121 idem
2653 1067 2775 1137 ipse
2805 1084 2838 1120 a
2865 1083 2980 1138 quo
3011 1069 3384 1139 vapulabam;
3425 1068 3516 1139 qui
3543 1069 3661 1122 siin
3692 1071 3836 1142 aliqua

2212 1153 2627 1224 qurestiuucula
2670 1172 2703 1207 a
2751 1156 3086 1210 condoctore
3128 1173 3234 1210 suo
3280 1157 3456 1210 victus
3511 1163 3658 1224 esset,
3702 1161 3838 1228 magis

2211 1241 2326 1296 bile
2355 1246 2526 1313 atque
2553 1242 2764 1297 invidia
2794 1249 3183 1315 torqueretur,
3217 1260 3391 1316 quam
3416 1261 3515 1316 ego
3543 1261 3658 1300 cum
3684 1247 3735 1301 in
3753 1264 3836 1302 cer-

2211 1330 2427 1386 tamine
2454 1332 2586 1402 pilaa
2616 1348 2649 1387 a
2678 1332 2955 1387 collusore
2985 1349 3114 1388 meo
3145 1334 3471 1404 superabar.

2907 1423 3134 1477 CAPUT
3173 1424 3234 1478 Χ.

2280 1511 2656 1581 Αηιονεέιιιειιε
2684 1516 2734 1565 et
2748 1513 3174 1581 spectaculorum
3194 1517 3454 1568 avocatur
3472 1529 3504 1567 a
3530 1513 3793 1567 litterarum

2959 1601 3142 1656 studio
3157 1646 3168 1656 .

2287 1691 2370 1743 16.
2416 1690 2483 1743 Et
2523 1693 2717 1743 tamen
2758 1690 3082 1760 peccabam,
3129 1689 3372 1745 Domine
3418 1691 3574 1757 Deus,
3616 1689 3842 1744 ordinator

2213 1781 2268 1831 et
2327 1782 2547 1832 creator
2587 1778 2845 1833 omnium
2895 1795 3092 1834 rerum
3141 1779 3514 1845 naturalium,
3556 1785 3841 1850 peccatorum

2212 1870 2404 1921 autem
2448 1871 2674 1921 tantum
2721 1867 3089 1922 ordinator’:
3128 1867 3370 1922 Domine
3416 1868 3555 1921 Deus
3578 1883 3841 1937 meus,pec~

2212 1955 2410 2010 cabam
2448 1955 2709 2009 faciendo
2750 1960 2949 2010 contra
2990 1962 3282 2027 praecepta
3317 1960 3609 2027 parentum
3643 1961 3689 2009 et
3711 1956 3844 2024 magi-

2213 2048 2462 2098 strorum
2491 2044 2742 2098 illorum.
2773 2045 3034 2098 Poteram
3068 2044 3226 2098 enim
3257 2049 3458 2115 postea
3487 2044 3621 2098 bene
3645 2042 3718 2096 uti
3739 2043 3842 2096 litte-

2212 2132 2310 2202 ris,
2344 2149 2486 2203 quas
2511 2133 2776 2187 volebant
2799 2139 2863 2186 ut
2891 2133 3170 2188 discerem
3210 2148 3569 2204 quocumque
3606 2131 3764 2185 animo
3786 2130 3843 2183 illi

2212 2221 2346 2276 mei.
2377 2223 2501 2276 Non
2535 2222 2692 2275 enim
2724 2221 2959 2276 meliora
2986 2222 3230 2292 eligens,
3255 2221 3584 2276 inobediens
3610 2235 3757 2286 eram,
3778 2218 3842 2272 sed

2213 2326 2407 2364 amore
2454 2310 2710 2376 ludendi,
2751 2326 2950 2364 amans
2978 2310 3039 2364 in
3079 2310 3489 2365 certaminibus
3525 2309 3759 2379 superbas
3786 2307 3842 2359 vi-

2211 2398 2436 2466 ctorias,
2469 2403 2526 2452 et
2551 2399 2727 2468 scalpi
2767 2415 2931 2452 aures
2971 2415 3125 2453 meas
3177 2399 3336 2453 falsis
3376 2398 3609 2463 fabellis,
3633 2413 3728 2467 quo
3747 2410 3843 2465 pru-

2212 2488 2395 2542 rirent
2430 2489 2739 2554 ardentius,
2781 2488 2983 2542 eadem
3027 2488 3358 2542 curiositate
3403 2486 3578 2557 magis
3618 2484 3842 2555 magisque

2210 2593 2315 2648 per
2361 2577 2553 2630 oculos
2591 2576 2870 2630 emicante
2908 2575 2970 2630 in
3011 2578 3336 2648 spectacula
3360 2581 3380 2613 ⁴
3422 2576 3678 2645 ludosque
3717 2573 3845 2641 majo-

2211 2679 2372 2731 rum;
2407 2681 2550 2734 quos
2579 2669 2770 2718 tamen
2805 2664 2904 2735 qui
2935 2665 3132 2730 edunt,
3173 2682 3239 2719 ea
3268 2665 3542 2735 dignitate
3573 2660 3760 2734 praediti
3781 2675 3842 2712 ex-

2211 2752 2441 2819 cellunt,
2489 2757 2556 2806 ut
2599 2753 2706 2806 hoc
2751 2770 2897 2823 pene
2953 2770 3154 2808 omnes
3206 2759 3412 2824 optent
3463 2752 3689 2825 parvulis
3733 2748 3843 2802 suis:

2211 2857 2353 2911 quos
2383 2845 2576 2895 tamen
2605 2842 2744 2896 credi
2775 2843 3019 2896 libenter
3045 2843 3376 2913 patiuntur,
3413 2843 3458 2896 si
3485 2838 3773 2913 spectaculis
3792 2841 3845 2890 ta-

2211 2931 2360 2984 libus
2388 2930 2772 3002 impediantur
2801 2949 2834 2986 a
2863 2933 3072 3002 studio,
3114 2951 3264 3004 quos
3313 2949 3408 2988 eos
3438 2933 3507 2987 ad
3536 2930 3660 2985 talia
3683 2926 3845 2982 edenda

2210 3019 2448 3090 cupiunt
2473 3021 2792 3089 pervenire.
2821 3021 2961 3075 Vide
2985 3022 3112 3088 ista,
3150 3022 3422 3084 Domine,
3457 3016 3843 3075 misericorditer,

2212 3113 2268 3162 et
2291 3108 2469 3162 libera
2496 3125 2599 3163 nos
2621 3109 2742 3180 jam
2771 3108 3102 3164 invocantes
3141 3115 3197 3164 te
3215 3152 3231 3177 ,
3272 3111 3455 3166 libera
3500 3109 3658 3163 etiam
3681 3122 3758 3160 eos
3779 3101 3847 3173 qui

2211 3197 2470 3252 nondum
2497 3201 2552 3252 te
2596 3198 2880 3264 invocant,
2913 3204 2979 3252 ut
3026 3198 3298 3254 invocent
3350 3204 3426 3266 te,
3459 3203 3514 3252 et
3550 3197 3731 3251 liberes
3766 3207 3844 3244 eos.

2896 3287 3120 3342 CAPUT
3157 3289 3248 3342 XI.

2282 3372 2465 3428 Morbo
2479 3388 2702 3444 pressus
2723 3376 3064 3444 Baptismum
3091 3379 3313 3444 ﬂagitat
3331 3391 3485 3445 quem
3513 3377 3670 3430 mater
3693 3373 3800 3424 certo

2832 3467 3049 3519 consilio
3088 3466 3299 3534 differt.

2288 3554 2372 3605 17.
2413 3550 2721 3605 Audieram
2753 3552 2908 3607 enim
2940 3570 3046 3624 ego
3077 3554 3266 3608 adhuc
3297 3569 3442 3625 puer
3469 3552 3535 3606 de
3563 3549 3666 3603 vita
3689 3550 3847 3599 asterua

2211 3640 2378 3694 nobis
2403 3640 2682 3711 promissa
2710 3658 2813 3712 per
2832 3642 3215 3697 humilitatem
3244 3641 3470 3696 Domini
3495 3638 3587 3694 Dei
3617 3631 3763 3690 nostri
3784 3630 3846 3683 de-

2211 3727 2532 3782 scendentis
2573 3728 2642 3782 ad
2694 3730 3023 3800 superbiam
3074 3736 3369 3797 nostram;
3415 3735 3469 3782 et
3513 3723 3748 3796 signabar
3763 3720 3848 3788 jam

2212 3818 2377 3887 signo
2410 3815 2592 3870 crucis
2622 3816 2764 3887 ejus,
2795 3822 2852 3872 et
2881 3819 3197 3873 condiebar
3219 3819 3348 3889 ejus
3377 3817 3490 3872 sale
3521 3815 3610 3885 (α),
3630 3812 3732 3882 jam
3756 3804 3848 3860 inde

2274 3918 2288 3949 ¹
2316 3914 2492 3978 Ῑηκβη
2523 3915 2814 3978 αΡΡΤοῡαὲ;
2851 3919 2904 3962 at
2927 3915 3016 3963 Er.
3052 3915 3361 3978 iLug._\-’en.
3389 3915 3508 3963 Lov.
3544 3900 3842 3978 So_mrn.__DulJ.

2210 3977 2361 4040 Mart.
2391 3967 2525 4040 Flor.
2550 3967 2608 4040 ἐξ
2629 3967 2954 4040 [mimicum
2986 3980 3013 4025 2
3045 3967 3403 4040 Mssilegunt,
3434 3971 3683 4037 approbet.
3708 3967 3761 4014 Μ.

2274 4037 2467 4100 2Apud
2498 4037 2621 4085 Bad.
2649 4038 2768 4088 Ani.
2805 4039 2890 4086 Er.
2923 4044 2975 4088 et
3001 4040 3155 4097 Lov.,
3182 4037 3349 4088 haud.
3547 4099 3552 4100 ί
3808 4084 3832 4100 ,.

2275 4099 2294 4128 ι
2313 4084 2916 4149 iasaaio’abuxmiar
2928 4084 2980 4149 a
2996 4084 3425 4160 mereamur,
3441 4099 3640 4160 tantum
3652 4084 3848 4160 ηοηρηάέ-

2210 4165 2389 4212 nator.
2413 4163 2682 4225 Erratum:
2707 4163 2849 4225 quod
2871 4163 3160 4212 emendant
3179 4150 3317 4212 Edd.
3335 4150 3338 4151 ν
3355 4150 3476 4225 Bari.
3497 4164 3546 4225 et
3569 4159 3679 4207 Arn.
3696 4156 3738 4202 et
3761 4150 3848 4225 iis?

2211 4225 2390 4295 plures
2408 4238 2467 4295 ac
2486 4217 2740 4295 potiores;
2757 4239 2786 4272 a
2807 4225 2997 4295 quibus
3018 4225 3164 4295 abest
3183 4226 3416 4295 negatio.
3438 4223 3698 4295 Enimveer

2210 4279 2371 4357 vulgo
2393 4291 2473 4334 est
2488 4279 2547 4334 id
2569 4300 2599 4334 a
2619 4287 2670 4335 S.
2692 4279 3198 4358 Augustino‘passim
3222 4279 3848 4358 conﬁrmarintleuui‘

2212 4338 2403 4397 simum
2425 4363 2537 4397 esse
2554 4338 2886 4411 peccatorum
2910 4338 3288 4398 ordinatorem.
3316 4349 3399 4398 Sic
3420 4349 3582 4411 lib._lt
3603 4342 3658 4390 de
3685 4338 3848 4411 Civitalf

2211 4411 2454 4473 Dei,cap.
2486 4400 2571 4459 1Ἱῖ
2595 4427 2621 4456 ‹‹
2638 4411 2791 4476 Deus,
2817 4411 3004 4476 inquit,
3028 4412 3164 4460 sicut
3189 4400 3849 4476 naturarumbonarumiqglf'

2210 4468 2376 4538 (riuus
2401 4468 2602 4538 creator
2628 4478 2724 4538 est,
2747 4474 2819 4538 ita
2848 4468 3480 4538 m'alarumvoluntatum
3496 4468 3849 4538 justissipmﬁfff:

2211 4535 2436 4584 dinator.
2469 4551 2495 4580 »
2530 4520 2736 4598 ltemin
2768 4520 2903 4584 Psal.
2923 4520 2948 4584 Ἰ
2969 4520 3364 4598 :ruAliudfecit
3379 4520 3431 4583 et
3463 4520 3704 4598 ordinavit
3718 4520 3849 4598 Lai-fl}?

2214 4615 2239 4643 ‹‹
2261 4602 2437 4645 autem
2458 4610 2567 4645 non
2593 4597 2731 4654 fecit,
2758 4597 2848 4646 sed
2879 4603 3054 4646 tamen
3081 4597 3237 4646 etiam
3270 4597 3371 4646 hoc
3392 4590 3694 4654 ordinavit.)
3723 4584 3846 4654 01,131?

2212 4643 2516 4708 docti-inani
2537 4643 3095 4708 inmiserrumam
3118 4643 3435 4707 magna].
3451 4656 3539 4704 lib.
3573 4652 3632 4700 de
3657 4643 3846 4698 Predesl-

2213 4723 2545 4784 Sanctorum.
2564 4735 2675 4783 cap.
2707 4723 2783 4780 16,
2806 4722 2898 4770 ubi
2921 4722 3142 4784 legitur:
3165 4738 3187 4763 α
3209 4721 3301 4784 Est
3321 4722 3374 4769 in
3392 4708 3850 4784 nialorumpqmgsfﬁl‘e

2211 4767 2242 4830 Β
2254 4767 2758 4848 gustandam
2773 4767 3153 4848 555.153.5115.;
3167 4783 3248 4848 v_el
3259 4767 3373 4848 huic,
3389 4781 3476 4848 illa
3492 4767 3674 4848 malitia
3687 4767 3848 4848 ἰξίςῖιξοξι

2213 4827 2238 4891 $5
2261 4827 2471 4894 SBHE—si
2492 4827 2758 4894 eam;
2772 4827 3158 4908 suggeram
3182 4827 3285 4893 15ὲῖ
3289 4827 3577 4893 dividentis
3596 4833 3799 4886 tenebras
3814 4827 3850 4871 et

2211 4925 2238 4954 »
2261 4907 2559 4956 ordinantis
2590 4921 2695 4955 eas.
2720 4925 2746 4952 »
2772 4907 2787 4908 ί

2277 4948 2488 5029 1166?,"
2491 4948 2786 5032 ﬁér'o'b'iiibs
2806 4968 3123 5032 periculosa
3153 4969 3455 5032 micantcin
3474 4956 3766 5032 spectatum

2214 5013 2475 5095 cadffpéi‘
2491 5013 2797 5081 gemam
2805 5013 3054 5081 εᾱὴἱέῖέξ
3057 5013 3141 5079 11:}.
3155 5013 3352 5095 iuga:
3364 5013 3510 5079 ven:
3523 5029 3571 5074 et
3593 5013 3760 5072 Somni.
3781 5013 3848 5060 Le-

2214 5098 2348 5142 aunt
2377 5099 2436 5142 ut
2466 5095 2589 5142 Lov.
2621 5095 2691 5142 M.
3764 5136 3772 5142 _
3820 5131 3827 5139 .

2254 5098 2348 5143 unt
2377 5099 2436 5142 ut
2466 5098 2589 5142 Lov.
2621 5098 2691 5142 M.
3577 5147 3586 5152 ,
3753 5131 3847 5152 με,

2254 5109 2348 5143 unt.
2377 5109 2436 5142 Ill.
2466 5109 2589 5142 μον.
2621 5109 2691 5142 Μ.
3764 5136 3772 5145 ,
3820 5131 3827 5139 .

2214 5109 2248 5158 ³
2277 5157 2345 5227 (α)
2374 5154 3225 5240 Sigeum”.eatechrmenowe
3245 5143 3848 5240 ξεξοτίιειὶῖξιείξέζξξξξὲἓῖἓῗιέῗ

2214 5206 2368 5266 ευὼῖε
2391 5206 2679 5266 initiatum:
2700 5218 2751 5265 id
2781 5218 2919 5280 quod
2945 5232 3152 5266 rursum
3173 5218 3341 5266 hocin
3358 5206 3831 5280 opereclariusprfflnl

2213 5281 2305 5329 lib-
2330 5282 2378 5338 6,
2398 5295 2443 5328 οε
2477 5283 2563 5328 462
2593 5266 2829 5341 «Figani,
2848 5280 3044 5342 inquit,
3069 5280 3226 5342 pedes
3242 5280 3293 5327 in
3318 5293 3378 5328 eo
3393 5266 3570 5342 gradu,
3589 5270 3635 5318 iu
3652 5266 3848 5342 quefl‘lﬁi

2215 5328 2288 5390 aa
2311 5328 2617 5405 parentibus
2643 5328 3014 5405 pd’situszera'm.
3035 5328 3207 5390 donec
3230 5328 3519 5405 inveniatur
3537 5328 3849 5405 periplﬁflfljf:

2215 5422 2242 5450 ‹‹
2257 5387 3022 5466 ea;iijgacaaaaagaﬁg
3047 5387 3432 5466 insanae.
3452 5387 3554 5447 dies
3579 5387 3844 5466 caret-auius:

2214 5467 2298 5514 nis
2319 5465 2656 5515 concedendo
2677 5466 3027 5527 exstatprimi
3055 5454 3266 5514 concilii
3289 5463 3520 5527 Carthag.
3541 5469 3645 5527 (περ.
3665 5454 3844 5527 513E":

2213 5511 2314 5590 que
2330 5511 2375 5574 ri
2384 5511 2475 5575 his
2485 5511 3110 5575 mentio—netuiacit—non
3123 5511 3284 5575 ξεῖιίἑι
3298 5511 3373 5575 'Si:
3393 5511 3536 5582 Άιιᾷη
3570 5511 3846 5564 disertissime
