4028 6174
170 246 283 297 δῡει

167 364 243 417 ab
278 367 443 418 utero
471 361 669 417 matris
698 377 866 429 meae,
896 376 1024 432 quae
1043 361 1289 415 multum
1314 362 1562 432 speravit
1591 363 1651 415 in
1680 366 1757 419 te.
1788 363 1879 416 Vi-

172 452 337 521 disti,
368 452 626 515 Domine,
662 468 792 505 cum
823 451 1005 504 adhuc
1027 467 1169 520 puer
1200 467 1403 516 essem,
1435 458 1490 505 et
1520 453 1772 521 quodam
1794 452 1882 506 die

164 535 370 612 pressu
395 540 672 594 stomachi
704 538 723 572 ί
756 545 991 609 repente
1019 544 1321 593 aestuarem
1352 556 1498 610 pene
1530 541 1872 607 moriturus;

167 631 384 696 vidisti,
413 632 561 684 Deus
610 646 791 693 meus,
846 628 1121 700 quoniam
1155 634 1340 682 custos
1374 646 1532 682 meus
1565 629 1686 699 jam
1731 646 1877 700 eras,

171 737 293 789 quo
340 724 496 772 motu
539 718 717 772 animi
756 722 813 771 et
844 734 956 788 qua
993 717 1103 769 ﬁde
1158 717 1512 786 baptismum
1556 718 1761 772 Christi
1799 719 1883 772 tui

164 808 277 861 Dei
307 814 361 862 et
392 806 624 860 Domini
657 806 768 859 mei
798 806 1047 876 ﬂagitavi
1081 823 1111 858 a
1141 806 1355 875 pietate
1386 806 1584 859 matris
1619 823 1781 869 mea),
1828 811 1883 861 et

156 895 367 949 matris
399 895 661 949 omnium
688 898 949 948 nostrum
979 895 1236 947 Ecclesiae
1269 899 1401 949 tuae.
1439 896 1501 948 Et
1531 896 1871 949 conturbata

161 988 359 1037 mater
388 984 573 1037 carnis
604 999 765 1049 meae,
808 984 1079 1052 quoniam
1115 987 1171 1036 et
1203 983 1607 1052 sempiternam
1640 985 1880 1037 salutem

164 1088 363 1126 meam
405 1071 629 1124 charius
687 1071 1045 1140 parturiebat
1078 1072 1247 1124 corde
1293 1075 1446 1124 casto
1502 1072 1561 1125 in
1615 1071 1725 1125 ﬁde
1758 1077 1877 1142 tua,

153 1161 289 1230 jam
321 1164 544 1213 curaret
582 1158 980 1212 festinabunda
1010 1163 1071 1212 ut
1110 1160 1489 1213 Sacramentis
1535 1161 1879 1215 salutaribus

163 1248 438 1302 initiarer
465 1251 520 1301 et
559 1248 838 1312 abluerer,
886 1252 961 1315 te,
1010 1248 1247 1301 Domine
1296 1252 1448 1315 Jesu,
1498 1250 1771 1303 confitens
1818 1252 1878 1304 in

163 1338 575 1392 remissionem
604 1342 987 1408 peccatorum,
1022 1337 1130 1391 nisi
1152 1337 1343 1392 statim
1368 1344 1653 1392 recreatus
1674 1356 1874 1395 essem.

164 1427 364 1481 Dilata
394 1432 477 1480 est
518 1426 711 1496 itaque
743 1427 1038 1480 mundatio
1069 1443 1216 1493 mea,
1265 1427 1427 1498 quasi
1456 1444 1683 1481 necesse
1732 1435 1879 1484 esset

159 1520 233 1568 ut
264 1514 452 1568 adhuc
485 1514 826 1581 sordidarer,
860 1515 905 1568 si
943 1515 1233 1582 viverem;
1268 1516 1402 1587 quia
1442 1516 1705 1571 videlicet
1750 1524 1879 1588 post

163 1604 464 1656 lavacrum
490 1603 628 1657 illud
660 1604 845 1673 major
878 1608 931 1657 et
960 1604 1337 1674 periculosior
1360 1604 1417 1658 in
1450 1606 1709 1660 sordibus
1733 1607 1878 1661 deli-

160 1697 397 1745 ctorum
446 1696 635 1746 reatus
692 1694 863 1746 foret.
916 1694 998 1746 Ita
1050 1694 1169 1763 jam
1212 1695 1533 1762 credebam,
1576 1701 1631 1749 et
1681 1696 1778 1749 illa
1824 1700 1879 1749 et

163 1780 363 1833 omnis
404 1781 628 1847 domus,
662 1780 771 1833 nisi
804 1784 969 1850 pater
999 1781 1171 1847 solus,
1208 1781 1307 1852 qui
1337 1786 1529 1835 tamen
1565 1798 1687 1837 non
1712 1783 1879 1837 evicit

161 1868 228 1921 in
259 1884 352 1921 me
401 1870 496 1938 jus
525 1873 799 1921 materna:
837 1868 1086 1939 pietatis,
1132 1870 1442 1939 quominus
1480 1870 1541 1923 in
1592 1871 1876 1925 Christum

160 1956 486 2021 crederem,
512 1956 656 2009 sicut
684 1956 775 2009 ille
807 1957 1065 2010 nondum
1097 1957 1433 2012 crediderat.
1470 1960 1610 2012 Nam
1642 1959 1740 2012 illa
1771 1965 1878 2014 sat-

162 2046 379 2115 agebat
432 2048 496 2098 ut
536 2050 593 2097 tu
636 2044 779 2098 mihi
816 2049 978 2115 pater
1036 2063 1205 2113 esses,
1255 2048 1402 2101 Deus
1450 2064 1632 2113 meus,
1683 2049 1871 2118 potius

164 2150 347 2205 quam
377 2132 507 2187 ille:
534 2137 588 2187 et
618 2133 677 2186 in
707 2135 814 2187 hoc
841 2134 1149 2204 adjuvabas
1194 2152 1318 2189 eam
1351 2141 1415 2189 ut
1444 2142 1738 2207 superaret
1792 2138 1876 2191 vi-

166 2239 328 2289 rum,
362 2222 456 2276 cui
484 2222 690 2276 melior
717 2223 1032 2292 serviebat;
1062 2224 1199 2295 quia
1227 2229 1281 2278 et
1310 2224 1369 2278 in
1396 2226 1502 2279 hoc
1531 2226 1635 2280 tibi
1678 2226 1876 2298 utique

172 2312 233 2365 id
258 2312 489 2382 jubenti
520 2312 820 2366 serviebat.

242 2403 336 2455 18.
378 2402 539 2471 Rogo
561 2405 638 2469 te,
672 2402 817 2455 Deus
850 2418 1035 2471 meus,
1065 2402 1271 2457 vellem
1302 2403 1463 2470 scire,
1507 2403 1553 2457 si
1600 2408 1662 2457 tu
1698 2404 1870 2458 etiam

166 2489 365 2557 velles,
414 2507 527 2560 quo
562 2491 799 2544 consilio
837 2491 1048 2545 dilatus
1083 2509 1209 2546 sum
1241 2509 1311 2546 ne
1340 2497 1475 2546 tunc
1522 2492 1871 2563 baptizarer:

166 2584 367 2632 utrum
400 2579 553 2633 bono
581 2596 710 2633 meo
736 2581 873 2634 mihi
897 2581 1060 2651 quasi
1087 2582 1269 2635 laxata
1286 2587 1419 2635 sunt
1441 2583 1562 2635 lora
1582 2584 1873 2652 peccandi,

168 2685 242 2721 an
273 2684 395 2721 non
421 2669 607 2722 laxata
632 2672 764 2722 sunt
792 2671 854 2722 2‘?
902 2671 1057 2723 Unde
1089 2686 1222 2740 ergo
1253 2671 1424 2723 etiam
1454 2686 1613 2724 nunc
1653 2672 1721 2724 de
1751 2672 1875 2723 aliis

169 2762 339 2828 atque
374 2757 497 2810 aliis
528 2763 689 2811 sonat
710 2758 963 2829 undique
1013 2759 1072 2811 in
1105 2760 1336 2811 auribus
1371 2760 1600 2821 nostris,
1630 2760 1760 2814 Sine
1807 2760 1875 2814 il-

168 2847 314 2911 lum,
350 2846 522 2899 faciat
552 2846 706 2916 quod
736 2848 855 2899 vult
884 2851 930 2913 a;
966 2848 1223 2901 nondum
1243 2848 1395 2900 enim
1414 2848 1733 2917 baptizatus
1760 2853 1869 2902 est:

166 2940 222 2989 et
249 2938 449 2988 tamen
489 2934 547 2988 in
596 2936 774 2988 salute
809 2936 1059 3006 corporis
1110 2953 1223 2990 non
1257 2936 1519 3003 dicimus,
1551 2937 1701 3002 Sine,
1751 2938 1872 2991 vul-

171 3028 411 3077 neretur
431 3024 701 3093 amplius;
747 3025 1003 3079 nondum
1034 3025 1188 3078 enim
1218 3030 1449 3079 sanatus
1497 3031 1580 3079 est
1595 3028 1623 3071 ‘?
1653 3028 1873 3090 Quanto

168 3128 302 3183 ergo
336 3112 545 3167 melius
577 3118 631 3166 et
656 3113 767 3167 cito
801 3130 1033 3167 sanarer
1063 3112 1107 3183 ’⁸,
1140 3118 1194 3167 et
1225 3113 1281 3167 id
1336 3119 1599 3184 ageretur
1650 3130 1874 3168 mecum

175 3217 442 3255 meorum
489 3218 733 3273 meaque
782 3203 1095 3273 diligentia,
1143 3207 1207 3256 ut
1234 3208 1459 3274 recepta
1491 3205 1641 3258 salus
1669 3203 1874 3257 animm

173 3307 316 3344 mea:
339 3295 465 3343 tnta
496 3298 643 3345 esset
689 3292 869 3346 tutela
897 3296 1015 3357 tua,
1060 3292 1157 3361 qui
1190 3292 1437 3346 dedisses
1469 3295 1634 3347 eam?
1680 3294 1874 3348 Melius

169 3396 322 3434 vero.
368 3379 481 3433 Sed
512 3384 652 3450 quot
680 3384 736 3433 et
765 3381 963 3450 quanti
994 3382 1200 3434 ﬂuctus
1228 3380 1562 3451 impendere
1609 3382 1873 3436 temtatio-

169 3485 308 3522 num
336 3472 469 3538 post
498 3468 802 3539 pueritiam
834 3469 1191 3531 videbantur,
1228 3475 1464 3524 noverat
1491 3488 1588 3524 eos
1608 3474 1729 3538 jam
1777 3470 1875 3525 illa

171 3563 383 3624 mater;
414 3561 469 3610 et
502 3560 735 3611 terram
781 3574 886 3628 per
946 3575 1039 3611 eos
1077 3556 1099 3591 ⁵
1129 3558 1280 3611 unde
1332 3563 1527 3629 postea
1571 3559 1872 3630 formarer,

171 3662 341 3717 quam
374 3646 558 3717 ipsam
576 3648 697 3717 jam
728 3646 979 3717 eftigiem
1002 3647 1357 3700 committere
1382 3647 1621 3701 volebat.

851 3736 1077 3788 CAPUT
1114 3736 1224 3788 XII.

167 3822 261 3876 Ad
324 3824 535 3876 litteras
584 3823 892 3891 cogebatur,
924 3838 1027 3890 quo
1074 3828 1250 3876 tamen
1279 3826 1415 3877 Deus
1444 3823 1697 3876 utebatur
1728 3823 1870 3877 bene.

244 3916 327 3967 l9.
359 3912 427 3964 In
456 3910 579 3981 ipsa
600 3915 795 3965 tamen
814 3912 1081 3982 pueritia,
1103 3912 1171 3965 de
1199 3929 1312 3983 qua
1328 3912 1471 3965 mihi
1492 3913 1683 3965 minus
1707 3929 1875 3981 quam

168 4000 235 4054 de
252 4000 639 4054 adolescentia
653 4001 1033 4066 metuebatur,
1058 4017 1172 4053 non
1189 4001 1447 4053 amabam
1467 4000 1701 4068 litteras,
1717 4005 1771 4053 et
1785 4016 1874 4054 me

168 4090 224 4144 in
240 4107 337 4143 eas
354 4090 551 4160 urgeri
564 4089 792 4143 oderam
810 4106 822 4155 ;
839 4093 895 4143 et
910 4089 1155 4159 urgebar
1166 4092 1377 4153 tamen,
1394 4089 1607 4142 etbene
1623 4088 1762 4141 mihi
1783 4088 1876 4141 tie-

167 4178 284 4243 bal,
306 4195 414 4232 nec
427 4178 705 4231 faciebam
724 4194 828 4247 ego
851 4179 1021 4232 bene:
1044 4194 1161 4231 non
1180 4178 1331 4230 enim
1346 4177 1640 4243 discerem,
1656 4176 1765 4229 nisi
1788 4192 1876 4228 co-

168 4284 355 4339 gerer.
376 4269 557 4321 Nemo
571 4271 760 4320 autem
778 4268 988 4320 invitus
1000 4268 1144 4321 bene
1157 4266 1307 4332 facit,
1325 4265 1547 4319 etiamsi
1566 4266 1781 4318 bonum
1794 4270 1878 4318 est

169 4357 323 4429 quod
334 4357 490 4410 facit.
518 4358 629 4411 Nec
642 4357 741 4427 qui
759 4374 848 4410 me
861 4357 1162 4428 urgebant,
1177 4357 1321 4411 bene
1342 4355 1652 4421 faciebant;
1670 4355 1765 4408 sed
1780 4355 1875 4408 be-

168 4510 290 4545 vero
316 4497 377 4544 in
396 4496 496 4544 lib.
527 4496 590 4544 de
613 4497 1007 4545 Catecliizandis
1027 4498 1223 4552 rudib.,
1243 4512 1286 4546 c.
1313 4500 1371 4546 .‘26
1394 4512 1406 4557 ;
1428 4496 1518 4545 ubi
1540 4496 1789 4544 mendum
1822 4498 1875 4546 in

167 4559 433 4623 editiones
453 4572 563 4607 non
580 4559 691 4607 leve
713 4560 921 4623 irrepsit
939 4560 1004 4607 ad
1021 4560 1134 4607 haec
1154 4561 1332 4619 verba,
1354 4576 1378 4605 «
1408 4559 1533 4621 quid
1554 4560 1609 4607 in
1630 4559 1721 4607 illo
1756 4574 1877 4607 con-

169 4622 343 4676 datur,
377 4639 399 4662 »
436 4634 551 4683 pro,
586 4622 721 4682 «qui
752 4623 807 4670 in
836 4622 926 4670 illo
951 4623 1228 4669 condiat.»

230 4683 349 4755 "Sic
368 4684 661 4755 reperimus
681 4684 733 4731 in
760 4684 1063 4755 melioribus
1084 4684 1205 4755 Mss.
1229 4683 1377 4755 Apud
1396 4683 1521 4755 Ani-nl
1537 4696 1661 4755 vero
1678 4685 1877 4755 eLnon-

166 4746 347 4794 nullos
376 4744 503 4792 Mss.
540 4760 551 4792 :
586 4748 802 4795 Presxus
826 4746 1115 4795 stomacho.
1158 4744 1390 4807 Denique
1422 4745 1546 4794 Bad.
1570 4746 1684 4794 Am.
1708 4746 1797 4792 Er.
1826 4751 1878 4794 et

164 4808 287 4855 Lov.
315 4823 328 4854 :
356 4810 588 4856 Pressus
612 4808 881 4858 stomachi
907 4808 1103 4857 dolore.

224 4871 246 4903 2
280 4869 421 4923 Sint,
464 4869 618 4931 juxta
657 4871 739 4917 Er.
790 4870 920 4931 Lug.
964 4871 1087 4918 Ven.
1123 4871 1245 4919 Lov.
1289 4870 1482 4929 Somm,
1518 4870 1654 4918 Flor.
1697 4883 1815 4918 cum
1848 4872 1875 4918 (3

168 4930 296 4979 Cdd.
327 4935 381 4979 et
403 4930 554 4978 Μαι-ι.
588 4945 706 4979 cum
734 4935 760 4979 6
791 4930 905 4980 aliis
932 4933 1058 4980 Cdd.
1096 4933 1162 4979 M.

225 4995 247 5027 ³
272 4994 458 5049 Abest,
482 4993 623 5056 quod
651 4994 784 5057 vult,
811 5010 840 5042 a
862 4995 984 5043 Mss.
1023 4994 1236 5057 optimis

226 5058 247 5088 ⁵
269 5057 336 5105 [ξι
358 5058 461 5104 cito
480 5067 728 5113 sanarer,
750 5055 905 5113 juxta
929 5055 1128 5107 Somin.
1154 5057 1288 5105 Dub.
1316 5057 1467 5111 Mart,
1494 5070 1612 5104 cum
1634 5059 1661 5104 6
1682 5057 1805 5104 Mss.
1826 5060 1877 5105 et

226 5070 247 5088 δ
269 5070 336 5105 ιίι
358 5070 461 5104 σιιο
480 5070 728 5113 sanarer,
778 5070 783 5100 ι

167 5117 341 5165 Rond.
367 5131 489 5165 cum
514 5120 540 5165 4
566 5118 688 5165 Mss.
716 5070 783 5165 It}.

226 5182 248 5214 τ’
278 5181 360 5243 Ita
386 5179 525 5243 legit
548 5179 783 5243 Arnald.,
817 5194 913 5229 nec
940 5181 1091 5229 aliter
1129 5182 1307 5228 ferunt
1326 5179 1562 5243 plerique
1593 5180 1749 5243 Mssg;
1784 5179 1874 5227 sed

168 5243 311 5305 varia
346 5241 494 5305 labes
515 5241 639 5290 huic
664 5242 781 5291 loco
814 5243 957 5291 illata
971 5248 1050 5291 est
1074 5244 1126 5291 in
1150 5244 1278 5290 Edd.
1305 5241 1341 5290 e‘
1366 5241 1558 5305 quibus
1576 5242 1798 5305 Am._Er.
1825 5245 1877 5289 et

168 5303 287 5351 Lov.
322 5318 397 5351 διο
428 5304 650 5352 habent:
684 5306 745 5352 Et
766 5305 857 5353 tibi
873 5308 984 5354 tam
1008 5319 1102 5354 eos.
1133 5306 1259 5353 Bad.
1285 5303 1465 5366 porro:
1490 5306 1554 5352 Et
1572 5303 1761 5352 territa
1784 5317 1876 5365 per

169 5377 265 5414 eos.
297 5366 421 5424 Alii,
463 5366 722 5429 particula
746 5367 1071 5429 interposita,
1105 5374 1152 5416 et
1170 5373 1379 5416 terram
1406 5368 1576 5425 magis
1610 5376 1870 5429 pergens;

171 5426 852 5499 quamtamen‘particulam
875 5426 981 5499 non
1003 5429 1329 5491 ineleganter
1344 5426 1876 5477 interdum’subintel-

172 5487 432 5549 ligeudam
462 5487 716 5552 relinquit
744 5491 1087 5552 Augustinus.

1668 240 1883 297 LIBER
1922 240 2209 297 PRIMUS.

3600 252 3703 302 (ΠΟ

1996 379 2067 416 ne
2100 363 2242 418 mihi
2272 363 2443 418 fiebat
2469 364 2567 418 abs
2594 368 2647 418 te
2673 366 2819 418 Deus
2848 380 3027 420 meus.
3066 366 3151 419 Illi
3181 367 3337 421 enim
3357 385 3475 422 non
3503 370 3696 424 intue-

1992 453 2201 507 bantur
2230 470 2341 525 quo
2366 455 2636 507 referrem
2661 456 2678 491 ¹
2699 456 2851 525 quod
2880 472 2967 509 me
2988 455 3202 509 discere
3225 459 3524 527 cogebant,
3547 476 3696 528 prae-

1991 547 2254 613 terquam
2289 544 2357 596 ad
2388 544 2668 597 satiandas
2698 545 3046 598 insatiabiles
3080 544 3418 616 cupiditates
3450 548 3693 617 copiosae

1992 628 2204 700 inopia:
2237 634 2292 684 et
2317 630 2719 700 ignominiosae
2750 632 2961 702 glorias.
2999 634 3082 686 Tu
3118 650 3248 687 vero
3286 633 3378 686 cui
3408 636 3696 689 numerati

1992 723 2123 771 sunt
2144 718 2331 788 capilli
2356 719 2556 788 capitis
2581 720 2760 773 nostri
2780 721 2991 789 (Matth.
3018 738 3072 789 Χ,
3091 723 3198 789 30),
3220 738 3411 775 errore
3434 722 3694 775 omnium

1993 806 2088 875 qui
2113 807 2254 860 mihi
2275 808 2565 861 instabant
2587 813 2648 861 ut
2675 808 2973 875 discerem,
3009 810 3260 863 utebaris
3284 811 3354 864 ad
3382 810 3690 865 utilitatem

1991 910 2205 949 meam:
2240 912 2367 949 meo
2398 904 2609 961 autem,
2635 897 2734 967 qui
2766 897 2982 950 discere
3016 897 3303 966 nolebam,
3335 898 3585 951 utebaris
3618 900 3691 953 ad

1987 1001 2216 1053 poenam
2244 1001 2450 1051 meam;
2486 1001 2600 1055 qua
2628 986 2799 1055 plecti
2829 1003 2941 1039 non
2972 1003 3125 1039 eram
3180 986 3449 1056 indiguus
3499 987 3694 1040 tantil-

1988 1073 2074 1125 lus
2100 1090 2243 1143 puer
2282 1080 2337 1126 et
2363 1079 2552 1127 tantus
2583 1078 2862 1144 peccator.
2896 1076 2976 1127 Ita
3015 1074 3084 1128 de
3118 1092 3230 1128 non
3262 1076 3409 1128 bene
3432 1076 3693 1128 facienti-

1988 1159 2093 1213 bus
2134 1166 2194 1214 tu
2231 1161 2377 1215 bene
2425 1161 2665 1215 faciebas
2713 1161 2893 1225 mihi;
2942 1166 2996 1215 et
3044 1163 3112 1215 de
3155 1167 3424 1232 peccante
3477 1162 3694 1233 meipso

1979 1248 2133 1317 juste
2173 1248 2527 1301 retribucbas
2574 1250 2735 1302 mihi.
2780 1250 3003 1301 Jussisti
3044 1250 3217 1317 enim,
3272 1255 3326 1303 et
3356 1251 3435 1303 sic
3487 1256 3596 1319 est,
3631 1257 3693 1305 ut

1985 1353 2156 1407 poena
2186 1354 2288 1391 sua
2318 1338 2424 1391 sibi
2454 1338 2526 1391 sit
2559 1339 2747 1390 omnis
2778 1338 3139 1391 inordinatus
3170 1338 3416 1394 animus.

2640 1439 2864 1492 CAPUT
2904 1439 3045 1491 XIII.

2208 1528 2410 1593 Quibus
2440 1527 2642 1580 studiis
2666 1530 3013 1595 potissimum
3044 1528 3117 1581 sit
3160 1527 3470 1582 delectatus.

2054 1620 2145 1673 20.
2177 1617 2323 1680 Quid
2385 1621 2578 1669 autem
2636 1620 2757 1669 erat
2809 1632 2992 1668 causa:
3044 1632 3166 1688 cur.
3206 1633 3419 1687 graecas
3471 1617 3696 1672 litteras

1988 1705 2221 1758 oderam
2252 1704 2461 1775 quibus
2493 1706 2765 1775 puerulus
2816 1705 3137 1771 imbuebar,
3171 1721 3242 1759 ne
3272 1722 3426 1759 nunc
3457 1707 3696 1777 quidem

1988 1794 2129 1847 mihi
2156 1795 2290 1847 satis
2321 1795 2675 1863 exploratum
2707 1798 2811 1847 est.
2845 1795 3256 1848 Adamaveram
3284 1795 3437 1848 enim
3465 1796 3692 1863 latinas,

1987 1899 2101 1937 non
2138 1899 2276 1953 quas
2306 1883 2481 1952 primi
2502 1883 2781 1952 magistri,
2816 1883 2915 1936 sed
2950 1899 3088 1953 quas
3120 1883 3326 1937 docent
3367 1884 3465 1953 qui
3497 1900 3694 1954 gram—

1986 1969 2179 2022 matici
2206 1975 2495 2023 vocantur.
2532 1972 2675 2024 Nam
2705 1970 2829 2024 illas
2859 1974 3074 2041 primas
3111 1971 3206 2025 ubi
3236 1972 3424 2042 legere
3461 1977 3517 2026 et
3556 1974 3690 2027 scri-

1986 2058 2120 2111 bere
2168 2063 2224 2112 et
2289 2075 2596 2113 numerare
2669 2060 2924 2126 discitur,
2976 2076 3094 2113 non
3160 2060 3353 2114 minus
3425 2078 3692 2116 onerosas

1987 2149 2353 2218 poenalesque
2410 2149 2711 2215 habebam,
2764 2166 2939 2220 quam
2987 2166 3188 2203 omnes
3246 2166 3479 2218 graecas.
3527 2152 3684 2205 Unde

1986 2243 2179 2291 tamen
2226 2242 2280 2290 et
2327 2238 2433 2290 hoc
2476 2237 2585 2290 nisi
2618 2238 2686 2291 de
2718 2243 2948 2307 peccato
2976 2243 3031 2292 et
3062 2238 3312 2291 vanitate
3364 2239 3515 2301 vitae,
3559 2239 3695 2309 quia

1987 2342 2116 2379 caro
2156 2341 2312 2378 eram
2344 2326 2385 2393 ²,
2430 2330 2486 2378 et
2522 2326 2749 2395 spiritus
2782 2326 3082 2379 ambulans
3112 2330 3169 2378 et
3212 2343 3324 2380 non
3355 2330 3689 2380 revertens?

1988 2412 2152 2481 (Psal.
2191 2429 2395 2478 Lxxvn,
2431 2415 2541 2485 39.)
2572 2414 2714 2466 Nam
2747 2413 2950 2484 utique
2994 2414 3278 2483 meliores,
3314 2414 3451 2483 quia
3492 2414 3694 2468 certio-

1986 2518 2075 2554 res
2105 2506 2267 2554 erant
2305 2500 2508 2570 prima:
2567 2501 2679 2555 illae
2711 2502 2936 2568 litterae,
2968 2503 3176 2572 quibus
3201 2503 3373 2556 fiebat
3407 2502 3466 2555 in
3498 2519 3610 2571 me,
3639 2508 3696 2557 et

1986 2590 2195 2643 factum
2213 2595 2314 2655 est,
2349 2595 2405 2643 et
2425 2590 2606 2643 habeo
2629 2590 2768 2643 illud
2797 2596 2856 2643 ut
2879 2595 2933 2643 et
2954 2592 3139 2661 legam
3170 2590 3217 2643 si
3246 2591 3387 2661 quid
3411 2591 3691 2660 scriptum

1986 2679 2235 2746 invenio,
2261 2683 2315 2732 et
2342 2679 2582 2731 scribam
2614 2678 2735 2747 ipse
2764 2679 2810 2731 si
2841 2679 2978 2748 quid
3010 2680 3156 2745 volo,
3190 2696 3365 2749 quam
3407 2679 3521 2732 illae
3565 2680 3693 2749 qui-

1985 2769 2091 2822 bus
2128 2774 2323 2822 tenere
2354 2769 2595 2837 cogebar
2626 2770 2814 2821 Ainem
2844 2767 3033 2820 nescio
3080 2769 3244 2835 cujus
3275 2784 3514 2832 errores,
3547 2769 3691 2821 obli-

1984 2861 2076 2911 tus
2107 2874 2369 2911 errorum
2399 2873 2694 2923 meorum;
2728 2861 2785 2909 et
2809 2857 3039 2925 plorare
3076 2855 3358 2909 Didonem
3380 2860 3691 2925 mortuam,

1984 2945 2119 3016 quia
2150 2962 2207 2999 se
2254 2944 2456 2998 occidit
2485 2945 2555 2998 ob
2588 2959 2862 3009 amorem,
2897 2959 3027 2997 cum
3060 2942 3280 2997 interea
3312 2943 3594 3013 meipsum
3633 2945 3692 2997 in

1982 3034 2071 3088 his
2092 3050 2125 3087 a
2152 3038 2206 3087 te
2236 3034 2597 3101 morientem,
2625 3034 2794 3104 {Deus
2824 3033 2939 3087 vita
2976 3048 3126 3102 mea,
3158 3032 3316 3086 siccis
3366 3032 3543 3086 oculis
3572 3033 3683 3087 fer-

1983 3140 2108 3177 rem
2140 3122 2515 3176 miserrimus.

2054 3215 2141 3265 2l.
2177 3212 2320 3276 Quid
2353 3212 2505 3265 enim
2542 3208 2807 3264 miserius
2846 3210 3056 3264 misero
3088 3227 3203 3264 non
3247 3210 3555 3266 miserante
3600 3227 3687 3264 se-

1984 3299 2191 3369 ipsum,
2224 3304 2281 3353 et
2308 3300 2479 3363 flente
2506 3299 2742 3353 Didonis
2768 3305 3033 3366 mortem,
3069 3316 3198 3370 quae
3228 3300 3400 3353 fiebat
3441 3298 3687 3353 amando

1984 3389 2217 3442 zEneam
2235 3408 2250 3455 ;
2264 3405 2380 3443 non
2397 3387 2568 3442 ﬂente
2581 3394 2771 3442 autem
2789 3398 3031 3443 mortem
3049 3405 3231 3456 suam,
3249 3405 3376 3459 quae
3391 3388 3562 3442 ﬁebat
3575 3404 3690 3441 non

1982 3478 2226 3531 amando
2248 3481 2322 3543 te,
2355 3479 2522 3543 Deus,
2546 3478 2739 3531 lumen
2760 3478 2943 3530 cordis
2961 3477 3095 3546 mei,
3120 3483 3176 3530 et
3204 3477 3370 3546 panis
3395 3477 3509 3530 oris
3531 3477 3689 3530 intus

1984 3566 2191 3619 animas
2228 3582 2389 3631 mea),
2424 3570 2478 3618 et
2508 3566 2686 3620 virtus
2716 3566 2989 3618 maritans
3021 3570 3273 3618 mentem
3306 3581 3494 3617 meam
3525 3568 3581 3617 et
3618 3564 3691 3617 si-

1985 3672 2123 3709 num
2155 3655 2515 3726 cogitationis
2543 3658 2728 3709 meae?
2749 3656 2874 3709 Non
2896 3660 2949 3709 te
2970 3655 3256 3720 amabam,
3289 3658 3345 3707 et
3366 3654 3689 3707 fornicabar

1984 3746 2082 3799 abs
2130 3750 2205 3803 te,
2259 3749 2315 3798 et
2344 3744 2641 3798 fornicanti
2684 3744 2922 3798 sonabat
2955 3743 3233 3813 undique,
3292 3744 3468 3812 Euge,
3523 3758 3688 3813 euge.

1983 3833 2248 3888 Amicitia
2282 3834 2433 3887 enim
2466 3832 2666 3886 mundi
2702 3833 2894 3903 hujus,
2922 3832 3223 3887 fornicatio
3260 3836 3345 3885 est
3372 3832 3471 3885 abs
3497 3834 3594 3898 te;
3634 3836 3693 3885 et

1986 3925 2159 3992 Euge,
2192 3939 2335 3990 euge
2359 3922 2583 3990 dicitur,
2616 3926 2678 3975 ut
2707 3922 2923 3991 pudeat
2953 3921 3000 3974 si
3026 3937 3144 3975 non
3174 3921 3253 3974 ita
3287 3920 3461 3974 homo
3504 3920 3594 3973 sit.
3630 3921 3693 3974 Et

1986 4013 2107 4065 ham
2140 4028 2274 4079 non
2325 4011 2551 4075 flebam,
2600 4010 2695 4063 sed
2746 4010 2953 4063 ﬂebam
3002 4010 3283 4063 Didonem
3348 4011 3692 4078 exstinctam,

1983 4103 2236 4168 ferroque
2281 4104 2521 4153 emtrema
2565 4104 2800 4153 secutam
2846 4099 3081 4167 (zEneid.
3132 4115 3208 4165 vr,
3258 4098 3401 4166 456),
3449 4113 3691 4167 sequens

1984 4190 2104 4261 ipse
2155 4194 2406 4242 extrema
2440 4188 2666 4241 condita
2708 4192 2823 4241 tua.
2872 4187 3068 4241 relicto
3115 4191 3190 4251 te,
3226 4190 3282 4239 et
3312 4190 3461 4237 terra
3489 4184 3511 4218 δ
3564 4184 3691 4237 iens

1985 4279 2045 4332 in
2072 4283 2283 4331 terram
2303 4296 2319 4329 :
2353 4280 2408 4329 et
2464 4276 2511 4329 si.
2540 4276 2877 4347 prohiberer
2902 4292 2969 4329 ea
2993 4275 3202 4343 legere,
3237 4272 3508 4337 dolerem,
3556 4271 3693 4342 quia

1986 4384 2100 4420 non
2118 4368 2369 4436 legerem
2390 4366 2542 4436 quod
2561 4365 2832 4419 dolerem.
2861 4363 3009 4418 Talis
3024 4361 3313 4416 dementia
3333 4361 3691 4415 honestiores

1987 4461 2043 4510 ct
2072 4455 2365 4509 uberiores
2389 4456 2591 4508 litterae
2614 4458 2905 4525 putantur,
2932 4469 3105 4524 quam
3136 4451 3250 4504 illae
3273 4449 3482 4519 quibus
3502 4449 3689 4521 legere

1986 4550 2042 4599 et
2071 4544 2318 4598 scribere
2354 4544 2555 4598 didici.

2057 4637 2141 4688 ‘22.
2177 4633 2284 4687 Sed
2316 4650 2467 4687 nunc
2496 4634 2555 4687 in
2587 4632 2782 4686 anima
2812 4647 2939 4685 mea
2966 4630 3193 4695 clamet,
3227 4629 3374 4681 Deus
3404 4643 3588 4695 meus,
3633 4632 3689 4682 et

1984 4723 2189 4776 veritas
2218 4727 2316 4777 tua
2335 4722 2485 4776 dicat
2505 4722 2674 4776 mihi:
2712 4723 2831 4774 Non
2863 4723 2946 4772 est
2970 4718 3068 4783 ita,
3103 4734 3218 4770 non
3240 4721 3323 4769 est
3344 4716 3457 4784 ita;
3488 4717 3692 4771 melior

1986 4817 2070 4865 est
2099 4812 2607 4883 prorsusdoctrina
2639 4810 2735 4863 illa
2760 4808 2935 4877 prior.
2971 4808 3114 4860 Nam
3139 4822 3264 4860 ecce
3287 4806 3539 4876 paratior
3562 4823 3687 4860 sum

1986 4900 2239 4955 oblivisci
2270 4917 2489 4954 errores
2509 4901 2715 4965 rEneaa,
2744 4902 2916 4967 atque
2953 4896 3149 4949 omnia
3175 4896 3476 4967 ejusmodi,
3517 4912 3687 4967 quam

1986 4990 2228 5043 scribere
2260 4993 2315 5043 et
2344 4990 2551 5059 legere.
2602 4990 2672 5041 At
2715 4986 2867 5039 enim
2910 4986 3035 5039 vela
3088 4987 3343 5055 pendent
3390 4985 3688 5038 liminibus

1985 5079 2488 5149 grammaticarum
2539 5076 2891 5129 scholarum:
2928 5075 3027 5129 sed
3060 5092 3175 5129 non
3230 5076 3328 5128 illa
3358 5074 3539 5143 magis
3589 5073 3688 5125 ho-

1984 5184 2185 5220 norem
2208 5165 2427 5231 secreti,
2466 5181 2639 5234 quam
2670 5170 3069 5234 tegumentum
3100 5164 3307 5218 erroris
3337 5161 3684 5231 significant.

1985 5256 2109 5309 Non
2142 5256 2387 5309 clament
2413 5254 2683 5307 adversus
2715 5270 2827 5316 me,
2859 5272 3003 5325 quos
3018 5255 3139 5324 jam
3162 5270 3276 5307 non
3306 5251 3498 5315 timeo,
3542 5249 3679 5302 dum

2048 5365 2059 5396 ¹
2088 5363 2145 5409 In
2174 5363 2293 5409 Mss.
2321 5361 2535 5423 Lyrensi
2560 5376 2571 5408 :
2603 5360 2939 5424 Rcferretur.

2046 5426 2066 5458 3
2092 5425 2212 5471 Mss.
2248 5424 2564 5485 frequentes,
2599 5437 2705 5485 qua
2732 5436 2864 5473 caro
2900 5436 3065 5472 eram.

2048 5490 2067 5517 τι
2100 5487 2212 5533 Am.
2237 5486 2319 5532 Er.
2354 5488 2405 5532 et
2436 5486 2578 5538 Lov.,
2614 5499 2638 5530 ρ
2678 5489 2843 5534 terra.
