4022 6176
402 252 499 304 671
1607 247 2145 305 CONFESSIONUM
2184 247 2240 304 s.
2282 214 2690 306 AUGUS'I‘INI.
3738 262 3814 314 θη

396 370 669 424 conﬁteor
688 368 793 423 tibi
822 385 951 440 quae
982 370 1096 422 vult
1117 367 1309 422 anima
1358 384 1503 435 mea,
1534 370 1680 423 Deus
1713 386 1893 435 meus,
1924 374 1979 424 et
2001 387 2090 424 ac-

390 457 622 529 quiesco
655 455 717 511 iu
746 456 1187 527 reprehensione
1218 457 1500 511 malarum
1523 457 1743 512 viarum
1801 474 2089 528 mearum,

389 550 456 600 ut
495 545 729 616 diligam
768 545 949 598 bonas
978 545 1095 599 vias
1148 549 1292 599 tuas.
1330 546 1454 599 Non
1492 546 1740 600 clament
1787 547 2089 602 adversum

393 650 484 689 me
506 634 826 688 venditores
852 633 1238 704 grammaticae
1268 635 1355 687 vel
1386 639 1698 703 emptores:
1732 636 1867 706 quia
1888 637 1933 689 si
1963 654 2088 707 pro-

395 738 603 794 ponam
627 721 726 788 eis,
750 721 1107 791 interrogans
1136 726 1329 775 utrum
1360 737 1556 776 verum
1580 722 1652 775 sit
1674 724 1827 793 quod
1858 726 2092 778 Aineam

396 810 705 881 aliquando
721 809 1124 879 Carthaginem
1135 808 1357 863 venisse
1371 811 1540 864 Poeta
1561 810 1724 879 dicit;
1748 811 2093 867 indoetiores

394 915 452 951 se
485 898 699 953 nescire
742 896 1188 967 respondebunt,
1225 897 1505 952 doctiores
1549 904 1738 953 autem
1781 901 1954 955 etiam
1989 918 2090 956 ne-

393 987 610 1055 gabunt
640 1001 834 1039 verum
866 1001 1007 1041 esse.
1037 988 1110 1039 At
1138 986 1185 1039 si
1213 1002 1467 1056 quaeram
1498 988 1705 1058 quibus
1728 989 1934 1042 litteris
1959 988 2093 1042 scri-

394 1076 562 1128 batur
588 1076 777 1128 [tineae
806 1090 1039 1140 nomen,
1067 1090 1266 1127 omnes
1297 1074 1458 1135 mihi.
1489 1075 1589 1146 qui
1610 1076 1731 1129 hth
1751 1077 2090 1143 didicerunt,

393 1179 591 1217 verum
630 1163 1083 1233 respondebunt;
1128 1164 1442 1217 secundum
1473 1164 1531 1217 id
1560 1172 1790 1235 pactum
1820 1173 1875 1220 et
1917 1166 2092 1237 placi-

391 1253 538 1318 tum,
569 1266 682 1320 quo
712 1250 862 1303 inter
886 1267 943 1303 se
974 1250 1233 1304 homines
1260 1251 1368 1304 ista
1397 1252 1558 1322 signa
1577 1252 1900 1308 ﬁrmarunt.
1929 1256 2090 1321 Item,

392 1337 440 1391 si
469 1354 725 1409 qmeram
749 1338 889 1409 quid
912 1338 1119 1391 horum
1140 1339 1357 1408 majore
1387 1340 1518 1393 vitae
1539 1341 1636 1412 buj
1648 1358 1709 1394 us
1732 1343 2094 1397 incommodo

391 1426 633 1496 quisque
664 1426 1049 1494 obliviscatur,
1082 1427 1269 1495 legere
1287 1431 1343 1481 et
1363 1428 1630 1493 scribere,
1658 1446 1729 1483 an
1757 1432 1977 1501 poetica
1994 1432 2091 1485 illa

392 1514 705 1583 ﬁgmenta;
735 1512 862 1583 quis
908 1529 1023 1566 non
1053 1512 1239 1567 videat
1266 1514 1406 1585 quid
1453 1532 1830 1587 responsurus
1861 1519 1950 1583 sit,
1986 1519 2085 1591 qui

396 1617 515 1656 non
544 1604 628 1655 est
656 1602 885 1671 penitus
912 1600 1124 1655 oblitus
1155 1602 1282 1656 sui?
1313 1605 1620 1659 Peccabam
1642 1621 1777 1677 ergo
1805 1624 1948 1677 puer
1966 1624 2095 1661 cum

394 1689 495 1743 illa
524 1689 718 1743 inania
745 1688 867 1743 istis
913 1689 1238 1744 utilioribus
1289 1707 1485 1746 amore
1531 1694 1961 1764 praeponebam,
2007 1696 2093 1749 vel

395 1778 584 1848 potius
612 1778 719 1833 ista
767 1779 1020 1844 oderam,
1053 1779 1154 1833 illa
1183 1781 1466 1835 amabam.
1515 1782 1776 1836 Jamvero
1808 1798 1991 1836 unum
2042 1786 2097 1836 et

397 1882 577 1920 unum
607 1867 744 1936 duo,
778 1868 889 1921 duo
938 1873 994 1922 et
1022 1868 1139 1922 duo
1179 1874 1445 1940 quatuor,
1480 1870 1677 1925 odiosa
1724 1870 1911 1924 cantio
1951 1870 2096 1924 milii

394 1959 542 2022 erat;
575 1959 631 2009 et
655 1956 1053 2011 dulcissimum
1086 1960 1476 2027 spectaculum
1508 1957 1772 2013 vanitatis
1801 1975 1984 2030 equus
2026 1959 2094 2013 li-

393 2057 575 2111 gneus
593 2043 799 2113 plenus
817 2044 1071 2111 armatis,
1098 2050 1155 2098 et
1172 2045 1353 2116 Trojaa
1368 2046 1712 2106 incendium,
1729 2051 1901 2117 atque
1918 2045 2096 2117 ipsius

396 2130 601 2184 umbra
627 2131 851 2187 Creusae
883 2132 1126 2202 (Eneid.
1158 2134 1247 2201 ιι).

1055 2222 1279 2275 CAPUT
1306 2223 1442 2276 XIV.

894 2308 1132 2364 Litteras
1156 2324 1360 2377 graecas
1391 2310 1598 2365 oderat.

467 2397 556 2450 23.
599 2396 713 2451 Cur
753 2411 889 2467 ergo
918 2413 1167 2468 graecam
1197 2398 1367 2452 etiam
1398 2397 1832 2469 grammaticam
1860 2398 2095 2457 oderam

399 2483 537 2538 talia
595 2485 957 2539 cantantem?
1014 2487 1154 2541 Nam
1206 2490 1259 2541 et
1308 2487 1586 2540 Homerus
1646 2486 1863 2557 peritus
1910 2491 2097 2540 texere

398 2574 542 2627 tales
584 2572 837 2640 fabellas,
878 2578 934 2628 et
980 2574 1305 2629 dulcissime
1350 2592 1528 2628 vanus
1580 2580 1686 2645 est,
1733 2579 1790 2629 et
1829 2575 1972 2629 mihi
2014 2580 2098 2629 ta-

404 2677 539 2715 men
585 2677 812 2715 amarus
842 2668 966 2717 erat
993 2680 1191 2734 puero.
1232 2663 1411 2717 Credo
1449 2663 1626 2717 etiam
1666 2663 1864 2733 graecis
1906 2664 2100 2734 pueris

330 2756 331 2759 “
400 2749 669 2820 Virgilius
700 2749 778 2804 ita
807 2750 896 2815 sit,
923 2767 1049 2805 cum
1077 2767 1208 2806 eum
1240 2751 1319 2805 sic
1348 2751 1562 2806 discere
1585 2757 1888 2823 coguntur,
1911 2760 1974 2806 ut
1995 2768 2099 2823 ego

397 2838 583 2893 illum.
665 2838 935 2893 Videlicet
1004 2840 1306 2895 difﬁcultas
1372 2840 1415 2908 ‘,
1465 2841 1700 2895 omnino
1781 2841 2099 2896 ediscendas

399 2927 716 2998 peregrinae
746 2928 980 2999 linguas,
1014 2929 1177 2999 quasi
1205 2929 1335 2983 felle
1368 2930 1701 3000 aspergebat
1729 2946 1941 3005 omnes.
1970 2946 2098 2983 sua-

399 3016 598 3070 vitates
633 3032 846 3087 graecas
874 3018 1262 3073 fabulosarum
1302 3018 1717 3073 narrationum.
1751 3019 1919 3073 Nulla
1946 3019 2101 3073 enim

397 3104 570 3159 verba
598 3104 697 3159 illa
744 3121 1034 3174 noveram,
1066 3111 1123 3161 et
1149 3107 1313 3161 saevis
1342 3108 1656 3161 terroribus
1705 3123 1768 3161 ac
1805 3107 1991 3179 pmnis
2039 3112 2100 3162 ut

399 3207 626 3245 nossem
656 3192 975 3247 instabatur
1022 3194 1167 3248 mihi
1213 3194 1599 3249 vehementer.
1636 3196 1778 3249 Nam
1824 3201 1883 3249 et
1923 3196 2103 3249 latina

401 3279 708 3351 aliquando
740 3280 926 3334 infans
955 3282 1153 3353 utique
1184 3284 1342 3337 nulla
1365 3299 1674 3350 noveram;
1709 3289 1766 3337 et
1784 3288 1977 3338 tamen
2006 3285 2102 3339 ad-

398 3369 671 3423 vertendo
720 3369 892 3443 didici
922 3370 1044 3425 sine
1075 3372 1192 3425 ullo
1232 3376 1389 3426 metu
1438 3376 1606 3443 atque
1636 3372 1912 3438 cruciatu,
1952 3371 2103 3427 inter

399 3457 574 3512 etiam
603 3458 992 3514 blandimenta
1022 3461 1333 3528 nutricum,
1382 3465 1438 3514 et
1460 3460 1588 3531 joca
1618 3460 2014 3529 arridentium,
2047 3465 2102 3516 et

398 3546 1036 3604 lzetitiasalludentium.
1070 3549 1396 3604 Didicivero
1416 3550 1515 3604 illa
1548 3549 1896 3621 sinepuanali
1928 3567 2102 3605 onere

399 3636 751 3706 urgentium,
794 3654 924 3691 cum
956 3654 1046 3693 me
1083 3645 1317 3711 urgeret
1364 3657 1461 3694 cor
1504 3656 1698 3694 meum
1728 3640 1796 3694 ad
1825 3639 2104 3710 parienda

399 3731 672 3796 concepta
713 3743 835 3791 sua,
869 3743 997 3799 quin
1034 3744 1151 3783 non
1189 3745 1415 3799 possem
1445 3728 1491 3799 ²,
1539 3729 1651 3783 nisi
1692 3728 1884 3799 aliqua
1929 3728 2104 3783 verba

399 3812 743 3879 didicissem,
792 3831 908 3869 non
956 3832 987 3868 a
1034 3816 1389 3883 docentibus,
1422 3818 1520 3871 sed
1550 3833 1583 3871 a
1610 3817 1998 3887 loquentibus,
2041 3816 2103 3870 in

396 3915 644 3969 quorum
688 3906 744 3955 et
779 3918 885 3972 ego
926 3902 1160 3957 auribus
1203 3904 1592 3973 parturiebam
1650 3905 1939 3975 quidquid
1980 3921 2105 3958 sen-

394 3988 626 4042 tiebam.
662 3989 802 4043 Hine
830 3990 965 4043 satis
995 3992 1179 4045 elucet
1206 3993 1483 4062 majorem
1521 3992 1732 4045 habere
1762 3992 1875 4046 vim
1919 3994 1990 4046 ad
2013 3993 2101 4046 di-

400 4076 605 4131 scenda
630 4077 738 4131 ista
766 4078 1007 4133 liberam
1046 4079 1453 4143 curiositatem,
1489 4097 1663 4151 quam
1709 4081 2104 4136 meticulosam

399 4166 816 4221 necessitatem.
849 4167 959 4222 Sed
989 4166 1143 4221 illius
1175 4168 1392 4222 ﬂuxum
1425 4170 1546 4223 hmo
1567 4169 1857 4240 restringit
1875 4170 2098 4240 legibus

401 4254 535 4321 tuis,
573 4255 741 4325 Deus,
774 4255 997 4327 legibus
1038 4256 1151 4310 tuis
1180 4273 1214 4310 a
1252 4258 1657 4327 magistrorum
1699 4258 1895 4312 ferulis
1922 4275 2104 4329 usque

401 4342 473 4397 ad
507 4344 849 4399 tentationes
874 4350 1214 4418 martyrum,
1250 4347 1572 4401 valentibus
1602 4347 1823 4419 legibus
1850 4347 1963 4402 tuis
1992 4348 2102 4401 mi-

403 4447 556 4486 scere
610 4434 863 4489 salubres
904 4433 1338 4499 amaritudines,
1384 4441 1713 4491 revocantes
1752 4453 1859 4491 nos
1888 4437 1960 4492 ad
1988 4441 2043 4491 te
2071 4453 2106 4490 a

402 4519 764 4589 jucunditate
787 4523 1079 4595 pestifera,
1111 4524 1248 4596 quia
1273 4525 1609 4579 recessimus
1638 4541 1672 4579 a
1699 4528 1755 4579 te
1792 4522 1831 4580 ⁵.

1048 4632 1275 4687 CAPUT
1316 4633 1426 4688 XV.

978 4723 1223 4776 Precatio
1252 4720 1327 4775 ad
1352 4723 1539 4775 Deum.

475 4804 562 4858 24.
598 4804 828 4871 Exaudi,
866 4809 1127 4877 Domine,
1160 4809 1623 4882 deprecationem
1655 4825 1863 4875 meam,
1895 4824 1966 4863 ne
2004 4808 2104 4863 de-

404 4890 559 4947 ﬁciat
586 4892 780 4947 anima
808 4911 935 4950 mea
977 4898 1083 4952 sub
1124 4898 1424 4970 disciplina
1467 4904 1592 4966 tua;
1630 4913 1814 4969 neque
1844 4897 2104 4952 deﬁciam

404 4982 462 5036 in
511 4982 833 5037 conﬁtendo
894 4985 991 5040 ubi
1023 4987 1420 5043 miserationes
1469 4993 1617 5057 tuas,
1657 4987 1868 5058 quibus
1907 4985 2105 5040 eruisti

409 5087 498 5126 me
530 5071 600 5126 ab
628 5072 894 5127 omnibus
923 5074 1026 5128 viis
1055 5076 1197 5130 meis
1221 5077 1511 5148 pessimis;
1547 5080 1610 5131 ut
1648 5076 1935 5131 dulceseas
1963 5074 2107 5128 mihi

477 5198 619 5264 {Ita
651 5197 773 5247 Mss.
818 5199 1245 5264 praestantiores;
1278 5200 1480 5264 a‘tALov.
1519 5203 1571 5264 et
1600 5199 1747 5264 Arn,
1786 5197 2102 5264 difﬁculter,

408 5260 721 5330 difﬁcultas.
765 5259 833 5296 —'
856 5259 1186 5324 Difﬁculter.
1219 5260 1525 5371 Dig/leuitas
1548 5263 1699 5326 juxta
1728 5259 1924 5311 Somni.
1954 5262 2104 5310 Mart.

409 5341 532 5371 mm]
564 5329 590 5371 5
623 5324 754 5371 Cdd.
783 5323 846 5371 Et
874 5323 1044 5371 Rond.
1073 5337 1194 5371 cum
1223 5326 1250 5371 3
1326 5326 1412 5371 dd.
1436 5325 1503 5371 Μ.

409 5323 532 5378 cum
564 5329 590 5375 5
623 5324 754 5374 Cdd.
783 5323 846 5371 Et
874 5323 1044 5373 Rond.
1073 5337 1194 5373 cum
1223 5326 1250 5371 3
1284 5323 1412 5373 Edd.
1436 5325 1503 5373 M.

468 5393 488 5425 3
505 5389 626 5438 Mss.
656 5388 859 5450 aliquot
878 5400 998 5436 cum
1018 5385 1146 5435 Arn.
1170 5401 1181 5433 :
1207 5387 1273 5435 Et
1293 5387 1425 5450 quia
1448 5399 1555 5437 non
1571 5388 1700 5437 esset
1724 5388 1842 5446 nisi,
1874 5386 1962 5437 alii
1977 5398 2108 5435 non-

405 5451 540 5500 nulli
564 5466 576 5499 :
606 5453 659 5501 et
681 5462 801 5513 qua:
824 5452 1131 5513 nonnosset
1155 5450 1272 5499 nisi.

473 5515 494 5547 3
540 5512 710 5561 Rond’.
729 5526 848 5561 eum
879 5515 906 5560 Ἰ
929 5512 1056 5561 Cdd.
1080 5527 1089 5559 :
1121 5515 1510 5561 Reeesseramus
1535 5524 1568 5560 α
1593 5514 1645 5562 te
1668 5512 1730 5559 M.

2199 406 2372 461 super
2399 406 2597 445 omnes
2628 389 2987 445 seductiones
3017 405 3156 463 quas
3186 391 3481 462 sequebar;
3509 398 3558 448 et
3585 412 3745 452 amem
3778 406 3815 455 te

2197 479 2540 534 validissime
2572 484 2629 534 et
2649 480 2941 550 amplexer
2965 495 3196 534 manum
3222 484 3380 534 tuam
3404 481 3523 534 totis
3544 488 3814 554 praecordiis

2200 568 2363 635 meis,
2397 573 2635 624 eteruas
2668 584 2759 622 me
2790 568 2858 622 ab
2876 568 3033 623 omni
3063 568 3381 623 tentatione
3405 586 3563 640 usque
3588 572 3641 626 in
3665 574 3818 631 ﬁnem.

2202 658 2336 712 Ecce
2367 658 2519 711 enim
2548 663 2631 723 tu,
2680 657 2936 725 Domine,
2978 673 3077 711 rex
3106 673 3266 711 meus
3290 662 3347 711 et
3393 658 3525 712 Deus
3549 675 3708 730 meus,
3743 664 3822 720 tibi

2201 744 2405 798 serviat
2434 744 2711 816 quidquid
2759 744 2899 798 utile
2934 760 3079 814 puer
3107 743 3315 808 didici;
3364 744 3463 799 tibi
3504 747 3683 801 serviat
3706 753 3821 820 quod

2200 833 2421 904 loquor,
2454 837 2510 887 et
2538 832 2744 901 scribo,
2776 836 2831 886 et
2862 833 3013 903 lego,
3061 836 3117 886 et
3148 848 3413 886 numero:
3457 833 3698 904 quoniam
3724 854 3822 893 cum

2200 936 2346 975 vana
2379 919 2676 987 discerem,
2706 924 2765 975 tu
2797 920 3159 990 disciplinam
3192 919 3362 973 dabas
3394 920 3554 988 mihi;
3594 928 3642 976 et
3683 924 3732 977 in
3764 925 3824 978 eis

2199 1010 2359 1063 vanis
2391 1014 2617 1078 peccata
2660 1009 3099 1063 delectatiouum
3133 1024 3391 1062 mearum
3430 1009 3667 1064 dimisisti
3692 1011 3817 1067 mihi.

2205 1096 2384 1149 Didici
2414 1097 2568 1149 enim
2597 1096 2656 1149 in
2706 1096 2785 1149 eis
2818 1097 2996 1150 multa
3024 1095 3198 1150 verba
3238 1095 3417 1162 utilia,
3446 1096 3537 1150 sed
3563 1101 3612 1150 et
3639 1114 3744 1167 quae
3781 1099 3823 1153 in

2202 1185 2371 1238 rebus
2418 1200 2532 1238 non
2562 1184 2718 1237 vanis
2766 1184 2904 1238 disci
2932 1189 3198 1256 postunt:
3232 1187 3289 1237 et
3320 1199 3386 1237 ea
3411 1183 3519 1237 vita
3557 1188 3665 1238 tuta
3690 1192 3759 1239 est
3782 1185 3824 1240 in

2206 1287 2317 1343 qua
2345 1271 2511 1342 pueri
2543 1271 2920 1326 ambularent.
3486 1274 3493 1281 '

2853 1360 3079 1415 CAPUT
3134 1361 3273 1415 XVI.

2450 1450 2725 1519 Improbat
2757 1449 2975 1504 modum
2998 1449 3307 1518 juventutz's
3328 1450 3634 1506 moliendae.

2272 1540 2362 1592 25.
2393 1538 2502 1592 Sed
2553 1555 2636 1592 vae
2682 1537 2806 1603 tibi,
2849 1538 3067 1592 ﬂumen
3101 1538 3279 1592 moris
3330 1538 3583 1593 humani!
3628 1537 3740 1602 Quis
3764 1554 3826 1591 re-

2204 1625 2364 1680 sistet
2391 1626 2542 1680 tibi?
2571 1626 2851 1697 quamdiu
2873 1642 2989 1680 non
3019 1624 3360 1680 siccaberis?
3383 1641 3661 1698 quousque
3684 1625 3826 1679 volves

2206 1719 2331 1772 Eva:
2365 1717 2509 1771 ﬁlios
2538 1717 2599 1772 in
2635 1733 2793 1771 mare
2828 1732 3102 1788 magnum
3143 1720 3203 1770 et
3248 1716 3676 1781 formidolosum,
3716 1715 3827 1785 quod

2201 1807 2290 1860 vix
2337 1810 2636 1859 transeunt
2664 1806 2765 1876 qui
2796 1805 3017 1877 lignum
3060 1804 3525 1858 conscenderint?
3555 1805 3722 1857 Nonne
3750 1818 3824 1872 ego

2202 1896 2262 1950 in
2308 1900 2362 1950 te
2398 1894 2511 1965 legi
2554 1899 2612 1949 et
2660 1900 2952 1949 tonantem
3000 1894 3199 1947 Jovem
3248 1897 3305 1948 et
3331 1892 3744 1948 adulterantem?
3784 1892 3828 1943 Et

2205 1983 2401 2056 utique
2432 1999 2549 2037 non
2578 1988 2769 2053 posset
2791 1984 2913 2038 haec
2942 1982 3082 2050 duo;
3108 1983 3207 2037 sed
3227 1986 3414 2036 actum
3444 1985 3543 2050 est,
3571 1985 3627 2034 ut
3651 1980 3827 2034 haberet

2202 2071 2598 2126 auctoritatem
2627 2072 2697 2126 ad
2719 2071 3066 2127 imitandum
3097 2087 3299 2125 verum
3330 2069 3672 2133 adulterium,
3712 2068 3826 2121 leno-

2204 2159 2432 2214 cinante
2454 2160 2591 2214 falso
2616 2160 2889 2214 tonitruo.
2923 2159 3059 2224 Quis
3082 2164 3278 2215 autem
3309 2159 3682 2232 penulatorum
3701 2154 3828 2225 magi-

2204 2253 2452 2303 strorum
2473 2248 2631 2302 audit
2649 2264 2785 2302 aure
2805 2249 3017 2314 sobria,
3036 2263 3103 2302 ex
3130 2248 3342 2303 eodem
3360 2247 3580 2318 pulvere
3598 2243 3825 2300 hominem

2204 2334 2548 2389 clamantem
2605 2340 2662 2389 et
2700 2335 3011 2390 dicentem:
3063 2336 3336 2403 Fingebat
3381 2339 3487 2389 haec
3532 2336 3769 2401 Homerus,
3796 2332 3829 2380 σε

2207 2425 2445 2477 humana
2473 2424 2547 2477 ad
2576 2427 2707 2478 Deos
2738 2424 3132 2490 transferebat;
3168 2424 3359 2477 divina
3404 2422 3603 2478 mallem
3642 2419 3705 2473 ad
3730 2418 3830 2472 nos?

2208 2513 2439 2579 (Cicero,
2474 2513 2686 2566 Tuscut.
2738 2513 2809 2580 l.)
2853 2511 2962 2567 Sed
3002 2511 3193 2565 verius
3223 2511 3431 2565 dicitur
3473 2509 3613 2581 quod
3638 2506 3828 2576 ﬁngebat

2206 2600 2329 2654 haec
2364 2599 2597 2688 quidem
2628 2599 2755 2667 ille;
2787 2600 2885 2654 sed
2912 2600 3248 2654 hominibus
3269 2598 3555 2672 ﬂagitiosis
3583 2595 3742 2688 divina

2206 2681 2555 2755 buendofne
2582 2688 2801 2759 ﬂagitia
2821 2688 3041 2761 ﬂagitia
3057 2693 3401 2760 putarentur
3422 2690 3462 2756 ί,
3482 2691 3535 2740 et
3552 2690 3611 2740 ut
3631 2681 3826 2754 quisquis

2207 2794 2274 2832 ea
2305 2777 2546 2843 fecisset,
2577 2793 2694 2830 non
2732 2777 2995 2831 homines
3033 2776 3311 2847 perditos,
3346 2775 3444 2831 sed
3478 2774 3701 2829 caelestes
3734 2769 3828 2824 deas

2206 2865 2499 2920 videretur
2531 2865 2811 2921 imitatus.

2278 2954 2373 3008 26.
2414 2953 2478 3007 Et
2505 2956 2717 3020 tamen,
2754 2969 2786 3006 o
2813 2952 3028 3034 ﬂumen
3068 2956 3403 3018 tartaream,
3430 2952 3691 3023 jactentur
3712 2946 3759 3000 in
3793 2948 3829 2996 te

2210 3057 2312 3112 ﬁlii
2340 3057 2665 3129 hominum,
2711 3075 2846 3114 cum
2887 3060 3265 3114 mercedibus
3297 3064 3356 3114 ut
3394 3059 3512 3114 haec
3546 3057 3755 3115 discant;
3792 3053 3831 3101 et

2211 3162 2419 3217 magna
2446 3163 2534 3201 res
2566 3148 2775 3218 agitur,
2816 3164 2945 3202 cum
2980 3148 3087 3202 hoc
3117 3148 3313 3219 agitur
3334 3146 3550 3218 publice
3577 3144 3633 3198 in
3657 3141 3769 3203 foro,
3790 3135 3829 3188 in

2210 3239 2519 3306 conspectu
2564 3237 2758 3308 legum
2790 3253 2964 3308 supra
2991 3237 3318 3291 mercedem
3357 3233 3553 3289 salaria
3581 3231 3826 3287 decernen—

2209 3322 2386 3391 tium;
2419 3328 2477 3378 et
2498 3341 2629 3379 saxa
2648 3330 2747 3379 tua
2776 3325 3024 3397 percutis
3040 3329 3096 3379 et
3126 3341 3296 3379 sonas
3317 3323 3506 3378 dicens
3528 3338 3541 3376 :
3572 3319 3692 3374 Hinc
3706 3312 3829 3368 verba

2211 3411 2526 3479 discuntur,
2574 3411 2707 3466 hinc
2741 3411 3057 3483 acquiritur
3097 3410 3432 3483 eloquentia
3475 3408 3630 3464 rebus
3656 3414 3830 3475 persua'

2211 3499 2410 3555 dendis
2458 3499 2869 3570 sententiisque
2899 3499 3251 3570 explicandis
3277 3498 3518 3554 maxime
3559 3486 3829 3548 necessaria.

2211 3589 2297 3642 Ita
2333 3605 2465 3643 vero
2494 3605 2607 3644 non
2639 3604 3104 3659 cognosceremus
3146 3588 3324 3642 verba
3354 3588 3491 3653 haec,
3525 3582 3735 3638 imbrem
3760 3589 3829 3627 an-

2211 3694 2397 3746 reum,
2426 3683 2481 3733 et
2507 3679 2813 3749 gremium,
2845 3682 2900 3732 et
2932 3678 3145 3744 fucum,
3180 3684 3236 3732 et
3271 3677 3481 3747 templa
3519 3672 3650 3737 coeli,
3678 3673 3723 3723 et
3758 3663 3834 3716 alia

2210 3765 2381 3820 verba
2402 3783 2528 3839 quae
2548 3766 2609 3821 in
2637 3783 2703 3821 eo
2730 3767 2854 3821 loco
2874 3766 3103 3838 scripta,
3123 3771 3280 3831 sunt,
3310 3765 3418 3820 nisi
3436 3760 3701 3819 Terentius
3718 3751 3831 3839 induf

2211 3859 2363 3909 ceret
2385 3837 2631 3926 nequam
2649 3837 3064 3909 adolescentem
3076 3859 3488 3927 proponentem
3501 3849 3602 3905 sibi
3614 3849 3771 3902 Jovem
3785 3837 3832 3935 ad

2210 3944 2538 4015 exemplum
2570 3944 2773 4016 stupri,
2795 3944 2934 3999 dum
2964 3948 3178 4015 spectat
3205 3944 3460 3999 tabulam
3485 3935 3751 4012 quamdam
3774 3943 3830 3997 ρι-

2212 4035 2361 4085 ctam
2390 4031 2449 4085 in
2483 4031 2722 4102 pariete,
2758 4032 2853 4086 ubi
2899 4032 3086 4087 inerat
3132 4032 3356 4103 pictura
3384 4032 3530 4085 haec:
3576 4029 3728 4081 Jovem
3762 4028 3832 4085 φιλο

2209 4124 2366 4188 pacto
2387 4123 2585 4176 Danaa:
2605 4123 2812 4177 misisse
2834 4124 2994 4175 aiunt
3021 4124 3083 4175 in
3101 4123 3367 4189 gremium
3390 4116 3642 4189 quondam
3666 4107 3832 4164 ὑηὸνεηι

2212 4222 2454 4269 aureum,
2467 4210 2655 4275 fucum
2672 4210 2882 4275 factum
2903 4210 3161 4264 mulieri?
3187 4210 3253 4263 Et
3270 4208 3396 4263 vide
3417 4194 3829 4281 quemadmodum

2212 4312 2270 4348 se
2293 4296 2539 4351 concitat
2568 4298 2640 4351 ad
2660 4296 2980 4363 libidinem,
3015 4297 3177 4368 quasi
3205 4294 3424 4352 ccelesti
3451 4285 3761 4361 magisterio:

2211 4381 2277 4431 At
2311 4395 2467 4445 quem
2501 4382 2659 4432 deum
2696 4382 2939 4448 (inquit)?
2962 4364 3063 4440 Qui
3106 4382 3301 4446 templa
3342 4380 3461 4432 cceli
3496 4387 3682 4428 summa
3704 4364 3832 4419 sonitu

2400 4472 2571 4511 eoneu
2599 4466 2610 4473 '
2642 4498 2655 4511 .

2211 4542 2319 4603 Ego
2346 4466 2637 4591 homunetilc:
2667 4542 2720 4591 id
2754 4555 2863 4592 non
2883 4542 3144 4592 facerem?
3174 4542 3285 4605 Ego
3318 4554 3439 4592 vero
3463 4538 3556 4589 feci
3585 4530 3702 4584 illud
3720 4528 3775 4577 ita
3792 4533 3835 4569 ac

2397 4621 2603 4671 lubens.

2830 4700 2908 4766 (in
2943 4698 3193 4751 Eunucho
3216 4737 3229 4759 ,
3256 4703 3360 4751 act.
3383 4698 3435 4755 3,
3463 4706 3594 4747 scen.
3639 4690 3696 4751 5-)

2282 4781 2406 4835 Non
2432 4780 2670 4836 omnino
2701 4797 2803 4853 per
2830 4782 2975 4836 hanc
2994 4781 3410 4853 turpitudinem
3437 4776 3597 4861 verba
3612 4773 3704 4861 ista
3722 4775 3836 4861 colli;

2211 4869 2436 4924 modius
2465 4850 2797 4936 discuntur;
2829 4869 2927 4924 sed
2959 4886 3060 4941 per
3089 4850 3212 4924 haec
3243 4869 3412 4923 verba
3454 4857 3720 4935 turpitudo
3752 4850 3831 4903 ista

2212 4958 2588 5013 conﬁdentius
2611 4963 2993 5030 perpetratur.
3021 4960 3147 5013 Non
3167 4974 3367 5012 accuso
3379 4954 3560 5019 verba,
3583 4943 3723 5021 quasi
3737 4948 3835 5031 vasa

2212 5049 2389 5102 electa
2412 5053 2584 5120 atque
2612 5048 2895 5118 pretiosa;
2947 5048 3047 5102 sed
3072 5047 3270 5101 vinum
3300 5042 3503 5101 erroris
3529 5032 3834 5126 quod-illc“?lg

2213 5137 2375 5191 nobis
2399 5113 2812 5208 prdpinabatur
2840 5113 2911 5190 ab
2941 5136 3115 5190 ebriis
3142 5134 3495 5190 doctoribus:
3523 5134 3576 5183 et
3601 5121 3695 5216 nisi

2214 5206 2425 5293 remus,
2465 5206 2847 5291 ciedebamur,
2894 5241 2996 5279 nec
3046 5225 3332 5296 appellare
3368 5220 3603 5291 aliquem
3636 5206 3832 5299 iudicet!1

2214 5313 2469 5368 sobrium
2497 5313 2722 5368 licebat.
2756 5314 2820 5368 Et
2847 5317 3039 5368 tamen
3071 5329 3199 5382 ego,
3233 5314 3379 5368 Deus
3421 5322 3589 5371 meus,
3621 5300 3671 5355 in
3713 5298 3832 5382 clm”

2215 5407 2529 5475 conspectu
2542 5403 2662 5474 jam
2692 5418 2889 5457 secura
2905 5407 2991 5457 est
3014 5379 3332 5458 recordatio
3353 5413 3495 5463 mea,
3517 5390 3729 5448 libenter
3742 5379 3832 5432 haec

2280 5511 2294 5543 1
2329 5509 2479 5573 Apud
2514 5510 2637 5559 Lov.
2661 5524 2672 5558 :
2697 5511 2776 5561 Ne
2795 5508 3014 5573 ﬂagitia
3031 5512 3375 5573 putarentur.
3404 5504 3509 5551 Non
3543 5498 3728 5554 ίηιεενε·
