4026 6180
180 262 285 313 673

176 383 376 451 didici,
407 387 466 438 et
511 383 595 437 eis
626 380 951 436 delectabar
978 380 1155 436 miser
1191 384 1247 436 et
1292 381 1364 437 ob
1392 381 1503 437 hoc
1544 381 1718 437 bonae
1767 391 1898 453 spei

177 489 321 546 puer
348 470 706 544 appellabar.

831 541 1059 596 CAPUT
1086 542 1247 596 XVII.

184 634 537 703 Prosequitur
575 636 763 687 contra
805 630 1023 685 modum
1042 630 1358 685 exercenda
1379 630 1699 701 juventutis
1742 631 1801 684 in
1837 644 1896 683 re

887 721 1164 775 lilteraria
1176 761 1190 774 .

252 812 343 865 27.
387 809 521 865 Sine
559 826 674 880 me,
719 811 869 864 Deus
903 824 1083 876 meus,
1123 808 1312 863 dicere
1354 808 1573 880 aliquid
1615 812 1672 862 et
1706 808 1775 863 de
1805 806 1893 861 in-

180 899 358 971 genio
390 915 520 953 meo
559 914 799 953 munere
836 902 955 965 tuo,
990 896 1051 951 in
1081 898 1290 969 quibus
1322 914 1356 951 a
1382 913 1474 951 me
1506 896 1895 952 deliramentis

180 988 558 1043 atterebatur.
583 986 1017 1057 Proponebatur
1033 985 1188 1040 enim
1210 985 1351 1040 mihi
1371 985 1669 1058 negotium
1685 984 1892 1038 anima:

184 1092 335 1130 mea;
366 1074 502 1130 satis
536 1073 878 1145 inquietum,
907 1074 1147 1145 praemio
1167 1074 1372 1143 laudis,
1394 1079 1449 1129 et
1480 1074 1773 1128 dedecoris
1804 1072 1889 1127 vel

182 1168 493 1239 plagarum
524 1174 701 1235 metu,
748 1171 809 1220 ut
842 1165 1091 1220 dicerem
1129 1166 1303 1220 verba
1331 1166 1568 1220 lunonis
1599 1164 1896 1220 irascentis

183 1262 244 1311 et
268 1255 516 1311 dolentis
540 1254 694 1327 quod
714 1271 829 1309 non
859 1259 1055 1326 posset
1074 1255 1236 1309 Italia
1254 1256 1604 1309 Teucrorum
1635 1259 1893 1309 avertere

183 1361 385 1416 regem
419 1343 649 1416 (Eneid.
687 1344 781 1398 lib.
824 1347 873 1410 1,
912 1359 965 1397 υ.
1010 1344 1226 1410 36-75);
1268 1359 1396 1414 quae
1440 1359 1739 1413 nunquam
1791 1342 1896 1395 lu-

185 1450 403 1488 nonem
424 1433 626 1488 dixisse
649 1432 942 1487 audieram
964 1448 976 1485 :
998 1431 1095 1485 sed
1116 1432 1522 1508 figmentorum
1540 1431 1896 1502 poeticorum

184 1522 432 1594 vestigia
446 1525 702 1576 errantes
720 1519 882 1592 sequi
895 1519 1263 1589 cogebamnr,
1279 1524 1334 1574 et
1353 1520 1462 1573 tale
1482 1519 1697 1590 aliquid
1712 1519 1898 1574 dicere

186 1610 396 1666 solutis
416 1609 625 1675 verbis,
658 1610 827 1680 quale
854 1610 1027 1663 Poeta
1050 1607 1284 1663 dixisset
1304 1608 1590 1673 versibus;
1625 1613 1681 1662 et
1701 1607 1798 1662 ille
1819 1607 1899 1661 di-

184 1699 352 1755 cebat
367 1697 732 1763 laudabilius,
754 1697 815 1751 in
830 1714 943 1768 quo
957 1714 1061 1768 pro
1086 1696 1359 1768 dignitate
1382 1697 1736 1752 adumbratae
1765 1713 1893 1767 per-

185 1805 371 1855 εοηίε,
403 1787 505 1841 ἥρω
544 1802 609 1840 ac
650 1784 863 1840 doloris
894 1785 1139 1839 similior
1171 1787 1403 1840 effectus
1432 1786 1741 1853 eminebat,
1773 1801 1896 1839 vero

191 1875 285 1931 bis
317 1873 624 1929 sententias
661 1877 1043 1944 congruenter
1071 1872 1469 1928 vestientibus.
1507 1873 1721 1945 thuid
1757 1873 1901 1928 mihi

189 1961 364 2031 illud,
394 1978 427 2016 ο
448 1976 581 2014 vera
598 1960 714 2014 vita
734 1976 881 2027 mea,
915 1961 1063 2014 Deus
1083 1977 1263 2029 meus,
1297 1961 1450 2032 quod
1475 1960 1618 2015 mihi
1638 1960 1899 2015 recitanti

190 2049 620 2107 acclamabatur
648 2066 769 2120 prae
816 2048 1012 2103 multis
1058 2048 1360 2103 coaetaneis
1406 2053 1461 2103 et
1486 2047 1903 2103 conlectoribus

190 2138 382 2195 meis?
411 2139 611 2193 Nonne
642 2154 769 2192 ecce
800 2137 898 2191 illa
927 2137 1121 2191 omnia
1150 2137 1342 2190 fumus
1371 2140 1428 2191 et
1458 2137 1703 2192 ventus?
1744 2139 1901 2191 Itane

189 2227 357 2282 aliud
368 2243 487 2282 non
507 2230 630 2281 erat
650 2225 748 2280 ubi
761 2230 1121 2281 exerceretur
1135 2224 1192 2279 in
1201 2224 1436 2296 genium
1448 2231 1507 2280 et
1526 2224 1724 2296 lingua
1736 2227 1904 2279 mea?

194 2316 422 2373 Laudes
462 2321 600 2382 tuas,
636 2314 897 2381 Domine,
931 2315 1129 2369 laudes
1162 2320 1276 2368 tuae
1304 2330 1408 2385 per
1435 2314 1756 2385 Scripturas
1780 2318 1905 2368 tuas

191 2404 615 2477 suspenderent
640 2403 941 2475 palmitem
978 2404 1164 2458 cordis
1195 2403 1329 2469 mei,
1372 2408 1430 2458 et
1458 2419 1572 2457 non
1604 2407 1903 2474 raperetur

188 2510 299 2565 per
345 2492 544 2547 inania
585 2509 871 2563 nugarum
918 2492 1104 2562 turpis
1142 2492 1339 2563 praeda
1386 2491 1731 2547 volatilibus.
1782 2492 1904 2546 Non

188 2582 353 2638 enim
379 2598 496 2636 uno
529 2582 700 2637 modo
730 2581 1081 2635 sacrificatur
1105 2580 1625 2652 transgressoribus
1654 2581 1894 2651 angelis.

833 2671 1057 2725 CAPUT
1087 2671 1273 2725 XVIII.

189 2761 353 2829 Quod
386 2761 621 2815 homines
658 2763 852 2814 curant
890 2774 1107 2813 servare
1142 2760 1278 2825 leges
1320 2763 1817 2825 grammaticorum,
1856 2762 1908 2813 et

610 2863 719 2902 non
748 2848 1058 2902 divinorum
1080 2852 1492 2917 praceptorum.

268 2941 363 2993 28.
397 2936 545 3002 Quid
593 2941 786 2991 autem
814 2936 1028 2991 mirum
1063 2936 1218 3007 quod
1246 2935 1307 2990 in
1334 2935 1615 2990 vanitates
1644 2934 1724 2990 ita
1759 2936 1905 2990 fere-

192 3027 329 3089 bar,
378 3030 439 3079 et
476 3028 618 3092 ate,
667 3026 816 3079 Deus
845 3040 1028 3091 meus,
1068 3024 1224 3079 ibam
1265 3023 1437 3090 foras,
1486 3024 1714 3094 quando
1763 3023 1907 3078 mihi

192 3113 471 3171 imitandi
490 3113 961 3184 proponebantur
982 3112 1262 3180 homines,
1292 3112 1393 3184 qui
1418 3113 1611 3184 aliqua
1628 3112 1775 3166 facta
1805 3128 1908 3166 sua

195 3219 322 3258 ncn
365 3201 541 3271 mala,
576 3202 624 3255 si
653 3217 784 3255 cum
828 3200 1183 3256 barbarismo
1221 3205 1320 3255 aut
1351 3200 1666 3255 soloecismo
1716 3216 1905 3254 enun-

198 3292 438 3356 tiarent,
483 3290 820 3361 reprehensi
864 3289 1390 3356 confundebantur;
1437 3289 1485 3343 si
1531 3294 1723 3343 autem
1777 3288 1907 3343 libi-

192 3380 371 3436 dines
414 3395 546 3433 suas
573 3377 815 3449 integris
847 3382 903 3432 et
932 3378 1039 3432 rite
1078 3376 1558 3447 consequentibus
1588 3376 1775 3430 verbis
1812 3392 1905 3429 co-

191 3469 363 3540 piose
387 3472 703 3539 ornateque
731 3471 1054 3533 narrarent,
1086 3465 1303 3520 laudati
1333 3464 1774 3535 gloriabantur?
1805 3462 1905 3517 Vi-

192 3558 302 3612 des
327 3556 475 3624 haec,
511 3555 774 3622 Domine,
823 3560 893 3610 et
947 3560 1117 3620 taces,
1150 3552 1518 3626 longanimis,
1569 3557 1625 3606 et
1663 3553 1907 3606 multum

197 3644 550 3711 misericors,
589 3649 646 3699 et
694 3660 880 3699 verax.
919 3642 1211 3714 Numquid
1254 3658 1482 3711 semper
1530 3640 1788 3695 tacebis?
1837 3642 1904 3694 Et

197 3749 365 3789 nunc
377 3732 532 3788 eruis
551 3734 570 3770 ¹
590 3733 659 3787 de
683 3733 791 3787 hoc
810 3733 1227 3787 immanissima
1248 3729 1536 3801 profundo
1554 3734 1909 3801 quaerentem

195 3827 259 3877 te
290 3821 568 3887 animam,
607 3824 665 3875 et
707 3820 996 3875 sitientem
1026 3819 1428 3874 delectationes
1456 3824 1606 3888 tuas,
1651 3823 1707 3873 et
1747 3818 1909 3889 cujus

196 3928 307 3967 cor
352 3910 491 3965 dicit
534 3909 668 3965 tibi:
715 3910 948 3976 Quaesivi
1000 3910 1208 3963 vultum
1246 3914 1433 3975 tuum;
1476 3909 1682 3962 vultum
1733 3912 1907 3975 tuum,

195 4000 449 4067 Domine,
504 4000 783 4067 requiram
850 3998 1028 4067 (Psal.
1083 4013 1229 4062 xxvx,
1289 3997 1381 4067 8).
1424 3996 1565 4050 Nam
1607 4000 1630 4032 ²
1670 3997 1909 4067 Ιοηεθ-ει

194 4089 365 4145 vultu
405 4092 531 4155 tuo,
561 4086 621 4140 in
653 4086 858 4141 affectu
896 4085 1201 4139 tenebroso
1233 4080 1274 4138 δ.
1311 4084 1436 4137 Non
1479 4083 1631 4137 enim
1665 4084 1907 4155 pedibus

196 4181 308 4232 aut
339 4175 536 4247 spatiis
579 4176 838 4229 locorum
885 4174 1001 4228 itur
1038 4172 1138 4227 abs
1168 4176 1242 4234 te,
1297 4176 1397 4226 aut
1443 4171 1667 4226 reditur
1710 4172 1779 4226 ad
1828 4176 1907 4227 te.

197 4268 324 4320 Aut
369 4280 503 4318 vero
550 4262 704 4318 illius
750 4262 846 4317 ille
894 4260 1262 4331 tuusqminor
1304 4276 1500 4331 equos,
1550 4264 1649 4314 aut
1687 4275 1907 4328 currus,

194 4353 297 4407 vel
329 4368 501 4406 naves
548 4350 828 4423 quaesivit,
880 4356 980 4405 aut
1015 4328 1258 4404 avolavit
1300 4365 1493 4420 penna
1533 4347 1766 4414 visibili,
1814 4352 1914 4402 aut

196 4446 370 4495 moto
412 4440 630 4511 poplite
660 4439 771 4493 iter
814 4437 951 4510 egit,
996 4444 1061 4492 ut
1097 4437 1159 4492 in
1188 4437 1506 4508 longinqua
1552 4436 1786 4507 regione
1830 4436 1913 4490 vi-

196 4545 349 4583 vens
390 4527 630 4599 prodige
659 4527 961 4598 dissiparet
1009 4527 1164 4598 quod
1209 4527 1448 4582 dederas
1497 4525 1915 4597 proﬁciscenti?

198 4615 404 4673 Dulcis
431 4620 594 4687 pater
621 4615 760 4688 quia
786 4615 1043 4681 dederas,
1076 4622 1134 4669 et
1182 4631 1363 4686 egeno
1395 4614 1657 4669 redeunti
1691 4613 1911 4669 dulcior

200 4708 357 4777 (Luc.
390 4721 482 4768 xv,
518 4707 599 4771 1'2,
652 4705 762 4775 32).
807 4706 873 4759 lu
906 4704 1112 4758 affectu
1142 4720 1277 4775 ergo
1309 4703 1635 4771 libidinoso,
1668 4703 1727 4758 id
1754 4703 1913 4758 enim

200 4799 294 4849 est
319 4794 642 4861 tenebroso,
676 4798 847 4864 atque
876 4793 933 4848 id
963 4798 1048 4847 est
1079 4792 1247 4863 longe
1269 4810 1303 4846 a
1323 4794 1481 4846 vultu
1509 4798 1627 4846 tuo.

277 4884 374 4936 '29.
394 4881 553 4945 Vide,
588 4881 826 4936 Domine
860 4881 1029 4950 Deus,
1053 4884 1110 4934 et
1129 4881 1429 4951 patienter,
1462 4885 1526 4935 ut
1552 4878 1729 4949 vides,
1759 4879 1910 4946 vide,

200 4970 505 5043 quomodo
534 4969 840 5040 diligenter
859 4969 1282 5025 observenttilii
1302 4969 1603 5024 hominum
1635 4973 1803 5039 pacta
1825 4968 1916 5023 lit-

272 5062 290 5094 ι
322 5057 424 5106 Am
455 5058 606 5107 Er.et
625 5057 767 5106 Lov.:
787 5058 1148 5107 Etnoneruis.
1166 5056 1265 5106 Sed
1278 5056 1466 5106 melius
1479 5057 1633 5120 longe
1646 5057 1755 5109 Bad
1784 5057 1913 5106 Arn.

200 5126 259 5173 et
280 5121 409 5184 mss.
444 5119 696 5184 praecipui
713 5134 724 5167 :
741 5122 819 5184 _El
834 5133 972 5168 nunc
994 5122 1152 5184 eruis.

270 5185 294 5218 ³
332 5180 463 5231 Mss?
485 5187 593 5231 tres
607 5180 797 5231 Ἀωῇά
828 5184 966 5231 Nam
989 5180 1084 5231 ivi.

270 5248 295 5281 ³
320 5243 629 5307 ApudALov.
659 5242 888 5307 additur,
910 5256 1179 5307 cqsseram.
1203 5243 1323 5292 Am.
1363 5245 1420 5307 et_
1436 5242 1551 5301 Er.,
1582 5254 1911 5307 recesserant.

202 5309 269 5357 In
291 5304 420 5356 Mss.
438 5305 554 5355 Alb.
570 5305 877 5363 habetur,iu
892 5304 1089 5368 a/Ieclu
1114 5318 1262 5355 eram
1281 5304 1773 5368 ιεηινξΙηὊεᾳ-ΑριιᾱρΔ
1786 5304 1912 5353 Bad.

204 5382 359 5427 vero,
383 5368 510 5417 Arn.
541 5372 593 5416 et
620 5371 838 5416 caeteros
867 5364 972 5417 fere
1002 5381 1184 5429 omnes
1214 5368 1334 5422 Mss.
1366 5364 1673 5429 generalior
1702 5364 1915 5415 effertur

204 5430 480 5481 sententia
512 5430 709 5492 absque
734 5429 931 5492 addito,
960 5434 1019 5477 ut
1039 5428 1394 5492 intelligamus
1418 5428 1574 5492 longe
1600 5442 1631 5477 a
1658 5428 1767 5477 Deo
1796 5442 1910 5477 esse

205 5493 337 5543 illos
369 5492 459 5556 qui
494 5490 636 5541 suut‘
651 5491 707 5540 in
741 5490 932 5542 aﬁectu
964 5490 1264 5541 tenebroso.

1663 258 1878 314 LIBER
1924 257 2211 315 PRIMUS.

3589 266 3694 320 674

2005 384 2279 448 terarum,
2316 383 2371 435 et
2398 380 2751 451 syllabarum
2790 387 3022 453 accepta
3050 398 3084 436 a
3128 383 3416 455 prioribus
3440 387 3710 441 locutori—

2003 468 2132 539 bus,
2163 474 2218 523 et
2255 488 2287 524 a
2338 474 2393 524 te
2427 474 2655 540 accepta
2700 474 2912 525 aeterna
2958 476 3125 542 pacta
3166 478 3459 544 perpetuae
3504 473 3705 528 salutis

2004 557 2329 628 negligant;
2383 561 2447 611 ut
2487 557 2588 629 qui
2626 558 2724 613 illa
2751 575 3024 613 sonorum
3066 564 3257 614 vetera
3284 561 3492 631 placita
3518 566 3711 623 teneat

2003 651 2103 700 aut
2131 646 2347 714 doceat,
2382 645 2430 700 si
2460 652 2655 701 contra
2684 648 3045 719 disciplinam
3074 649 3531 720 grammaticam,
3581 649 3705 703 sine

2004 735 2348 806 aspiratione
2403 735 2604 807 primae
2644 736 2895 806 syllabas,
2924 738 3199 804 ominem,
3251 738 3476 804 dixerit,
3510 737 3707 809 displi-

2002 830 2125 878 ceat
2152 825 2336 896 magis
2366 824 2721 892 hominibus,
2753 842 2928 897 quam
2978 827 3024 881 si
3065 833 3265 881 contra
3297 832 3395 881 tua
3424 832 3712 898 praecepta

2001 913 2297 968 hominem
2333 914 2538 981 oderit,
2579 930 2712 968 cum
2742 914 2814 968 sit
2856 915 3048 969 homo.
3099 916 3270 980 Quasi
3319 932 3453 969 vero
3506 931 3708 987 quem-

2003 1002 2141 1057 libet
2185 1002 2484 1056 inimicum
2533 1002 2830 1057 hominem
2866 1004 3242 1074 perniciosius
3281 1004 3491 1059 sentiat
3534 1019 3709 1075 quam

2004 1091 2193 1162 ipsum
2226 1091 2448 1157 odium,
2479 1108 2593 1162 quo
2621 1091 2682 1145 in
2711 1108 2845 1146 eum
2876 1092 3152 1159 irritatur,
3185 1098 3284 1147 aut
3332 1097 3513 1148 vastet
3544 1092 3705 1164 quis-

2005 1196 2180 1251 quam
2218 1181 2614 1251 persequendo
2659 1181 2837 1234 alium
2886 1182 3137 1251 gravius,
3188 1198 3362 1252 quam
3401 1198 3497 1235 cor
3537 1197 3704 1236 suum

2004 1272 2188 1321 vastat
2224 1266 2593 1322 inimicando.
2646 1269 2713 1321 Et
2757 1273 2907 1323 certe
2956 1285 3071 1323 non
3102 1273 3186 1323 est
3224 1270 3462 1324 interior
3488 1269 3706 1324 littera-

2005 1372 2135 1410 rum
2166 1355 2421 1421 scientia,
2458 1371 2632 1426 quam
2661 1357 2874 1426 scripta
2902 1357 3274 1427 conscientia,
3304 1358 3363 1412 id
3403 1375 3462 1411 se
3492 1358 3659 1413 alteri
3688 1362 3707 1396 ¹

2004 1445 2191 1498 facere
2221 1445 2375 1515 quod
2404 1444 2551 1498 nolit
2573 1444 2717 1514 pati.
2763 1444 2946 1508 Quam
2970 1450 3030 1498 tu
3060 1451 3309 1499 secretus
3338 1462 3417 1512 es,
3444 1447 3712 1501 habitans

2006 1534 2065 1587 in
2097 1534 2332 1588 excelsis
2361 1533 2421 1587 in
2448 1532 2696 1599 silentio,
2726 1535 2876 1587 Deus
2907 1534 3060 1588 solus
3091 1550 3354 1606 magnus,
3401 1535 3537 1607 legs
3568 1536 3713 1590 infa-

2008 1621 2229 1693 tigabili
2259 1637 2534 1692 spargens
2563 1621 2818 1691 pamales
2848 1623 3130 1677 cascitates
3156 1639 3329 1693 super
3364 1623 3591 1678 illicitas
3623 1640 3717 1679 cu-

2007 1709 2301 1781 piditates!
2381 1710 2524 1764 Cum
2582 1710 2758 1764 homo
2823 1710 3169 1781 eloquentiae
3224 1712 3437 1767 famam
3485 1711 3713 1783 quaerit,

2009 1803 2198 1852 astans
2218 1800 2349 1852 ante
2370 1797 2665 1851 hominem
2683 1798 2960 1867 judicem,
2986 1798 3386 1879 circumstante
3412 1799 3714 1853 hominum

2015 1887 2402 1951 multitudine,
2443 1885 2743 1939 inimicum
2798 1903 2966 1941 suum
3006 1887 3136 1941 odio
3180 1886 3601 1941 immanissimo
3630 1887 3717 1941 in-

2012 1980 2253 2043 sectans,
2283 1974 2715 2046 vigilantissime
2757 1979 2918 2029 cavet
2945 1991 3018 2028 ne
3069 1990 3173 2044 per
3202 1974 3416 2045 linguae
3461 1990 3717 2029 errorem

2013 2063 2184 2132 dicat,
2230 2064 2385 2117 Inter
2412 2062 2745 2118 hominibus
2774 2067 2835 2131 2;
2876 2067 2934 2117 et
2964 2079 3034 2117 ne
3066 2079 3168 2134 per
3213 2062 3424 2118 mentis
3461 2064 3713 2118 furorem

2011 2152 2310 2207 hominem
2340 2151 2562 2206 auferat
2589 2168 2657 2206 ex
2685 2151 3038 2219 hominibus,
3070 2168 3187 2205 non
3217 2156 3393 2206 cavet.

2674 2276 2900 2330 CAPUT
2938 2276 3066 2331 XIX.

2155 2368 2413 2421 Pueritiae
2432 2368 2571 2421 vilia
2590 2381 2708 2436 quae
2733 2367 2792 2419 in
2809 2366 3045 2435 majores
3068 2369 3251 2420 wtates
3273 2369 3573 2420 transeunt.

2089 2457 2175 2509 30.
2210 2455 2429 2509 Horum
2476 2452 2607 2524 ego'
2636 2468 2782 2523 puer
2836 2469 3060 2507 morum
3123 2452 3182 2506 in
3233 2453 3428 2507 limine
3460 2453 3719 2524 jacebam

2021 2541 2216 2609 miser,
2247 2548 2306 2597 et
2355 2542 2528 2613 hujus
2568 2558 2757 2595 arente
2786 2542 3055 2612 palaestra
3085 2547 3206 2595 erat
3234 2541 3351 2609 illa,
3412 2541 3510 2595 ubi
3540 2542 3722 2613 magis

2018 2629 2293 2685 timebam
2325 2629 2743 2684 barbarismum
2775 2631 2980 2698 facere,
3010 2646 3180 2700 quam
3232 2630 3497 2684 cavebam
3547 2630 3593 2684 si
3636 2631 3719 2685 fa-

2016 2734 2228 2785 cerem,
2282 2734 2399 2771 non
2447 2716 2786 2771 facientibus
2815 2717 3091 2772 invidere.
3136 2717 3271 2771 Dico
3318 2718 3440 2771 haec
3484 2722 3540 2772 et
3584 2734 3719 2773 cou-

2016 2807 2184 2860 titeor
2234 2805 2361 2871 tibi,
2413 2806 2560 2859 Deus
2593 2821 2774 2870 meus,
2824 2804 2884 2858 in
2935 2805 3144 2876 quibus
3190 2804 3466 2859 laudabar
3516 2805 3585 2859 ab
3615 2806 3717 2872 eis,

2016 2894 2225 2966 quibus
2254 2894 2479 2964 placere
2522 2900 2660 2948 tunc
2698 2893 2842 2948 mihi
2887 2898 3010 2947 erat
3050 2894 3288 2947 honeste
3336 2892 3545 2947 vivere.
3596 2894 3718 2947 Non

2018 2983 2170 3037 enim
2201 2982 2464 3037 videbam
2505 2982 2834 3053 voraginem
2874 2980 3247 3053 turpitudinis
3279 2980 3340 3036 in
3373 2998 3546 3052 quam
3586 2998 3719 3053 pro-

2010 3072 2194 3144 jectus
2225 3089 2382 3127 eram
2411 3071 2481 3126 ab
2513 3071 2689 3125 oculis
2719 3070 2854 3126 tuis.
2893 3072 3035 3125 Nam
3064 3070 3124 3125 in
3153 3070 3267 3124 illis
3299 3071 3423 3142 jam
3455 3070 3593 3143 quid
3626 3087 3718 3125 me

2020 3161 2224 3215 foedius
2253 3160 2400 3228 fuit;
2441 3159 2538 3214 ubi
2579 3158 2752 3214 etiam
2779 3158 2989 3213 talibus
3044 3158 3439 3229 displicebant,
3470 3159 3720 3214 fallendo

2017 3248 2537 3303 innumerabilibus
2567 3246 2879 3302 mendaciis
2909 3253 2966 3301 et
2996 3249 3401 3318 paedagogum,
3436 3252 3491 3302 et
3536 3249 3720 3319 magi-

2017 3342 2187 3407 stros,
2225 3342 2280 3391 et
2324 3342 2590 3409 parentes
2646 3353 2839 3390 amore
2891 3336 3146 3402 ludendi,
3203 3336 3391 3391 studio
3426 3337 3723 3409 spectandi

2016 3425 2338 3496 nugatoria,
2389 3429 2447 3479 et
2494 3423 2761 3478 imitandi
2798 3423 3016 3478 ludicra
3060 3423 3509 3494 inquietudine?
3553 3426 3724 3480 Furta

2017 3514 2193 3569 etiam
2229 3513 2506 3568 faciebam
2538 3514 2606 3567 de
2636 3512 2868 3567 cellario
2910 3518 3216 3583 parentum
3264 3517 3323 3566 et
3379 3513 3448 3567 de
3499 3529 3718 3581 mensa,

2017 3603 2104 3656 vel
2145 3602 2279 3673 gula
2316 3601 2704 3672 imperitante,
2764 3600 2853 3654 vel
2900 3605 2965 3654 ut
3008 3600 3279 3654 haberem
3329 3601 3478 3672 quod
3519 3602 3716 3657 darem

2017 3689 2232 3760 pueris,
2263 3689 2465 3744 ludum
2497 3704 2665 3743 suum
2704 3687 2869 3755 mihi,
2914 3704 3028 3760 quo
3058 3689 3275 3758 pariter
3316 3689 3519 3761 utique
3564 3690 3720 3746 dele-

2019 3777 2338 3847 ctabantur,
2356 3783 2550 3831 tamen
2571 3776 2970 3831 vendentibus.
3001 3778 3064 3830 In
3083 3793 3196 3848 quo
3218 3777 3392 3832 etiam
3415 3778 3548 3833 ludo
3573 3778 3722 3833 frau-

2021 3865 2284 3919 dulentas
2308 3863 2591 3930 victorias,
2623 3863 2746 3934 ipse
2775 3880 2924 3917 vana
2952 3867 2973 3899 ³
3011 3864 3362 3919 excellentia:
3410 3865 3723 3937 cupiditate

2019 3953 2220 4020 victus,
2268 3969 2420 4024 saepe
2464 3952 2810 4023 aucupabar.
2853 3951 2999 4016 Quid
3051 3957 3245 4007 autem
3291 3957 3410 4008 tam
3456 3954 3722 4009 nolebam

2018 4041 2156 4113 pati,
2188 4046 2361 4112 atque
2392 4039 2681 4107 atrociter,
2726 4040 2773 4093 si
2825 4040 3335 4111 deprehenderem,
3387 4042 3722 4113 arguebam,

2020 4147 2193 4202 quam
2223 4129 2281 4185 id
2319 4129 2472 4200 quod
2512 4128 2640 4182 aliis
2679 4127 2979 4195 faciebam,
3012 4135 3068 4183 et
3098 4129 3146 4183 si
3193 4129 3578 4201 deprehensus
3628 4146 3722 4183 ar-

2020 4235 2246 4290 guerer,
2277 4218 2474 4272 saevire
2505 4216 2689 4288 magis
2719 4233 2894 4288 quam
2924 4217 3123 4272 cedere
3145 4218 3402 4272 libebat?
3424 4218 3607 4271 Istane
3638 4222 3723 4271 est

2021 4306 2355 4361 innocentia
2382 4305 2668 4377 puerilis?
2710 4307 2838 4360 Non
2874 4310 2977 4374 est,
3019 4306 3281 4375 Domine,
3327 4321 3445 4359 non
3475 4310 3591 4360 est:
3623 4323 3723 4360 oro

2021 4400 2098 4464 te,
2142 4397 2289 4450 Deus
2321 4411 2502 4448 meus.
2538 4395 2680 4448 Nam
2708 4393 2830 4448 haec
2858 4394 2985 4464 ipsa
3011 4400 3145 4448 sunt
3173 4410 3303 4464 quae
3333 4411 3367 4447 a
3390 4393 3724 4465 paedagogis

2024 4490 2081 4541 et
2122 4484 2431 4556 magistris,
2474 4500 2507 4538 a
2536 4484 2799 4551 nucibus,
2827 4488 2883 4537 et
2913 4483 3127 4555 pilulis,
3162 4488 3216 4537 et
3260 4482 3601 4553 passeribus,
3652 4484 3723 4537 ad

2022 4574 2320 4645 praefectos
2346 4577 2402 4627 et
2447 4589 2632 4644 reges,
2684 4589 2911 4639 aurum,
2962 4571 3198 4642 prmdia,
3246 4570 3566 4642 mancipia;
3601 4573 3723 4626 haec

2025 4664 2149 4734 ipsa
2188 4661 2420 4717 omnino
2464 4679 2593 4734 quae
2639 4660 3068 4715 succedentibus
3110 4660 3420 4731 majoribus
3463 4660 3724 4716 aetatibus

2022 4756 2334 4817 transeunt,
2373 4752 2520 4806 sicut
2568 4749 2763 4805 ferulis
2808 4750 3027 4821 majora
3075 4748 3353 4821 supplicia
3392 4751 3719 4805 succedunt.

2026 4842 2367 4898 llumilitatis
2398 4858 2534 4911 ergo
2565 4840 2793 4911 signum
2823 4838 2887 4892 in
2916 4844 3131 4893 statura
3162 4839 3445 4910 pueritiae,
3476 4842 3592 4895 Rex
3622 4855 3724 4894 no-

2020 4936 2154 4998 ster,
2186 4929 2459 5001 probasti,
2490 4945 2622 4983 cum
2645 4926 2811 4982 aisti:
2848 4929 3065 4983 Talium
3095 4933 3173 4983 est
3212 4944 3439 4997 regnum
3473 4930 3721 4984 castorum

2025 5021 2244 5088 (Matth.
2276 5035 2388 5086 ιιι,
2424 5018 2533 5087 14).

2090 5182 2104 5214 ¹
2132 5178 2302 5229 Alteri
2327 5174 2627 5239 non,ﬁjuxta
2656 5177 2825 5227 Rond.
2854 5191 2976 5227 cum
3009 5180 3036 5227 4
3065 5178 3187 5227 Mss.
3220 5178 3287 5227 M.

2084 5243 2105 5275 2
2126 5242 2248 5304 Lov.
2259 5278 2271 5297 ,
2282 5242 2430 5289 inter
2441 5238 2709 5304 homines.
2722 5240 2867 5304 Patet
2886 5241 3171 5304 legendum
3188 5253 3302 5289 esse
3317 5252 3437 5287 cum
3449 5238 3573 5304 Mss.
3584 5238 3723 5287 inter

2026 5302 2327 5353 hominibus
2343 5317 2362 5360 ,-
2376 5301 2458 5350 vel
2478 5302 2593 5349 sine
2604 5298 3110 5363 aspiratiouefinter
3131 5306 3369 5351 omlnes:
3391 5298 3530 5363 quod
3550 5301 3726 5363 Augu-

2023 5366 2195 5427 stinus
2216 5365 2270 5411 in
2283 5363 2584 5427 exemplum
2602 5363 2754 5415 affert
2767 5364 3050 5414 locutionis
3066 5365 3372 5427 incongrua;
3390 5363 3721 5427 etcavendas.

2089 5426 2107 5454 ³
2150 5428 2320 5481 ι-ἠηιτν,
2344 5423 2497 5488 juxta
2525 5426 2696 5476 Roud.
2720 5441 2839 5477 cum
2860 5429 2887 5472 8
2917 5428 3044 5475 Mss.
3068 5423 3261 5488 quibus
3283 5423 3673 5487 adstipulantur
3689 5426 3717 5473 2

2023 5489 2145 5539 Mss.
2179 5488 2317 5551 apud
2347 5487 2499 5538 Mart.
2532 5488 2600 5560 BI.
