4058 6174
417 308 517 359 675

1079 426 1303 481 CAPUT
1339 426 1445 481 XX.

520 536 624 588 Pro
655 532 805 587 bonis
824 495 931 587 sibi
948 534 1008 587 in
1028 535 1272 602 pueritia
1295 533 1504 587 collatis
1516 535 1618 586 Deo
1638 533 1851 599 gratias
1863 534 2000 600 agit.

486 643 573 697 31.
605 639 717 695 Sed
740 643 959 707 tamen,
995 639 1256 704 Domine,
1287 638 1393 693 tibi
1421 637 1900 693 excellentissimo
1934 643 2108 708 atque

417 728 637 800 optimo
668 727 949 783 conditori
977 732 1033 781 et
1063 728 1272 781 rectori
1299 726 1705 794 universitatis,
1758 728 1871 782 Deo
1918 731 2111 782 nostro

416 817 649 887 gratias,
695 815 918 871 etiamsi
959 830 1051 869 me
1094 831 1341 885 puerum
1378 818 1604 869 tantum
1649 830 1771 869 esse
1810 815 2106 872 voluisses.

415 906 581 959 Eram
626 903 782 958 enim
829 903 1001 958 etiam
1030 908 1189 973 tunc,
1219 902 1482 958 vivebam
1509 905 1527 939 ¹
1557 907 1731 974 atque
1766 903 2105 969 sentiebam,

415 1008 719 1063 meamque
747 991 1218 1059 incolumitatem,
1245 991 1551 1062 vestigium
1578 992 1969 1047 secretissima:
1991 993 2111 1047 uni-

412 1082 544 1135 tatis
575 1097 644 1135 ex
669 1097 783 1152 qua
812 1097 988 1147 eram,
1038 1097 1190 1135 curae
1229 1080 1508 1135 habebam
1536 1098 1550 1148 ;
1591 1081 1982 1136 custodiebam
2013 1081 2110 1136 in-

412 1169 619 1225 teriere
647 1186 814 1224 sensu
865 1169 1253 1240 integritatem
1286 1186 1562 1224 sensuum
1603 1186 1887 1236 meorum,
1934 1170 2111 1241 inque

411 1255 552 1327 ipsis
580 1256 790 1327 parvis,
824 1272 1245 1327 parvarumque
1284 1272 1477 1310 rerum
1494 1256 1934 1328 cogitationibus
1962 1256 2097 1310 veri-

410 1348 526 1399 tate
576 1345 918 1399 delectahar.
963 1344 1103 1398 Falli
1154 1344 1440 1411 nolebam,
1497 1344 1780 1399 memoria
1824 1344 2106 1415 vigebam,

412 1433 702 1488 locutione
732 1432 1076 1501 instruebar,
1093 1431 1345 1487 amicitia
1364 1433 1672 1499 mulcebat,
1702 1432 1992 1503 fugiebam
2015 1433 2113 1488 de-

413 1522 617 1593 lorem,
646 1521 1048 1593 abjectionem,
1076 1520 1489 1592 ignorantiam.
1546 1521 1693 1586 Quid
1738 1520 1801 1576 in
1841 1520 1943 1575 tali
1985 1521 2112 1576 ani-

478 1658 493 1691 ¹
530 1655 615 1705 Sic
635 1656 755 1704 Mss.
779 1669 898 1705 cum
918 1654 1050 1704 Edd.
1080 1654 1362 1717 plerisque.
1396 1654 1484 1704 ubi
1519 1654 1643 1717 Lev.
1664 1653 1864 1703 habent
1885 1656 1974 1703 :Et
1995 1655 2109 1715 iam

411 1721 538 1768 tunc
566 1718 851 1768 audebam.
883 1743 943 1753 —
964 1718 1030 1766 Et
1044 1716 1170 1778 jam
1192 1716 1322 1768 tunc
1336 1717 1597 1777 vivebam,
1604 1716 1761 1779 juxta
1791 1717 2040 1767 Sommal.
2061 1722 2114 1768 et

413 1780 586 1830 Rond.
622 1793 742 1829 cum
764 1783 790 1829 4
813 1780 936 1829 Mss.
972 1779 1043 1828 M.

1622 283 2163 359 CONFESSIONUM
2205 300 2261 356 s.
2304 300 2712 357 AUGUSTINI.
3746 316 3822 367 67ft
3918 324 3923 329 ~

2219 427 2411 478 mante
2452 440 2568 478 non
2617 422 2857 478 mirahle
2905 427 3077 495 atque
3108 422 3425 479 laudabile?
3456 426 3521 480 At
3542 426 3636 482 ista
3677 433 3830 487 omnia

2221 512 2323 567 Dei
2355 512 2468 567 mei
2507 513 2659 567 dona
2688 517 2847 580 sunt;
2880 528 3000 566 non
3036 511 3176 566 mihi
3204 527 3307 583 ego
3333 512 3451 567 dedi
3477 514 3615 570 haec:
3642 522 3692 572 et
3713 519 3833 576 bona

2220 605 2368 666 sunt,
2399 605 2455 655 et
2492 601 2612 655 haec
2636 600 2830 655 omnia
2867 616 2994 672 ego.
3029 602 3219 655 Bonus
3250 617 3378 672 ergo
3405 606 3481 656 est
3504 604 3591 674 qui
3615 605 3728 660 fecit
3746 623 3836 676 me,

2218 694 2276 743 et
2303 688 2424 761 ipse
2458 694 2543 744 est
2579 690 2792 745 bonum
2824 706 3038 756 meum,
3073 695 3133 745 et
3162 689 3245 744 illi
3274 691 3477 744 exsulte
3511 691 3651 746 bonis
3687 696 3836 749 omni-

2216 777 2324 832 bus
2366 779 2574 850 quibus
2618 778 2790 833 etiam
2833 795 2979 849 puer
3009 794 3188 833 eram.
3239 779 3352 832 Hoc
3390 778 3531 833 enim
3568 782 3834 851 peccabam,

2218 867 2373 938 quod
2408 884 2526 921 non
2573 867 2635 922 in
2666 867 2813 938 ipse,
2861 868 2956 922 sed
2995 867 3057 921 in
3102 867 3372 922 creaturis
3415 868 3546 938 ejus,
3591 885 3669 923 me
3706 875 3840 942 atque

2218 954 2510 1023 ceteris},
2553 956 2895 1026 voluptates,
2940 955 3339 1023 sublimitates,
3382 956 3621 1011 veritates
3661 975 3843 1030 quaere-

2217 1045 2382 1111 bam;
2433 1049 2603 1115 atque
2650 1044 2731 1099 ita
2786 1044 3078 1100 irruebam
3129 1044 3190 1099 in
3232 1044 3465 1112 dolores,
3512 1045 3831 1115 confusiones,

2216 1150 2457 1188 errores.
2504 1134 2723 1189 Gratias
2761 1133 2883 1196 tibi,
2932 1134 3173 1190 dulcedo
3222 1150 3365 1202 mea,
3405 1137 3458 1188 et
3500 1134 3662 1189 honor
3694 1152 3837 1205 meus,

2217 1228 2273 1277 et
2316 1222 2525 1277 fiducia
2582 1239 2729 1289 mea,
2784 1224 2932 1277 Deus
2981 1239 3174 1278 meus:
3239 1222 3443 1295 gratias
3486 1223 3581 1278 tibi
3616 1223 3676 1277 de
3717 1224 3843 1278 donis

2215 1312 2361 1379 tuis;
2415 1312 2514 1366 sed
2556 1316 2614 1365 tu
2662 1311 2802 1366 mihi
2852 1328 2916 1366 ea
2958 1328 3136 1366 serva.
3180 1313 3265 1365 Ita
3301 1310 3449 1367 enim
3496 1310 3718 1366 servabis
3752 1328 3841 1379 me;

2217 1404 2273 1454 et
2300 1400 2668 1471 augebantur
2715 1404 2772 1454 et
2817 1399 3188 1471 perficiantur
3234 1417 3363 1471 quas
3407 1399 3597 1455 dedisti
3642 1399 3840 1468 mihi,et

2218 1504 2316 1542 ero
2338 1487 2459 1558 ipse
2483 1492 2706 1552 tecum;
2737 1488 2873 1559 quia
2893 1492 2949 1542 ct
2976 1492 3037 1541 ut
3057 1488 3186 1549 sim,
3218 1491 3283 1541 tu
3310 1487 3505 1542 dedisti
3526 1487 3669 1542 mihi.

2280 1598 2295 1630 1
2320 1595 2442 1643 Bad.
2469 1594 2582 1658 Am.
2605 1594 2688 1658 Er.
2711 1598 2763 1658 et
2782 1595 2899 1658 Lev.
2924 1596 3161 1658 caeteras.
3184 1594 3497 1658 Castigatum
3516 1597 3664 1658 estex
3684 1594 3786 1658 Arn.
3804 1597 3841 1641 et

2215 1658 2343 1706 Mss.
2378 1657 2608 1707 caeteris.
2626 1657 2827 1720 Quippe
2850 1657 2947 1706 hoc
2965 1657 3080 1706 loco
3109 1656 3302 1720 fatetur
3321 1655 3629 1720 Augustinus
3654 1670 3701 1704 se
3726 1655 3769 1703 in
3795 1668 3837 1720 eo

2214 1733 2474 1829 Beccasse,
2506 1719 2648 1781 quod
2679 1716 2994 1782 voluptates,
3026 1716 3671 1780 sublimitatesfveritates,
3696 1716 3844 1767 nonin

2261 1795 2341 1829 eo.
2362 1782 2453 1829 sed
2484 1782 2541 1829 in
2569 1781 2742 1829 seinse
2769 1786 2820 1829 et
2848 1781 3103 1829 creaturis
3133 1781 3250 1829 aliis
3275 1785 3544 1829 quareret.

2261 1795 2341 1842 eo,
2362 1781 2541 1831 sed'in
2569 1781 2742 1844 seipse
2769 1781 2820 1830 et
2848 1781 3103 1831 creaturis
3133 1781 3250 1831 aliis
3275 1785 3544 1845 quareret.

1412 2039 1928 2170 LIBER
2006 2038 2918 2165 SECUNDUS.

471 2226 550 2278 Ad
575 2230 781 2277 aetatem
812 2226 970 2276 aliam
1002 2225 1354 2290 progreditur,
1381 2226 1612 2274 Primum
1627 2239 1745 2288 qua:
1770 2224 2139 2274 adolescentiae
2168 2239 2298 2285 sure,
2317 2225 2371 2275 id
2398 2229 2496 2287 est,
2524 2229 2731 2275 sextum
2752 2224 3017 2276 decimum
3036 2225 3158 2275 vitae
3179 2238 3404 2285 annum,
3437 2236 3587 2288 quem
3609 2223 3659 2272 in
3681 2224 3845 2286 paterna

410 2308 568 2357 domo
599 2308 787 2357 studiis
820 2306 1136 2359 intermissis
1168 2309 1563 2368 consumpserat
1585 2306 1741 2369 genie
1788 2319 1848 2354 ac
1881 2304 2187 2355 libidinibus
2216 2305 2518 2369 indulgens,
2554 2305 2621 2355 ad
2650 2309 2883 2355 mentem
2909 2309 3123 2356 revocat
3151 2320 3276 2356 cum
3298 2304 3445 2371 gravi
3475 2303 3660 2364 dolore,
3685 2313 3846 2351 severus

408 2386 696 2437 admodum
724 2387 782 2437 in
807 2386 1152 2453 dijudicando
1184 2386 1327 2436 furto
1360 2400 1390 2435 a
1416 2400 1472 2435 se
1496 2390 1623 2435 tunc
1648 2385 1897 2456 temporis
1926 2398 2045 2434 cum
2081 2385 2350 2435 sodalibus
2377 2388 2699 2450 perpetrato.

2028 2494 2323 2509 ὴ

980 2582 1206 2637 CAPUT
1244 2582 1538 2638 PRIMUM.

699 2670 1090 2726 Adolescentia?
1117 2675 1327 2726 aetatem
1357 2675 1407 2725 et
1432 2673 1569 2725 vitia
1596 2672 1802 2728 recolit.

484 2763 532 2814 l.
579 2760 887 2816 Recordari
941 2762 1067 2815 velo
1121 2764 1435 2815 transactas
1482 2760 1762 2817 foeditates
1825 2777 2003 2831 meas,
2052 2764 2110 2815 et

406 2849 659 2904 carnales
705 2849 1098 2920 corruptiones
1137 2849 1346 2904 animai
1386 2866 1572 2905 meae:
1626 2868 1743 2905 non
1798 2851 1951 2923 quod
2013 2867 2107 2904 eas

405 2952 635 3006 amem;
668 2939 764 2993 sed
791 2943 855 2993 ut
875 2955 1065 2993 amem
1096 2944 1175 3008 te,
1219 2940 1367 2993 Deus
1411 2955 1594 2996 meus.
1637 2942 1847 2994 Amore
1896 2938 2108 2993 amoris

403 3026 490 3079 tui
531 3027 676 3082 facio
731 3027 903 3095 istud,
954 3028 1208 3082 recolens
1252 3027 1371 3082 vias
1414 3044 1571 3083 meas
1624 3028 2006 3101 nequissimos
2048 3027 2108 3082 in

407 3115 789 3171 amaritudine
809 3116 1237 3187 recogitationis
1268 3133 1431 3184 meae,
1464 3121 1529 3171 ut
1546 3122 1607 3171 tu
1628 3117 1915 3172 dulcescas
1941 3117 2102 3179 mibi,

409 3204 646 3261 dulcedo
670 3220 789 3258 non
818 3204 1009 3273 fallax,
1049 3204 1288 3258 dulcedo
1330 3205 1467 3259 felix
1509 3209 1567 3259 et
1604 3221 1816 3267 secura,
1858 3209 1915 3259 et
1949 3204 2109 3259 colli-

409 3310 550 3365 gens
580 3296 597 3330 ¹
638 3309 730 3348 me
776 3310 807 3347 a
855 3292 1209 3363 dispersione
1243 3292 1304 3347 in
1348 3309 1461 3364 qua
1499 3292 1787 3347 frustatim
1839 3292 2103 3346 discissus

407 3400 556 3451 sum,
583 3383 720 3438 dum
752 3383 821 3437 ab
846 3398 963 3437 uno
995 3386 1051 3437 te
1083 3398 1306 3437 aversus
1336 3382 1395 3436 in
1434 3383 1616 3436 multa
1658 3380 1880 3436 evanui.
1918 3380 2107 3435 Exarsi

408 3471 564 3527 enim
614 3472 921 3544 aliquando
969 3470 1162 3525 satiari
1211 3470 1408 3525 inferis
1445 3469 1470 3504 ²
1502 3470 1563 3525 in
1601 3470 1999 3536 adolescentia,
2050 3474 2107 3523 et

411 3560 707 3616 silvescere
734 3578 906 3616 ausus
927 3577 1053 3615 sum
1073 3559 1242 3615 variis
1276 3566 1332 3615 et
1359 3560 1647 3615 umbrosis
1688 3559 1981 3615 amoribus
2005 3576 2019 3625 ;
2051 3562 2106 3613 et

405 3651 699 3707 contabuit
730 3650 942 3722 species
990 3667 1158 3717 mea;
1210 3653 1266 3704 et
1310 3650 1639 3721 computrui
1680 3666 1873 3704 ceram
1922 3647 2103 3702 oculis

402 3743 515 3799 tuis
541 3742 770 3812 placens
791 3739 959 3807 mihi,
983 3744 1037 3794 et
1060 3740 1286 3811 placere
1315 3739 1551 3809 cupiens
1572 3738 1751 3794 oculis
1772 3736 2077 3793 hominum

1084 3828 1306 3882 CAPUT
1338 3828 1407 3882 ΙΙ.

401 3921 621 3975 Annum
648 3917 825 3971 atatis
853 3931 962 3971 suae
987 3915 1249 3969 decimum
1277 3921 1489 3969 sextum
1514 3916 1788 3969 inxardore
1815 3915 2102 3969 libidinoso

1051 4008 1442 4072 consumptum.

475 4099 527 4152 l.
565 4096 632 4150 Et
657 4092 795 4165 quid
823 4096 945 4147 erat
973 4092 1124 4163 quod
1151 4108 1241 4145 me
1290 4090 1626 4165 delectabat,
1659 4090 1767 4145 nisi
1816 4108 2007 4145 amare
2047 4094 2102 4145 et

401 4182 620 4249 amari?
648 4182 755 4238 Sed
781 4198 896 4236 non
927 4181 1229 4236 tenebatur
1253 4181 1460 4236 modus
1490 4181 1560 4235 ab
1592 4181 1784 4236 animo
1824 4197 2002 4251 usque
2027 4180 2101 4234 ad

399 4273 659 4328 animum
709 4275 991 4344 quatenus
1048 4274 1132 4324 est
1173 4269 1495 4324 luminosus
1531 4274 1552 4306 ³
1580 4270 1745 4325 limes
1786 4268 2050 4324 amicitiae
2083 4285 2097 4335 ;

399 4362 496 4417 sed
544 4362 961 4417 exhalabantur
1000 4360 1224 4414 nebulae
1271 4359 1340 4413 de
1395 4359 1601 4414 limosa
1642 4357 2101 4429 concupiscentia

395 4450 583 4505 carnis
613 4454 671 4505 et
716 4449 972 4504 scatebra
1008 4447 1346 4520 pubertatis,
1380 4451 1435 4502 et
1473 4447 1888 4503 obnubilabant
1927 4451 2099 4517 atque

400 4538 753 4594 efl'uscabant
781 4553 877 4592 cor
914 4554 1134 4607 meum,
1182 4541 1247 4591 ut
1274 4552 1391 4590 non
1433 4536 1854 4591 discerneretur
1883 4534 2098 4589 sereni-

396 4632 482 4682 tas
505 4627 827 4683 dilectionis
856 4645 887 4682 a
917 4626 1157 4698 caligine
1203 4624 1476 4680 libidinis.
1526 4626 1842 4697 Utrumque
1873 4624 1934 4679 in
1963 4640 2099 4678 con-

394 4717 521 4770 fuse
574 4716 869 4784 aestuabat,
907 4721 963 4771 et
1007 4715 1269 4787 rapiebat
1306 4713 1654 4769 imbecillam
1703 4718 1931 4768 aetatem
1997 4728 2101 4784 per

397 4805 639 4875 abrupta
669 4805 1070 4875 cupiditatum,
1112 4810 1284 4877 atque
1330 4804 1619 4859 mersabat
1660 4803 1887 4874 gurgite
1932 4801 2098 4872 ﬂagi-

394 4893 633 4949 tiorum.
666 4894 989 4948 Invaluerat
1028 4910 1199 4965 super
1240 4908 1333 4947 me
1377 4892 1464 4947 ira
1490 4896 1612 4962 tua,
1657 4896 1715 4946 et
1750 4889 2095 4945 nesciebam.

396 4982 822 5039 Obsurdueram
859 4981 883 5016 ³⁸
932 4982 1174 5038 stridore
1228 4985 1445 5037 catenae
1511 4979 1877 5036 mortalitatis
1933 4996 2096 5047 meae,

458 5102 471 5135 1
508 5100 633 5149 Tres
660 5099 783 5149 Mss.
813 5097 989 5161 Angl.,
1018 5097 1257 5161 colligas.

454 5163 475 5196 ²
501 5163 751 5225 Lov.cum
769 5156 1155 5225 antiquioribus
1168 5158 1525 5220 Edd.,satiari
1534 5172 1592 5210 ιη
1603 5157 1814 5224 inferis.
1831 5156 2100 5221 Expunxi-

394 5236 514 5273 mus
546 5224 600 5274 in
620 5223 771 5274 iuxta
800 5222 928 5273 Mss.
969 5227 1020 5272 et
1048 5222 1173 5271 Arn.

454 5289 475 5321 ³
492 5286 551 5335 In
572 5282 722 5335 libris
747 5286 901 5335 editis
924 5285 990 5333 ab
1021 5284 1244 5334 Henrico
1277 5284 1564 5334 Sommalio
1586 5283 1859 5334 Secietatis
1878 5282 2021 5331 Jesu.
2048 5284 2101 5330 et

392 5362 421 5396 a
450 5348 645 5398 Thema
660 5348 851 5407 Blasio,
864 5347 1058 5409 legitur
1075 5363 1086 5396 :
1101 5349 1328 5397 limosas
1342 5347 1500 5398 limes.
1522 5349 1582 5395 In
1594 5347 1774 5396 codice
1795 5344 1948 5409 Corb.
1965 5345 2101 5409 limi;

392 5423 570 5481 nasus.
584 5404 872 5481 Utrebique
887 5404 1149 5481 corrupte:
1168 5410 1278 5481 il_l_ic
1293 5409 1435 5481 enim
1450 5409 1607 5481 deflet
1617 5407 1945 5481 Augustinus
1957 5404 2101 5481 quod

393 5485 505 5521 sese
522 5472 660 5543 intra
679 5468 916 5543 honestae
939 5468 1185 5543 amicitiae
1196 5471 1394 5543 limites
1405 5472 1561 5543 baud
1579 5468 1902 5543 continuerit
1919 5468 2101 5543 ;_adeo-

394 5546 494 5596 que
522 5534 803 5595 legendum
838 5547 960 5583 cum
1002 5533 1125 5582 Mss.
1161 5536 1213 5582 et
1254 5533 1371 5582 aliis
1405 5533 1559 5589 Edd.:
1609 5532 1902 5582 luminosa:
1931 5530 2097 5581 limes.

456 5597 476 5630 δ
498 5597 555 5645 In
576 5597 699 5646 Lov.
714 5597 912 5647 Somni.
930 5600 982 5646 et
997 5596 1155 5645 Blus.:
1182 5593 1592 5647 Obsorducram.
1612 5592 1994 5644 Substituimus
2013 5592 2097 5642 ob-

2215 2597 2385 2653 peena
2412 2580 2729 2653 surperbiee
2760 2581 2970 2636 animae
2994 2597 3175 2647 meae;
3211 2587 3274 2636 et
3315 2581 3467 2636 ibam
3506 2578 3714 2650 longius
3747 2593 3773 2630 a
3793 2579 3846 2640 te,

2216 2674 2273 2724 et
2301 2670 2560 2738 sinehas;
2613 2675 2670 2725 et
2697 2671 2970 2742 iactabar,
3002 2674 3057 2725 et
3086 2670 3443 2737 effundebat,
3474 2674 3528 2723 et
3560 2664 3846 2727 diffluebam,

2216 2763 2273 2813 et
2301 2760 2647 2815 ebullieham
2676 2775 2781 2830 per
2819 2758 3227 2813 fornicationes
3275 2776 3451 2826 meas,
3496 2762 3549 2813 et
3591 2755 3789 2811 tacebas.
3814 2751 3844 2804 0

2218 2849 2446 2903 tardum
2476 2849 2752 2919 gaudium
2783 2847 3003 2903 meuml
3048 2848 3297 2903 Tacebas
3339 2854 3488 2914 tunc,
3518 2851 3571 2901 et
3606 2861 3699 2917 ego
3734 2843 3846 2896 ibam

2214 2933 2388 3007 porro
2432 2938 2604 3009 longe
2642 2942 2756 2992 ate
2795 2938 2855 2992 in
2898 2938 3065 3009 plura
3105 2937 3327 2993 sterilia
3372 2937 3584 2992 semina
3623 2934 3845 2992 dolorum.

2214 3026 2461 3097 superba
2479 3026 2818 3097 dejectione,
2850 3031 2904 3081 et
2926 3026 3186 3098 inquieta
3212 3026 3568 3081 lassitudine.

2286 3118 2337 3170 3.
2362 3115 2498 3180 Quis
2521 3114 2662 3169 mihi
2686 3115 3084 3170 moderaretur
3102 3114 3120 3148 ¹
3147 3132 3473 3171 aerumnam
3502 3114 3752 3177 meam,et
3772 3123 3843 3161 no-

2213 3202 2576 3258 vissimarum
2622 3220 2819 3259 rerum
2876 3204 3104 3275 fugaces
3147 3203 3599 3276 pulchritudines
3631 3201 3686 3255 in
3723 3210 3846 3252 usum

2213 3298 2480 3358 verteret,
2512 3309 2827 3364 earumque
2857 3293 3238 3348 suavitatibus
3274 3299 3457 3349 metas
3481 3291 3785 3363 praeﬁgeret,
3804 3287 3847 3338 ιιι

2214 3398 2395 3453 usque
2425 3382 2495 3437 ad
2538 3383 2838 3453 conjugale
2868 3382 3027 3436 littus
3073 3387 3458 3437 exestuarent
3486 3382 3673 3435 fluctus
3712 3370 3846 3428 aeutis

2214 3487 2379 3536 meae,
2412 3471 2460 3524 si
2485 3470 2867 3540 tranquillitas
2896 3470 2958 3525 in
2988 3471 3069 3524 eis
3091 3488 3211 3526 non
3243 3475 3468 3543 poterat
3487 3485 3620 3534 esse,
3646 3466 3742 3520 fine
3757 3475 3847 3531 pro-

2212 3558 2592 3612 creandorum
2621 3558 2939 3613 liberorum
2982 3564 3280 3629 contenta,
3313 3560 3457 3614 sicut
3485 3552 3764 3629 praescribit
3783 3549 3842 3603 lex

2211 3648 2329 3712 tua,
2371 3646 2634 3716 Domine,
2673 3647 2773 3717 qui
2797 3648 3012 3703 formas
3044 3648 3222 3703 etiam
3251 3648 3623 3721 propaginem
3649 3633 3845 3697 mortali-

2211 3734 2340 3789 tatis
2390 3740 2598 3789 nestrae
2658 3739 2700 3803 ³,
2737 3741 2939 3806 potens
2982 3720 3287 3808 imponere
3339 3720 3524 3792 lenem
3567 3743 3768 3789 manum
3800 3720 3847 3776 ad

2210 3828 2730 3895 temperamentum
2747 3824 3045 3896 spinarum
3068 3843 3100 3879 a
3122 3827 3395 3896 paradiso
3419 3831 3516 3881 tuo
3532 3811 3848 3879 seclusum?

2211 3913 2338 3967 Non
2367 3914 2523 3968 enim
2556 3915 2723 3985 longe
2754 3919 2840 3969 est
2875 3932 2909 3969 a
2935 3904 3102 3969 nobis
3133 3915 3558 3987 emnipotentia
3582 3916 3689 3978 tua,
3722 3903 3848 3960 etiam

2210 4019 2341 4057 cum
2384 4004 2552 4074 longe
2589 4019 2785 4058 sumus
2815 4020 2848 4058 a
2895 4007 2973 4058 te.
3005 4006 3118 4059 Aut
3164 4010 3325 4060 certe
3381 4003 3625 4059 sonitum
3665 3992 3847 4053 nubium

2208 4096 2439 4145 tuarum
2483 4091 2809 4163 vigilantius
2856 4093 3244 4147 adverterem:
3293 4094 3695 4148 Tribulationem
3719 4084 3847 4136 autem

2208 4184 2389 4235 carnis
2414 4181 2684 4253 habebunt
2713 4182 3046 4251 hujusmodi.
3080 4185 3193 4249 Ege
3228 4188 3412 4237 autem
3428 4181 3572 4237 vobis
3594 4187 3767 4249 parco;
3791 4174 3846 4225 εῖν

2207 4272 2413 4325 Bonum
2441 4276 2519 4325 est
2557 4271 2762 4325 homini
2795 4265 3069 4326 mulierem
3109 4287 3219 4325 non
3262 4278 3522 4340 tangere;
3549 4273 3620 4335 et,
3657 4263 3743 4331 Qui
3769 4259 3850 4313 εἰπε

2207 4376 2376 4414 umore
2403 4365 2499 4424 est,
2547 4362 2751 4427 cogitat
2793 4376 2858 4415 ea
2905 4376 3024 4428 qua
3065 4365 3191 4414 sunt
3234 4363 3354 4426 Dei,
3402 4356 3648 4429 quomodo
3684 4346 3847 4422 place“!

2206 4451 2341 4503 Deo:
2366 4447 2464 4518 qui
2490 4454 2669 4503 autem
2697 4451 3043 4503 matrimonio
3064 4449 3297 4518 junctus
3329 4455 3431 4516 est,
3471 4449 3660 4516 cogitat
3690 4455 3743 4495 ea
3764 4447 3848 4504 (Ιυτ

2207 4543 2333 4593 sunt
2360 4537 2572 4604 mundi,
2605 4537 2866 4607 quomodo
2900 4538 3117 4607 placeat
3146 4540 3317 4593 umori
3357 4538 3398 4608 (Ι
3429 4538 3548 4602 Cor,
3584 4548 3672 4595 vu,
3711 4527 3781 4591 28,
3811 4523 3843 4584 ί,

2210 4630 2297 4693 32,
2336 4630 2422 4694 33,
2457 4629 2564 4696 34).
2613 4627 2723 4681 Has
2752 4642 2890 4698 ergo
2921 4642 3084 4681 voces
3113 4626 3453 4682 exaudirem
3480 4616 3784 4695 vigilantior,
3807 4611 3848 4663 et

2207 4715 2461 4770 abscisus
2514 4720 2751 4786 propter
2794 4731 3039 4786 regnum
3083 4716 3363 4770 ccelorum
3391 4712 3602 4787 (Matth.
3640 4721 3732 4773 ιιι,
3768 4700 3845 4766 ¹²)ν

2206 4803 2427 4859 felicior
2456 4808 2843 4874 exspectarem
2873 4804 3169 4875 amplexus
3194 4808 3349 4859 tuos.
3829 4870 3837 4880 .

2275 4894 2329 4947 4.
2356 4892 2465 4947 Sed
2492 4891 2731 4947 efferbui
2760 4892 2951 4959 miser,
2983 4908 3233 4963 sequens
3256 4892 3540 4964 impetum
3567 4890 3731 4943 ﬂuxus
3757 4888 3841 4967 met

2205 4981 2401 5036 relicto
2447 4985 2531 5047 te;
2578 4986 2635 5036 et
2668 4981 2880 5036 excessi
2915 4981 3112 5036 omnia
3154 4981 3425 5054 legitima
3465 4985 3578 5045 tua,
3614 4988 3705 5030 nec
3734 4975 3844 5023 ενιδλ

2209 5066 2438 5141 flagella
2454 5075 2553 5125 tua
2573 5088 2585 5125 :
2609 5071 2740 5143 quis
2756 5071 2910 5125 enim
2928 5071 3035 5125 hoc
3052 5071 3433 5125 mortalium?
3449 5069 3583 5123 Nam
3599 5068 3657 5118 tu
3670 5063 3843 5124 semper

2208 5161 2410 5215 aderas
2428 5159 2877 5215 «misericorditer
2913 5159 3174 5222 saeviens,
3207 5163 3268 5214 et
3302 5152 3662 5214 amarissimis
3693 5155 3840 5217 asper‘

2209 5265 2350 5321 gens
2383 5249 2792 5304 offensionibus
2813 5265 3014 5304 omnes
3045 5248 3273 5303 illicitas
3305 5246 3678 5319 jucunditates
3708 5243 3839 5289 meas,

2206 5320 2551 5395 surdueram.
2573 5338 2801 5388 aliorum
2825 5338 3066 5388 codicum
3094 5338 3427 5396 auctoritate,
3443 5344 3639 5385 necnon
3652 5320 3839 5386 exist?me

2207 5402 2465 5451 vocabulo
2487 5402 2735 5465 stridore,
2767 5401 2907 5465 quod
2938 5402 3003 5450 ad
3021 5414 3174 5450 aures
3198 5400 3446 5465 refertur.
3609 5456 3623 5465 _
3660 5446 3835 5465 tum,

2274 5446 2460 5527 ι’Μεῖἐῖ
2467 5446 3491 5527 ιῆιῖίὦέἱθἰὶὀιέἐὲῐρῆὄρῖὀῶηὲέᾖῷήι,
3506 5446 3836 5509 modularetur;

2205 5539 2364 5591 quam
2394 5524 2671 5591 lectionem
2706 5524 3090 5591 parum'abfuit
3121 5528 3171 5591 et
3196 5524 3635 5588 praeetigeremas.

2270 5590 2290 5624 ί
2327 5588 2387 5637 In
2416 5587 2539 5638 Mss.
2568 5586 2797 5652 optimis,
2828 5586 3026 5638 mortis
3059 5586 3264 5637 nostra.
