4022 6176
142 275 256 322 ϋῖῗ

142 398 217 448 ut
247 394 336 449 ita
365 410 687 466 quaererem
708 396 831 450 sine
859 397 1173 451 offensione
1196 398 1503 469 jucundari
1528 416 1541 463 ;
1576 403 1631 454 et
1649 399 1870 453 ubihoc

144 500 391 554 possem
412 500 530 537 non
555 484 873 539 invenirem
887 486 1223 558 quidquam,
1249 493 1460 558 praeter
1492 494 1567 556 te,
1605 487 1864 553 Domine,

156 580 377 644 praeter
405 579 459 627 te
476 574 577 643 qui
609 573 778 645 ﬁngis
796 575 1053 629 dolorem
1077 576 1135 629 in
1150 582 1436 647 praecepto
1455 580 1559 645 (Ps.
1576 594 1725 642 xcm,
1751 576 1866 646 20),

159 666 221 716 et
248 661 499 733 percutis
528 665 594 714 ut
613 678 794 729 sanes,
831 667 886 716 et
912 662 1117 717 occidis
1142 680 1243 717 nos
1269 680 1338 717 ne
1364 665 1677 718 moriamur
1702 665 1799 717 abs
1814 669 1869 717 te

151 751 342 821 (Deut.
375 767 535 812 xxxu,
569 753 677 820 39).
712 751 817 805 Ubi
850 768 1026 818 eram,
1061 758 1117 806 et
1143 769 1316 823 quam
1341 754 1510 821 longe
1542 753 1869 808 exsulabam

150 856 185 892 a
218 839 446 893 deliciis
462 839 668 893 domus
684 844 816 905 tuae,
844 857 992 895 anno
1024 842 1120 895 illo
1135 846 1291 896 sexto
1317 843 1538 897 decimo
1554 842 1736 897 aetatis
1749 858 1869 896 car-

146 928 245 982 nis
276 945 447 996 meae,
481 945 611 983 cum
640 929 857 1001 accepit
883 930 946 984 in
970 948 1061 985 me
1092 937 1402 1002 sceptrum,
1454 937 1510 986 et
1557 936 1703 986 totas
1748 948 1867 985 ma-

146 1034 265 1071 nus
293 1018 349 1071 ei
381 1017 533 1085 dedi,
565 1018 795 1072 vesania
824 1019 1071 1074 libidinis
1099 1020 1139 1089 ί,
1164 1021 1471 1075 licentiosa:
1492 1038 1594 1091 per
1624 1021 1869 1075 dedecus

150 1106 505 1167 humanum,
547 1106 761 1161 illicita:
810 1112 1000 1161 autem
1046 1124 1147 1179 per
1198 1110 1352 1179 leges
1396 1110 1570 1163 tuas?
1607 1110 1733 1163 Non
1762 1108 1869 1163 fuit

149 1210 296 1247 cura
328 1210 585 1248 meorum
614 1200 873 1250 ruentem
908 1196 1165 1266 excipere
1205 1213 1296 1251 me
1325 1197 1694 1251 matrimonio
1721 1215 1733 1263 ;
1768 1197 1868 1251 sed

151 1299 299 1337 cura
332 1284 442 1337 fuit
470 1289 693 1339 tantum
724 1289 787 1339 ut
818 1286 1094 1340 discerem
1125 1278 1449 1343 sermonem
1479 1289 1663 1343 facere
1694 1303 1869 1359 quam

150 1372 469 1442 optimum,
503 1378 559 1429 et
589 1374 934 1444 persuadere
965 1375 1236 1432 dictione.

844 1463 1066 1518 CAPUT
1090 1466 1190 1518 III.

150 1552 231 1603 De
280 1552 716 1619 peregrinatione
769 1552 1074 1607 studiorum
1128 1570 1314 1621 causa,
1372 1558 1423 1607 et
1465 1554 1530 1608 de
1576 1558 1869 1624 parentum

861 1644 1161 1710 proposito.

231 1732 285 1781 5.
320 1728 385 1781 Et
414 1743 564 1781 anno
584 1728 934 1799 quidemillo
964 1729 1291 1783 intermissa
1309 1734 1473 1785 erant
1493 1730 1683 1785 studia
1714 1746 1860 1797 mea,

156 1816 302 1871 dum
330 1817 476 1870 mihi
505 1817 756 1885 ~reducto
806 1835 838 1871 a
886 1818 1185 1885 Madauris,
1220 1818 1281 1872 in
1328 1835 1441 1889 qua
1488 1819 1673 1873 vicina
1725 1820 1867 1873 urbe

147 1905 277 1976 jam
302 1922 588 1976 coeperam
618 1906 950 1961 litteratura
981 1912 1151 1979 atque
1183 1909 1446 1962 oratoriae
1486 1908 1867 1980 percipienda:

158 1996 349 2065 gratia
382 1994 759 2066 peregrinari,
805 1996 1226 2068 longinquioris
1271 1998 1422 2068 apud
1465 1997 1869 2067 Carthaginem

157 2083 642 2155 peregrinationis
673 2090 933 2155 sumptus
980 2087 1474 2157 praaparabantur,
1508 2086 1867 2140 animositate

156 2173 344 2243 magis
376 2189 550 2243 quam
580 2172 783 2243 opibus
804 2175 1005 2245 patris,
1029 2175 1337 2245 municipis
1356 2174 1757 2246 Thagastensis
1774 2175 1869 2229 ad-

157 2261 401 2314 modum
430 2261 645 2317 tenuis.
676 2262 778 2317 Cui
800 2279 968 2316 narro
998 2263 1160 2316 haec?
1194 2264 1383 2334 Neque
1413 2262 1703 2328 enimtibi,
1723 2263 1868 2315 Deus

158 2366 363 2404 meus:
400 2350 498 2403 sed
530 2351 679 2421 apud
710 2355 764 2404 te
786 2368 955 2405 narro
988 2353 1108 2406 haec
1131 2352 1327 2423 generi
1354 2368 1503 2419 meo,
1533 2350 1730 2423 generi
1758 2352 1869 2405 hu-

158 2455 354 2505 mano,
391 2440 919 2511 quantulacumque
961 2458 1026 2494 ex
1070 2441 1350 2511 particula
1382 2440 1630 2494 incidere
1682 2443 1868 2511 potest

158 2527 216 2579 in
245 2526 389 2579 istas
422 2543 575 2580 meas
606 2527 838 2582 litteras.
873 2529 936 2582 Et
966 2529 1166 2599 utquid
1200 2528 1305 2582 hoc
1321 2530 1349 2582 ?
1378 2530 1445 2583 Ut
1470 2528 1731 2583 videlicet
1759 2545 1864 2598 ego

162 2621 213 2668 et
243 2615 509 2686 quisquis
536 2616 658 2669 haec
690 2616 847 2687 legit,
896 2616 1209 2685 cogitemus
1259 2617 1329 2671 de
1377 2633 1551 2687 quam
1582 2617 1865 2687 profundo

158 2704 527 2757 clamandum
560 2705 631 2758 sit
660 2706 731 2759 ad
782 2710 861 2759 te.
898 2707 961 2759 Et
992 2706 1128 2776 quid
1157 2706 1396 2776 propius
1445 2706 1682 2760 auribus
1729 2706 1862 2775 tuis,

157 2793 201 2845 si
236 2809 339 2846 cor
367 2794 642 2846 conﬁtens
668 2798 722 2847 et
751 2793 867 2847 vita
897 2810 961 2847 ex
984 2794 1096 2848 ﬁde
1128 2794 1253 2848 est?
1285 2793 1420 2857 Quis
1451 2794 1606 2847 enim
1636 2811 1752 2847 non
1774 2811 1865 2847 ex-

156 2881 400 2934 tollebat
428 2882 693 2936 laudibus
711 2887 846 2936 tunc
866 2882 1158 2937 hominem
1185 2888 1407 2953 patrem
1438 2899 1633 2937 meum
1656 2882 1868 2952 ’,ψιοά

154 2970 309 3022 ultra
340 2968 488 3022 vires
518 2970 910 3027 reifamiliaris
937 2988 1054 3025 suae
1086 2971 1573 3042 impenderetﬁlio
1588 2971 1867 3041 quidquid

155 3056 334 3111 etiam
367 3059 534 3128 longe
564 3060 957 3130 peregrinanti
1007 3060 1324 3114 studiorum
1372 3076 1539 3113 causa
1588 3076 1730 3130 opus
1778 3076 1865 3113 es-

157 3150 242 3200 set
261 3148 292 3199 ?
332 3147 639 3201 Multorum
667 3148 821 3202 enim
848 3148 1055 3201 civium
1085 3150 1253 3219 longe
1278 3147 1707 3219 opulentiorum
1738 3148 1865 3219 nul-

157 3234 280 3288 lum
312 3235 427 3288 tale
458 3237 752 3307 negotium
789 3254 894 3307 pro
926 3237 1117 3291 liberis
1149 3243 1307 3292 erat:
1344 3254 1474 3291 cum
1504 3237 1721 3291 interea
1750 3253 1866 3289 non

154 3326 447 3392 satageret
476 3322 625 3377 idem
656 3330 820 3395 pater
847 3325 1032 3395 qualis
1057 3341 1369 3379 crescerem
1405 3325 1529 3391 tibi,
1562 3330 1662 3379 aut
1693 3341 1867 3395 quam

147 3415 347 3463 castus
377 3426 598 3479 essem;
630 3412 943 3468 dummodo
974 3430 1156 3468 essem
1189 3414 1452 3482 disertus,
1484 3415 1571 3468 vel
1603 3415 1867 3469 desertus

146 3499 352 3568 potius
385 3501 669 3569 acultura,
692 3507 808 3567 tua,
828 3504 992 3570 Deus,
1018 3503 1118 3574 qui
1148 3520 1205 3557 es
1232 3520 1380 3557 unus
1403 3519 1568 3558 verus
1597 3507 1653 3557 et
1678 3503 1865 3557 bonus

153 3587 440 3642 Dominus
470 3590 595 3659 agri
623 3590 709 3644 tui
735 3591 919 3645 cordis
949 3592 1080 3646 mei.

233 3680 287 3731 6.
320 3676 427 3730 Sed
454 3677 551 3731 ubi
581 3684 736 3732 sexto
785 3679 885 3733 illo
938 3684 993 3733 et
1022 3680 1242 3735 decimo
1298 3696 1472 3748 anno,
1529 3679 1867 3751 interposito

148 3764 271 3820 otio
306 3780 376 3817 ex
403 3765 737 3820 necessitate
768 3767 1079 3821 domestica
1104 3768 1341 3823 feriatus
1364 3769 1434 3823 ab
1466 3768 1624 3822 omni
1652 3769 1866 3836 schola,

154 3869 290 3908 cum
325 3854 657 3923 parentibus
688 3872 809 3909 esse
841 3855 1005 3926 coepi,
1056 3862 1418 3911 excesserunt
1457 3862 1627 3927 caput
1673 3872 1867 3911 meum

150 3959 356 4014 vepres
402 3942 743 4010 libidinum;
803 3949 857 3999 et
908 3946 1064 3999 nulla
1122 3950 1243 4001 erat
1272 3946 1565 4000 eradicans
1633 3962 1859 3999 manus.

150 4030 429 4097 Quinimo
460 4031 558 4085 ubi
574 4048 662 4085 me
689 4032 782 4085 ille
797 4033 1034 4102 paterin
1049 4033 1270 4087 balneis
1284 4033 1423 4087 vidit
1437 4034 1864 4104 pubescentem,

151 4126 215 4175 et
246 4119 505 4189 inquieta
542 4120 808 4174 indutum
840 4121 1241 4189 adolescentia,
1275 4121 1438 4192 quasi
1491 4122 1614 4191 jam
1644 4138 1709 4175 ex
1760 4121 1868 4174 hoc

152 4208 217 4262 in
250 4213 489 4277 nepotes
510 4208 764 4278 gestiret,
792 4209 1046 4279 gaudens
1074 4210 1246 4264 matri
1272 4209 1540 4264 indicavit
1569 4230 1583 4276 ;
1613 4209 1869 4279 gaudens

153 4295 474 4350 vinolentia
506 4296 566 4349 in
585 4313 695 4368 qua
711 4302 764 4351 te
779 4296 881 4351 iste
914 4298 1160 4351 mundus
1191 4298 1400 4351 oblitus
1431 4301 1514 4351 est
1543 4298 1868 4352 Creatorem

156 4401 355 4454 suum,
390 4390 446 4439 et
474 4390 792 4439 creaturam
818 4391 978 4439 tuam
1009 4403 1110 4457 pro
1146 4392 1202 4439 te
1233 4385 1461 4452 amavit,
1509 4386 1579 4440 de
1617 4385 1748 4439 vino
1778 4384 1871 4440 in-

155 4473 371 4527 visibili
400 4489 683 4542 perversae
731 4480 902 4545 atque
950 4474 1238 4528 inclinatae
1263 4480 1283 4510 ³
1313 4474 1371 4527 in
1416 4474 1533 4528 ima
1561 4473 1869 4527 voluntatis

152 4579 294 4616 suae.
340 4562 449 4616 Sed
474 4563 673 4615 matris
701 4563 760 4616 in
789 4567 1016 4634 pectore
1038 4564 1163 4634 jam
1182 4563 1549 4617 inchoaveras
1580 4564 1863 4633 templum

154 4656 346 4716 tuum,
377 4655 433 4704 et
458 4651 755 4705 exordium
786 4657 995 4706 sanctae
1042 4652 1409 4707 habitationis
1439 4657 1550 4706 tua:
1576 4669 1588 4707 :
1624 4652 1868 4705 namille

152 4738 344 4793 adhuc
367 4739 833 4808 catechumenus,
862 4747 919 4795 et
958 4742 1066 4795 hoc
1119 4757 1314 4795 recens
1344 4746 1483 4796 erat.
1527 4742 1725 4811 Itaque
1764 4740 1864 4794 illa

151 4827 372 4882 exilivit
401 4827 497 4898 pia
527 4829 910 4899 trepidatione
946 4847 1009 4884 ac
1046 4836 1291 4885 tremore
1317 4847 1330 4898 ;
1356 4836 1412 4884 et
1440 4830 1700 4901 quamvis
1726 4829 1868 4883 mihi

152 4916 419 4971 nondum
449 4917 627 4985 ﬁdeli,
662 4917 858 4972 timuit
883 4923 1077 4973 tamen
1104 4918 1222 4973 vias
1251 4919 1535 4985 distortas,
1565 4918 1625 4971 in
1658 4918 1867 4988 quibus

152 5006 459 5059 ambulant
488 5005 589 5076 qui
618 5011 843 5077 ponunt
862 5008 934 5061 ad
967 5012 1022 5061 te
1043 5012 1290 5077 tergum,
1329 5011 1384 5061 et
1411 5023 1529 5061 non
1557 5006 1783 5061 faciem.

218 5099 277 5149 7.
314 5093 418 5148 Hei
448 5094 625 5149 mihi!
654 5097 904 5150 etaudeo
922 5096 1109 5151 dicere
1139 5096 1381 5151 tacuisse
1414 5100 1491 5165 te,
1514 5097 1659 5150 Deus
1682 5111 1865 5161 meus,

214 5208 235 5276 ‘_
280 5209 407 5276 μον.
432 5210 628 5259 Somm.
660 5214 712 5276 et
740 5211 896 5276 Blas.,
927 5212 1206 5276 accepitin
1227 5226 1304 5261 me
1336 5212 1558 5276 luxuria
1586 5213 1864 5276 sceptrum,

145 5276 197 5320 et
217 5273 362 5337 totas
385 5285 582 5337 manus
601 5276 646 5323 ei
669 5272 789 5323 dedi
824 5272 1061 5323 vesaniae
1079 5274 1323 5324 libidinis.
1356 5276 1414 5323 ln
1440 5274 1555 5323 aliis
1595 5272 1859 5337 plerisque

160 5333 440 5382 codicibus
467 5334 758 5384 habeturin
771 5341 931 5396 recto,
958 5343 1207 5396 vesania;
1242 5342 1292 5385 et
1312 5337 1459 5385 abest
1482 5333 1612 5395 vox,
1628 5333 1867 5387 luxuria.

214 5397 236 5430 2
268 5397 391 5455 Qui:
412 5398 848 5462 enim_hominum
886 5410 993 5448 non
1027 5398 1310 5462 extoliebat
1350 5398 1595 5449 laudibus
1619 5402 1743 5449 tunc
1768 5412 1867 5462 pa-

150 5460 289 5505 trem
307 5465 517 5507 meum?
547 5459 705 5507 Juxta
731 5462 928 5509 Somm.
958 5464 1010 5509 et
1042 5460 1212 5509 ttond.
1233 5461 1300 5508 M.

213 5523 235 5552 τι
267 5520 392 5569 Mss.
426 5521 688 5584 Lj'rensis,
710 5534 998 5587 perversus
1026 5529 1187 5586 atque
1220 5520 1525 5574 inclinatus.

1583 278 1794 333 LIBER
1871 276 2260 337 SECUNDUS.
3574 302 3676 352 U78

1984 418 2114 459 cum
2144 406 2289 460 irem
2318 406 2417 460 abs
2446 412 2501 462 te
2530 409 2776 479 longius.
2812 412 2970 465 Itane
3000 417 3061 466 tu
3093 415 3317 468 tacebas
3343 420 3479 469 tunc
3504 418 3687 472 mihi?

1985 498 2051 550 Et
2080 498 2240 565 cujus
2268 503 2448 565 erant,
2478 500 2589 554 nisi
2614 505 2730 570 tua,
2765 502 2937 555 verba
2957 502 3054 556 illa
3074 519 3177 573 per
3205 509 3442 558 matrem
3475 522 3683 573 meam,

1983 588 2211 642 ﬁdelem
2240 594 2416 653 tuam,
2453 606 2579 660 quae
2609 590 2844 643 cantasti
2883 592 2940 644 in
2978 609 3142 646 aures
3182 593 3381 647 meas?
3415 595 3524 647 Nec
3557 595 3689 648 inde

1983 677 2299 748 quidquam
2332 678 2622 732 descendit
2652 680 2712 733 in
2741 696 2857 745 cor,
2889 686 2955 734 ut
2984 682 3227 736 facerem
3258 682 3422 736 illud.
3444 684 3682 737 Volebat

1982 766 2138 819 enim
2168 766 2283 833 illa,
2318 772 2371 821 et
2402 772 2614 821 secreto
2648 768 2884 822 memini
2916 775 2979 823 ut
3007 770 3297 826 monuerit
3318 788 3450 825 cum
3479 771 3683 825 sollici-

1980 855 2178 909 tudine
2211 856 2429 926 ingenti
2460 873 2528 910 ne
2558 857 2887 923 ‘fornicarer,
2939 859 3297 931 maximeque
3340 877 3411 914 ne
3452 861 3678 914 adulte-

1981 961 2168 999 rarem
2193 947 2531 1017 cujusquam
2562 964 2818 1001 uxorem.
2854 948 2962 1011 Qui
2993 948 3135 1002 mihi
3181 949 3428 1003 monitus
3469 950 3676 1003 mulie-

1981 1034 2109 1088 bres
2146 1034 2507 1101 videbantur,
2562 1036 2773 1107 quibus
2821 1038 3217 1107 obtemperare
3263 1038 3678 1092 erubescerent.

1981 1124 2067 1177 llli
2091 1129 2281 1178 autem
2316 1125 2399 1178 tui
2428 1130 2608 1191 erant,
2638 1130 2693 1177 et
2721 1125 3041 1179 nesciebam
3075 1143 3087 1179 :
3114 1132 3171 1180 et
3200 1130 3257 1179 te
3300 1131 3485 1180 tacere
3512 1132 3677 1195 puta-

1981 1214 2133 1279 bam,
2159 1218 2329 1284 atque
2344 1213 2500 1266 illam
2524 1213 2700 1283 loqui,
2734 1231 2836 1283 per
2863 1230 3034 1283 quam
3052 1214 3189 1267 mihi
3210 1221 3273 1267 tu
3292 1232 3406 1268 non
3431 1216 3674 1275 tacebas,

1980 1302 2107 1356 etin
2128 1302 2225 1356 illa
2242 1302 2742 1356 contemnebarisa
2761 1319 2849 1356 me
2867 1303 2985 1356 ﬁlio
3010 1304 3150 1373 ejus,
3171 1304 3287 1356 ﬁlio
3309 1304 3527 1357 ancilla:
3545 1309 3678 1370 tuae,

1982 1407 2141 1444 servo
2171 1396 2289 1444 tuo.
2324 1392 2430 1445 Sed
2469 1391 2810 1457 nesciebam,
2847 1396 2901 1444 et
2931 1408 3183 1461 przeceps
3206 1393 3360 1445 ibam
3387 1397 3545 1446 tanta
3572 1409 3679 1446 cae-

1980 1480 2171 1548 citate,
2202 1484 2266 1533 ut
2297 1479 2443 1533 inter
2473 1485 2792 1533 cozetaneos
2842 1497 3000 1533 meos
3038 1482 3281 1551 puderet
3312 1498 3400 1535 me
3441 1482 3681 1535 minoris

1980 1569 2287 1631 dedecoris,
2339 1568 2611 1639 quoniam
2662 1569 2960 1622 audiebam
3006 1586 3099 1622 eos
3143 1570 3422 1639 jactantes
3466 1570 3683 1639 flagitia

1980 1675 2101 1725 sua,
2132 1662 2183 1712 et
2209 1663 2367 1711 tanto
2397 1658 2705 1727 gloriantes
2751 1659 2951 1728 magis,
3005 1664 3219 1729 quanto
3253 1659 3434 1730 magis
3487 1664 3680 1729 turpes

1980 1753 2202 1801 essent:
2238 1752 2294 1801 et
2324 1747 2537 1801 libebat
2596 1749 2775 1801 facere
2836 1764 2952 1801 non
3002 1749 3189 1801 solum
3248 1747 3485 1801 libidine
3526 1747 3680 1813 facti,

1978 1853 2176 1890 verum
2207 1836 2378 1889 etiam
2419 1837 2619 1891 laudis.
2681 1837 2828 1900 Quid
2859 1837 3098 1907 dignum
3136 1841 3222 1890 est
3252 1836 3674 1906 vituperatione

1980 1925 2092 1979 nisi
2120 1926 2369 1980 vitium?
2428 1927 2540 1997 Ego
2587 1942 2659 1980 ne
2710 1926 3084 1996 vituperarer,
3139 1924 3396 1980 vitiosior
3426 1926 3678 1990 ﬁebam;

1980 2019 2036 2069 et
2062 2015 2161 2068 ubi
2191 2031 2309 2067 non
2341 2015 2570 2069 suberat
2599 2031 2711 2086 quo
2733 2014 2979 2068 admisso
3007 2031 3269 2085 aequarer
3290 2015 3547 2085 perditis,
3570 2014 3678 2067 fin-

1981 2104 2185 2175 gebam
2218 2120 2307 2157 me
2337 2103 2533 2157 fecisse
2565 2105 2716 2175 quod
2743 2120 2858 2158 non
2905 2104 3169 2170 feceram,
3204 2120 3275 2157 ne
3307 2104 3530 2157 viderer
3579 2104 3677 2157 ab-

1974 2190 2177 2261 jectior
2199 2206 2311 2261 quo
2342 2207 2498 2245 eram
2522 2190 2902 2254 innocentior,
2927 2195 2983 2244 et
3004 2206 3075 2244 ne
3105 2189 3272 2245 vilior
3296 2190 3537 2243 haberer
3566 2205 3679 2260 quo

1981 2296 2136 2334 eram
2168 2279 2392 2335 castior.

2050 2370 2100 2422 8.
2134 2370 2267 2422 Ecce
2296 2384 2426 2421 cum
2458 2368 2666 2439 quibus
2696 2367 2998 2422 comitibus
3031 2366 3138 2420 iter
3167 2366 3406 2433 agebam
3456 2366 3671 2437 platea-

1978 2473 2109 2511 rum
2142 2457 2481 2527 Babyloniae,
2515 2461 2573 2511 et
2601 2457 2894 2510 volutabar
2922 2456 2983 2509 in
3015 2472 3174 2509 coeno
3228 2456 3370 2525 ejus,
3402 2459 3679 2525 tanquam

1977 2546 2036 2599 in
2090 2546 2367 2599 cinnamis
2420 2551 2475 2599 et
2528 2545 2838 2616 unguentis
2878 2543 3158 2614 pretiosis.
3198 2544 3261 2595 Et
3312 2542 3370 2595 in
3402 2542 3674 2596 umbilico

1979 2635 2120 2705 ejus,
2171 2651 2284 2704 quo
2332 2634 2588 2687 tenacius
2636 2634 2939 2701 haererem,
2983 2631 3235 2684 calcabat
3293 2646 3383 2683 me
3415 2630 3679 2683 inimicus

1978 2721 2301 2791 invisibilis,
2365 2724 2420 2774 et
2486 2718 2790 2774 séducebat
2853 2735 2965 2786 me,
3021 2717 3157 2788 quia
3225 2733 3331 2787 ego
3390 2717 3678 2770 seductilis

1980 2828 2153 2865 eram.
2190 2812 2315 2864 Non
2344 2809 2496 2863 enim
2535 2813 2590 2863 et
2620 2809 2737 2875 illa,
2770 2825 2895 2879 quae
2936 2808 3058 2878 jam
3106 2805 3174 2859 de
3218 2804 3407 2857 medio
3437 2805 3675 2872 Babylo-

1977 2897 2066 2951 nis
2095 2899 2343 2968 fugerat,
2393 2897 2486 2950 sed
2538 2897 2655 2950 ibat
2701 2896 2762 2949 in
2811 2895 3033 2948 caeteris
3074 2894 3196 2963 ejus
3239 2892 3457 2946 tardior
3497 2896 3682 2945 mater

1979 2987 2163 3041 carnis
2191 3003 2353 3052 mete,
2388 2985 2531 3039 sicut
2558 2985 2781 3039 monuit
2810 3000 2900 3037 me
2943 2982 3298 3053 pudicitiam,
3340 2981 3420 3035 ita
3463 2980 3679 3034 curavit

1979 3076 2131 3147 quod
2164 3076 2231 3129 de
2255 3092 2345 3129 me
2377 3092 2406 3127 a
2436 3075 2558 3128 viro
2591 3091 2692 3128 suo
2724 3072 2999 3136 audierat,
3051 3072 3283 3142 jamque
3328 3068 3677 3139 pestilentio.

1980 3183 2106 3219 sum
2138 3170 2194 3218 et
2224 3165 2281 3217 in
2305 3168 2592 3235 posterum
2647 3162 3030 3234 periculosum
3074 3159 3373 3224 sentiebat,
3419 3174 3677 3212 coercere

1978 3254 2224 3309 termino
2256 3252 2571 3323 conjugalis
2602 3252 2852 3315 affectus,
2886 3250 2931 3323 si
2970 3248 3211 3302 resecari
3241 3248 3309 3301 ad
3340 3247 3529 3300 vivum
3559 3263 3676 3300 non

1979 3347 2223 3414 poterat.
2249 3320 2375 3395 Non
2403 3320 2621 3394 curavit
2650 3340 2757 3392 hoc
2788 3320 2924 3409 quia
2954 3342 3140 3391 metus
3166 3341 3289 3390 erat
3319 3352 3388 3389 ne
3428 3335 3675 3405 impedi-

1979 3437 2138 3486 retur
2167 3446 2295 3500 spes
2347 3446 2473 3483 mea
2503 3428 2775 3498 compede
2805 3426 3043 3492 uxoria;
3072 3442 3189 3479 non
3221 3440 3346 3494 spes
3376 3424 3475 3477 illa
3501 3439 3674 3493 quam

1980 3520 2038 3574 in
2068 3525 2121 3574 te
2151 3519 2330 3573 futuri
2360 3518 2551 3572 saeculi
2578 3518 2819 3571 habebat
2841 3520 3040 3581 mater,
3070 3514 3166 3567 sed
3179 3530 3306 3582 spes
3333 3511 3675 3577 litterarum,

1981 3626 2121 3680 quas
2152 3614 2218 3662 ut
2249 3623 2473 3660 nossem
2512 3605 2683 3659 nimis
2714 3604 2937 3658 volebat
2990 3618 3200 3672 parens
3249 3604 3486 3670 uterque
3514 3617 3527 3667 ;
3560 3600 3675 3665 ille,

1980 3697 2116 3768 quia
2144 3697 2211 3751 de
2236 3700 2291 3750 te
2321 3711 2503 3765 prope
2534 3694 2677 3747 nihil
2698 3692 3000 3763 cogitabat,
3037 3692 3105 3745 de
3130 3706 3221 3743 me
3241 3694 3428 3743 autem
3458 3688 3670 3755 inania;

1979 3787 2076 3840 illa
2106 3791 2316 3851 autem,
2351 3784 2486 3854 quia
2534 3799 2649 3836 non
2705 3782 2888 3835 solum
2941 3780 3097 3833 nullo
3155 3778 3519 3839 detrimento,
3579 3776 3677 3830 sed

1980 3875 2153 3929 etiam
2185 3873 2462 3926 nonnullo
2493 3871 2826 3941 adjumento
2860 3870 2928 3924 ad
2943 3875 2995 3923 te
3027 3867 3458 3939 adipiscendum
3488 3866 3679 3919 futura

1980 3963 2339 4017 existimabat
2366 3960 2575 4016 usitata
2600 3960 2700 4013 illa
2725 3959 2909 4013 studia
2932 3958 3227 4013 doctrinae.
3260 3958 3341 4010 Ita
3371 3954 3524 4009 enim
3542 3970 3676 4007 con-

1980 4052 2133 4124 jicio,
2167 4052 2442 4119 recolens,
2476 4054 2538 4103 ut
2559 4065 2809 4120 possum,
2844 4064 3032 4101 mores
3061 4050 3367 4118 parentum
3396 4059 3673 4098 meorum.

1982 4140 2403 4195 Relaxabantur
2432 4138 2605 4192 etiam
2637 4137 2779 4191 mihi
2802 4137 2871 4191 ad
2901 4136 3218 4191 ludendum
3248 4134 3508 4199 habena),
3527 4132 3679 4185 ultra

1979 4234 2497 4299 temperamentum
2525 4226 2859 4292 severitatis,
2887 4224 3394 4280 indissolutioncm
3426 4219 3675 4274 affectio-

1981 4334 2121 4371 num
2145 4316 2451 4375 variarum,
2483 4320 2540 4369 et
2562 4315 2624 4368 in
2653 4316 2919 4370 omnibus
2949 4320 3069 4369 erat
3085 4313 3266 4382 caligo
3293 4308 3675 4363 intercludens

1980 4405 2145 4473 mihi,
2179 4407 2326 4459 Deus
2356 4420 2534 4470 meus,
2567 4404 2932 4458 serenitatem
2980 4400 3227 4456 veritatis
3259 4403 3408 4453 tuae:
3443 4401 3498 4450 et
3533 4412 3675 4465 pro-

1983 4494 2139 4549 dibat
2167 4498 2442 4564 tanquam
2472 4509 2535 4547 ex
2568 4492 2732 4564 adipe
2763 4492 3034 4563 iniquitas
3055 4506 3184 4545 mea
3210 4488 3377 4557 (Psal.
3412 4485 3671 4555 Lxxn,7).

2652 4584 2875 4638 CAPUT
2916 4583 3000 4635 IV.

2267 4677 2492 4728 Furtum
2533 4688 2651 4727 cum
2688 4671 2962 4725 sodalibus
2998 4670 3391 4738 perpetratum.

2051 4768 2103 4817 tl.
2139 4764 2379 4818 Furtum
2410 4765 2559 4815 certe
2591 4760 2758 4830 punit
2788 4761 2872 4813 lex
2903 4764 3018 4823 tua,
3057 4757 3315 4821 Domine,
3348 4758 3404 4808 et
3433 4755 3519 4808 lex
3537 4753 3677 4807 scri-

1978 4859 2075 4926 pta
2102 4854 2162 4908 in
2193 4853 2458 4908 cordibus
2480 4852 2800 4916 hominum,
2834 4865 3005 4919 quam
3028 4864 3098 4901 ne
3121 4846 3243 4917 ipsa
3268 4845 3501 4916 quidem
3526 4844 3677 4898 delet

1980 4944 2273 5015 iniquitas.
2305 4942 2441 5006 Quis
2471 4940 2627 4994 enim
2654 4940 2744 4992 fur
2772 4954 2937 5008 ecquo
2966 4937 3156 4991 animo
3188 4936 3373 4989 furem
3412 4932 3676 5004 patitur?

1982 5034 2093 5087 Nec
2124 5031 2390 5103 cepiosus
2421 5030 2682 5083 adactum
2714 5026 2925 5097 inopia.
2964 5027 3029 5079 Et
3081 5041 3185 5094 ego
3217 5024 3435 5078 furtum
3489 5021 3675 5074 facere

1978 5121 2134 5175 volui
2163 5126 2219 5175 et
2249 5119 2373 5185 feci,
2409 5119 2564 5171 nulla
2595 5117 2922 5187 compulsus
2962 5118 3209 5186 egestate
3260 5127 3365 5165 nec
3409 5106 3671 5179 penuria,

1981 5210 2075 5264 sed
2105 5208 2332 5264 fastidio
2366 5206 2606 5278 justitiae
2636 5202 2678 5271 ί,
2724 5211 2780 5260 et
2811 5203 3011 5275 sagina
3042 5200 3386 5272 iniquitatis.
3428 5197 3571 5250 Nam
3616 5193 3673 5247 id

1980 5298 2199 5352 furatus
2232 5312 2359 5349 sum
2391 5294 2542 5366 quod
2576 5293 2717 5348 mihi
2744 5294 3090 5359 abundabat,
3128 5296 3183 5344 et
3209 5289 3388 5342 multo
3419 5284 3624 5337 melius
3656 5298 3669 5336 :

1980 5404 2087 5442 nec
2129 5404 2196 5441 ea
2224 5403 2285 5440 re
2316 5386 2574 5439 volebam
2605 5384 2717 5438 frui
2747 5400 2920 5456 quam
2971 5383 3122 5437 furto
3160 5376 3499 5449 appetebam
3526 5389 3540 5441 ;
3574 5372 3671 5425 sed

2045 5522 2059 5556 ι
2091 5520 2211 5570 Mss.
2239 5517 2652 5581 frequentiores:
2686 5519 2799 5568 Nisi
2818 5519 3043 5581 penuria
3065 5517 3116 5565 et
3132 5506 3605 5576 fas/idiojustitiar.
