4022 6176
106 294 197 343 iESl
1570 287 1769 343 LIBER
1810 288 2185 343 SECUNDUS.

106 405 582 461 afﬂuentissimus
613 406 676 458 tu
706 420 783 458 es.
826 402 1077 459 Avaritia
1106 406 1284 460 multa
1338 406 1627 476 possidere
1657 408 1805 475 vult;

110 500 170 551 et
189 502 247 550 tu
278 495 530 567 possides
553 494 764 548 omnia.
787 494 1100 548 Invidentia
1129 495 1197 549 de
1231 496 1561 551 excellentia
1594 496 1805 567 litigat:

113 585 252 656 quid
283 591 337 639 te
366 583 773 638 excellentius?
798 584 886 637 Ira
910 583 1219 638 vindictam
1246 585 1483 655 quaerit:
1516 589 1571 639 te
1598 585 1809 655 justius

112 675 244 744 quis
266 673 547 727 vindicat?
574 674 766 726 Timor
786 673 1018 727 insolita
1047 678 1102 727 et
1126 674 1423 744 repentina
1441 674 1806 740 exhorrescit,

110 762 280 816 rebus
312 778 440 833 quae
463 767 732 815 amantur
771 762 1151 830 adversantia,
1183 764 1316 817 dum
1349 767 1628 834 praecavet
1652 779 1811 816 secu-

110 850 295 904 ritati:
347 849 455 903 tibi
504 850 657 904 enim
692 850 827 920 quid
871 850 1204 905 insolitum?
1234 851 1372 922 quid
1401 851 1810 922 repentinum?

106 944 209 993 aut
235 940 365 1010 quis
396 956 428 992 a
457 945 512 992 te
543 943 769 1009 separat
798 939 950 1009 quod
978 939 1167 1009 diligis
1194 942 1221 993 ?
1252 944 1350 993 aut
1369 940 1486 1004 ubi,
1519 939 1629 993 nisi
1658 939 1811 1009 apud

110 1034 187 1090 te,
219 1029 390 1082 firma
436 1027 749 1081 securitas?
778 1028 1028 1081 Tristitia
1069 1028 1237 1081 rebus
1276 1027 1496 1081 amissis
1544 1028 1812 1081 contabe-

109 1118 236 1182 scit,
268 1116 475 1187 quibus
506 1131 564 1169 se
594 1116 915 1169 oblectabat
940 1116 1253 1187 cupiditas;
1282 1117 1417 1189 quia
1447 1117 1525 1171 ita
1547 1117 1654 1171 sibi
1681 1117 1812 1171 nol-

107 1207 207 1265 let.
243 1205 392 1259 sicut
420 1204 525 1258 tibi
554 1204 769 1258 auferri
799 1204 945 1258 nihil
966 1208 1176 1275 potest.

186 1296 273 1350 14.
314 1295 401 1348 Ita
428 1293 745 1347 fornicatur
785 1293 995 1359 anima,
1030 1310 1159 1348 cum
1208 1293 1478 1347 avertitur
1524 1292 1622 1347 abs
1648 1296 1724 1358 te,
1758 1295 1814 1346 et

104 1382 316 1456 quaerit
354 1386 512 1437 extra
542 1387 595 1436 te
628 1398 693 1436 ea
722 1399 851 1454 quae
910 1399 1054 1452 pura
1083 1387 1139 1436 et
1168 1382 1385 1453 liquida
1422 1399 1538 1435 non
1570 1381 1808 1446 invenit,

106 1473 216 1525 nisi
271 1488 401 1526 cum
447 1471 595 1525 redit
642 1471 713 1525 ad
761 1476 835 1525 te.
880 1474 1147 1525 Perverse
1182 1476 1234 1524 te
1266 1470 1566 1525 imitantur
1610 1486 1811 1523 omnes

108 1560 207 1630 qui
242 1561 413 1630 longe
441 1576 500 1614 se
532 1576 564 1614 a
592 1564 645 1613 te
677 1560 911 1628 faciunt,
935 1566 991 1613 et
1020 1560 1299 1614 extollunt
1327 1576 1384 1613 se
1412 1560 1713 1613 adversum
1731 1563 1805 1612 te.

107 1648 214 1702 Sed
247 1648 421 1702 etiam
450 1649 526 1701 sic
552 1653 609 1702 te
638 1648 917 1702 imitando
962 1648 1215 1703 indicant
1260 1653 1572 1703 creatorem
1602 1652 1657 1702 te
1689 1664 1810 1701 esse

110 1737 300 1791 omnis
329 1741 583 1803 naturze;
614 1742 671 1790 et
702 1736 825 1790 ideo
854 1753 967 1790 non
999 1753 1119 1791 esse
1150 1753 1264 1808 quo
1294 1753 1326 1790 a
1365 1740 1418 1790 te
1451 1736 1609 1790 omni
1642 1735 1811 1789 modo

111 1826 429 1880 recedatur.
464 1825 609 1889 Quid
654 1842 789 1895 ergo
822 1826 881 1879 in
915 1825 1013 1879 illo
1046 1826 1194 1879 furto
1244 1840 1349 1894 ego
1392 1823 1601 1878 dilexi?
1651 1827 1706 1877 et
1750 1823 1812 1875 in

110 1932 226 1986 quo
274 1914 582 1968 Dominum
618 1930 809 1968 meum
838 1914 922 1968 vel
964 1914 1162 1968 vitiose
1186 1919 1356 1985 atque
1377 1928 1639 1984 perverse
1688 1911 1813 1964 imi-

111 2010 262 2057 tatus
302 2002 461 2056 sum?
484 2007 571 2057 An
602 2002 769 2056 libuit
796 2003 979 2057 facere
1015 2007 1209 2057 contra
1238 2002 1427 2073 legem
1477 2001 1677 2053 saltem
1707 1998 1811 2052 fal-

108 2093 274 2159 lacia,
309 2092 443 2163 quia
475 2095 773 2163 potentatu
807 2108 923 2145 non
952 2096 1233 2162 poteram,
1261 2096 1325 2144 ut
1345 2105 1606 2144 mancam
1640 2088 1810 2141 liber-

111 2187 285 2236 tatem
319 2181 574 2251 captivus
622 2180 881 2234 imitarer
920 2180 1175 2234 faciendo
1218 2180 1454 2250 impune
1498 2177 1651 2250 quod
1701 2192 1811 2229 non

112 2270 329 2335 liceret,
382 2269 685 2323 tenebrosa
741 2268 1173 2338 omnipotentiae
1213 2266 1620 2321 similitudine?
1678 2265 1814 2318 Ecce

113 2365 193 2413 est
222 2360 319 2413 ille
349 2376 542 2413 servus
572 2358 797 2429 fugiens
830 2357 1137 2411 Dominum
1180 2374 1348 2411 suum
1396 2362 1452 2410 et
1480 2360 1814 2409 consecutus

111 2448 398 2501 umbram.
429 2448 471 2501 Ο
503 2447 764 2518 putredo,
796 2463 827 2500 ο
860 2449 1179 2501 monstrum
1207 2445 1354 2508 vitae,
1380 2448 1435 2498 et
1462 2443 1658 2497 mortis
1690 2458 1817 2513 pro-

110 2536 392 2591 funditas!
457 2537 719 2590 Potuitne
768 2535 946 2589 libere
976 2535 1131 2606 quod
1178 2550 1294 2589 non
1340 2532 1565 2599 licebat,
1600 2548 1712 2585 non
1745 2530 1815 2583 ob

113 2627 291 2692 aliud,
324 2625 441 2679 nisi
464 2626 597 2696 quia
636 2641 753 2679 non
784 2624 1022 2679 licebat?

770 2732 1001 2786 CAPUT
1042 2731 1156 2784 VII.

186 2823 417 2879 Gratias
434 2824 551 2890 agit
571 2826 677 2877 Deo
698 2837 799 2891 pro
818 2823 1127 2875 remissione
1139 2822 1497 2888 peccatorum,
1518 2816 1764 2887 quodque
1787 2831 1817 2867 a

674 2912 861 2965 multis
882 2915 1128 2964 servatus
1158 2910 1248 2963 sit.

182 3006 275 3056 15.
331 3000 478 3064 Quid
538 3000 849 3055 retribuam
908 2997 1174 3062 Domino,
1247 2996 1397 3068 quod
1460 2994 1658 3048 recolit
1701 2994 1821 3047 haec

117 3088 406 3143 memoria
438 3106 580 3155 mea,
615 3094 670 3143 et
699 3090 889 3143 anima
931 3104 1059 3142 mea
1091 3103 1207 3140 non
1236 3085 1439 3139 metuit
1468 3083 1638 3138 inde?
1684 3082 1823 3135 Dili-

113 3196 253 3249 gam
288 3183 369 3244 te,
397 3178 655 3243 Domine,
688 3183 742 3232 et
772 3177 978 3247 gratias
1006 3192 1193 3246 agam,
1225 3178 1283 3227 et
1312 3173 1584 3227 confitear
1601 3171 1824 3239 nomini

114 3276 240 3334 tuo,
302 3266 581 3339 quoniam
633 3272 790 3321 tanta
822 3264 1087 3320 dimisisti
1126 3263 1271 3317 mihi
1313 3264 1462 3316 mala
1500 3265 1555 3315 et
1608 3259 1826 3314 nefaria

111 3373 297 3429 opera
330 3372 480 3409 mea.
512 3355 716 3410 Gratiae
747 3360 859 3409 tua:
894 3355 1102 3425 deputo
1133 3358 1188 3406 et
1234 3350 1638 3407 misericordiae
1686 3354 1822 3413 tute,

112 3446 280 3517 quod
312 3449 547 3515 peccata
590 3460 719 3498 mea
760 3448 1034 3514 tanquam
1069 3440 1308 3512 glaciem
1337 3438 1568 3493 solvisti.
1620 3437 1824 3493 Gratia:

110 3542 237 3589 tuae
266 3534 485 3603 deputo
516 3537 573 3586 et
602 3547 979 3603 quaecumque
1011 3546 1127 3584 non
1158 3528 1263 3583 feci
1286 3530 1462 3593 mala;
1504 3525 1643 3597 quid
1673 3524 1827 3579 enim

110 3640 243 3678 non
266 3623 457 3676 facere
479 3621 662 3690 potui,
692 3620 790 3690 qui
820 3620 987 3672 etiam
1016 3616 1329 3689 gratuitum
1359 3615 1578 3669 facinus
1602 3611 1827 3667 amavi?

112 3714 185 3766 Et
208 3710 413 3765 omnia
434 3709 573 3762 mihi
598 3708 831 3762 dimissa
849 3723 970 3760 esse
995 3706 1175 3759 fateor
1200 3722 1212 3770 ;
1237 3708 1294 3757 et
1320 3719 1449 3773 quae
1482 3718 1610 3756 mea
1630 3704 1828 3772 sponte

112 3800 231 3855 feci
264 3799 438 3863 mala,
462 3803 519 3851 et
548 3814 677 3868 quae
710 3802 765 3850 te
791 3796 934 3850 duce
966 3811 1077 3848 non
1107 3793 1231 3847 feci.
1260 3792 1395 3856 Quis
1417 3796 1501 3845 est
1526 3791 1830 3845 hominum

115 3888 229 3961 qui
260 3904 427 3941 suam
475 3887 731 3956 cogitans
786 3884 1198 3945 inﬁrmitatem,
1247 3882 1415 3936 audet
1460 3880 1675 3933 viribus
1716 3877 1831 3931 suis

116 3978 391 4033 tribuere
410 3976 724 4030 castitatem
740 3978 910 4044 atque
926 3971 1311 4027 innocentiam
1331 3986 1489 4023 suam
1511 3987 1523 4035 ;
1544 3972 1607 4023 ut
1641 3968 1832 4021 minus

118 4072 286 4122 amet
303 4071 380 4132 te,
405 4064 568 4136 quasi
600 4064 791 4118 minus
821 4062 874 4117 ei
894 4060 1204 4116 necessaria
1234 4060 1403 4113 fuerit
1443 4056 1834 4111 misericordia

120 4164 251 4223 tua,
278 4170 397 4227 qua
428 4155 606 4209 donas
638 4157 865 4225 peccata
887 4140 1166 4206 chnversis
1196 4149 1263 4202 ad
1284 4151 1378 4202 te?
1399 4146 1507 4211 Qui
1537 4145 1689 4199 enim
1733 4161 1832 4196 vo-
1912 4138 1919 4145 ’

126 4251 295 4300 catus
329 4261 361 4297 a
392 4249 446 4297 te
480 4248 705 4298 secutus
735 4246 820 4296 est
856 4257 1052 4296 vocem
1082 4244 1261 4305 tuam,
1295 4242 1349 4291 et
1377 4235 1571 4290 vitavit
1599 4251 1664 4287 ea
1707 4249 1834 4303 qua)

124 4352 225 4389 me
258 4334 332 4388 de
364 4334 579 4403 meipso
610 4332 1004 4387 recordantem
1027 4334 1081 4382 et
1101 4328 1374 4382 fatentem
1407 4324 1562 4394 legit,
1597 4338 1710 4376 non
1746 4337 1836 4376 me

126 4422 401 4478 derideat
421 4422 490 4475 ab
520 4438 585 4475 eo
617 4419 841 4473 medico
864 4434 1083 4488 aegrum
1115 4416 1323 4481 sanari,
1346 4431 1379 4468 a
1399 4430 1511 4485 quo
1542 4411 1649 4466 sibi
1686 4426 1836 4481 prae-

128 4512 340 4567 stitum
359 4514 444 4565 est
472 4516 536 4563 ut
553 4525 671 4563 non
701 4511 1025 4578 aegrotaret,
1047 4506 1133 4559 vel
1152 4504 1345 4575 potius
1374 4507 1438 4556 ut
1456 4501 1641 4556 minus
1660 4515 1840 4569 aegro-

129 4604 315 4656 taret:
346 4604 403 4654 et
422 4599 554 4653 ideo
577 4603 631 4652 te
649 4597 1027 4660 tantumdem,
1049 4594 1167 4648 imo
1185 4609 1319 4648 vero
1342 4590 1585 4661 amplius
1606 4589 1836 4657 diligat;

126 4688 270 4761 quia
296 4703 405 4759 per
434 4701 603 4758 quem
630 4700 723 4739 me
753 4684 908 4738 videt
953 4681 1125 4736 tantis
1172 4684 1536 4751 peccatorum
1579 4690 1840 4731 meorum

123 4776 516 4851 languoribus
548 4774 699 4843 exui,
734 4790 836 4844 per
856 4787 989 4826 eum
1013 4787 1071 4825 se
1100 4769 1256 4825 videt
1279 4768 1450 4823 tantis
1479 4769 1839 4840 peccatorum

122 4867 514 4942 languoribus
537 4881 655 4920 non
690 4862 990 4935 implicari.

789 4969 921 5024 CAP
936 4969 1023 5023 UT
1062 4968 1206 5022 VIII.

277 5064 513 5120 Amavit
544 5063 603 5116 in
630 5062 780 5127 furto
806 5059 1124 5115 consortium
1160 5055 1321 5111 simul
1345 5052 1698 5124 peccantium.

207 5158 299 5210 16.
339 5154 522 5217 Quem
555 5152 802 5205 fructum
825 5147 1002 5202 habui
1020 5145 1195 5201 miser
1215 5140 1522 5213 aliquando
1544 5137 1603 5192 in
1632 5138 1699 5191 iis
1716 5151 1843 5208 quae

512 5591 792 5659 PATROL.
842 5583 1094 5652 XXXII.

3514 292 3617 343 682

1922 425 2074 464 nunc
2104 407 2357 462 recolens
2387 406 2657 463 erubesco
2680 408 2851 479 (Rom.
2897 426 2970 477 vi,
2996 412 3111 479 2t),
3147 410 3392 465 maxime
3422 412 3483 465 in
3522 415 3619 468 illo

1920 495 2071 550 furto
2101 496 2163 550 in
2192 512 2305 567 quo
2336 497 2525 566 ipsum
2559 498 2777 553 furtum
2823 498 3043 552 amavi?
3086 500 3240 553 Nihil
3273 499 3457 566 aliud;
3491 518 3618 556 cum

1922 588 1979 637 et
2009 583 2197 654 ipsum
2234 590 2381 638 esset
2430 586 2595 652 nihil,
2628 591 2684 640 et
2713 604 2779 641 eo
2828 587 2951 658 ipso
2984 604 3087 657 ego
3122 587 3397 642 miserior.
3439 589 3503 641 Et
3530 592 3619 641 ta-

1922 689 2054 726 men
2080 675 2233 727 solus
2262 673 2321 727 id
2354 692 2468 729 non
2488 675 2767 735 fecissem,
2796 674 2873 729 sic
2903 676 3172 729 recordor
3194 676 3449 729 animum
3486 681 3623 730 tunc

1921 778 2153 829 meum;
2206 763 2358 817 solus
2391 765 2626 818 omnino
2659 765 2712 819 id
2754 781 2870 818 non
2915 764 3198 819 fecissem.
3253 766 3398 835 Ergo
3436 765 3621 818 amavi

1922 850 2001 904 ibi
2045 852 2218 906 etiam
2261 854 2611 907 consortium
2656 870 2889 908 reorum
2941 870 3071 907 cum
3128 853 3334 923 quibus
3378 853 3435 907 id
3478 853 3621 907 feci?

1922 939 2045 993 Non
2074 956 2209 1011 ergo
2240 940 2384 994 nihil
2415 942 2569 995 aliud
2602 958 2774 1012 quam
2822 943 3039 996 furtum
3075 940 3297 1008 amavi;
3337 942 3452 995 imo
3486 958 3620 995 vero

1924 1027 2067 1080 nihil
2100 1028 2275 1094 aliud,
2308 1028 2440 1099 quia
2473 1034 2528 1082 et
2572 1031 2710 1083 illud
2740 1030 2879 1083 nihil
2927 1034 3026 1085 est.
3078 1029 3223 1093 Quid
3255 1034 3340 1083 est
3389 1032 3622 1083 revera?

1924 1115 2059 1179 Quis
2090 1121 2173 1169 est
2194 1117 2293 1187 qui
2327 1117 2525 1171 doceat
2555 1134 2665 1181 me,
2694 1118 2801 1170 nisi
2841 1118 2940 1188 qui
2972 1118 3262 1172 illuminat
3291 1135 3385 1171 cor
3426 1135 3620 1172 meum

1923 1209 1979 1258 et
2010 1204 2279 1260 discernit
2324 1206 2553 1260 umbras
2583 1208 2741 1276 ejus?
2786 1206 2929 1269 Quid
2982 1211 3065 1261 est
3100 1207 3253 1276 quod
3285 1206 3428 1259 mihi
3468 1206 3623 1260 venit

1924 1294 1982 1347 in
2022 1299 2275 1348 mentem
2320 1310 2600 1365 quaerere,
2653 1298 2708 1347 et
2756 1295 3057 1361 discutere,
3101 1300 3158 1348 et
3219 1294 3621 1348 considerare?

1922 1384 2065 1448 Quia
2096 1384 2140 1437 si
2170 1388 2301 1437 tunc
2326 1399 2576 1437 amarem
2608 1400 2783 1452 poma
2815 1383 2913 1436 illa
2951 1400 3080 1453 qua:
3108 1382 3331 1436 furatus
3376 1399 3523 1447 sum,
3566 1389 3621 1435 et

1924 1473 2005 1527 eis
2034 1473 2146 1526 frui
2177 1488 2465 1542 cuperem.
2514 1488 2742 1542 possem
2790 1471 2964 1525 etiam
3005 1471 3174 1539 solus,
3210 1470 3256 1522 si
3303 1471 3435 1523 satis
3479 1475 3623 1524 esset

1923 1562 2277 1616 committere
2306 1561 2458 1614 illam
2491 1560 2872 1630 iniquitatem,
2909 1576 3021 1629 qua
3050 1558 3408 1629 pervenirem
3432 1559 3500 1612 ad
3524 1574 3621 1611 vo-

1922 1651 2199 1720 luptatem
2234 1666 2452 1715 meam;
2472 1665 2576 1701 nec
2597 1647 3002 1701 confricatione
3023 1647 3381 1701 consciorum
3405 1646 3622 1699 animo-

1924 1756 2051 1793 rum
2085 1739 2453 1792 accenderem
2483 1737 2771 1807 pruritum
2802 1736 3131 1807 cupiditatis
3160 1752 3322 1789 meae.
3356 1736 3461 1790 Sed
3486 1752 3624 1805 quo-

1924 1829 2077 1880 niam
2108 1827 2168 1880 in
2197 1826 2307 1879 illis
2341 1827 2526 1897 pomis
2556 1826 2816 1896 voluptas
2846 1824 2988 1878 mihi
3021 1842 3135 1878 non
3153 1830 3291 1891 erat,
3326 1841 3389 1877 ea
3413 1830 3532 1877 erat
3562 1824 3621 1876 in

1924 1916 2047 1986 ipso
2074 1914 2342 1982 facinore,
2367 1931 2540 1985 quam
2561 1913 2802 1968 faciebat
2823 1914 3177 1967 consortium
3201 1912 3369 1968 simul
3391 1929 3623 1984 peccan-

1924 2006 2089 2059 tium.

2601 2111 2824 2165 CAPUT
2861 2112 2945 2165 IX.

2343 2201 2669 2268 Contagiosa
2702 2215 2788 2254 res
2817 2200 3025 2254 sodales
3054 2199 3206 2253 mali.

2003 2294 2085 2346 l7.
2120 2290 2263 2355 Quid
2294 2293 2415 2343 erat
2434 2288 2529 2342 ille
2561 2288 2794 2342 affectus
2829 2287 3004 2341 animi
3026 2288 3054 2341 Ἰ
3083 2288 3245 2342 Certe
3270 2286 3425 2341 enim
3455 2286 3621 2357 plane

1926 2380 2111 2449 turpis
2132 2384 2253 2433 erat
2274 2379 2471 2444 nimis;
2498 2382 2555 2431 et
2582 2393 2664 2429 vae
2689 2376 2833 2430 mihi
2855 2381 2973 2429 erat
2992 2377 3093 2447 qui
3118 2376 3398 2429 habebam
3434 2375 3620 2430 illum.

1929 2470 2032 2523 Sed
2048 2474 2237 2522 tamen
2254 2467 2389 2539 quid
2412 2468 2568 2520 erat?
2586 2466 2797 2519 Delicta
2814 2466 2944 2535 quis
2960 2464 3265 2536 intelligit?
3286 2466 3447 2531 (Psal.
3473 2482 3623 2519 xvm.

1933 2556 2040 2627 l3.)
2073 2558 2239 2612 Risus
2262 2561 2400 2623 erat,
2421 2555 2583 2626 quasi
2615 2555 2842 2608 titillato
2865 2554 3055 2621 corde,
3088 2554 3244 2624 quod
3286 2541 3644 2607 fallebamus'

1931 2662 2025 2700 eos
2056 2646 2154 2715 qui
2184 2646 2303 2699 haec
2332 2643 2543 2698 anobis
2563 2643 2686 2696 fieri
2717 2660 2829 2695 non
2854 2643 3150 2717 putabant,
3181 2646 3237 2696 et
3260 2643 3626 2696 vehementer

1931 2735 2222 2788 nolebant.
2257 2734 2367 2787 Cur
2411 2748 2547 2801 ergo
2586 2747 2652 2784 eo
2684 2747 2776 2784 me
2825 2730 3161 2792 delectabat,
3212 2729 3364 2799 quod
3411 2729 3469 2783 id
3506 2747 3626 2783 non

1932 2824 2207 2877 faciebam
2255 2821 2439 2875 solus?
2482 2824 2568 2874 An
2615 2819 2749 2890 quia
2799 2819 2972 2873 etiam
3028 2834 3197 2872 nemo
3260 2818 3421 2871 facile
3470 2818 3624 2871 solus

1931 2912 2119 2966 ridet?
2173 2912 2350 2964 Nemo
2406 2909 2639 2979 quidem
2688 2907 2882 2961 facile:
2936 2907 3033 2961 sed
3080 2911 3272 2961 tamen
3323 2906 3495 2960 etiam
3536 2923 3628 2959 so-

1934 3000 2016 3053 los
2046 3002 2105 3053 et
2137 2998 2392 3069 singulos
2448 2995 2733 3061 homines,
2784 3011 2915 3049 cum
2966 2995 3110 3048 alius
3154 3011 3324 3048 nemo
3380 3010 3631 3064 praesens

1936 3094 2040 3156 est,
2066 3087 2240 3141 vineit
2268 3086 2416 3140 risus
2447 3085 2750 3155 aliquando
2783 3084 2829 3138 si
2858 3083 3077 3155 aliquid
3108 3083 3284 3137 nimie
3304 3083 3631 3150 ridiculum,

1935 3177 2023 3231 vel
2054 3176 2313 3230 sensibus
2334 3174 2579 3229 occurrit
2608 3176 2649 3239 ¹,
2681 3174 2767 3227 vel
2810 3172 3022 3226 animo.
3057 3174 3129 3226 At
3158 3188 3263 3242 ego
3294 3170 3435 3224 illud
3480 3171 3634 3224 solus

1937 3283 2053 3321 non
2094 3266 2361 3333 facerem,
2401 3280 2519 3317 non
2557 3263 2806 3317 facerem
2850 3262 3086 3316 omnino
3146 3262 3318 3315 solus.
3371 3262 3504 3315 Ecce
3552 3266 3635 3314 est

1938 3372 2127 3409 coram
2173 3360 2251 3420 te,
2290 3356 2436 3408 Deus
2466 3369 2645 3415 meus,
2688 3352 2815 3405 viva
2868 3351 3181 3405 recordatio
3211 3351 3417 3403 animae
3457 3364 3624 3403 meae.

1938 3445 2101 3499 Solus
2131 3460 2249 3497 non
2280 3444 2524 3497 facerem
2558 3442 2771 3494 furtum
2795 3440 2957 3507 illud,
2984 3439 3045 3493 in
3075 3456 3188 3509 quo
3216 3455 3307 3491 me
3336 3432 3461 3491 non
3493 3437 3633 3490 libe-

1936 3534 2035 3587 bat
2064 3532 2299 3603 id‘quod
2326 3531 2575 3595 furabar,
2600 3528 2695 3583 sed
2719 3528 2853 3599 quia
2878 3528 3136 3581 furabar:
3164 3526 3316 3597 quod
3340 3541 3431 3579 me
3448 3526 3635 3578 solum

1938 3623 2120 3676 facere
2152 3636 2382 3691 prorsus
2430 3635 2547 3671 non
2580 3618 2778 3671 liberet
2806 3632 2910 3670 nec
2939 3616 3204 3670 facerem.
3239 3616 3281 3668 Ο
3327 3613 3498 3668 nimis
3546 3613 3634 3665 in-

1939 3709 2110 3765 imica
2138 3706 2406 3773 amicitia,
2442 3705 2693 3760 seductio
2716 3703 2923 3758 mentis
2952 3702 3383 3772 investigabilis,
3419 3700 3635 3755 exludo

1942 3805 2000 3853 et
2028 3800 2158 3868 joco
2196 3795 2442 3850 nocendi
2470 3794 2728 3859 aviditas,
2770 3797 2825 3847 et
2861 3791 3033 3845 alieni
3079 3790 3274 3846 damni
3313 3789 3633 3861 appetitus;

1941 3888 2101 3942 nulla
2125 3885 2269 3940 lucri
2291 3883 2425 3945 mei,
2450 3884 2609 3937 nulla
2624 3880 2931 3937 ulciscendi
2952 3879 3216 3934 libidine:
3247 3879 3341 3933 sed
3360 3895 3490 3932 cum
3508 3877 3642 3932 dici-

1943 3983 2064 4033 tur:
2101 3978 2325 4042 Eamus,
2348 3974 2622 4029 faciamus
2648 3989 2661 4038 ;
2684 3977 2740 4025 et
2752 3970 2929 4042 pudet
2944 3986 3061 4025 non
3083 3986 3202 4023 esse
3220 3968 3635 4039 impudentem.

2628 4080 2852 4134 CAPUT
2898 4080 2959 4132 Χ.

2463 4172 2529 4221 In
2574 4171 2676 4221 Deo
2720 4182 2869 4220 onme
2911 4166 3123 4218 bonum.

2024 4263 2104 4314 18.
2138 4258 2272 4323 Quis
2303 4256 2559 4327 exapcrit
2602 4256 2768 4307 istam
2823 4252 3299 4306 tortuosissimam
3348 4253 3404 4301 et
3449 4246 3639 4316 impli—

1947 4346 2290 4402 catissimam
2321 4344 2737 4398 nodositatem?
2765 4341 2932 4395 Foeda
2964 4344 3074 4405 est;
3109 4339 3241 4392 nolo
3274 4336 3332 4389 in
3380 4351 3506 4390 eam
3550 4334 3639 4387 in-

1948 4437 2205 4501 tendere,
2240 4434 2374 4487 nolo
2406 4448 2531 4486 eam
2564 4431 2774 4484 videre.
2806 4432 2883 4484 Te
2922 4428 3069 4491 volo,
3112 4424 3334 4495 justitia
3371 4427 3425 4476 et
3472 4423 3638 4476 inno-

1948 4524 2151 4583 centia,
2208 4521 2444 4592 pulchra
2504 4525 2559 4581 et
2604 4521 2806 4574 decora
2875 4514 3126 4570 honestis
3189 4510 3526 4573 luminibus,
3590 4515 3645 4563 et

1948 4610 2258 4667 insatiabili
2289 4610 2566 4664 satietate.
2607 4607 2777 4672 Quies
2826 4609 2909 4659 est
2938 4602 3090 4673 apud
3120 4606 3173 4655 te
3204 4600 3390 4666 valde,
3438 4604 3495 4654 et
3530 4598 3645 4653 vita

1949 4698 2457 4769 imperturbabilis.
2488 4696 2595 4761 Qui
2630 4697 2803 4748 intrat
2828 4693 2889 4746 in
2933 4697 3011 4757 te,
3055 4691 3229 4745 intrat
3262 4688 3323 4743 in
3372 4688 3646 4760 gaudium

1956 4787 2181 4843 Domini
2237 4786 2325 4839 sui
2382 4785 2607 4853 (Matth.
2679 4798 2803 4847 xxv,
2852 4783 2971 4847 2t);
3034 4782 3089 4833 et
3141 4795 3261 4832 non
3298 4777 3539 4843 timebit,
3591 4782 3648 4830 et

1952 4876 2183 4933 habebit
2211 4891 2268 4928 se
2308 4873 2523 4945 optime
2554 4872 2614 4925 in
2642 4869 2877 4940 optimo.
2933 4867 3153 4921 Deﬂuxi
3199 4866 3297 4921 abs
3333 4871 3387 4920 te
3422 4882 3547 4937 ego,
3592 4870 3647 4917 et

1954 4964 2154 5028 erravi,
2190 4964 2337 5017 Deus
2367 4978 2528 5015 meus
2568 4958 2738 5013 nimis
2779 4956 2976 5011 devius
3029 4972 3062 5010 a
3090 4956 3393 5011 stabilitate
3442 4959 3541 5008 tua
3589 4953 3677 5029 in,

1955 5051 2357 5118 adolescentia,
2385 5053 2442 5103 et
2468 5049 2646 5103 factus
2676 5062 2801 5100 sum
2832 5044 2976 5098 mihi
3006 5044 3163 5116 regio
3193 5042 3482 5114 egestatis.

2021 5144 2033 5176 ¹
2067 5141 2391 5198 Occurrcrit,
2418 5136 2571 5199 juxta
2596 5135 2683 5184 Er.
2713 5133 2879 5196 Lugd.
2919 5133 3042 5181 Lov.
3070 5132 3268 5181 Somm.
3299 5134 3350 5180 et
3376 5127 3545 5178 Rond.
3578 5128 3644 5175 Μ.

2809 5552 3296 5641 (ﬁngi-dear.)
3346 5650 3349 5655 γ
