4022 6176
474 326 579 379 683

1660 300 2201 363 CONFESSIONUM
2242 301 2296 355 S.
2352 298 2498 355 AUG
2508 297 2763 355 USTIN].
3783 309 3851 361 δεᾷ

1543 516 2062 644 LIBER
2152 508 2916 636 TERTIUS.

3710 433 3847 441 ῃ

541 720 615 769 De
640 717 793 766 annis
822 714 991 764 astatis
1016 711 1159 761 illius
1186 708 1390 759 decimo
1420 704 1664 770 septimo,
1696 701 1903 751 decimo
1938 702 2132 770 octavo
2154 699 2207 745 et
2226 695 2430 745 decimo
2451 708 2595 770 nono
2621 694 2898 770 transactis
2927 693 3257 756 Carthagine,
3276 694 3361 743 ubi
3391 693 3504 743 dum
3524 694 3729 746 litterarii
3752 700 3859 750 studii

478 788 798 841 curriculum
832 784 1137 842 absolveret,
1168 795 1225 830 se
1259 764 1529 828 libidinosi
1559 774 1752 823 amoris
1777 772 1966 834 laqueo
1996 769 2273 842 irretitum,
2295 778 2517 842 necnon
2553 766 2604 814 in
2639 764 3051 814 Manichaeorum
3080 764 3321 813 haeresim
3350 764 3625 827 prolapsum
3647 768 3779 818 fuisse
3793 785 3862 820 me-

477 861 647 911 minit.
702 859 964 908 Adversus
1010 835 1201 901 horum
1247 862 1449 900 errores
1485 851 1538 895 et
1582 844 1808 907 ineptias
1838 841 2047 890 disserit
2070 836 2385 887 luculenter.
2419 837 2680 885 Maternas
2705 849 2799 897 pro
2829 849 2883 884 se
2918 835 3178 898 lacrymas
3208 839 3260 883 et
3281 847 3567 896 responsum
3593 836 3648 886 de
3673 852 3752 886 sua
3775 841 3859 888 resi-

474 929 730 994 piscentia
753 926 1005 976 divinitus
1039 927 1311 985 acceptum
1344 918 1529 969 refert.

2086 1031 2387 1040 ...μή-ο...

1040 1122 1266 1177 CAPUT
1307 1116 1600 1173 PRIMUM.

846 1215 1044 1269 Amore
1071 1225 1223 1279 quem
1247 1206 1547 1262 venabatur
1568 1202 1806 1271 capitur.

555 1311 600 1361 l.
650 1302 789 1358 Veni
829 1299 1261 1370 Carthaginem;
1307 1300 1363 1348 et
1407 1288 1907 1358 circumstrepebat
1948 1300 2039 1338 me
2072 1296 2175 1336 un-

478 1395 651 1465 dique
682 1396 905 1461 sartago
936 1387 1351 1459 ﬂagitiosorum
1390 1395 1672 1436 amorum.
1709 1376 1969 1432 Nondum
2017 1388 2173 1427 ama-

478 1484 632 1547 bam,
684 1484 741 1534 et
787 1493 977 1532 amare
1024 1473 1284 1529 amabam
1317 1469 1359 1536 ¹,
1408 1474 1464 1523 et
1511 1466 1813 1521 secretiore
1858 1461 2177 1533 indigentia

481 1572 713 1625 oderam
745 1584 835 1622 me
866 1565 1057 1620 minus
1080 1563 1459 1633 indigentem.
1482 1555 1820 1621 Quaerebam
1851 1551 2002 1624 quod
2024 1564 2175 1604 ama-

478 1676 621 1724 rem,
656 1673 854 1711 amans
900 1668 1111 1720 amare,
1147 1656 1201 1704 et
1230 1648 1463 1703 oderam
1504 1643 1885 1707 securitatem,
1930 1645 1985 1693 et
2025 1638 2174 1692 viam

480 1749 602 1802 sine
651 1743 999 1815 muscipulis.
1044 1738 1329 1805 Quoniam
1374 1737 1553 1791 fames
1594 1731 1735 1786 mihi
1769 1736 1890 1785 erat
1922 1729 2075 1783 intus
2106 1727 2174 1781 ab

478 1834 748 1888 interiore
781 1830 906 1884 cibo
927 1827 1131 1898 teipso,
1168 1826 1311 1879 Deus
1342 1838 1524 1886 meus,
1556 1823 1697 1873 etca
1724 1817 1873 1871 fame
1907 1832 2023 1870 non
2045 1830 2173 1868 esu-

478 1923 731 1988 riebam;
760 1919 860 1973 sed
897 1932 1052 1971 eram
1085 1914 1206 1967 sine
1240 1909 1522 1966 desiderio
1552 1908 1953 1961 alimentorum
1985 1904 2173 1957 incor-

477 2008 873 2082 ruptibilium:
903 2020 1019 2059 non
1050 2002 1185 2073 quia
1208 2002 1409 2071 plenus
1444 1997 1525 2051 eis
1558 2010 1735 2059 eram,
1768 1993 1864 2047 sed
1906 2008 2019 2063 quo
2054 1989 2175 2043 ina-

477 2077 626 2166 nior,
654 2112 720 2150 eo
746 2090 1105 2148 fastidiosior.
1143 2090 1204 2142 Et
1230 2086 1356 2140 ideo
1380 2099 1496 2138 non
1527 2083 1673 2137 bene
1703 2079 1925 2133 valebat
1982 2077 2179 2130 anima

479 2201 639 2251 mea;
697 2189 751 2236 et
786 2183 1043 2235 ulcerosa
1081 2175 1419 2247 projiciebat
1466 2188 1523 2225 se
1574 2171 1725 2224 foras
1770 2165 2177 2221 miserabiliter

480 2272 657 2341 scalpi
687 2270 848 2323 avida
868 2271 1128 2322 contactu
1146 2262 1521 2318 sensibilium.
1549 2258 1659 2312 Sed
1689 2256 1735 2309 si
1760 2272 1875 2309 non
1900 2254 2178 2308 haberent

484 2360 756 2424 animam,
816 2372 929 2410 non
975 2354 1174 2424 utique
1218 2354 1565 2405 amarentur.
1631 2349 1834 2399 Amare
1896 2348 1952 2397 et
1999 2342 2178 2396 amari

484 2448 646 2503 dulce
679 2446 823 2501 mihi
853 2448 994 2508 erat,
1041 2441 1222 2512 magis
1252 2437 1298 2493 si
1345 2443 1401 2492 et
1446 2435 1690 2489 amantis
1739 2447 1977 2502 corpore
2026 2432 2180 2485 frue-

482 2553 595 2592 rer.
644 2537 858 2589 Venam
898 2533 1072 2604 igitur
1110 2527 1370 2583 afnicitim
1428 2523 1871 2595 coinquinabam
1919 2519 2181 2573 sordibus

481 2622 971 2695 concupiscentia,
1022 2618 1442 2686 candoremque
1491 2614 1612 2683 ejus
1653 2609 2063 2664 obnubilabam
2110 2609 2179 2662 de

481 2720 692 2769 tartaro
720 2710 974 2766 libidinis
1002 2713 1052 2774 2;
1083 2712 1137 2760 et
1156 2712 1347 2760 tamen
1380 2704 1558 2758 fcedus
1594 2705 1765 2771 atque
1814 2698 2176 2763 inhonestus,

483 2804 711 2872 elegans
741 2805 797 2854 et
819 2800 1071 2852 urbanus
1088 2812 1206 2849 esse
1230 2792 1541 2863 gestiebam
1564 2786 1881 2843 abundanti
1912 2785 2180 2839 vanitate.

484 2891 593 2946 Rui
620 2890 791 2945 etiam
823 2889 881 2942 in
911 2900 1165 2940 amorem
1194 2898 1307 2953 quo
1330 2878 1629 2951 cupiebam
1649 2876 1793 2945 capi.
1825 2876 1969 2929 Deus
1997 2888 2177 2933 meus,

486 2976 872 3033 misericordia
902 2991 1052 3041 mea,
1083 2976 1295 3043 quanto
1323 2970 1451 3022 felle
1474 2966 1613 3020 mihi
1637 2964 1970 3019 suavitatem
1996 2962 2177 3027 illam,

486 3073 543 3120 et
571 3081 748 3137 quam
800 3066 982 3118 bonus
1021 3056 1341 3131 aspersisti!
1379 3055 1514 3127 quia
1552 3059 1609 3109 et
1655 3057 1881 3106 amatus
1930 3066 2078 3115 sum,
2126 3053 2185 3103 et

484 3154 718 3225 perveni
768 3153 983 3206 occulte
1031 3152 1101 3204 ad
1150 3148 1438 3201 vinculum
1482 3142 1727 3207 fruendi,
1776 3145 1831 3194 et
1874 3139 2187 3209 colligabar

488 3246 653 3296 lmtus
683 3238 1025 3295 mrumnosis
1058 3237 1320 3302 nexibus,
1361 3238 1426 3288 ut
1471 3232 1719 3285 cmderer
1778 3228 1950 3298 virgis
1986 3228 2209 3281 ferreis.

492 3331 821 3386 ardentibus
852 3328 978 3393 zeli,
1019 3331 1074 3381 et
1105 3323 1510 3396 suspicionum,
1546 3325 1601 3375 et
1639 3319 1937 3385 timorum,
1980 3322 2038 3370 et
2067 3316 2183 3371 ira-

491 3435 618 3475 rum
645 3424 817 3489 atque
850 3417 1122 3471 rixarum.

1180 3500 1402 3556 CAPUT
1425 3499 1496 3553 II.

912 3595 1138 3650 Amarit
1174 3588 1479 3660 spectacula
1519 3588 1748 3655 tragica.

562 3690 613 3743 2.
642 3685 962 3757 Rapiehant
990 3699 1078 3737 me
1110 3678 1427 3750 spectacula
1457 3676 1753 3741 tbeatrica,
1786 3673 1951 3744 plena
1979 3668 2184 3739 imagi-

492 3776 662 3829 nibus
691 3773 1053 3829 miseriarum
1085 3785 1367 3827 mearum,
1404 3771 1460 3820 et
1501 3763 1795 3819 fomitibus
1842 3760 1992 3831 ignis
2031 3759 2173 3813 mei.

492 3863 637 3927 Quid
659 3867 744 3916 est
771 3860 922 3932 quod
954 3858 1033 3912 ibi
1061 3858 1234 3911 homo
1262 3856 1381 3908 vult
1407 3853 1616 3917 dolere,
1652 3866 1782 3903 cum
1830 3851 2045 3919 spectat
2094 3847 2182 3899 lu-

490 3954 682 4004 ctuosa
706 3953 878 4018 atque
906 3945 1135 4015 tragica,
1172 3958 1301 4014 qua:
1330 3946 1521 3995 tamen
1541 3938 1673 4018 pati
1711 3937 1832 4006 ipse
1861 3934 2082 3990 nollet?
2116 3935 2181 3987 Et

490 4043 681 4093 tamen
720 4016 839 4107 pati
868 4036 987 4089 vult
1025 4050 1091 4087 ex
1125 4032 1205 4086 eis
1250 4031 1507 4085 dolorem
1539 4016 1857 4098 ‘spectator,
1926 4029 1982 4077 et
2023 4024 2183 4077 dolor

487 4127 609 4198 ipse
634 4130 718 4180 est
744 4125 1003 4194 voluptas
1036 4121 1175 4191 ejus.
1209 4118 1354 4183 Quid
1374 4122 1478 4183 est,
1508 4116 1619 4170 nisi
1651 4112 1988 4168 miserabilis
2027 4111 2180 4165 insa-

488 4216 582 4269 nia
613 4215 667 4270 ³⁸2
699 4215 840 4269 Nam
871 4228 938 4266 eo
972 4209 1153 4281 magis
1169 4208 1249 4262 eis
1267 4211 1523 4261 movetur
1552 4204 1817 4276 quisque,
1849 4218 1962 4273 quo
1993 4201 2181 4254 minus

485 4321 518 4358 a
564 4303 771 4358 talibus
819 4298 1114 4355 affectibus
1161 4312 1331 4350 sanus
1368 4300 1478 4349 est:
1512 4308 1843 4364 quanquam
1873 4305 2003 4344 cum
2060 4289 2180 4358 ipse

485 4392 715 4465 patitur,
764 4387 1031 4455 miseria;
1082 4400 1214 4440 cum
1247 4383 1371 4438 aliis
1403 4382 1747 4453 compatitur
1792 4377 2181 4434 misericordia

485 4481 598 4535 dici
626 4482 789 4535 solet.
820 4478 928 4535 Sed
976 4474 1161 4548 qualis
1202 4471 1432 4527 tandem
1465 4469 1856 4525 misericordia
1900 4467 1960 4522 in
2008 4466 2180 4521 rebus

484 4568 628 4623 ﬁctis
656 4574 713 4624 et
736 4565 1011 4622 scenicis?
1040 4565 1163 4618 Non
1192 4560 1348 4616 enim
1377 4560 1447 4623 ad
1478 4557 1930 4613 subveniendum
1973 4571 2179 4627 provo-

484 4662 644 4711 catur
659 4656 916 4712 auditor:
949 4654 1049 4709 sed
1073 4656 1294 4708 tantum
1327 4650 1397 4704 ad
1428 4646 1740 4703 dolendum
1771 4646 2076 4700 invitatur:
2126 4646 2182 4696 et

485 4745 662 4799 actori
688 4745 711 4779 ⁴¹
742 4760 936 4799 carum
968 4742 1286 4813 imaginum
1313 4737 1555 4809 amplius
1584 4735 1750 4801 favet,
1780 4750 1910 4789 cum
1928 4732 2174 4803 amplius

483 4833 664 4889 dolet.
704 4833 767 4886 Et
795 4831 842 4885 si
862 4831 1209 4885 calamitates
1237 4828 1351 4882 illae
1377 4825 1682 4881 hominum
1704 4824 1792 4877 vel
1820 4823 2069 4893 antiquze
2092 4821 2177 4875 vel

485 4922 642 4977 falsae
662 4920 740 4975 sic
769 4924 1029 4990 agantur,
1061 4924 1127 4974 ut
1153 4918 1253 4989 qui
1283 4920 1497 4988 spectat
1525 4930 1644 4968 non
1664 4913 1881 4980 doleat;
1931 4910 2181 4966 abscedit

483 5011 615 5066 inde
642 5008 934 5064 fastidiens
964 5012 1022 5062 et
1050 5006 1501 5078 reprehendens:
1534 5003 1581 5057 si
1601 5006 1794 5058 autem
1817 5001 2026 5056 doleat.
2053 5015 2176 5053 ma-

482 5105 582 5156 net
606 5099 881 5163 intentus,
914 5100 969 5150 et
996 5097 1251 5167 gaudens
1279 5096 1654 5166 lacrymatur.

543 5248 559 5280 ¹
575 5244 701 5294 Lov.
720 5256 732 5291 :
746 5241 808 5289 Et
820 5239 997 5291 amari
1005 5237 1249 5288 amabam
1266 5238 1755 5301 ;moxque_:Armans
1771 5231 1953 5284 animi
1963 5235 2040 5301 ;at
2053 5230 2175 5280 Bad.

479 5307 594 5357 Am.
613 5308 696 5357 Er.
715 5304 899 5354 etArn.
913 5314 1034 5351 cum
1050 5301 1170 5349 Mss.
1193 5313 1288 5361 pro
1302 5298 1500 5359 amari,
1518 5298 1712 5347 habent
1729 5308 1937 5354 amare,
1957 5298 2176 5356 utroque

478 5370 611 5417 loco.
650 5372 703 5417 et
730 5366 937 5415 melius.

497 5383 611 5429 oco,
650 5379 703 5419 et
730 5379 937 5429 melius.

539 5434 560 5468 ²
587 5418 702 5482 Ᾰιή.
734 5429 819 5478 Er.
844 5433 897 5478 et
921 5426 1048 5476 Lov.
1080 5439 1091 5472 :
1125 5426 1199 5474 De
1229 5423 1468 5473 tartarea
1484 5420 1698 5474 libidine
1711 5437 1729 5477 .-
1755 5423 1809 5470 at
1824 5418 1950 5469 Bad.
1980 5419 2106 5469 Arn.
2129 5422 2179 5467 et

476 5493 587 5542 Ess.
613 5508 626 5542 :
666 5498 736 5543 De
763 5494 978 5543 tartara
1012 5487 1265 5539 libidinis.

537 5558 557 5589 ³
589 5555 795 5618 Septem
821 5556 941 5605 Mss.
962 5548 1242 5618 :Mirabilis
1266 5549 1498 5618 insania.

537 5619 557 5650 ⁵
587 5612 702 5667 Am.
724 5619 807 5667 Er.
830 5622 883 5667 et
914 5618 1039 5665 Lov.
1068 5612 1322 5664 auctori;

2351 1107 2402 1159 3.
2439 1105 2581 1175 Ergo
2630 1108 2896 1158 amantur
2941 1108 2999 1157 et
3032 1103 3255 1158 dolores
3290 1103 3346 1157 “f
3383 1103 3532 1158 Certe
3552 1104 3712 1158 omnis
3755 1104 3864 1160 homo

2281 1193 2529 1263 gaudere
2558 1194 2696 1247 vult.
2738 1196 2821 1247 An
2851 1208 2982 1247 cum
3012 1192 3288 1246 miserum
3310 1192 3581 1246 neminem
3608 1209 3710 1246 esse
3733 1193 3863 1255 libeat,

2280 1281 2419 1335 libet
2465 1287 2657 1336 tamen
2689 1297 2808 1336 esse
2846 1280 3304 1345 misericordem;
3335 1281 3490 1351 Quod
3522 1280 3643 1350 quia
3670 1296 3761 1335 non
3788 1282 3865 1336 sine

2283 1371 2476 1425 dolore
2506 1376 2609 1438 est,
2652 1371 2756 1425 hac
2801 1386 2916 1424 una
2961 1385 3128 1424 causa
3166 1374 3425 1423 amantur
3451 1369 3687 1423 dolores?
3722 1371 3771 1423 Et
3800 1371 3864 1424 hoc

2284 1458 2352 1512 de
2380 1459 2477 1512 illa
2507 1475 2649 1514 vena
2682 1459 2948 1513 amicitiae
2991 1462 3094 1513 est.
3136 1458 3244 1512 Sed
3281 1474 3390 1529 quo
3433 1458 3612 1512 vadit?
3642 1474 3735 1528 quo
3767 1458 3867 1513 linit?

2286 1548 2494 1617 thuid
2524 1548 2775 1603 decurrit
2812 1548 2873 1601 in
2914 1552 3230 1602 torrentem
3272 1547 3413 1618 picis
3442 1546 3700 1600 bullientis
3724 1548 3867 1601 astus’

2284 1635 2564 1690 immanes
2611 1641 2889 1691 tetrarum
2919 1635 3245 1699 libidinum,
3298 1634 3359 1688 in
3387 1650 3523 1704 quos
3557 1633 3668 1704 ipsa
3693 1638 3865 1688 mutatur

2284 1729 2340 1779 et
2367 1727 2605 1780 vertitur
2635 1741 2733 1797 per
2764 1730 2966 1779 nutum
3001 1723 3298 1795 proprium
3330 1722 3397 1777 de
3426 1721 3625 1776 caelesti
3650 1721 3864 1775 serenitate

2287 1813 2508 1868 detorta
2532 1818 2701 1884 atque
2731 1812 2981 1883 deiecta?
3014 1812 3367 1882 Repudiatur
3394 1826 3521 1879 ergo
3546 1808 3866 1862 misericordia?

2285 1902 2679 1973 Nequaquam.
2731 1902 2874 1972 Ergo
2920 1906 3189 1955 amentur
3241 1900 3461 1954 dolores
3506 1897 3779 1968 aliquando.
3803 1896 3865 1949 Sed

2285 2007 2416 2045 cave
2439 1990 2885 2058 immunditiam,
2917 1990 3107 2044 anima
3140 2004 3291 2052 mea,
3321 1988 3422 2042 sub
3451 1992 3626 2041 tutore
3653 1987 3744 2039 Deo
3775 2000 3866 2039 mea.

2287 2081 2401 2134 Deo
2432 2084 2661 2150 patrum
2691 2084 3039 2145 nostrorum,
3076 2082 3132 2131 et
3161 2076 3433 2133 laudabili
3458 2080 3512 2131 et
3554 2074 3866 2145 superexaltaln

2285 2168 2348 2223 in
2386 2168 2581 2223 omnia
2618 2170 2824 2222 saecula
2858 2170 3011 2237 (Dan.
3050 2184 3132 2236 in,
3184 2166 3307 2237 3'2);
3348 2180 3476 2219 cave
3520 2160 3864 2216 immunditiam.

2288 2259 2482 2329 Neque
2513 2257 2665 2312 enim
2707 2273 2855 2311 nunc
2885 2273 3002 2311 non
3033 2257 3339 2320 misereor;
3381 2253 3475 2307 sed
3504 2258 3625 2306 tunc
3651 2251 3701 2303 in
3717 2246 3870 2302 theatris

2288 2347 2719 2417 congaudebam
2767 2345 3110 2413 amantibus,
3147 2360 3279 2398 cum
3312 2358 3456 2397 sesse
3501 2340 3781 2395 fruebantur
3813 2350 3871 2403 per

2288 2431 2526 2503 Ηθεὶιίε,
2575 2430 2836 2502 quamvis
2883 2430 3002 2484 haec
3050 2427 3389 2499 imaginarie
3428 2417 3871 2497 gererent'inludn

2288 2518 2591 2589 spectaculi
2659 2519 2798 2572 Cum
2830 2521 3020 2572 autem
3054 2533 3178 2571 sese
3205 2514 3553 2580 amittebant,
3594 2510 3728 2583 quasi
3761 2507 3869 2561 mise-

2288 2609 2466 2662 ricors
2514 2607 2917 2674 contristabar;
2969 2611 3025 2660 et
3063 2611 3372 2676 utrumque
3419 2602 3699 2657 delectabat
3734 2603 3870 2649 tamen.

2290 2698 2451 2751 Nunc
2497 2711 2630 2751 vero
2677 2694 2860 2766 magis
2910 2695 3189 2749 misereor
3234 2693 3570 2765 gaudentem
3615 2690 3667 2742 in
3705 2683 3865 2754 ﬂagitio.

2290 2801 2462 2857 quam
2496 2786 2649 2838 velut
2691 2784 2834 2839 dura
2875 2800 3214 2855 perpessum
3266 2783 3596 2838 detrimento
3638 2772 3872 2849 perniciose

2291 2874 2621 2944 voluptatis,
2651 2877 2708 2927 et
2750 2872 3055 2927 amissione
3086 2872 3314 2927 miseras
3347 2867 3631 2925 felicitatis.
3662 2865 3761 2919 Haec
3781 2863 3872 2913 certe

2292 2962 2477 3015 verior
2528 2961 2943 3027 misericordia;
2976 2961 3073 3015 sed
3115 2977 3238 3015 non
3287 2962 3345 3014 in
3394 2975 3457 3013 ea
3486 2958 3696 3011 delectat
3720 2946 3869 3004 dolor‘.

2296 3053 2437 3105 Nam
2486 3049 2591 3103 etsi
2621 3049 2970 3121 approbatur
3016 3049 3207 3103 ofticio
3247 3046 3527 3103 charitatis
3551 3042 3641 3115 qui
3670 3034 3872 3096 dolctmi-

2294 3155 2483 3194 serum
2509 3157 2522 3207 ;
2557 3140 2752 3193 mallet
2780 3144 2973 3193 tamen
3003 3139 3207 3210 utique
3239 3154 3354 3193 non
3394 3151 3510 3190 esse
3539 3130 3674 3203 quod
3714 3125 3871 3181 doleret.

2295 3229 2394 3300 qui
2423 3228 2777 3297 germanitus
2808 3209 3128 3281 misericors
3159 3230 3269 3282 est.
3310 3226 3367 3281 Si
3396 3223 3542 3277 enim
3589 3223 3663 3272 est
3686 3209 3871 3269 malevola

2295 3296 2707 3381 benevolentia,
2740 3316 2892 3386 quod
2921 3315 3045 3370 ﬁeri
3085 3331 3205 3369 non
3233 3317 3455 3386 potest;
3477 3312 3647 3383 potest
3669 3310 3713 3358 et
3734 3301 3802 3355 ille
3816 3296 3874 3365 qui

2293 3405 2566 3459 veraciter
2612 3396 3021 3475 sinceriterq'ue
3058 3402 3386 3468 miseretur,
3416 3414 3610 3470 cupere
3636 3407 3735 3449 esse
3769 3386 3876 3442 mise-

2294 3510 2386 3549 ros
2420 3499 2480 3548 ut
2518 3493 2875 3548 misereatur.
2910 3494 3229 3548 Nonnullus
3252 3493 3445 3564 itaque
3467 3490 3617 3545 dolor
3642 3477 3876 3553 approban-

2294 3586 2421 3653 dus,
2447 3583 2635 3638 nullus
2666 3582 2944 3636 amandus
2973 3587 3074 3636 est.
3112 3582 3222 3636 Hoc
3261 3582 3413 3636 enim
3444 3584 3523 3647 tu,
3556 3572 3751 3630 Domine
3770 3566 3874 3623 Deus,

2295 3673 2394 3745 qui
2421 3673 2639 3727 animas
2669 3686 2846 3738 amas,
2883 3671 3050 3741 longe
3071 3673 3302 3741 lateque
3332 3667 3527 3741 purius
3554 3676 3703 3735 quam
3727 3669 3815 3720 nos,
3847 3652 3877 3699 el

2294 3758 2788 3831 incorruptibilius
2817 3739 3119 3824 misereris,
3153 3739 3310 3830 quod
3332 3739 3493 3812 nullo
3522 3753 3693 3808 dolore
3733 3739 3877 3797 saucia-

2293 3850 2388 3906 ris.
2416 3851 2477 3904 Et
2502 3849 2571 3902 ad
2602 3848 2723 3902 hzec
2757 3847 2885 3918 quis
2910 3847 3196 3903 idoneus?

2362 3940 2414 3993 4.
2448 3941 2518 3992 At
2537 3954 2640 4008 ego
2662 3942 2798 3990 tunc
2826 3934 2999 3990 miser
3030 3936 3220 3991 dolere
3251 3935 3530 3997 amabam,
3558 3935 3610 3984 et
3632 3918 3874 3996 fquterebim

2296 4033 2355 4084 ut
2402 4032 2548 4081 esset
2595 4025 2747 4098 quod
2808 4030 3081 4094 dolerem,
3146 4025 3380 4096 quando
3436 4019 3569 4076 mihi
3615 4016 3669 4070 in
3704 4017 3876 4097 struma?!

2292 4116 2496 4186 aliena,
2532 4123 2587 4173 et
2604 4088 2765 4182 falsa,
2795 4124 2850 4173 et
2880 4088 3191 4191 saltatorie;
3224 4130 3294 4169 ea
3324 4110 3502 4182 magis
3539 4101 3756 4178 placebat
3786 4088 3875 4191 actis

2290 4208 2600 4276 histrionis,
2652 4225 2856 4280 meque
2905 4177 3191 4261 alliciebat
3217 4198 3618 4260 vehementius,
3663 4203 3755 4261 qua
3791 4177 3876 4280 mihi

2291 4300 2556 4371 lacrymaa
2583 4298 3031 4353 excutiebantur.
3067 4293 3211 4358 Quid
3237 4296 3432 4347 autem
3460 4287 3651 4341 mirum
3670 4290 3774 4333 cum
3787 4267 3876 4371 in‘lf'

2291 4386 2368 4441 lix
2392 4403 2566 4457 pecus
2596 4387 2864 4440 aberrans
2900 4400 2931 4437 a
2960 4398 3133 4454 grege
3161 4386 3287 4447 tuo,
3316 4384 3371 4434 et
3394 4373 3675 4446 impatiens
3689 4355 3877 4419 custodia

2291 4451 2413 4531 tute
2448 4474 2603 4545 turpi
2650 4474 2832 4529 scabie
2883 4451 3166 4527 fmdarer?
3205 4470 3271 4523 Et
3324 4467 3454 4522 inde
3514 4462 3659 4518 erant
3696 4451 3879 4540 dolorllm

2291 4581 2535 4633 amores,
2583 4580 2699 4618 non
2763 4562 2971 4633 quibus
3020 4558 3190 4614 altius
3236 4562 3595 4629 penetrarer;
3638 4558 3732 4601 n00
3776 4543 3877 4633 32””

2290 4622 2548 4709 amabam
2593 4653 2729 4706 talia
2774 4622 3014 4722 perpeti,
3060 4622 3257 4719 qualia
3296 4649 3573 4716 spectare;
3617 4631 3701 4690 sed
3738 4622 3881 4696 quibus

2291 4742 2497 4797 auditis
2528 4747 2585 4796 ct
2606 4741 2770 4805 ﬁctis,
2803 4721 3077 4811 tanquam
3121 4738 3181 4790 in
3211 4732 3504 4806 superﬁcie
3530 4726 3752 4783 raderer:
3791 4721 3881 4811 (Ιοοξ

2289 4837 2480 4887 tamen
2506 4830 2668 4903 quasi
2700 4844 2918 4899 ungues
2961 4824 3335 4896 scalpentium
3376 4817 3612 4876 fervidus
3646 4798 3881 4903 tumore.“l

2290 4921 2466 4987 tabes,
2512 4924 2571 4974 et
2613 4918 2796 4973 sanies
2848 4915 3078 4972 horrida
3129 4910 3593 4985 consequebatur.
3638 4896 3757 4953 Talis
3801 4889 3876 4937 vi”

2256 5028 2259 5031 ·
2289 5026 2437 5077 mea,
2469 5007 2753 5080 numquid
2783 5006 2895 5061 vita
2926 5008 3066 5071 erat,
3093 5004 3243 5058 Deus
3273 4999 3470 5057 meus?
3542 5026 3549 5029 “

2353 5229 2366 5261 ι
2381 5223 2631 5287 Theologi
2646 5224 2747 5271 Lov
2760 5259 2771 5270 .
2793 5221 3003 5287 legunt;
3018 5222 3279 5287 Lacrer
3291 5208 3664 5287 ςνῃοιανῃιξιὶιρν
3672 5202 3714 5249 ει
3724 5192 3878 5245 dolores.
3944 5208 3945 5239 :

2288 5289 2446 5353 Abest
2473 5275 2874 5353 νοίιιξονντηξ
2899 5298 2929 5331 α
2954 5283 3079 5353 Μεεο
3116 5275 3173 5353 εξ
3198 5278 3327 5353 ἓάά·
3350 5275 3865 5353 ’Ψὲἷὲἕίᾷυὶιωουίιω

2349 5316 2446 5338 ιυθι
2480 5316 2575 5336 νυλ
2607 5316 2863 5346 ιυυιςηιω
2899 5316 2929 5331 u
2958 5316 3079 5331 ινισῡο
3117 5316 3170 5329 νυ
3198 5316 3327 5328 uuu.
3368 5316 3467 5339 r-v-
3482 5316 3605 5334 .-.ινκκ
3838 5316 3865 5353 Μ

2349 5348 2803 5417 ῨῙῗῑπδίίιδοᾸυλίεὲ
2822 5344 3129 5417 “sudem?
3149 5345 3176 5391 3
3199 5316 3878 5417 Ψεὲηὲεθίδξὴὲυωιιῖῗῖιῗμῖ

2352 5376 2370 5384 ⁵
2385 5376 2405 5401 ι
2420 5376 2635 5401 ιιιτθιιυ-ιο
2648 5376 2803 5411 δυλια
2824 5376 2987 5396 ιιυυυ.
3007 5376 3129 5392 hum
3149 5376 3176 5391 υ
3199 5376 3341 5400 annva,
3354 5376 3405 5388 ν.
3423 5376 3517 5385 ιη..-
3530 5376 3560 5382 ,ἡ
3588 5376 3601 5379 ν
3618 5376 3623 5377 γ

2350 5415 2371 5480 3’
2403 5414 2751 5480 ἐξετετσιιιιέῖο
2776 5408 2929 5480 illi“
2958 5404 3241 5480 Ετμίιμεει-
3258 5404 3476 5480 βφὲιὶιξξς.
3495 5376 3815 5480 ﬂagiti}.
3830 5376 3879 5480 ἕξ

2352 5477 2372 5509 ι
2403 5443 2761 5523 uitiatas.
2776 5443 3018 5519 2:13;;
3032 5443 3478 5517 hausimus
3496 5443 3707 5506 hostem
3721 5448 3815 5490 νετο
3831 5443 3860 5480 ¹ε

2289 5520 2524 5585 οῐίοιῖέῐῆ
2540 5520 2837 5597 praeterunt
2863 5532 2983 5579 Mss.
3010 5529 3206 5593 etArn.
3944 5520 3945 5523 “
