4022 6176
132 290 238 342 683

799 413 1025 467 CAPUT
1068 414 1162 467 III.

217 504 280 555 In
308 501 487 556 schola
509 502 739 556 rhetoris
769 501 837 555 ab
861 505 1177 556 Eeersorum
1199 504 1365 568 factis
1394 504 1732 560 abhorrebat.

315 591 379 643 Et
402 589 843 643 circumvolabat
873 607 1043 660 super
1075 607 1163 644 me
1194 590 1379 645 ﬁdelis
1408 608 1441 645 a
1468 593 1639 663 longe
1672 594 1841 647 mise—

136 678 523 732 ricordiatua.
563 679 626 732 In
657 683 899 749 quantas
931 678 1260 749 iniquitates
1290 679 1561 749 distabui,
1587 686 1640 734 et
1670 682 1841 735 sacri-

134 770 329 837 legam
373 767 764 821 curiositatem
806 774 1032 821 secutus
1071 784 1218 829 sum,
1261 773 1325 821 ut
1367 769 1726 824 deserentem
1764 776 1839 835 te,

130 856 451 910 deduceret
475 872 567 909 me
597 856 667 909 ad
702 854 815 909 ima
854 855 1052 922 inﬁda,
1077 861 1134 911 et
1156 856 1630 912 circumventoria
1670 859 1842 914 obse—

128 946 270 1015 quia
334 944 780 1010 deemoniorum,
834 944 1043 1015 quibus
1104 945 1477 1001 immolabam
1525 947 1673 1002 facta
1715 964 1843 1003 mea

126 1036 308 1101 mala,
333 1039 389 1089 et
418 1034 477 1088 in
504 1034 771 1088 omnibus
794 1034 1123 1103 ﬂagellabas
1149 1041 1268 1089 me!
1302 1038 1487 1089 Ausus
1510 1053 1635 1090 sum
1669 1036 1841 1092 etiam

130 1123 190 1176 in
238 1123 571 1177 celebritate
610 1122 1037 1175 solemnitatum
1093 1126 1345 1189 tuarum,
1392 1123 1543 1178 intra
1583 1125 1836 1196 parietes

127 1211 392 1264 ecclesiae
431 1216 546 1264 tute
571 1210 970 1281 concupiscere
1005 1215 1061 1264 et
1091 1226 1258 1281 agere
1296 1213 1595 1282 negotium
1627 1229 1841 1283 procu-

128 1299 305 1353 randi
349 1300 566 1354 fructus
612 1298 845 1352 mortis:
887 1299 1042 1353 unde
1083 1315 1174 1354 me
1215 1300 1525 1354 verberasti
1574 1302 1840 1372 gravibus

126 1389 354 1460 pcenis:
384 1389 477 1443 sed
512 1388 656 1442 nihil
688 1389 757 1442 ad
788 1388 1016 1459 culpam
1057 1404 1267 1450 meam,
1308 1406 1339 1443 ο
1387 1394 1451 1443 tu
1481 1390 1840 1460 praegrandis

127 1477 531 1533 misericordia
558 1494 706 1541 mea,
742 1478 890 1531 Deus
920 1494 1102 1543 meus,
1126 1478 1412 1549 refugium
1436 1494 1632 1532 meum
1660 1496 1692 1533 a
1718 1483 1841 1532 ter—

129 1566 399 1621 ribilibus
441 1566 799 1633 nocentibus,
846 1567 906 1620 in
949 1567 1158 1637 quibus
1196 1572 1434 1637 vagatus
1477 1583 1604 1621 sum
1648 1568 1838 1637 praefi-

128 1655 299 1710 denti
340 1656 509 1722 collo,
549 1655 619 1709 ad
666 1656 838 1726 longe
881 1656 1262 1709 recedendum
1303 1672 1335 1709 a
1378 1659 1451 1721 te,
1493 1672 1691 1710 amans
1724 1656 1842 1709 vias

129 1759 193 1798 m
223 1760 290 1798 ea
304 1748 386 1798 set
414 1759 529 1798 non
557 1748 703 1810 tuas,
730 1760 928 1798 amans
957 1743 1255 1815 fugitivam
1280 1745 1624 1799 libertatem.

206 1835 266 1887 6.
317 1833 606 1887 Habebant
621 1836 675 1886 et
706 1832 801 1886 illa
817 1832 1005 1887 studia
1036 1849 1163 1903 qua:
1194 1834 1431 1887 honesta
1463 1834 1831 1897 vocabantur,

133 1921 376 1975 ductum
408 1937 570 1975 suum
617 1922 934 1975 intuentem
965 1921 1087 1975 fora
1116 1921 1384 1991 litigiosa,
1414 1926 1478 1976 ut
1508 1922 1840 1976 excellerem

133 2011 197 2064 in
234 2010 340 2077 eis,
372 2010 478 2063 hoc
507 2009 865 2074 laudabilior,
899 2027 1012 2081 quo
1060 2010 1496 2065 fraudulentior.
1537 2012 1715 2065 Tanta
1760 2014 1844 2064 est

128 2099 364 2153 caecitas
392 2098 697 2153 hominum
738 2098 805 2152 de
836 2099 1087 2153 czecitate
1128 2100 1300 2153 etiam
1337 2099 1729 2169 gloriantium.
1778 2100 1843 2153 Et

130 2188 324 2258 major
356 2188 470 2257 jam
501 2203 659 2241 eram
687 2186 747 2240 in
780 2187 969 2241 schola
998 2187 1278 2251 rhetoris;
1313 2192 1368 2241 et
1397 2187 1718 2257 gaudebam
1748 2202 1841 2239 su-

129 2277 335 2347 perbe,
370 2280 425 2330 et
449 2275 743 2329 tumebam
764 2276 940 2345 typho
965 2291 978 2340 ;
1013 2290 1344 2345 quanquam
1377 2275 1547 2344 longe
1574 2273 1839 2339 sedatior,

136 2364 404 2429 Domine,
436 2368 493 2416 tu
528 2363 652 2428 scis,
688 2366 744 2417 et
777 2366 1032 2416 remotus
1071 2363 1306 2416 omnino
1345 2363 1415 2416 ab
1456 2354 1843 2416 eversionibus

133 2468 283 2523 quas
343 2451 623 2506 faciebant
687 2453 984 2505 Eversores
1023 2451 1147 2521 (hoc
1220 2451 1376 2505 enim
1432 2467 1643 2506 nomen
1706 2468 1841 2504 scae-

135 2556 277 2594 vum
308 2543 323 2577 ¹
355 2546 412 2594 et
457 2540 826 2605 diabolicum,
856 2540 1011 2594 velut
1047 2540 1273 2609 insigne
1305 2539 1643 2594 urbanitatis
1673 2544 1758 2593 est
1787 2540 1839 2610 ),

138 2631 296 2685 inter
320 2645 467 2701 quos
496 2628 754 2682 vivebam
785 2628 1006 2699 pudore
1036 2627 1378 2698 impudenti,
1414 2628 1548 2699 quia
1581 2627 1710 2681 talis
1730 2643 1845 2681 non

139 2734 333 2773 eram:
386 2722 445 2771 et
486 2732 615 2771 cum
649 2716 730 2771 eis
764 2732 942 2781 eram,
975 2721 1031 2770 et
1071 2715 1332 2771 amicitus
1364 2732 1564 2771 eorum
1598 2716 1843 2770 delecta-

139 2808 244 2862 bar
282 2806 615 2877 aliquando,
649 2822 680 2859 a
718 2822 967 2876 quorum
994 2820 1219 2875 semper
1244 2804 1407 2859 factis
1437 2805 1841 2871 abhorrebam,

137 2898 242 2951 hoc
301 2900 387 2949 est
428 2896 500 2948 ab
571 2894 979 2961 eversionibus,
1033 2893 1242 2964 quibus
1290 2897 1549 2963 proterve
1603 2893 1842 2945 insecta-

134 2972 347 3038 bantur
401 2981 728 3052 ignotorum
769 2982 1147 3047 verecndiam,
1214 2997 1385 3051 quam
1447 2980 1847 3051 perturbarent

140 3072 319 3142 gratis
360 3070 656 3125 illudendo
682 3075 851 3141 atque
883 3071 1013 3125 inde
1048 3070 1335 3140 pascendo
1367 3070 1673 3122 malevolas
1700 3068 1842 3122 lacti-

139 3162 244 3214 tias
279 3174 432 3212 suas.
488 3158 639 3211 Nihil
669 3163 753 3211 est
782 3158 882 3212 illo
923 3165 1050 3213 actu
1095 3158 1337 3212 similius
1368 3156 1587 3210 actibus
1630 3156 1843 3210 daemo-

140 3248 394 3301 niorum.
428 3245 571 3311 Quid
603 3246 795 3317 itaque
831 3246 1021 3300 verius
1049 3262 1223 3317 quam
1249 3262 1535 3300 eversores
1576 3261 1842 3299 vocaren-

140 3337 271 3390 tur?
303 3334 495 3389 Eversi
532 3334 700 3404 plane
731 3334 889 3404 prius
927 3334 1039 3403 ipsi
1070 3339 1241 3405 atque
1271 3333 1543 3405 perversi,
1577 3333 1843 3387 deriden—

138 3425 289 3479 tibus
314 3440 413 3477 eos
445 3429 502 3477 et
525 3423 926 3478 seducentibus
956 3423 1253 3478 fallacibus
1283 3424 1498 3476 occulte
1529 3421 1841 3492 spiritibus,

138 3515 196 3568 in
228 3530 297 3567 eo
328 3513 455 3583 ipso
486 3528 597 3583 quo
627 3511 766 3567 alios
790 3512 1027 3567 irridere
1053 3517 1248 3567 amant
1266 3516 1322 3566 et
1350 3512 1564 3566 fallere.

829 3602 1053 3656 CAPUT
1084 3603 1173 3655 IV.

212 3693 535 3745 Hortensius
560 3692 823 3746 Ciceronis
849 3692 1114 3745 ercitaeit
1140 3690 1293 3744 illum
1316 3689 1390 3743 ad
1417 3687 1668 3743 ardorem

783 3779 1163 3847 philOSOphitL’.

208 3873 265 3922 Τ.
301 3868 456 3921 Inter
485 3868 587 3920 hos
617 3882 740 3936 ego,
780 3866 1061 3920 imbecilla
1098 3871 1232 3920 tunc
1260 3869 1424 3920 aetate
1455 3864 1742 3920 discebam
1772 3864 1842 3917 1i-

138 3956 277 4011 bros
322 3955 685 4025 eloquentia),
717 3955 780 4008 in
810 3972 923 4025 qua
953 3954 1204 4008 eminere
1251 3954 1550 4025 cupiebam
1593 3954 1707 4007 tiue
1747 3954 1845 4007 da—

134 4044 385 4099 mnabili
431 4050 486 4098 et
520 4048 753 4098 ventoso
784 4060 886 4113 per
924 4043 1134 4113 gaudia
1163 4043 1422 4097 vanitatis
1452 4043 1749 4108 humanm;
1793 4045 1848 4094 et

138 4131 359 4185 usitato
398 4132 518 4200 jam
565 4130 817 4186 discendi
875 4131 1074 4185 ordine
1122 4146 1498 4201 perveneram
1547 4130 1608 4183 in
1636 4130 1845 4183 librum

134 4220 456 4293 quemdam
496 4219 806 4289 Ciceronis,
837 4221 996 4290 cujus
1035 4220 1293 4289 linguam
1336 4218 1454 4273 fere
1510 4233 1710 4271 omnes
1739 4216 1847 4270 mi-

135 4314 372 4375 rantur,
418 4314 618 4379 pectus
650 4325 765 4362 non
808 4308 905 4363 ita.
957 4309 1065 4363 Sed
1106 4309 1249 4362 liber
1298 4308 1394 4360 ille
1442 4305 1622 4377 ipsius
1652 4305 1851 4359 exhor-

136 4399 429 4453 tationem
476 4397 730 4452 continet
758 4398 827 4451 ad
868 4396 1313 4467 philosophiam,
1357 4400 1410 4449 et
1446 4398 1680 4448 vocatur
1710 4395 1851 4447 Hor-

139 4487 390 4541 tensius.
465 4487 566 4540 Ille
625 4502 760 4540 vcro
823 4486 968 4540 liber
1024 4485 1268 4539 mutavit
1312 4484 1577 4559 affectum
1634 4498 1850 4546 meum,

143 4582 206 4631 et
258 4575 333 4629 ad
382 4576 652 4647 teipsum,
703 4574 966 4641 Domine,
1013 4573 1253 4628 mutavit
1306 4588 1502 4643 preces
1566 4586 1740 4630 meas,
1801 4573 1857 4623 et

142 4670 287 4719 vota
334 4681 398 4719 ac
431 4663 712 4718 desideria
742 4680 870 4718 mea
910 4663 1043 4717 fecit
1072 4662 1198 4716 alia.
1231 4661 1405 4716 Viluit
1449 4660 1590 4714 mihi
1621 4664 1856 4729 repente

146 4752 345 4808 omnis
374 4768 519 4807 vana
540 4769 687 4824 spes,
720 4756 774 4806 et
803 4751 1294 4806 immortalitatem
1326 4749 1618 4821 sapientia:
1648 4764 1856 4802 concu-

146 4842 447 4914 piscebam
471 4847 612 4896 aestu
643 4841 828 4896 cordis
859 4838 1213 4905 incredibili;
1243 4843 1298 4891 et
1326 4853 1557 4909 surgere
1575 4852 1856 4907 cceperam

148 4934 219 4985 ut
245 4929 319 4984 ad
349 4933 403 4983 te
441 4929 710 4984 redirem.
762 4931 887 4983 Non
924 4928 1077 4983 enim
1116 4927 1184 4981 ad
1214 4927 1526 4980 acuendam
1576 4926 1854 4996 linguam,

148 5018 312 5091 quod
343 5017 582 5072 videbar
631 5034 820 5073 emere
852 5017 1125 5072 maternis
1154 5014 1530 5081 mercedibus,
1562 5030 1691 5068 cum
1725 5029 1859 5084 age-

150 5124 279 5164 rem
303 5124 521 5162 annum
545 5108 727 5162 aetatis
747 5106 1259 5176 undevigesimum,
1273 5105 1395 5175 jam
1414 5103 1680 5158 defuncto
1701 5106 1861 5173 patre

151 5202 289 5253 ante
322 5196 657 5251 biennium:
689 5212 807 5250 non
830 5212 965 5266 ergo
983 5195 1054 5248 ad
1085 5194 1401 5248 acuendam
1431 5192 1687 5263 linguam
1718 5190 1863 5244 refe-

153 5286 360 5340 rebam
385 5284 549 5339 illum
571 5285 811 5351 librum;
832 5299 1017 5355 neque
1038 5282 1180 5337 mihi
1200 5281 1571 5341 locutionem,
1589 5279 1686 5333 sed
1712 5278 1863 5349 quod

152 5374 508 5447 loquebatur
533 5376 907 5444 persuaserat.

221 5483 236 5516 ι
270 5481 358 5530 Sic
385 5479 543 5543 juxta
558 5482 796 5529 vetustos
818 5478 947 5528 Cdd.
977 5476 1312 5543 scribendum
1333 5476 1693 5543 hic,_sccei_tu_m,
1716 5473 1766 5521 id
1789 5475 1869 5521 est

159 5537 472 5601 sinistrum;
505 5554 613 5589 non
650 5554 872 5599 sarum,
900 5543 961 5588 ut
983 5540 1233 5589 scribitur
1256 5539 1395 5602 apud
1418 5538 1502 5586 Er.
1529 5540 1581 5585 et
1602 5537 1724 5585 Lov.

1592 290 1804 350 LIBER
1875 256 2201 352 TERTIUS.

3549 306 3651 360 686

2027 420 2077 471 8.
2111 417 2410 482 Quomodo
2440 419 2734 489 ardebam,
2767 420 2915 475 Deus
2946 435 3128 488 meus,
3171 424 3459 492 quomodo
3489 426 3653 479 arde-

1951 505 2084 560 bam
2136 508 2392 561 revelare
2442 525 2473 561 ει
2511 509 2754 562 terrenis
2804 509 2872 563 ad
2915 514 3011 576 te;
3045 516 3102 564 et
3148 511 3469 566 nesciebam
3519 515 3656 584 quid

1955 610 2157 663 ageres
2187 596 2451 649 mecum!
2491 596 2658 659 Apud
2701 601 2761 669 te,
2789 602 2871 650 est
2930 597 3086 652 enim
3137 599 3436 669 sapientia.
3486 604 3661 656 Amor

1952 688 2142 737 autem
2178 685 2473 753 sapientiae
2496 701 2708 739 nomen
2737 702 2987 755 graecum
3017 689 3189 742 habet
3214 696 3516 759 φιλοσοφίαν,
3543 708 3657 762 quo

1952 787 2044 825 me
2075 773 2463 827 accendebant
2510 773 2624 827 illae
2672 774 2897 829 littcrte.
2944 776 3089 829 Sunt
3131 778 3229 847 qui
3259 779 3531 833 seducant
3557 797 3660 851 per

1920 860 2397 932 ‘philosophiam,
2441 878 2653 932 magno
2694 867 2749 916 et
2789 863 2999 918 blando
3057 869 3112 919 et
3155 866 3396 920 honesto
3425 868 3658 922 nomine

1951 951 2267 1004 colorantes
2298 956 2353 1004 et
2382 952 2639 1004 fucantes
2672 968 2894 1006 errores
2936 970 3099 1019 suos;
3149 959 3204 1007 et
3232 971 3412 1024 prope
3460 972 3659 1011 omnes

1951 1038 2050 1109 qui
2081 1054 2150 1092 ex
2181 1038 2292 1093 illis
2324 1043 2379 1093 et
2404 1055 2577 1110 supra
2603 1040 2960 1110 temporibus
2988 1043 3129 1096 tales
3176 1048 3358 1121 erant,
3388 1049 3659 1100 notantur

1949 1127 2009 1180 in
2037 1143 2105 1180 eo
2136 1127 2278 1181 libro
2310 1132 2365 1181 et
2390 1128 2900 1195 demonstrantur;
2931 1134 2987 1183 et
3017 1130 3415 1184 manifestatur
3454 1132 3534 1186 ibi
3563 1148 3653 1186 sa-

1952 1214 2182 1269 lutifera
2212 1215 2311 1269 illa
2348 1215 2659 1270 admonitio
2689 1216 2932 1286 Spiritus
2964 1218 3047 1271 tui
3084 1234 3189 1286 per
3235 1235 3459 1273 servum
3490 1225 3656 1275 tuum

1950 1303 2168 1357 bonum
2189 1309 2246 1357 et
2265 1304 2425 1374 pium
2454 1321 2465 1357 :
2505 1304 2694 1358 Videte
2715 1321 2780 1358 ne
2809 1308 2931 1374 quis
2964 1321 3051 1359 vos
3094 1307 3335 1375 decipiat
3358 1324 3457 1377 per
3478 1310 3656 1377 philo-

1950 1392 2197 1461 sophiam
2241 1398 2287 1445 et
2322 1394 2536 1446 inanem
2566 1393 2942 1458 seductioncm,
2984 1394 3275 1448 secundum
3307 1396 3653 1450 traditionem

1951 1481 2248 1539 hominum.
2283 1480 2571 1534 secundum
2603 1481 2858 1534 elementa
2897 1480 3061 1549 hujus
3092 1482 3304 1548 mundi,
3347 1486 3397 1534 et
3443 1498 3548 1537 non
3573 1499 3655 1536 sc-

1949 1569 2183 1621 cundum
2208 1569 2528 1631 Christum;
2567 1570 2699 1636 quia
2739 1571 2798 1621 in
2828 1570 2946 1637 ipso
2986 1569 3263 1623 inhabitat
3292 1572 3463 1624 omnis
3482 1571 3659 1639 pleni-

1951 1657 2079 1711 tudo
2136 1657 2447 1711 divinitatis
2488 1659 2841 1725 corporaliter
2888 1658 3102 1727 (Cotoss.
3150 1675 3209 1724 ιι,
3242 1660 3293 1721 8,
3333 1658 3411 1728 9).
3447 1659 3513 1712 Et
3550 1675 3655 1729 ego

1949 1745 2047 1798 illo
2070 1748 2348 1815 tempore,
2382 1745 2487 1797 scis
2510 1751 2590 1811 tu,
2626 1745 2820 1799 lumen
2842 1745 3027 1799 cordis
3047 1746 3184 1815 mei,
3211 1746 3486 1816 quoniam
3510 1764 3654 1801 non-

1950 1834 2085 1887 dum
2116 1833 2260 1887 mihi
2289 1833 2410 1887 hzec
2437 1834 2749 1903 apostolica
2779 1838 2915 1887 nota
2947 1838 3128 1899 erant,
3168 1834 3277 1888 hoc
3305 1839 3496 1888 tamen
3537 1836 3658 1889 solo

1952 1922 2275 1975 delectabar
2304 1922 2365 1974 in
2404 1921 2502 1974 illa
2540 1922 2954 1988 exhortatione,
3006 1922 3160 1993 quod
3210 1939 3323 1976 non
3373 1922 3531 1975 illam
3563 1926 3663 1976 aut

1950 2010 2110 2064 illam
2142 2014 2372 2075 sectam,
2409 2011 2505 2064 sed
2523 2010 2727 2081 ipsam,
2760 2026 3137 2082 quaecumque
3160 2014 3323 2078 esset,
3354 2015 3409 2064 et
3429 2010 3657 2081 sapien-

1950 2098 2090 2152 tiam
2125 2102 2190 2152 ut
2218 2098 2540 2169 diligerem,
2575 2103 2631 2153 et
2662 2114 3001 2169 quaererem,
3034 2102 3091 2153 et
3117 2114 3472 2169 assequerer,
3501 2103 3558 2155 et
3575 2103 3659 2154 te-

1950 2202 2149 2241 nerem
2174 2190 2344 2258 atque
2385 2189 2744 2258 amplexarcr
2773 2188 3015 2249 fortiter,
3071 2185 3356 2241 excitabar
3394 2203 3658 2241 sermone

1951 2273 2072 2341 illo,
2101 2279 2157 2328 et
2185 2276 2552 2345 accenIdebar,
2586 2280 2642 2329 et
2685 2275 2956 2330 ardebam
2983 2293 2997 2341 ;
3028 2280 3084 2331 et
3124 2276 3230 2330 hoc
3261 2275 3443 2330 solum
3478 2292 3569 2330 me
3595 2275 3658 2329 in

1953 2364 2111 2415 tanta
2133 2362 2436 2432 ﬂagrantia
2451 2363 2813 2432 rcfrangebat
2833 2365 2872 2428 1,
2902 2364 3054 2433 quod
3077 2379 3288 2418 nomen
3311 2363 3516 2418 Christi
3537 2379 3655 2417 non

1955 2453 2075 2503 erat
2106 2449 2204 2503 ibi.
2242 2449 2526 2514 Quoniam
2574 2449 2682 2503 hoc
2712 2466 2924 2504 nomen
2972 2452 3287 2506 secundum
3335 2450 3659 2506 misericor-

1955 2538 2109 2591 diam
2142 2543 2319 2604 tuam,
2364 2537 2624 2603 Domine,
2669 2538 2774 2592 hoc
2805 2555 3012 2593 nomen
3040 2540 3344 2594 Salvatoris
3387 2541 3501 2595 mei
3535 2539 3661 2595 Filii

1954 2627 2057 2693 tui,
2090 2630 2152 2681 in
2183 2626 2308 2697 ipso
2348 2626 2535 2681 adhuc
2564 2627 2705 2680 lacte
2739 2628 2957 2696 matris,
3007 2633 3273 2682 tenerum
3321 2645 3420 2682 cor
3464 2644 3658 2682 meum

1954 2715 2303 2786 praebiberat
2333 2712 2378 2780 2,
2412 2719 2468 2768 et
2506 2714 2615 2768 alte
2648 2714 2933 2770 retinebat
2960 2732 2972 2781 ;
3008 2721 3064 2768 et
3092 2715 3372 2786 quidquid
3393 2716 3515 2769 sine
3553 2716 3659 2769 hoc

1952 2804 2188 2873 nomine
2220 2803 2439 2867 fuisset,
2464 2802 2723 2873 quamvis
2764 2802 3099 2871 litteratum,
3154 2808 3210 2857 et
3239 2802 3570 2873 expolitum,
3603 2808 3661 2856 et

1956 2893 2288 2958 veridicum,
2325 2908 2437 2944 non
2470 2907 2561 2944 me
2592 2895 2775 2944 totum
2802 2891 3077 2959 rapiebat.

2646 2981 2868 3033 CAPUT
2906 2981 2966 3033 V.

2007 3070 2263 3124 Fastidiit
2294 3083 2479 3123 sacras
2512 3070 2744 3123 Litteras
2774 3072 2998 3137 propter
3033 3069 3437 3137 simplicitatem
3468 3069 3601 3122 stili.

2028 3162 2083 3212 9.
2122 3158 2320 3227 Itaque
2352 3156 2576 3210 institui
2605 3156 2863 3210 animum
2904 3156 3200 3211 intendere
3249 3157 3307 3210 in
3339 3156 3659 3226 Scripturas

1956 3250 2199 3312 sanctas,
2231 3250 2291 3300 ut
2321 3247 2575 3300 viderem
2607 3246 2803 3316 quales
2834 3250 3044 3300 essent.
3090 3247 3157 3300 Et
3187 3261 3313 3299 ecce
3340 3246 3505 3300 video
3535 3260 3656 3298 rem

1954 3353 2073 3390 non
2102 3340 2453 3405 compertam
2486 3334 2766 3405 superbis,
2792 3350 2978 3404 neque
3001 3334 3277 3389 nudatam
3306 3334 3500 3404 pueris
3523 3352 3537 3399 ;
3559 3334 3657 3387 sed

1955 3425 2176 3478 incessu
2203 3422 2502 3489 humilem,
2538 3438 2798 3475 successu
2828 3422 3111 3476 excelsam
3159 3426 3216 3475 et
3268 3422 3511 3475 velatam
3541 3436 3659 3489 my-

1956 3512 2141 3568 steriis
2173 3530 2185 3567 :
2224 3516 2280 3565 et
2309 3528 2422 3564 non
2454 3527 2610 3564 eram
2636 3526 2741 3581 ego
2770 3510 2899 3563 talis
2932 3514 2997 3563 ut
3023 3510 3237 3563 intrare
3268 3510 3328 3563 in
3359 3525 3486 3563 eam
3520 3525 3658 3579 pos-

1956 3618 2095 3667 sem,
2154 3604 2252 3654 aut
2294 3599 2567 3665 inclinare
2625 3598 2899 3653 cervicem
2956 3598 3027 3652 ad
3078 3598 3199 3668 ejus
3257 3613 3502 3667 gressus.
3538 3598 3657 3650 Non

1956 3690 2109 3744 enim
2141 3688 2286 3742 sicut
2310 3688 2477 3741 modo
2504 3687 2728 3757 loquor,
2763 3687 2843 3740 ita
2883 3686 3034 3740 sensi
3078 3702 3210 3740 cum
3249 3685 3465 3740 attendi
3495 3684 3566 3739 ad
3595 3685 3660 3738 il-

1955 3780 2068 3833 lam
2097 3777 2449 3847 Scripturam
2474 3791 2484 3829 :
2514 3776 2613 3829 sed
2640 3776 2757 3829 visa
2780 3780 2865 3829 est
2893 3775 3040 3829 mihi
3070 3776 3308 3845 indigna
3323 3790 3497 3845 quam
3526 3773 3657 3827 Tul-

1955 3868 2122 3923 liana:
2150 3866 2864 3938 dignitati.compararem.
2898 3866 3107 3919 Tumor
3136 3864 3290 3918 enim
3322 3879 3484 3917 meus
3514 3862 3663 3916 refu-

1957 3957 2149 4029 giebat
2201 3956 2434 4009 modum
2481 3956 2642 4023 ejus;
2678 3959 2735 4009 et
2792 3953 2941 4007 acies
2998 3970 3129 4008 mea
3180 3969 3300 4008 non
3326 3950 3664 4022 penetrabat

1957 4045 2229 4099 interiora
2270 4044 2410 4114 ejus,
2463 4045 2871 4097 Verumtamen
2910 4042 3010 4096 illa
3048 4048 3171 4096 erat
3225 4058 3353 4113 qua:
3391 4043 3665 4095 cresceret

1958 4150 2089 4189 cum
2117 4134 2406 4204 parvulis;
2439 4133 2533 4187 sed
2569 4149 2672 4203 ego
2702 4132 3059 4201 dedignabar
3116 4148 3236 4185 esse
3282 4130 3573 4201 parvulus,
3608 4133 3664 4180 et

1958 4222 2219 4291 turgidus
2248 4220 2396 4274 fastu
2425 4220 2565 4274 mihi
2596 4221 2825 4290 grandis
2849 4221 3103 4274 videbar.

2624 4310 2849 4362 CAPUT
2897 4310 2988 4361 VI.

2314 4398 2361 4451 Λ
2413 4398 2732 4452 Manichzeis
2779 4396 3042 4465 quomodo
3089 4399 3299 4464 captus.

2037 4492 2119 4543 lO.
2154 4486 2330 4542 Incidi
2360 4486 2554 4558 itaque
2592 4487 2652 4539 in
2683 4486 2949 4540 homines
2975 4484 3217 4554 superbe
3248 4481 3577 4548 delirantes,
3610 4485 3665 4534 et

1964 4577 2218 4633 carnales
2247 4575 2420 4629 nimis
2450 4581 2506 4629 et
2528 4577 2817 4646 loquaces,
2849 4573 2907 4626 in
2933 4587 3181 4642 quorum
3210 4585 3305 4625 ore
3329 4570 3518 4640 laquei
3537 4569 3663 4625 dia-

1965 4665 2103 4732 boli,
2138 4670 2193 4718 et
2220 4664 2441 4717 viscum
2499 4664 2823 4717 confectum
2864 4658 3267 4714 commixtione
3321 4658 3665 4729 syllabarum

1967 4754 2219 4809 nominis
2248 4753 2355 4818 tui,
2387 4757 2442 4807 et
2474 4752 2701 4806 Domini
2729 4752 2751 4805 J
2763 4766 2862 4803 esu
2891 4748 3120 4815 Christi,
3157 4752 3213 4802 et
3239 4747 3513 4802 Paracleti
3541 4763 3669 4802 con-

1926 4884 1931 4893 .
1968 4839 2228 4894 solatoris
2272 4837 2456 4892 nostri
2504 4837 2747 4906 Spiritus
2794 4834 2990 4888 sancti.
3046 4835 3175 4887 Haec
3222 4833 3452 4887 nomina
3480 4838 3501 4867 ³
3548 4846 3667 4886 non

1967 4929 2311 4983 recedebant
2340 4928 2409 4981 de
2437 4941 2534 4979 ore
2567 4938 2787 4989 eorum,
2824 4923 2917 4976 sed
2939 4926 3105 4976 tenus
3125 4937 3261 4976 sono
3291 4920 3314 4956 "
3343 4926 3399 4976 et
3426 4921 3669 4991 strepitu

1969 5018 2207 5088 linguae;
2239 5020 2293 5070 et
2322 5019 2617 5078 carterum,
2658 5027 2753 5066 cor
2780 5011 2952 5065 inane
2980 5010 3118 5066 veri.
3150 5012 3214 5065 Et
3244 5010 3526 5075 dicebant,
3564 5010 3666 5063 Ve-

2036 5163 2049 5195 ¹
2076 5160 2160 5209 Sic
2188 5160 2308 5207 Mss.
2342 5170 2503 5219 prepe
2532 5167 2864 5219 omnescum
2892 5154 3056 5219 _Bad.,
3089 5149 3589 5219 nequeseeus‘Am.
3621 5154 3671 5219 et

1971 5224 2079 5281 Er.,
2105 5222 2206 5269 nisi
2228 5211 2367 5282 quod
2394 5211 2632 5267 scribunt
2647 5214 3003 5327 rej‘ringebat;
3028 5221 3080 5265 at
3093 5211 3216 5264 [λοῦ.
3238 5218 3290 5262 et
3306 5211 3639 5263 Arn.habent
3661 5228 3671 5259 :

1978 5287 2043 5327 Et
2077 5284 2171 5327 hoc
2198 5283 2305 5327 solo
2335 5281 2387 5327 in
2415 5293 2492 5327 me
2516 5284 2662 5327 Ιαηία
2689 5281 2972 5327 Iaaranlia
3004 5278 3095 5327 ref
3094 5278 3311 5327 riaebut.

1974 5287 2043 5335 Et
2070 5278 2171 5334 hoc
2198 5278 2305 5331 solo
2335 5281 2387 5330 in
2415 5293 2492 5329 me
2516 5284 2662 5328 tanta
2686 5278 2972 5341 ﬂagrantia
3004 5278 3311 5341 refrigebut.

2039 5345 2057 5375 ³
2091 5348 2181 5397 I’ie
2211 5344 2429 5403 biberat;
2455 5342 2609 5405 juxta
2649 5336 2731 5391 Er.
2757 5336 2926 5403 Lugd.
2964 5336 3091 5391 Ven.
3124 5336 3258 5388 Flor.
3301 5342 3347 5383 et
3372 5336 3517 5383 Mart.
3550 5348 3669 5384 cum

1976 5414 2003 5459 6
2033 5410 2153 5459 Mss.
2192 5408 2260 5455 Μ.

2040 5476 2059 5505 3
2088 5473 2213 5519 Lov.
2244 5483 2256 5517 :
2293 5470 2413 5517 Ηιτο
2439 5469 2579 5516 enim
2605 5469 2782 5516 omnia
2812 5480 2933 5516 non.

2041 5534 2061 5565 ὐ
2091 5537 2115 5578 4
2146 5534 2287 5587 Mss,
2320 5532 2462 5580 tenui
2482 5543 2642 5589 sono;
2677 5530 2783 5589 alii,
2814 5532 2968 5578 tenus
2988 5539 3124 5574 sono.
