4058 6174
466 302 565 354 687

463 414 621 482 ritas,
653 418 709 469 et
738 413 943 467 veritas
976 428 988 468 :
1020 417 1077 467 et
1120 413 1369 467 multum
1413 428 1541 467 eam
1584 410 1851 466 dicebant
1904 406 2070 473 mihi,
2104 411 2163 461 et

461 518 748 575 nusquam
776 506 897 557 erat
924 502 982 556 in
1010 502 1125 571 eis;
1159 503 1254 557 sed
1276 502 1415 557 falsa
1434 501 1838 573 loquebantur,
1870 513 1986 551 non
2016 495 2085 550 de
2107 498 2162 548 te

460 596 706 657 tantum,
739 590 839 662 qui
868 607 998 645 vere
1046 590 1265 645 Veritas
1296 607 1375 657 es,
1407 589 1505 643 sed
1555 588 1728 643 etiam
1768 588 1837 642 de
1880 585 2005 639 istis
2046 584 2161 639 ele-

463 679 671 733 mentis
702 680 871 749 hujus
900 678 1094 732 mundi
1147 682 1405 732 creatura
1447 682 1566 743 tua,
1613 676 1683 730 de
1731 674 1940 747 quibus
1989 672 2163 727 etiam

462 784 590 821 vera
620 767 872 821 dicentes
894 766 1262 837 phiIOSOphos
1284 764 1607 837 transgredi
1628 764 1801 819 debui
1823 776 1942 834 pra:
1969 777 2162 815 amore

461 860 581 920 tuo,
615 854 696 908 mi
734 856 900 909 Pater
929 870 1150 908 summe
1188 854 1360 922 bene,
1390 852 1756 925 pulchritudo
1788 851 2164 922 pulchrorum

462 943 743 998 omnium.
784 942 827 996 Ο
858 943 1090 1008 Veritas,
1120 941 1358 1009 Veritas,
1393 958 1567 1012 quam
1592 941 1794 995 intime
1825 939 1999 993 etiam
2042 943 2164 992 tum

400 1098 413 1102 _
464 1031 733 1086 medullas
754 1029 935 1084 animi
966 1030 1079 1084 mei
1111 1030 1476 1101 suspirabant
1495 1029 1622 1096 tibi,
1654 1045 1783 1083 cum
1806 1032 1861 1081 te
1887 1026 1973 1080 illi
1998 1042 2163 1080 sona-

463 1124 592 1172 rent
622 1118 763 1172 mihi
790 1119 1120 1190 frequenter
1158 1124 1214 1172 et
1241 1118 1635 1188 multipliciter
1674 1133 1810 1171 voce
1850 1116 1990 1182 sola,
2023 1119 2079 1169 et
2103 1114 2165 1169 li-

460 1208 579 1263 bris
608 1207 803 1261 multis
833 1214 888 1261 et
915 1206 1275 1278 ingentibus!
1311 1206 1484 1260 Etilla
1505 1209 1667 1259 erant
1696 1205 1909 1259 fercula
1946 1203 2008 1257 in
2036 1204 2165 1275 qui-

459 1297 569 1352 bus
597 1296 739 1350 mihi
765 1295 1039 1349 esurienti
1068 1301 1145 1361 te,
1176 1295 1572 1349 inferebantur
1599 1310 1703 1365 pro
1734 1299 1787 1348 te
1818 1293 1900 1347 sol
1927 1297 1984 1347 et
2006 1293 2159 1356 luna,

462 1386 703 1456 pulchra
741 1400 915 1454 opera
951 1389 1087 1451 tua;
1116 1384 1212 1438 sed
1241 1388 1436 1438 tamen
1467 1399 1643 1454 opera
1670 1387 1790 1449 tua,
1816 1398 1929 1435 non
1952 1386 2034 1447 tu,
2064 1396 2167 1435 nec

464 1474 590 1543 ipsa
620 1472 830 1542 prima.
865 1471 1064 1525 Priora
1094 1471 1248 1526 enim
1279 1471 1601 1542 spiritualia
1640 1487 1813 1541 opera
1843 1476 1961 1537 tua,
1995 1485 2168 1540 quam

463 1561 576 1613 ista
613 1574 912 1631 corporea,
942 1560 1203 1631 quamvis
1234 1560 1421 1614 lucida
1451 1565 1505 1613 et
1534 1560 1800 1614 cmlestia.
1836 1563 1908 1613 At
1930 1575 2034 1629 ego
2065 1573 2169 1612 nec

463 1648 659 1721 priora
697 1649 815 1715 illa,
847 1648 947 1702 sed
976 1648 1240 1718 teipsam,
1268 1654 1344 1715 te,
1386 1648 1623 1714 Veritas,
1675 1648 1735 1701 in
1774 1664 1887 1719 qua
1925 1663 2039 1701 non
2085 1650 2170 1701 est

463 1738 838 1792 commutatio
869 1752 973 1791 nec
1003 1736 1283 1817 momenti
1327 1736 1687 1791 obumbratio
1738 1736 1947 1804 (Jacobi
1987 1753 2025 1804 ι,
2062 1737 2168 1804 l7),

467 1825 789 1879 esuriebam
812 1829 867 1878 et
891 1824 1150 1879 sitiebam
1174 1842 1187 1893 ;
1239 1829 1296 1879 et
1342 1825 1780 1896 apponebantur
1810 1824 1997 1878 adhuc
2026 1824 2168 1878 mihi

461 1916 523 1968 in
553 1914 664 1968 illis
715 1914 944 1968 ferculis
997 1914 1391 1985 phantasmata
1448 1914 1764 1985 splendida,
1799 1913 2008 1985 quibus
2046 1913 2169 1984 jam

466 2003 675 2058 melius
701 2006 821 2057 erat
848 2019 1040 2057 amare
1070 2002 1242 2058 istum
1272 2004 1471 2072 solem,
1505 2004 1708 2057 saltem
1739 2003 1861 2056 istis
1888 2002 2065 2056 oculis
2087 2019 2171 2057 ve-

459 2109 609 2161 rum,
641 2108 815 2163 quam
847 2091 943 2145 illa
998 2091 1138 2145 falsa
1185 2092 1381 2146 animo
1409 2092 1644 2162 decepto
1692 2107 1797 2162 per
1848 2091 2068 2145 oculos.
2104 2091 2171 2145 Et

466 2187 683 2245 tamen,
743 2178 879 2250 quia
915 2184 971 2232 te
1014 2179 1311 2250 putabam,
1355 2179 1818 2245 manducabam;
1855 2196 1968 2232 non
2011 2178 2171 2233 avide

468 2268 721 2339 quidem,
749 2269 884 2339 quia
913 2284 1015 2322 nec
1043 2268 1301 2339 sapiebas
1330 2269 1391 2322 in
1421 2285 1519 2323 ore
1550 2284 1678 2322 meo
1728 2267 1894 2321 sicuti
1926 2284 2020 2336 es;
2066 2283 2172 2321 ne-

463 2372 575 2426 que
604 2356 758 2409 enim
789 2361 853 2409 tu
882 2372 1005 2409 eras
1036 2355 1311 2426 ﬁgmenta
1339 2356 1439 2410 illa
1470 2356 1663 2410 inania
1689 2376 1703 2424 ;
1725 2372 1829 2410 nec
1868 2356 2165 2409 nutriebar

464 2445 564 2511 eis,
596 2444 694 2497 sed
726 2443 1104 2498 exhauriebar
1130 2444 1332 2515 magis.
1380 2443 1549 2498 Cibus
1604 2443 1664 2498 in
1698 2443 1915 2497 somnis
1947 2443 2169 2497 similli-

464 2549 594 2587 mus
618 2536 701 2587 est
728 2532 867 2587 oibis
896 2526 1278 2602 vigilantium,
1312 2548 1426 2603 quo
1455 2538 1646 2587 tamen
1678 2531 2027 2587 dormientes
2054 2548 2172 2585 non

464 2622 727 2686 aluntur;
762 2620 1227 2692 dormiuntﬁenim
1255 2637 1267 2674 ι
1292 2621 1455 2675 atilla
1477 2638 1579 2676 nec
1605 2620 1815 2675 similia
1831 2625 1991 2675 erant
2012 2622 2170 2674 nullo

471 2711 642 2764 modo
671 2710 795 2774 tibi,
830 2710 976 2764 sicut
1006 2726 1159 2763 nunc
1187 2710 1333 2764 mihi
1358 2714 1542 2764 locuta
1569 2726 1628 2763 es
1652 2727 1665 2777 ;
1699 2710 1835 2781 quia
1864 2711 1961 2763 illa
2009 2714 2174 2764 erant

465 2798 782 2870 corporalia
806 2799 1224 2869 phantasmata,
1252 2800 1389 2853 falsa
1429 2815 1688 2870 corpora,
1711 2799 1918 2870 quibus
1930 2798 2172 2852 certiora

466 2897 600 2944 sunt
628 2906 760 2944 vera
788 2906 1030 2960 corpora
1059 2890 1167 2943 ista
1198 2906 1326 2961 quae
1358 2890 1618 2945 videmus
1644 2890 1763 2943 visu
1796 2906 2021 2956 carneo,
2055 2889 2170 2943 sive

465 2978 715 3033 cmlestia
743 2978 858 3033 sive
890 2976 1179 3032 terrestria
1211 2970 1389 3032 :‘eum
1420 2978 1732 3049 pecudibus
1759 2984 1815 3032 et
1842 2976 2171 3032 volatilibus

466 3067 725 3121 videmus
754 3066 909 3131 hmc;
938 3070 994 3119 et
1032 3067 1274 3120 certiora
1300 3075 1451 3133 sunt,
1484 3083 1658 3137 quam
1715 3082 1846 3120 cum
1876 3065 2167 3136 imagina-

468 3170 602 3208 mur
630 3171 715 3208 ea.
756 3156 820 3207 Et
850 3170 1045 3207 rursus
1090 3154 1300 3208 certius
1330 3154 1718 3225 imaginamur
1774 3171 1860 3221 ea,
1894 3170 2069 3225 quam
2100 3170 2170 3208 ex

470 3241 550 3307 eis
579 3239 934 3308 suspicamur
961 3241 1070 3294 alia
1085 3241 1410 3311 grandiora,
1435 3248 1491 3294 et
1512 3242 1755 3310 inﬁnita,
1777 3258 1905 3312 quae
1933 3240 2169 3296 omnino

472 3328 631 3381 nulla
658 3334 810 3394 sunt,
844 3328 1110 3398 qualibus
1148 3344 1253 3398 ego
1296 3333 1434 3382 tunc
1472 3329 1745 3400 pascebar
1774 3328 2084 3397 inanibus;
2113 3332 2171 3383 et

467 3433 580 3471 non
610 3418 899 3488 pascebat.
931 3419 1003 3471 At
1030 3422 1110 3482 tu,
1146 3432 1309 3471 amor
1340 3434 1519 3480 meus,
1549 3418 1611 3471 in
1656 3434 1829 3489 quem
1860 3417 2063 3472 deﬁcio
2105 3422 2171 3472 ut

466 3505 626 3559 fortis
657 3505 784 3571 sim,
816 3521 920 3559 nec
948 3504 1057 3560 ista
1100 3522 1340 3576 corpora
1384 3524 1444 3561 es
1493 3522 1622 3578 quae
1668 3507 1946 3573 videmus,
1984 3522 2166 3578 quan-

466 3611 639 3665 quam
666 3594 726 3648 in
756 3595 896 3649 caelo
924 3611 938 3661 ;
972 3611 1075 3648 nec
1103 3611 1169 3649 ea
1198 3611 1257 3649 es
1296 3612 1425 3667 quae
1454 3612 1571 3649 non
1593 3596 1851 3650 videmus
1889 3595 1989 3660 ibi,
2033 3595 2168 3666 quia

466 3688 529 3736 tu
562 3682 669 3736 ista
692 3682 1017 3752 condidisti,
1050 3700 1155 3737 nec
1186 3683 1247 3738 in
1286 3684 1526 3739 summis
1576 3685 1688 3738 tuis
1741 3685 2167 3739 conditionibus

464 3771 637 3824 habes
665 3771 704 3824 ί.
733 3770 954 3834 Quanto
993 3788 1128 3840 ergo
1168 3772 1336 3843 longe
1367 3789 1426 3826 es
1456 3790 1489 3827 a
1516 3773 2008 3844 phantasmatibus
2051 3773 2167 3827 illis

464 3858 630 3922 meis,
681 3859 1178 3927 phantasmatibus
1229 3877 1537 3931 corporum
1594 3877 1721 3932 quae
1771 3863 2006 3916 omnino
2051 3878 2165 3918 non

465 3948 633 3998 sunt!
665 3943 872 4015 quibus
902 3945 1171 3999 certiores
1211 3952 1343 4001 sunt
1371 3947 1686 4017 phantasia:
1717 3965 2023 4020 corporum
2067 3966 2165 4004 eo-

462 4048 592 4087 rum
624 4049 752 4104 quaa
783 4037 951 4101 sunt;
1001 4038 1056 4087 et
1106 4034 1186 4088 eis
1215 4035 1456 4090 certiora
1496 4052 1756 4107 corpora,
1811 4054 1940 4109 quae
1970 4042 2165 4093 tamen

463 4137 579 4177 non
610 4138 672 4176 es
704 4137 719 4175 :
752 4123 844 4176 sed
877 4138 979 4177 nec
1008 4122 1201 4177 anima
1229 4141 1307 4187 es,
1360 4141 1490 4197 qua:
1542 4125 1657 4179 vita
1706 4130 1789 4180 est
1835 4143 2158 4198 corporum.

462 4211 593 4265 Ideo
625 4210 829 4265 melior
853 4212 965 4265 vita
994 4228 1300 4281 corporum
1326 4213 1647 4286 certiorque
1676 4231 1850 4286 quam
1896 4231 2159 4287 corpora.

460 4298 569 4354 Sed
592 4304 654 4354 tu
683 4299 798 4354 vita
824 4317 883 4354 es
910 4301 1254 4368 animarum,
1276 4302 1392 4356 vita
1428 4303 1696 4372 vitarum,
1720 4303 1915 4358 vivens
1936 4309 1992 4359 te
2015 4305 2159 4375 ipsa,

461 4391 516 4439 et
547 4402 659 4440 non
691 4387 947 4455 mutaris,
980 4388 1098 4442 vita
1127 4388 1334 4444 animai
1365 4406 1530 4445 meae.

536 4477 617 4529 tl.
643 4475 746 4530 Ubi
776 4492 913 4547 ergo
949 4476 1093 4532 mihi
1140 4481 1276 4532 tunc
1325 4494 1471 4549 eras,
1520 4484 1577 4533 et
1619 4495 1793 4552 quam
1833 4481 2050 4552 longe?
2098 4482 2162 4536 Et

459 4563 627 4633 longe
656 4566 1064 4636 peregrinabar
1101 4566 1200 4621 abs
1235 4571 1308 4635 te,
1342 4568 1601 4622 exclusus
1632 4574 1685 4623 et
1715 4586 1747 4623 a
1776 4569 1998 4642 siliquis
2026 4586 2157 4641 por-

458 4667 677 4718 corum,
736 4669 877 4723 quos
934 4655 1003 4709 de
1058 4654 1282 4726 siliquis
1328 4657 1632 4727 pascebam
1690 4658 1838 4728 (Luc.
1900 4675 1987 4725 xv,
2047 4660 2155 4719 16).

459 4740 684 4804 Quanto
715 4742 867 4795 enim
899 4744 1167 4799 meliores
1207 4746 1715 4815 grammaticorum
1759 4751 1813 4800 et
1856 4752 2157 4818 poetarum

456 4827 699 4897 fabellae,
722 4845 895 4900 quam
925 4831 1021 4886 illa
1042 4832 1303 4904 decipula
1324 4833 1351 4886 ?
1374 4835 1514 4888 Nam
1532 4851 1729 4889 versus
1757 4840 1813 4889 et
1842 4851 2073 4890 carmen
2102 4840 2159 4890 et

456 4916 653 4972 Medea
679 4918 876 4973 volans
904 4920 1162 4976 utiliores
1190 4928 1361 4993 certe,
1384 4940 1558 4994 quam
1586 4923 1841 4995 quinque
1874 4924 2157 4978 elementa

454 5003 608 5059 varie
638 5005 842 5073 fucata,
874 5013 1109 5079 propter
1137 5010 1394 5082 quinque
1416 5017 1581 5067 antra
1610 5013 1999 5080 tenebrarum,
2026 5029 2155 5084 quae

455 5093 691 5148 omnino
704 5094 860 5149 nulla
873 5100 1025 5159 sunt,
1040 5100 1093 5149 et
1110 5096 1375 5153 occidunt
1397 5100 1741 5155 credentem.
1766 5101 1908 5156 Nam
1930 5117 2156 5157 versum

454 5186 510 5237 et
534 5199 765 5238 carmen
794 5183 967 5238 etiam
1000 5184 1073 5239 ad
1102 5200 1235 5239 vera
1262 5187 1560 5256 pulmenta
1580 5185 1604 5221 ²
1624 5189 1921 5245 transfero.
1955 5190 2157 5245 Volan-

451 5276 571 5328 tem
601 5277 794 5329 autem
825 5272 1078 5329 Medeam
1109 5273 1216 5328 etsi
1246 5276 1567 5340 cantabam,
1618 5294 1738 5334 non
1787 5278 2113 5334 asserebam
2138 5300 2153 5349 ;

512 5424 951 5553 .cum
981 5486 1107 5537 Bad.
1137 5488 1253 5553 Am.
1274 5487 1401 5538 Arn.
1434 5490 1525 5540 ubi
1560 5489 1643 5542 Er.
1669 5496 1721 5542 et
1746 5493 1871 5542 Lov.
1903 5492 2149 5553 reddunt,

448 5545 726 5599 elementa.
758 5551 909 5614 Angl.
939 5556 1183 5612 quatuor,
1206 5551 1500 5603 bulmenta.

1651 289 2193 347 UONFESSIONUM
2242 290 2295 343 s.
2362 285 2770 343 anuusrm.
3495 262 3513 277 '
3786 298 3859 345 uss

2274 408 2378 463 etsi
2401 407 2617 462 cantari
2652 405 2977 472 audiebam,
3005 421 3118 460 non
3146 405 3457 474 credebam,
3484 407 3568 464 illa
3596 416 3756 466 autem
3797 431 3872 468 cro

2275 493 2415 548 didi.
2438 494 2554 560 Vas,
2585 495 2698 547 vae!
2742 491 2950 562 quibus
2991 490 3265 562 gradibus
3295 491 3548 546 deductus
3570 510 3679 549 sum
3700 496 3750 551 in
3771 515 3867 568 pro-

2274 583 2448 637 funda
2475 581 2683 637 inferi?
2711 579 2934 651 Quippe
2958 580 3225 635 laborans
3253 584 3309 634 et
3335 586 3559 635 aestuans
3583 582 3746 655 inopia
3768 586 3870 651 veri,

2275 687 2406 726 cum
2427 677 2501 725 te.
2549 671 2695 725 Deus
2727 668 3040 739 meu3’(tibi
3060 668 3215 723 enim
3237 669 3514 737 conﬁteor,
3544 671 3629 741 qui
3649 687 3727 727 me
3750 674 3872 727 mise-

2274 764 2429 814 ratus
2458 775 2515 814 es
2544 764 2600 812 et
2627 758 2883 812 nondum
2913 756 3329 828 confitentem),
3361 774 3482 812 cum
3508 763 3557 814 te
3593 776 3694 815 non
3729 779 3873 816 secun-

2274 848 2411 903 dum
2441 848 2792 902 intellectum
2818 846 3046 912 mentis,
3069 862 3183 917 quo
3205 863 3296 900 me
3316 851 3567 918 praestare
3588 849 3781 903 voluisti
3796 851 3873 904 bel-

2273 938 2407 1005 luis,
2470 936 2570 991 sed
2611 935 2927 991 secundum
2975 944 3207 990 sensum
3261 935 3441 991 carnis
3497 953 3786 1008 quaererem.
3821 941 3873 993 Tu

2273 1030 2468 1079 autem
2497 1041 2619 1078 eras
2665 1023 2906 1078 interior
2932 1024 3137 1078 intimo
3172 1040 3316 1087 meo,
3352 1028 3405 1078 et
3444 1024 3679 1095 superior
3705 1042 3869 1080 summa

2272 1129 2423 1168 meo.
2450 1112 2849 1168 Oifendiillam
2885 1114 2899 1148 ¹
2930 1112 3231 1167 mulierem
3263 1112 3545 1175 audacem,
3576 1112 3770 1185 inopem
3787 1131 3874 1185 pru-

2275 1202 2505 1269 dentiae,
2530 1201 2777 1271 mnigma
2797 1199 3140 1267 Salomonis,
3160 1200 3448 1255 sedentem
3466 1219 3650 1273 surper
3670 1203 3871 1257 sellamin

2275 1290 2509 1354 foribus,
2560 1295 2616 1345 et
2655 1290 2964 1345 dicentem:
2997 1292 3168 1344 Panes
3198 1291 3421 1345 occultos
3452 1291 3658 1345 libenter
3691 1290 3813 1357 edite,
3844 1300 3873 1343 et

2275 1395 2477 1449 aquam
2506 1379 2713 1434 dulcem
2738 1381 3007 1448 furtivam
3038 1379 3202 1433 bibite
3233 1378 3428 1447 (Prov.
3464 1395 3533 1447 ιι,
3570 1381 3661 1447 l7).
3688 1379 3795 1444 Quae
3817 1396 3873 1432 me

2278 1469 2519 1530 seduxit,
2549 1467 2683 1539 quia
2715 1466 2932 1522 invenit
2963 1467 3099 1521 foris
3127 1466 3474 1521 habitantem
3503 1467 3559 1521 in
3587 1468 3728 1521 oculo
3745 1467 3871 1520 carnis

2278 1574 2440 1625 meae,
2461 1561 2518 1611 et
2543 1556 2681 1611 talia
2695 1556 3083 1611 ruminantem
3105 1555 3257 1627 apud
3291 1571 3401 1625 me,
3425 1555 3605 1627 qualia
3628 1571 3718 1626 per
3735 1555 3875 1608 illum’

2278 1662 2588 1701 vorassem.

2944 1716 3169 1771 CAPUT
3201 1716 3321 1771 VII.

2348 1807 2609 1861 Doctrina
2645 1805 3062 1859 illauichaeorum
3116 1804 3361 1859 absurda
3406 1806 3490 1857 cui
3530 1802 3869 1870 sum-agebatur.

2356 1895 2439 1947 l2.
2486 1891 2814 1945 Nesciebam
2845 1890 3000 1945 enim
3030 1890 3183 1944 aliud
3228 1905 3359 1943 vere
3400 1889 3546 1961 quod
3574 1894 3673 1943 est:
3703 1893 3747 1942 et
3774 1889 3875 1959 quasi

2280 1980 2508 2034 acutule
2552 1979 2822 2033 movebar
2866 1983 2932 2032 ut
2960 1978 3308 2048 suﬁ'ragarer
3338 1976 3522 2031 stultis
3559 1975 3873 2047 deceptoribus.

2280 2086 2412 2124 cum
2445 2085 2479 2123 a
2507 2085 2600 2123 me
2650 2072 2973 2139 quaererent
3009 2067 3164 2121 unde
3192 2069 3443 2132 malum;
3474 2070 3528 2120 et
3551 2070 3723 2120 utrum
3758 2064 3877 2117 forma

2281 2172 2556 2226 corporea
2581 2158 2730 2211 Deus
2750 2156 3014 2211 ﬁniretur
3042 2161 3100 2211 et
3126 2155 3366 2210 haberet
3393 2154 3617 2226 capillos
3632 2158 3680 2207 et
3703 2166 3873 2222 ungues:

2281 2251 2338 2301 et
2364 2252 2557 2300 utrum
2582 2246 2721 2316 justi
2741 2243 3103 2299 existimandi
3129 2250 3320 2299 essent
3348 2243 3447 2315 qui
3467 2244 3720 2297 haberent
3741 2253 3874 2293 uxores

2281 2336 2489 2389 multas
2528 2334 2720 2401 simul,
2751 2332 3142 2387 etoccidereut
3189 2332 3472 2396 homines,
3507 2336 3559 2385 et
3595 2328 3877 2383 sacriﬁcarent

2282 2425 2353 2478 de
2402 2422 2764 2477 animalibus.
2808 2421 3027 2487 Quibus
3066 2437 3259 2475 rerum
3292 2421 3521 2492 ignarus
3558 2415 3871 2490 perturbabar;

2284 2517 2341 2566 et
2374 2512 2644 2566 recedens
2667 2526 2700 2564 a
2727 2510 2983 2576 veritate,
3012 2509 3095 2563 ire
3134 2509 3193 2563 in
3220 2525 3351 2563 eam
3382 2509 3521 2563 mihi
3546 2507 3770 2569 videbar;
3794 2502 3877 2573 quia

2282 2615 2399 2654 non
2427 2615 2697 2654 noveram
2726 2599 2943 2652 malum
2973 2614 3088 2652 non
3109 2614 3230 2652 esse
3262 2598 3375 2652 nisi
3412 2594 3752 2668 privationem
3776 2588 3874 2643 boni.

2281 2703 2465 2759 usque
2494 2687 2563 2742 ad
2604 2687 2761 2759 quod
2790 2688 3023 2741 omnino
3054 2703 3170 2741 non
3200 2692 3307 2742 est.
3341 2686 3501 2751 Quod
3526 2684 3661 2739 unde
3686 2681 3876 2736 viderem.

2281 2777 2443 2847 cujus
2474 2776 2665 2833 videre
2709 2792 2891 2847 usque
2930 2776 2999 2831 ad
3044 2791 3253 2846 corpus
3285 2781 3410 2831 erat
3452 2774 3634 2839 oculis,
3676 2776 3723 2824 et
3754 2767 3875 2823 animo

2281 2882 2462 2936 usque
2498 2865 2570 2919 ad
2615 2865 2996 2936 phantasma?
3043 2865 3107 2919 Et
3150 2881 3269 2919 non
3318 2879 3584 2920 noveram
3628 2862 3775 2916 Deum
3804 2868 3876 2909 esse

2283 2953 2571 3025 spiritum,
2595 2970 2707 3008 non
2729 2953 2818 3007 cui
2836 2953 3095 3008 membra‘
3108 2958 3301 3007 essent
3323 2971 3427 3025 per
3446 2954 3666 3023 longum
3683 2953 3729 3002 et
3745 2949 3875 3003 latum,

2280 3057 2386 3096 nec
2450 3043 2544 3096 cui
2610 3058 2730 3097 esse
2802 3044 2980 3096 moles
3038 3046 3215 3097 esset:
3271 3042 3413 3114 quia
3467 3042 3635 3096 moles
3682 3039 3732 3092 in
3775 3037 3878 3106 parte

2280 3131 2474 3186 minor
2502 3136 2587 3185 est
2616 3147 2791 3202 quam
2819 3130 2881 3185 in
2909 3134 3029 3185 toto
3054 3147 3191 3196 suo;
3226 3136 3287 3185 et
3316 3132 3364 3185 si
3389 3129 3609 3185 inﬁnita
3646 3127 3724 3191 sit,
3755 3123 3876 3177 mino!

2280 3226 2364 3274 est
2393 3220 2451 3274 in
2478 3219 2670 3290 aliqua
2700 3224 2859 3291 parte
2888 3224 3042 3274 certe
3067 3219 3253 3290 spatio
3288 3219 3544 3285 deﬁnita,
3566 3232 3718 3290 quam
3739 3209 3876 3284 parin.

2278 3308 2535 3374 ﬁnitum;
2567 3313 2623 3362 et
2668 3324 2786 3362 non
2823 3313 2908 3362 est
2934 3312 3052 3362 tota
3099 3307 3340 3379 ubique,
3373 3308 3518 3362 sicut
3546 3306 3765 3376 spiritus,
3789 3299 3877 3351 sicut

2281 3398 2447 3452 Deus.
2483 3398 2547 3451 Et
2575 3397 2713 3468 quid
2752 3396 2814 3450 in
2863 3397 3028 3451 nobis
3069 3401 3236 3463 esset,
3281 3396 3593 3452 secundum
3624 3389 3751 3464 quod
3784 3396 3877 3439 e556-

2278 3500 2408 3538 mus
2431 3483 2647 3538 similes
2677 3485 2793 3538 Deo
2836 3490 2894 3538 et
2922 3490 3069 3539 recte
3099 3483 3158 3538 in
3189 3484 3487 3555 Scriptura
3514 3488 3535 3518 ³
3561 3469 3880 3536 diceremur“d

2278 3575 2569 3639 imaginem
2604 3575 2700 3627 Dei
2729 3572 2885 3644 (Gen.
2915 3590 2954 3637 ι,
2986 3575 3096 3642 27),
3130 3589 3373 3643 prorsus
3395 3571 3725 3644 ignorabam.

2352 3664 2436 3716 l3.
2483 3661 2548 3714 Et
2601 3677 2715 3715 non
2761 3677 3032 3715 noveram
3066 3661 3359 3732 justitiam
3390 3677 3578 3717 veram
3617 3654 3877 3712 interiorem.

2276 3766 2391 3805 non
2424 3766 2489 3803 ex
2519 3749 2931 3804 consuetudine
2954 3750 3338 3821 judicantem,
3362 3751 3461 3805 sed
3491 3766 3553 3804 ex
3582 3749 3690 3817 lege
3712 3736 3877 3798 rectissi-

2276 3854 2373 3893 ma
2401 3842 2422 3875 ‘
2452 3837 2552 3892 Dei
2591 3837 3017 3908 omnipotentis,
3070 3854 3183 3910 qua
3223 3839 3614 3894 formarentur
3652 3846 3802 3889 mores
3826 3840 3878 3878 re-

2276 3927 2516 4000 gionum
2536 3932 2593 3981 et
2619 3927 2842 3982 dierum
2874 3943 2980 3998 pro
3008 3927 3349 3998 regionibus
3366 3933 3423 3982 et
3443 3926 3660 3990 diebus;
3687 3935 3787 3975 cum
3807 3915 3879 4000 ips!

2273 3998 2489 4085 ubique
2516 4029 2579 4067 ac
2610 4029 2837 4084 semper
2872 4018 3036 4080 esset,
3070 4031 3185 4068 non
3219 4014 3365 4071 alibi
3394 4014 3527 4083 alia,
3564 4028 3658 4068 nec
3691 4007 3799 4063 alias
3820 3998 3877 4053 ali-

2274 4107 2390 4169 ter;
2430 4102 2745 4157 secundum
2779 4118 2953 4174 quam
2977 4102 3119 4174 justi
3149 4107 3346 4157 essent
3374 4101 3672 4164 Abraham,
3696 4098 3742 4148 et
3768 4092 3876 4144 Isaac.

2273 4194 2331 4245 et
2356 4191 2547 4258 Iacob,
2582 4196 2639 4245 et
2684 4192 2916 4263 Moyses,
2969 4197 3027 4245 et
3067 4191 3260 4253 David,
3310 4195 3370 4246 et
3414 4191 3498 4245 illi
3539 4201 3717 4244 omnes
3739 4176 3879 4268 laudal1

2273 4294 2370 4333 ore
2402 4278 2530 4334 Dei:
2576 4280 2675 4335 sed
2704 4296 2798 4334 eos
2823 4279 2892 4334 ab
2931 4279 3215 4351 imperitis
3256 4279 3511 4351 judicari
3545 4277 3763 4347 iniquos,
3780 4263 3878 4354 judii

2272 4368 2535 4423 cantibus
2564 4385 2631 4423 ex
2678 4369 2934 4423 humano
2962 4369 3077 4436 die,
3101 4374 3158 4424 et
3183 4369 3491 4424 universos
3519 4381 3692 4423 mores
3721 4361 3881 4445 human}

2271 4457 2495 4530 generis
2530 4475 2596 4513 ex
2624 4464 2785 4530 parte
2827 4457 3003 4513 moris
3054 4458 3144 4513 sui
3187 4459 3580 4521 metientibus,
3618 4459 3832 4520 tanquam
3854 4455 3880 4489 5‘

2269 4546 2398 4619 quis
2414 4546 2637 4602 nescius
2655 4547 2714 4601 in
2732 4547 3106 4602 armamentis
3117 4546 3254 4619 quid
3273 4548 3369 4602 cui
3388 4546 3638 4602 membro
3650 4543 3880 4625 accommtt

2270 4636 2469 4690 datum
2498 4634 2587 4702 sit,
2618 4651 2784 4690 ocrea
2812 4635 2949 4690 velit
2977 4640 3149 4707 caput
3175 4635 3430 4707 contegi,
3460 4639 3514 4689 et
3528 4634 3679 4705 galea
3691 4627 3879 4711 calcat};

2268 4729 2326 4778 et
2354 4729 2673 4778 murmuret
2701 4724 2852 4795 quod
2878 4740 2991 4778 non
3011 4706 3140 4796 apte
3169 4706 3511 4779 conveniat:
3539 4725 3631 4777 aut
3652 4719 3704 4773 in
3726 4725 3813 4769 uno
3826 4706 3880 4761 die

2266 4811 2482 4867 indicto
2527 4828 2562 4867 a
2607 4812 3020 4883 pomeridianis
3066 4812 3221 4867 horis
3244 4813 3495 4883 justitio,
3524 4811 3789 4883 quisquam
3809 4802 3881 4850 sto-

2264 4901 2561 4955 maohetur
2601 4917 2716 4956 non
2751 4902 2861 4956 sibi
2906 4902 3136 4957 concedi
3176 4902 3319 4973 quid
3378 4901 3572 4955 venale
3615 4896 3875 4969 proponet?»

2266 4989 2403 5061 quia
2445 5006 2613 5045 mane
2643 5006 2972 5045 concessum
3001 4996 3116 5045 est:
3154 4995 3255 5045 aut
3303 4991 3367 5045 in
3396 5005 3512 5045 una
3551 4988 3706 5043 domo
3751 4974 3879 5061 videat

2266 5059 2483 5150 aliquid
2524 5079 2755 5134 tractari
2784 5079 3069 5150 manibus,
3100 5096 3135 5133 a
3157 5094 3458 5151 quoquam
3487 5091 3656 5135 servo,
3687 5064 3807 5141 quod
3822 5059 3877 5113 ἡ·

2330 5186 2347 5219 ί
2382 5186 2452 5235 In
2473 5184 2627 5251 illam
2642 5184 2796 5251 juxta
2815 5186 2905 5236 Er.
2928 5185 3093 5251 Lugd.
3118 5187 3247 5238 Ven.
3273 5187 3407 5236 Lov.
3442 5185 3629 5235 Somm.
3647 5170 3874 5230 Dubitari

2265 5246 2404 5296 Flor.
2435 5252 2488 5296 et
2509 5246 2674 5297 Rond.
2706 5249 2772 5298 Μ.

2327 5310 2348 5374 ξ
2377 5310 2679 5374 Rei-iitum,
2698 5310 2857 5374 juxta
2873 5311 2958 5361 Er.
2980 5314 3035 5361 et
3062 5311 3194 5361 Ven.
3224 5311 3295 5360 M.

2326 5371 2458 5446 ἰδία
2476 5372 2609 5446 ltiss-
2632 5365 3013 5446 eishis-'1.“
3041 5378 3189 5446 τεςξα
3214 5373 3268 5446 in
3296 5365 3867 5446 scriptariwrzt'x;

2264 5432 2442 5545 33:2.
2475 5434 2613 5544 ξίιοιι.
2644 5439 2697 5484 et
2714 5422 2884 5485 ’ὂάἱιῖο
2913 5422 3214 5485 Florentius
3239 5422 3461 5486 ternuit
3479 5434 3545 5484 Et
3566 5433 3692 5483 recte
3711 5429 3754 5473 in
3772 5422 3871 5466 ἔσθ’

2259 5506 2444 5558 mura.
2474 5506 2540 5545 Μ.

2322 5566 2340 5592 ι
2370 5557 2607 5613 Quatuor
2634 5558 2790 5621 Mss.,
2817 5559 3126 5613 lectissima.
