4058 6174
139 228 242 277 689

132 363 262 401 cere
307 363 425 400 non
474 344 693 400 sinatur
722 345 822 416 qui
850 346 1057 415 pocula
1096 345 1419 400 ministrat:
1470 352 1568 401 aut
1626 348 1843 420 aliquid

135 440 263 507 post
291 434 576 506 praesepia
600 434 746 500 tieri,
781 434 936 505 quod
966 438 1096 489 ante
1127 452 1383 490 mensam
1429 437 1841 506 prohibeatur;

135 530 194 579 et
223 524 575 595 indignetur,
600 540 729 577 cum
754 523 825 577 sit
846 540 1026 578 unum
1056 524 1447 579 habitaculum
1462 530 1517 579 et
1546 543 1659 579 una
1681 526 1845 580 fami-

138 615 237 677 lia,
275 630 384 667 non
414 612 625 683 ubique
658 617 829 683 atque
861 612 1126 665 omnibus
1167 611 1321 665 idem
1353 612 1547 668 tribui.
1596 614 1683 668 Sic
1712 619 1843 668 sunt

136 703 235 756 isti
256 703 355 772 qui
375 701 768 770 indignantur,
793 716 923 753 cum
941 699 1225 754 audierint
1246 700 1346 754 illo
1378 702 1585 754 saeculo
1614 701 1840 755 licuisse

123 791 301 861 justis
340 789 576 860 aliquid,
611 789 763 860 quod
802 788 909 841 isto
943 805 1060 842 non
1090 789 1222 842 licet
1242 789 1446 857 justis;
1482 795 1537 842 et
1566 790 1699 860 quia
1730 790 1841 844 illis

128 881 287 935 aliud
315 880 588 950 praecepit
612 881 778 947 Deus,
812 878 936 932 istis
955 880 1109 933 aliud
1133 896 1238 947 pro
1266 881 1677 949 temporalibus
1708 897 1839 933 cau-

128 969 382 1036 sis,curn
412 969 595 1022 eidem
621 968 858 1038 justitize
889 969 1118 1039 utrique
1136 968 1433 1021 servierint
1458 986 1469 1021 :
1496 986 1625 1023 cum
1646 970 1703 1023 in
1728 987 1839 1024 uno

124 1058 392 1115 homine.
426 1064 481 1111 et
507 1058 564 1110 in
596 1073 708 1110 uno
731 1057 842 1122 die,
873 1061 929 1110 et
958 1057 1163 1110 innuis
1195 1057 1410 1111 aedibus
1434 1057 1657 1111 videant
1687 1058 1837 1113 aliud

127 1147 229 1201 alii
262 1148 524 1200 membro
558 1162 893 1216 congruere,
928 1150 983 1199 et
1013 1146 1165 1199 aliud
1206 1146 1548 1215 jamdudum
1590 1147 1834 1203 licuisse.

124 1239 262 1305 post
296 1235 495 1287 horam
526 1250 642 1287 non
681 1232 884 1297 licere;
918 1233 1190 1304 quiddam
1218 1233 1278 1286 in
1318 1233 1415 1286 illo
1448 1236 1658 1305 angulo
1708 1252 1838 1305 per-

130 1323 286 1376 mitti
318 1327 418 1376 aut
439 1322 652 1393 juberi,
686 1323 838 1385 quod
867 1322 924 1375 in
956 1322 1062 1375 isto
1087 1322 1239 1392 juste
1260 1327 1480 1375 vetetur
1512 1327 1566 1376 et
1596 1323 1841 1376 vindice—

122 1419 243 1465 tur.
280 1395 575 1481 Numquid
598 1410 819 1481 justitia
842 1410 994 1464 varia
1017 1416 1100 1465 est
1122 1417 1176 1464 et
1205 1412 1662 1466 mutabilis?Sed
1694 1417 1837 1465 tcm~

124 1519 276 1572 pora
295 1502 504 1573 quibus
534 1501 819 1571 prmsidct,
840 1519 956 1555 non
983 1502 1197 1572 pariter
1218 1506 1356 1556 eunt
1379 1519 1393 1568 ;
1414 1508 1671 1573 tempora
1687 1502 1841 1556 enim

125 1596 285 1644 sunt.
324 1588 595 1644 Homines
626 1594 817 1643 autem
848 1607 1094 1660 quorum
1128 1590 1236 1643 vita
1270 1607 1441 1660 super
1472 1596 1684 1644 terram
1711 1592 1837 1645 bre-

122 1680 214 1733 vis
245 1685 353 1745 est,
380 1680 515 1750 quia
544 1696 711 1732 sensu
742 1695 859 1732 non
887 1680 1078 1732 valent
1103 1696 1297 1733 causas
1326 1686 1626 1734 contexere
1658 1698 1838 1734 saecu-

132 1770 333 1822 lorum
365 1767 1013 1839 priorum,aliarumquc
1040 1768 1294 1838 gentium
1323 1786 1463 1839 quas
1486 1769 1703 1838 experti
1722 1786 1839 1823 non

122 1862 291 1922 sunt,
328 1872 456 1909 cum
490 1856 576 1909 his
607 1872 748 1926 quas
777 1857 991 1925 experti
1019 1861 1183 1921 sunt;
1217 1857 1275 1909 in
1308 1874 1422 1911 uno
1474 1863 1665 1911 autem
1714 1875 1838 1911 cor-

120 1962 297 2018 pore.
333 1947 420 2001 vel
447 1944 559 2011 die,
607 1945 692 1998 vel
724 1945 917 2011 domo,
970 1945 1132 1999 facile
1164 1951 1403 2017 possunt
1468 1946 1657 1999 videre
1702 1946 1841 2017 quid

120 2035 225 2090 cui
261 2034 541 2099 membro,
576 2033 784 2103 quibus
824 2033 1150 2099 momentis,
1184 2034 1391 2103 quibus
1423 2034 1680 2105 partibus
1710 2052 1839 2104 per-

120 2123 361 2177 sonisve
394 2125 703 2191 congruat:
738 2120 797 2173 in
850 2121 960 2174 illis
1016 2122 1400 2186 oll'enduntur,
1436 2122 1524 2176 his
1564 2124 1836 2176 serviunt.

210 2214 299 2265 14.
338 2211 464 2263 Haec
496 2225 600 2279 ego
631 2212 767 2261 tunc
797 2208 1137 2274 nesciebam,
1180 2214 1235 2263 et
1279 2226 1395 2263 non
1438 2210 1836 2277 advertebam;

125 2307 191 2354 et
222 2299 503 2353 feriebant
534 2297 789 2369 undique
811 2297 917 2350 ista
942 2298 1134 2351 oculos
1149 2314 1321 2363 meos,
1340 2304 1395 2351 et
1421 2314 1534 2351 non
1556 2298 1836 2353 videbam.

122 2391 201 2443 Et
232 2386 534 2441 cantabam
565 2384 839 2450 carmina,
870 2390 925 2438 et
954 2401 1070 2439 non
1100 2385 1242 2438 mihi
1264 2386 1470 2439 licebat
1500 2402 1712 2455 ponere
1746 2402 1840 2455 pe-

121 2479 269 2531 dem
303 2474 638 2546 quemlibet,
663 2473 923 2535 ubilibet,
958 2475 1051 2527 sed
1085 2474 1144 2527 in
1176 2473 1287 2527 alio
1320 2480 1488 2545 atque
1521 2476 1630 2529 alio
1657 2483 1837 2529 metro

121 2566 303 2620 aliter
324 2567 492 2633 atque
523 2562 723 2627 aliter;
757 2567 813 2615 et
844 2562 901 2615 in
934 2578 1047 2615 uno
1079 2562 1271 2633 aliquo
1298 2579 1484 2628 versu,
1512 2580 1627 2616 non
1650 2563 1835 2616 omni-

119 2656 240 2709 bus
274 2652 413 2706 locis
442 2652 709 2705 eumdem
735 2651 959 2721 pedem.
996 2652 1061 2705 Et
1096 2668 1185 2704 ars
1216 2650 1341 2721 ipsa
1384 2669 1494 2722 qua
1539 2652 1836 2720 canebam,

123 2760 250 2798 non
282 2741 527 2796 habebat
558 2740 709 2793 aliud
738 2738 891 2801 alibi,
927 2740 1026 2793 sed
1058 2739 1250 2793 omnia
1283 2740 1471 2794 simul.
1510 2741 1573 2794 Et
1602 2758 1718 2794 non
1749 2740 1837 2794 in-

118 2830 631 2902 tuebarjustitiam
662 2829 753 2882 cui
782 2828 1058 2883 servirent
1085 2828 1225 2883 boni
1254 2834 1311 2883 et
1341 2829 1519 2883 sancti
1547 2829 1832 2896 homines,

116 2929 305 2992 longe
320 2918 689 2974 excellentius
703 2922 873 2989 atque
898 2918 1199 2972 sublimius
1220 2918 1430 2973 habere
1452 2918 1620 2971 simul
1644 2918 1838 2971 omnia

119 3027 262 3083 quae
295 3008 571 3079 praecepit
601 3004 642 3072 ¹,
672 3012 727 3060 et
757 3008 914 3060 nulla
960 3023 1028 3060 ex
1058 3012 1219 3077 parte
1271 3006 1498 3071 variari,
1544 3010 1598 3059 et
1643 3011 1835 3060 tamen

116 3098 305 3155 variis
327 3096 682 3167 temporibus
702 3112 817 3149 non
848 3095 1041 3149 omnia
1061 3095 1252 3161 simul,
1277 3094 1370 3148 sed
1396 3094 1628 3164 propria
1650 3094 1839 3149 distri-

118 3193 404 3246 buentem
456 3203 520 3240 ac
566 3185 1011 3256 praecipientem.
1048 3186 1112 3238 Et
1139 3184 1627 3255 reprehendebam
1659 3201 1839 3237 caecus

122 3276 259 3345 pios
290 3279 517 3344 patres;
559 3288 674 3325 non
708 3274 891 3325 solum
923 3272 1066 3325 sicut
1094 3274 1240 3326 Deus
1264 3273 1495 3342 juberet
1537 3277 1705 3342 atque
1748 3272 1835 3326 in.

122 3364 376 3434 spiraret
421 3366 645 3415 utentes
699 3361 1104 3431 praesentibus,
1165 3376 1366 3415 verum
1412 3377 1643 3432 quoque
1696 3362 1840 3415 sicut

126 3455 283 3507 Deus
314 3451 592 3505 revelaret
621 3451 813 3504 futura
843 3450 1315 3521 praenuntiantes.

780 3558 1007 3611 CAPUT
1056 3558 1195 3611 VIII.

125 3653 337 3704 Contra
363 3646 683 3701 Manichavos
706 3646 840 3700 dicit
870 3662 987 3714 qua:
1024 3646 1238 3714 ﬂagitia
1267 3660 1472 3715 semper
1501 3646 1836 3711 detestanda,

779 3751 899 3803 quae
926 3736 1195 3800 facinora.

211 3831 294 3881 15.
336 3824 625 3895 Numquid
652 3823 960 3893 aliquando
984 3828 1082 3877 aut
1110 3822 1318 3877 alicubi
1347 3822 1627 3892 iujustum
1650 3826 1734 3875 est
1753 3820 1839 3874 di-

125 3917 313 3987 ligere
339 3915 515 3968 Deum
547 3929 611 3967 ex
625 3916 743 3966 toto
765 3912 954 3977 corde,
982 3915 1033 3965 et
1065 3928 1130 3966 ex
1154 3916 1275 3965 tota
1304 3912 1515 3971 anima,
1540 3914 1598 3965 et
1626 3926 1694 3963 ex
1722 3914 1842 3964 tota

124 4009 351 4067 mente,
376 4008 431 4056 et
450 4002 687 4072 diligere
702 4000 1025 4072 proximum
1038 4005 1311 4071 tanquam
1326 4000 1577 4071 seipsum
1596 4002 1625 4055 ?
1646 4001 1840 4070 Itaque

125 4093 356 4163 ﬂagitia
387 4107 515 4162 qua:
557 4095 689 4144 sunt
719 4094 913 4144 contra
946 4094 1231 4157 naturam,
1265 4090 1480 4160 ubique
1509 4106 1573 4142 ac
1616 4105 1843 4159 semper

128 4181 472 4238 detestanda
504 4185 674 4251 atque
703 4178 994 4249 punienda
1025 4183 1179 4247 sunt,
1211 4178 1404 4249 qualia
1421 4177 1843 4233 Sodomitarum

124 4273 395 4328 fuerunt.
426 4270 561 4333 Quae
593 4268 639 4322 si
671 4284 871 4322 omnes
901 4272 1100 4338 gentes
1130 4269 1397 4332 facerent,
1430 4267 1630 4321 eodem
1653 4266 1843 4319 crimi-

126 4362 225 4416 nis
256 4364 426 4414 reatu
454 4358 645 4412 divina
684 4358 811 4427 lege
850 4361 1206 4423 tenerentur,
1262 4372 1389 4426 qua:
1437 4371 1555 4409 non
1603 4356 1680 4409 sic
1713 4355 1845 4409 fecit

125 4449 401 4506 homines
436 4452 497 4502 ut
538 4463 595 4501 se
635 4447 734 4501 illo
779 4450 1077 4499 uterentur
1108 4445 1297 4499 modo.
1333 4444 1590 4499 Violatur
1630 4444 1844 4514 quippe

128 4539 263 4609 ipsa
293 4537 536 4591 societas
567 4553 697 4607 quae
722 4552 853 4589 cum
882 4536 994 4589 Deo
1025 4534 1186 4589 nobis
1216 4550 1335 4588 esse
1370 4533 1558 4601 debet,
1588 4548 1718 4587 cum
1757 4549 1844 4587 ea—

127 4628 269 4681 dem
301 4628 529 4690 natura,
552 4624 715 4694 cujus
735 4624 830 4677 ille
856 4628 1056 4677 auctor
1076 4628 1180 4689 est,
1202 4622 1455 4677 libidinis
1479 4622 1845 4693 perversitate

128 4714 441 4785 polluitur.
494 4715 631 4777 Quae
666 4717 855 4765 autem
895 4717 1093 4765 contra
1138 4728 1325 4765 mores
1371 4711 1672 4765 hominum
1713 4716 1847 4764 sunt

130 4803 383 4874 tlagitia,
414 4819 517 4873 pro
546 4818 775 4856 morum
808 4801 1136 4856 diversitate
1177 4801 1404 4856 vitanda
1443 4805 1609 4867 sunt;
1647 4804 1712 4854 ut
1751 4816 1847 4870 pa-

130 4898 297 4947 ctum
329 4891 479 4945 inter
508 4908 566 4946 se
596 4890 839 4945 civitatis
861 4894 958 4945 aut
974 4890 1159 4962 gentis
1184 4889 1596 4944 consuetudine
1608 4890 1696 4943 vel
1722 4889 1847 4959 lege

130 4984 459 5046 ﬁrmatum,
491 4980 649 5034 nulla
678 4979 815 5033 civis
847 4985 946 5034 aut
976 4978 1266 5050 peregrini
1297 4978 1534 5032 libidine
1583 4978 1843 5032 violetur.

128 5070 348 5140 Turpis
394 5068 550 5124 enim
589 5069 774 5123 omnis
819 5086 953 5139 pars
984 5073 1069 5123 est
1099 5085 1201 5121 suo
1232 5067 1498 5122 universo
1544 5083 1663 5121 non
1709 5082 1847 5119 con-

131 5176 381 5231 gruens.
422 5158 565 5213 Cum
595 5161 784 5211 autem
821 5159 969 5212 Deus
1002 5157 1217 5228 aliquid
1247 5160 1446 5211 contra
1494 5170 1713 5209 morem
1752 5157 1851 5207 aut

131 5253 376 5321 pactum
414 5247 807 5319 quorumlibet
833 5248 1019 5317 jubet,
1052 5247 1155 5300 etsi
1186 5262 1484 5318 nunquam
1515 5244 1593 5298 ibi
1639 5244 1850 5297 factum

206 5393 219 5423 ι
254 5389 419 5453 Apud,
446 5390 569 5453 Lov.
598 5389 811 5453 additur
832 5392 981 5453 Deus
1004 5404 1017 5448 ;
1040 5389 1129 5453 sed
1147 5403 1209 5438 ea
1218 5387 1528 5453 voxgabesta
1552 5385 1672 5453 Mss.
1687 5387 1738 5453 e_t_
1750 5384 1852 5453 ple_-

138 5445 324 5523 risque
350 5451 659 5523 Edd.,.quia
688 5465 806 5523 quae
832 5451 918 5499 hic
939 5445 1184 5500 laudatur
1202 5450 1547 5505 Justitia,non
1574 5450 1652 5494 est
1672 5445 1769 5493 alia
1788 5447 1852 5493 ab

140 5514 257 5576 ipso
290 5516 399 5564 Deo
441 5514 529 5577 qui
566 5514 829 5577 praecepit.

1603 226 1816 283 LIBER
1866 228 2194 287 TERTIUS.

3557 242 3659 294 690

1956 358 2061 419 est,
2103 353 2426 409 faciendum
2450 360 2569 409 est:
2612 360 2669 409 et
2697 356 2744 409 si
2771 358 3063 421 omissum,
3094 358 3525 417 instaurandum
3551 381 3564 428 ;
3599 370 3658 417 et

1956 441 2002 495 si
2028 442 2350 496 institutum
2375 460 2486 497 non
2518 448 2658 509 erat,
2688 444 3100 499 instituendum
3123 452 3220 501 est.
3247 448 3303 502 Si
3330 449 3483 503 cnim
3506 451 3656 521 regis

1955 530 2086 585 licet
2113 532 2172 585 in
2203 531 2427 585 civitate
2455 532 2545 585 cui
2575 538 2794 603 regnat,
2828 534 3032 605 jubere
3051 536 3267 607 aliquid
3298 538 3450 607 quod
3472 555 3656 609 neque

1956 625 2084 674 ante
2130 622 2295 675 illum
2339 620 2666 692 quisquam,
2701 640 2804 677 nec
2830 624 2950 695 ipse
2981 642 3236 696 unquam
3279 626 3566 697 jusserat;
3604 633 3660 681 et

1953 726 2073 764 non
2103 716 2297 764 contra
2327 712 2655 765 societatem
2685 713 2925 767 civitatis
2966 714 3017 767 ei
3048 715 3500 785 obtemperatur,
3538 717 3653 770 imo

1953 804 2146 852 contra
2167 800 2490 853 societatem
2531 818 2646 854 non
2661 802 3087 871 obtemperatur
3109 820 3120 856 :
3146 806 3411 872 generale
3443 805 3653 876 quippe

1952 893 2183 957 pactum
2224 893 2306 941 est
2336 888 2616 943 societatis
2646 892 2912 944 humana:
2958 891 3187 945 obedire
3222 893 3452 963 regibus
3497 896 3649 948 suis:

1953 981 2165 1047 quanto
2190 978 2370 1048 magis
2394 979 2507 1031 Deo
2533 980 2819 1049 regnatori
2844 981 3119 1036 universaz
3141 987 3413 1036 creaturae
3429 1000 3563 1048 sure,
3586 985 3653 1037 ad

1953 1083 2017 1118 ea
2035 1082 2161 1135 qua:
2182 1066 2434 1137 jusserit,
2454 1068 2573 1121 sine
2590 1069 2948 1123 dubitatione
2970 1071 3336 1125 serviendum
3352 1074 3477 1125 est?
3498 1073 3655 1126 Sicut

1951 1154 2103 1208 enim
2119 1154 2177 1208 in
2200 1156 2579 1226 potestatibus
2602 1157 2886 1210 societatis
2906 1160 3193 1224 humanae,
3214 1162 3395 1230 major
3408 1166 3654 1229 potestas

1951 1244 2164 1297 minori
2186 1245 2253 1297 ad
2281 1245 2663 1299 obedicndum
2683 1249 3067 1317 praeponitur;
3098 1250 3171 1301 ita
3198 1250 3341 1302 Deus
3365 1250 3649 1304 omnibus.

2031 1337 2107 1387 l6.
2134 1336 2273 1387 Item
2299 1334 2357 1387 in
2389 1334 2754 1399 facinoribus,
2792 1336 2884 1388 ubi
2919 1336 3093 1390 libido
3126 1342 3211 1391 est
3242 1339 3506 1404 nocendi,
3540 1340 3653 1393 sive

1950 1437 2053 1492 per
2073 1421 2500 1487 contumeliam,
2537 1422 2651 1475 sive
2682 1440 2785 1493 per
2816 1424 3123 1493 injuriam;
3152 1431 3208 1479 et
3233 1431 3538 1495 utrumque
3568 1430 3652 1480 vel

1955 1510 2263 1564 ulciscendi
2318 1528 2504 1575 causa,
2547 1512 2691 1565 sicut
2736 1512 2969 1565 inimico
3004 1512 3309 1580 inimicus;
3353 1516 3433 1567 vel
3471 1514 3652 1583 adipi-

1952 1599 2143 1652 scendi
2175 1599 2411 1669 alicujus
2440 1604 2596 1652 extra
2628 1601 2935 1664 commodi,
2961 1600 3105 1654 sicut
3131 1602 3273 1654 latro
3296 1602 3495 1655 viatori
3520 1619 3531 1667 ;
3568 1604 3652 1656 vel

1952 1688 2197 1742 evitandi
2227 1688 2360 1741 mali
2392 1733 2403 1752 ,
2435 1688 2577 1741 sicut
2616 1689 2667 1741 ei
2722 1690 2821 1760 qui
2865 1690 3137 1757 timetur;
3187 1692 3273 1744 vel
3318 1691 3650 1756 invidendo,

1952 1776 2096 1830 sicut
2142 1777 2377 1830 feliciori
2428 1777 2720 1843 miserior;
2753 1778 2933 1831 autin
2958 1779 3148 1849 aliquo
3180 1786 3567 1849 prosperatus,
3600 1781 3652 1834 ei

1953 1881 2127 1936 quem
2156 1865 2264 1918 sibi
2295 1866 2511 1936 aequari
2545 1867 2708 1919 timet
2746 1871 2843 1919 aut
2872 1868 3151 1937 mqualem
3183 1868 3363 1933 dolet;
3402 1871 3489 1922 vel
3537 1870 3655 1922 sola

1951 1954 2242 2024 voluptate
2280 1954 2449 2007 alieni
2479 1954 2637 2019 mali,
2680 1954 2826 2008 sicut
2868 1960 3207 2025 spectatores
3248 1957 3649 2026 gladiatorum,

1952 2048 2051 2098 aut
2090 2043 2368 2109 irrisores,
2428 2048 2525 2095 aut
2570 2043 2833 2096 illusores
2874 2045 3301 2114 quorumlibet:
3347 2047 3467 2099 haec
3521 2052 3654 2099 sunt

1951 2132 2136 2203 capita
2163 2132 2502 2202 iniquitatis,
2538 2149 2666 2202 qua:
2710 2133 2996 2202 pullulant
3034 2134 3390 2204 principandi
3421 2139 3476 2189 et
3524 2152 3649 2205 spe-
3700 2184 3705 2189 .

1951 2222 2138 2276 ctandi
2168 2226 2222 2275 et
2251 2222 2533 2275 sentiendi
2566 2222 2821 2287 libidine,
2849 2229 2947 2276 aut
2978 2239 3114 2291 una,
3163 2230 3262 2277 aut
3293 2224 3515 2277 duabus
3558 2241 3650 2278 ea-

1950 2327 2102 2371 rum,
2138 2315 2236 2364 aut
2256 2311 2423 2364 simul
2447 2311 2712 2364 omnibus
2738 2328 2750 2377 ;
2781 2310 3056 2364 etvivitur
3076 2313 3220 2365 male
3252 2313 3520 2366 adversus
3543 2314 3652 2367 tria

1952 2405 2010 2453 et
2039 2405 2276 2470 septem,
2310 2399 2647 2469 psalterium
2679 2399 2873 2452 decem
2918 2400 3264 2454 chordarum
3312 2400 3650 2472 decalogum

1950 2494 2138 2553 tuum,
2174 2490 2320 2541 Deus
2360 2488 2633 2541 altissime
2660 2493 2715 2541 et
2742 2488 3086 2542 dulcissime.
3130 2490 3235 2543 Sed
3273 2506 3401 2559 quae
3436 2489 3652 2558 ﬂagitia

1950 2577 2008 2630 in
2040 2582 2094 2631 te
2126 2577 2224 2649 qui
2255 2593 2371 2631 non
2403 2577 2825 2647 corrumperis?
2848 2582 2949 2631 aut
2979 2594 3107 2648 quae
3139 2579 3408 2631 adversus
3440 2584 3492 2631 te
3521 2579 3651 2632 iaci-

1951 2682 2109 2729 nora,
2132 2665 2223 2719 cui
2242 2664 2435 2719 noceri
2457 2681 2570 2718 non
2586 2665 2922 2734 potest?Sed
2948 2667 3055 2719 hoc
3075 2667 3323 2720 vindicas
3341 2683 3481 2736 quas
3494 2666 3647 2736 quod

1950 2755 2010 2808 in
2038 2771 2094 2808 se
2121 2755 2378 2808 homines
2408 2758 2761 2823 perpetrant,
2793 2754 2927 2823 quia
2953 2754 3122 2807 etiam
3153 2770 3282 2806 cum
3324 2754 3381 2806 in
3427 2759 3479 2807 te
3518 2771 3649 2824 pec-

1950 2849 2102 2911 cant,
2130 2842 2307 2913 impie
2336 2842 2550 2896 faciunt
2574 2842 2639 2895 in
2670 2841 2888 2895 animas
2932 2858 3080 2908 suas,
3131 2848 3187 2895 et
3235 2842 3511 2895 mentitur
3560 2843 3646 2895 iu-

1949 2932 2158 3003 iquitas
2181 2931 2309 2997 sibi,
2334 2930 2447 2984 sive
2474 2930 2894 3000 corrumpendo
2912 2946 2975 2983 ac
2996 2930 3370 3000 pervertendo
3386 2934 3647 2983 naturain

1951 3037 2111 3075 suam
2143 3036 2314 3091 quam
2345 3024 2407 3072 tu
2450 3018 2630 3072 fecisti
2682 3024 2739 3072 et
2789 3018 3083 3087 ordinasti,
3135 3020 3223 3073 vel
3272 3019 3647 3073 immoderate

1949 3110 2165 3164 utendo
2195 3108 2472 3163 concessis
2496 3108 2684 3175 rebus,
2717 3109 2802 3161 vel
2834 3108 2892 3161 in
2915 3124 3029 3161 non
3058 3124 3325 3162 concessa
3354 3108 3648 3177 tlagrando

1950 3200 2008 3254 in
2026 3216 2158 3253 eum
2173 3214 2339 3252 usum
2372 3197 2471 3268 qui
2493 3202 2574 3252 est
2592 3203 2787 3251 contra
2808 3203 3107 3263 naturam;
3133 3202 3231 3249 aut
3252 3196 3334 3250 rei
3355 3201 3643 3262 tenentur,

1951 3289 2143 3343 animo
2184 3291 2239 3341 et
2283 3287 2467 3341 verbis
2514 3286 2811 3341 szevientes
2852 3286 3119 3340 adversus
3157 3291 3232 3354 te,
3280 3290 3337 3339 et
3381 3286 3646 3339 adversus

1950 3377 2246 3431 stimulum
2299 3376 2680 3443 calcitrantes;
2737 3381 2836 3429 aut
2881 3391 3011 3429 cum
3057 3374 3329 3445 disruptis
3370 3374 3647 3428 limitibus

1950 3468 2219 3521 humana:
2250 3465 2549 3531 societatis,
2584 3467 2850 3519 laetantur
2897 3464 3137 3518 audaces
3186 3464 3420 3534 privatis
3460 3461 3645 3516 conci-

1951 3556 2280 3609 liationibus
2310 3559 2408 3608 aut
2441 3551 3390 3623 diremptionibus,proutquidque
3412 3550 3648 3603 delecta-

1952 3644 2093 3698 verit
2124 3649 2223 3698 aut
2252 3643 2575 3697 oti‘enderit.
2610 3644 2673 3696 Et
2712 3658 2777 3695 ea
2809 3641 2956 3694 tiunt
2980 3656 3109 3694 cum
3138 3645 3203 3693 tu
3234 3637 3648 3708 derelinqueris

1950 3734 2075 3788 fons
2101 3734 2250 3799 vitm,
2281 3732 2378 3803 qui
2410 3748 2467 3786 es
2506 3748 2656 3785 unus
2686 3736 2743 3784 et
2773 3746 2936 3783 verus
2968 3734 3187 3783 creator
3225 3733 3281 3782 et
3309 3732 3494 3781 rector
3520 3727 3647 3779 uni-

1952 3821 2266 3887 versitatis;
2306 3824 2361 3873 et
2382 3819 2605 3890 privata
2633 3816 2903 3888 superbia
2923 3816 3183 3885 diligitur
3203 3815 3262 3868 in
3276 3819 3436 3885 parte
3465 3830 3647 3868 unum

1951 3910 2177 3965 falsum.
2212 3908 2408 3980 Itaque
2433 3908 2647 3979 pietate
2678 3905 2883 3960 humili
2906 3905 3125 3959 reditur
3155 3904 3215 3957 in
3246 3909 3321 3969 te,
3357 3908 3412 3957 et
3438 3918 3650 3972 purgas

1952 4017 2055 4054 nos
2102 4017 2133 4053 a
2182 3998 2591 4053 consuetudine
2638 3998 2808 4061 mala,
2868 3999 2924 4048 et
2965 3994 3248 4065 propitius
3298 4009 3357 4047 es
3408 3991 3650 4062 peccatis

1952 4088 2372 4153 conﬁtentium,
2423 4093 2480 4140 et
2526 4086 2754 4140 exaudis
2785 4083 3031 4155 gemitus
3080 4082 3559 4152 compeditorum,
3595 4083 3651 4131 et

1954 4176 2120 4230 solvis
2160 4194 2192 4229 a
2221 4174 2462 4228 vinculis
2490 4190 2617 4244 quae
2647 4171 2809 4226 nobis
2838 4170 3094 4233 fecimus,
3122 4170 3163 4223 si
3209 4170 3331 4239 jam
3374 4184 3491 4221 non
3536 4166 3651 4220 eri-

1954 4282 2155 4337 gamus
2194 4264 2463 4329 adversus
2502 4267 2555 4315 te
2595 4277 2811 4314 cornua
2851 4260 3006 4313 falsae
3064 4257 3359 4322 libertatis,
3416 4253 3652 4308 avaritia

1952 4355 2083 4424 plus
2121 4352 2389 4416 habendi,
2438 4354 2493 4403 et
2541 4349 2749 4403 damno
2793 4353 2977 4401 totum
3023 4344 3354 4407 amittendi;
3406 4340 3650 4411 amplius

1955 4442 2199 4497 amando
2227 4439 2528 4511 prOprium
2553 4442 2830 4504 nostrum,
2858 4452 3030 4507 quam
3052 4440 3106 4490 te
3128 4432 3387 4488 omnium
3408 4431 3649 4484 bonum.

2630 4581 2855 4635 CAPUT
2890 4580 2974 4633 ΙΧ.

2064 4682 2361 4736 Discrimen
2396 4682 2536 4733 inter
2557 4682 2800 4748 peccata,
2832 4680 2882 4729 et
2907 4678 3047 4729 inter
3080 4675 3177 4728 Dei
3192 4673 3468 4742 judicium
3498 4677 3545 4725 et

2662 4768 2948 4821 hominum.

2034 4883 2116 4932 l7.
2147 4877 2257 4931 Sed
2288 4876 2438 4929 inter
2470 4873 2686 4944 flagitia
2715 4877 2771 4927 et
2795 4871 3043 4925 facinora
3072 4874 3125 4924 et
3157 4873 3274 4925 tam
3306 4872 3514 4924 multas
3555 4869 3651 4922 in-

1956 4966 2245 5037 iquitates,
2279 4968 2408 5017 sunt
2436 4966 2668 5032 peccata
2697 4959 3142 5032 proﬁcientium,
3172 4977 3301 5030 quae
3332 4977 3362 5013 a
3389 4960 3534 5013 bene
3562 4958 3653 5025 ju-

1961 5054 2278 5111 dicantibus
2306 5057 2362 5106 et
2396 5053 2794 5121 vituperantur
2832 5066 2897 5103 ex
2936 5050 3133 5119 regula
3180 5046 3567 5119 perfectionis,
3599 5049 3657 5097 et

1958 5145 2269 5199 laudantur
2299 5158 2397 5211 spe
2426 5140 2623 5211 frugis,
2651 5140 2794 5193 sicut
2816 5139 2995 5193 herba
3014 5138 3239 5209 segetis.
3267 5139 3332 5191 Et
3352 5139 3485 5189 sunt
3504 5148 3657 5203 quae-

1962 5233 2093 5287 dam
2132 5230 2340 5285 similia
2368 5230 2455 5282 vel
2487 5228 2701 5298 ﬂagitio
2732 5228 2819 5281 vel
2850 5227 3109 5292 facinori,
3139 5230 3194 5279 et
3224 5241 3338 5279 non
3371 5226 3502 5276 sunt
3530 5235 3657 5290 pec-

1961 5326 2083 5377 cata
2108 5338 2121 5387 ;
2156 5319 2289 5391 quia
2319 5334 2421 5373 nec
2451 5323 2502 5372 te
2525 5318 2822 5372 olfendunt
2843 5317 3149 5371 Dominum
3170 5316 3349 5367 Deum
3378 5314 3653 5373 nostrum,

1963 5427 2066 5464 nec
2112 5408 2317 5463 sociale
2338 5406 2727 5461 consortium:
2772 5412 2902 5459 c‘um
2932 5403 3307 5459 conciliantur
3352 5397 3543 5467 aliqua
3595 5397 3654 5449 in

1966 5514 2128 5552 usum
2160 5497 2289 5551 vitzc
2318 5511 2572 5567 congrua
2601 5495 2868 5566 tempori,
2901 5498 2957 5549 et
2991 5494 3270 5546 incertum
3299 5490 3382 5543 est
3409 5502 3482 5539 an
3530 5484 3655 5566 libi-
