4022 6176
411 244 504 293 691
1600 243 1733 297 (LUN
1744 241 2029 296 FESSION
2040 242 2108 295 ω

408 365 540 420 dine
561 364 810 419 habendi
840 382 852 433 ;
883 374 979 419 ant
1006 365 1327 436 puniuntur
1352 364 1673 436 corrigendi
1712 364 1897 419 studio
1945 369 2105 434 pote-

408 458 549 508 state
600 453 881 521 ordinata,
932 458 987 508 et
1028 454 1311 507 incertum
1341 459 1426 508 est
1465 470 1538 507 an
1567 453 1802 508 libidine
1841 452 2104 507 nocendi.

412 544 582 597 Multa
612 542 805 613 itaque
836 542 983 596 facta
1008 558 1135 614 quae
1166 542 1494 596 hominibus
1540 541 1921 612 improbanda
1961 541 2109 595 vide-

414 635 630 699 rentur,
647 630 975 685 testimonio
997 637 1093 686 tuo
1109 630 1420 701 approbata
1433 636 1565 684 sunt
1588 648 1600 695 ;
1620 635 1675 684 et
1687 631 1868 685 multa
1882 630 2110 684 laudata

408 720 479 773 ab
507 719 859 786 hominibus,
894 725 945 774 te
976 726 1120 774 teste
1153 722 1540 774 damnantur:
1577 736 1708 773 cum
1740 737 1889 790 saepe
1918 736 1975 772 se
2003 719 2108 772 ali-

409 818 495 862 ter
515 809 686 863 habet
713 808 927 879 species
952 809 1105 875 facti,
1141 814 1196 862 et
1244 808 1407 862 aliter
1440 808 1697 862 facientis
1746 809 1991 874 animus,
2026 811 2107 861 at-

410 913 520 968 que
548 898 818 953 articulus
845 897 1051 951 occulti
1080 897 1377 967 temporis.
1422 899 1562 953 Cum
1610 913 1741 951 vero
1782 896 1998 967 aliquid
2046 902 2107 951 tu

409 991 641 1057 repente
676 986 1009 1041 inusitatum
1036 990 1092 1039 et
1120 984 1494 1055 improvisum
1544 986 1815 1055 imperas,
1858 985 2029 1039 etiam
2062 984 2109 1038 si

410 1078 516 1131 hoc
545 1075 851 1146 aliquando
890 1074 1137 1142 vetuisti,
1188 1075 1448 1146 quamvis
1492 1091 1722 1128 causam
1769 1074 1996 1145 imperii
2025 1074 2109 1127 tui

408 1181 510 1237 pro
540 1169 796 1234 tempore
835 1165 1101 1230 occultes,
1133 1169 1188 1218 et
1227 1165 1487 1234 quamvis
1526 1168 1725 1217 contra
1768 1168 1999 1234 pactum
2039 1162 2111 1217 sit

408 1253 736 1325 aliquorum
764 1253 1068 1307 hominum
1098 1252 1382 1306 societatis
1409 1272 1423 1318 ;
1452 1252 1579 1322 quis
1610 1251 1831 1306 dubitet
1859 1268 1978 1305 esse
2024 1252 2106 1305 fa-

409 1342 696 1408 ciendum,
729 1341 960 1413 quando
994 1357 1059 1395 ea
1083 1341 1238 1412 justa
1264 1346 1349 1395 est
1370 1341 1607 1395 societas
1629 1340 1953 1405 hominum,
1978 1356 2108 1410 quae

411 1431 579 1486 servit
621 1431 773 1485 tibi?
807 1431 914 1486 Sed
942 1431 1093 1485 beati
1122 1430 1222 1501 qui
1254 1435 1308 1485 te
1350 1430 1658 1500 imperasse
1701 1429 1904 1483 sciunt.
1944 1430 2111 1483 Fiunt

411 1519 567 1575 enim
622 1519 815 1575 omnia
864 1537 895 1573 a
934 1519 1305 1573 servientibus
1336 1519 1462 1588 tibi,
1491 1518 1579 1571 vel
1610 1518 1683 1572 ad
1730 1518 2109 1571 exhibendum

412 1609 561 1679 quod
585 1609 651 1663 ad
676 1624 929 1678 praesens
950 1624 1092 1679 opus
1105 1613 1209 1672 est,
1233 1609 1320 1661 vel
1344 1608 1412 1661 ad
1434 1608 1623 1661 futura
1644 1606 2103 1675 prmnuntianda.

1100 1734 1324 1786 CAPUT
1356 1733 1416 1787 Χ.

659 1824 828 1888 Nugae
851 1823 1270 1876 Manichaeorum
1299 1821 1364 1874 de
1385 1827 1539 1874 terrae
1563 1821 1856 1887 fructibus.

494 1929 571 1981 l8.
602 1927 728 1980 Haec
755 1942 860 1996 ego
892 1925 1166 1990 nesciens,
1212 1924 1520 1979 irridebam
1552 1925 1681 1978 illos
1721 1928 1941 1978 sanctos
1987 1940 2110 1976 ser-

412 2031 509 2068 vos
529 2018 585 2068 et
608 2015 919 2083 Prophetas
945 2018 1093 2069 tuos.
1127 2015 1191 2067 Et
1221 2013 1357 2085 quid
1384 2014 1622 2083 agebam
1653 2012 2111 2067 cumirridebam

385 2118 531 2168 ,eos,
565 2101 676 2155 nisi
707 2108 769 2157 ut
799 2102 1069 2157 irriderer
1101 2103 1201 2156 abs
1231 2107 1286 2156 te
1313 2118 1325 2169 ;
1360 2102 1570 2155 sensim
1618 2106 1788 2172 atque
1830 2101 2111 2170 paulatim

411 2192 716 2259 perductus
740 2191 811 2246 ad
843 2208 937 2245 eas
981 2207 1186 2261 nugas,
1232 2195 1295 2244 ut
1343 2191 1631 2245 crederem
1680 2190 1851 2244 ficum
1885 2191 2110 2260 plorare

412 2295 543 2333 cum
590 2280 931 2351 decerpitur,
976 2284 1033 2333 et
1080 2286 1323 2334 matrem
1380 2280 1501 2349 ejus
1546 2281 1810 2333 arborem
1842 2277 2110 2348 lacrymis

415 2369 606 2423 lacteis
624 2372 653 2423 ?
683 2371 866 2434 Quam
892 2375 1085 2423 tamen
1114 2369 1286 2423 ﬁcum
1318 2368 1363 2421 si
1391 2368 1727 2422 comedisset
1754 2367 1958 2438 aliquis
1990 2383 2111 2421 san-

415 2462 556 2522 ctus,
593 2458 778 2513 alieno
810 2474 965 2523 sane,
1011 2475 1126 2512 non
1157 2474 1259 2511 suo
1289 2458 1498 2511 scelere
1530 2458 1874 2526 decerptam,
1911 2456 2109 2510 misce-

414 2551 500 2600 ret
530 2545 861 2613 visceribus,
896 2550 951 2601 et
998 2546 1290 2600 anhelaret
1320 2547 1389 2601 de
1419 2545 1518 2600 illa
1540 2546 1794 2615 angelos,
1828 2545 1945 2599 imo
1976 2561 2108 2599 vero

411 2635 720 2705 particulas
753 2634 873 2704 Dei,
907 2634 1189 2706 gemendo
1214 2635 1272 2689 in
1304 2635 1563 2689 oratione
1595 2640 1764 2705 atque
1794 2634 2108 2688 ructando:

414 2738 540 2793 qua:
573 2722 863 2792 particulae
894 2723 1172 2777 summiet
1186 2724 1301 2777 veri
1329 2723 1426 2778 Dei
1456 2724 1643 2794 ligatae
1669 2722 1907 2776 fuissent
1936 2722 1994 2776 in
2012 2722 2109 2775 illo

413 2827 608 2881 pomo,
641 2812 754 2865 nisi
791 2812 952 2868 electi
982 2812 1161 2867 sancti
1193 2813 1362 2868 dente
1394 2831 1458 2868 ac
1495 2819 1689 2869 ventre
1738 2814 2108 2867 solverentur.

419 2902 482 2954 Et
527 2901 742 2956 credidi
774 2902 945 2956 miser
971 2903 1153 2974 magis
1183 2919 1304 2957 esse
1355 2902 1804 2957 misericordiam
1833 2908 2110 2973 praestan-

415 2990 547 3043 dam
575 2989 852 3044 fructibus
883 2996 1068 3046 terrae.
1096 3007 1269 3062 quam
1299 2992 1651 3061 hominibus,
1694 2996 1927 3063 propter
1969 3008 2111 3061 quos

416 3082 799 3131 nascerentur.
835 3078 894 3133 Si
932 3080 1060 3149 quis
1091 3080 1246 3134 enim
1276 3081 1533 3135 esuriens
1580 3085 1817 3151 peteret,
1860 3080 1960 3151 qui
2006 3081 2113 3134 Ma-

414 3163 665 3218 nicheeus
695 3181 810 3218 non
839 3171 1004 3232 esset,
1036 3168 1200 3236 quasi
1230 3168 1452 3237 capitali
1478 3169 1757 3239 supplicio
1790 3168 2114 3223 damnanda

415 3250 667 3304 buccella
705 3251 1011 3319 videretur,
1042 3254 1089 3307 si
1114 3255 1165 3308 ei
1196 3256 1442 3309 daretur.

1090 3376 1312 3431 CAPUT
1350 3379 1435 3432 XI.

733 3485 984 3539 Planctus
1008 3489 1057 3537 et
1075 3486 1335 3538 somnium
1362 3488 1552 3540 metris
1572 3488 1637 3539 de
1656 3487 1789 3556 lilio.

488 3594 572 3646 19.
598 3594 667 3646 lit
696 3592 899 3646 misisti
940 3608 1178 3646 manum
1203 3596 1359 3647 tuam
1388 3610 1455 3647 ex
1495 3594 1626 3662 alto,
1662 3598 1716 3648 et
1747 3594 1815 3648 de
1854 3595 1957 3649 hac
1985 3614 2113 3666 pro-

411 3680 590 3735 funda
611 3681 852 3751 caligine
885 3682 1083 3737 eruisti
1107 3683 1359 3737 animam
1392 3700 1578 3738 meam
1612 3686 1779 3755 (Psal.
1816 3702 2004 3754 CXLIII,
2032 3687 2108 3757 7),

411 3786 543 3823 cum
570 3786 675 3839 pro
706 3786 798 3823 me
832 3772 991 3824 tleret
1013 3772 1083 3824 ad
1114 3775 1168 3824 te
1195 3777 1379 3826 mater
1394 3774 1714 3827 meatidelis
1734 3776 2112 3845 tua,amplius

413 3873 583 3928 quam
610 3860 747 3911 tlent
774 3863 981 3911 matres
1013 3876 1286 3930 corporea
1314 3862 1533 3914 funera.
1571 3862 1804 3916 Videbat
1833 3864 1986 3917 enim
2015 3864 2112 3919 illa

412 3950 658 3999 mortem
690 3962 875 3999 meam
902 3963 967 4000 ex
997 3947 1109 4000 fide
1141 3952 1196 4000 et
1218 3948 1441 4017 spiritu,
1473 3965 1644 4017 quem
1676 3950 1919 4006 habebat
1940 3969 2004 4006 ex
2023 3958 2112 4019 te;

413 4039 470 4089 et
498 4033 776 4088 exaudisti
808 4051 952 4099 eam,
991 4036 1247 4090 Domine.
1286 4037 1571 4090 Exaudisti
1600 4053 1745 4105 eam,
1775 4054 1879 4091 nec
1905 4039 2109 4108 despe-

410 4120 541 4176 xisti
571 4122 847 4191 lacrymas
877 4121 1019 4191 ejus,
1054 4138 1184 4175 cum
1222 4125 1572 4192 profluentes
1618 4123 1872 4195 rigarent
1900 4131 2113 4179 terram

412 4210 516 4265 sub
548 4210 725 4264 oculis
755 4210 897 4280 ejus,
925 4208 983 4262 in
1012 4210 1169 4263 omni
1190 4210 1309 4264 loco
1340 4210 1615 4265 orationis
1638 4213 1759 4282 ejus
1785 4232 1800 4280 ;
1831 4213 2112 4267 exaudisti

413 4315 561 4355 eam.
595 4300 736 4354 Nam
764 4298 912 4353 unde
946 4298 1084 4353 illud
1119 4298 1432 4361 somnium,
1466 4316 1579 4370 quo
1621 4316 1746 4354 eam
1792 4303 2111 4355 consolatus

412 4404 489 4455 es,
524 4392 587 4443 ut
599 4386 783 4442 vivere
814 4403 906 4441 me
928 4386 1264 4441 concederet
1293 4385 1309 4418 ‘
1333 4393 1387 4441 et
1411 4388 1619 4442 habere
1640 4405 1828 4444 secum
1850 4390 2111 4445 eamdem

410 4491 668 4530 mensam
699 4476 758 4530 in
792 4477 999 4542 domo;
1034 4477 1185 4547 quod
1225 4476 1379 4531 nolle
1425 4482 1692 4547 cmperat,
1747 4495 2011 4533 aversans
2057 4485 2112 4533 et

410 4563 692 4618 detestans
717 4565 1101 4636 blasphemias
1132 4564 1342 4619 erroris
1371 4565 1534 4618 mei?
1568 4566 1715 4620 Vidit
1764 4567 1919 4621 enim
1956 4572 2113 4621 stan~

408 4655 522 4704 tem
552 4667 610 4705 se
641 4652 698 4706 in
728 4654 974 4724 quadam
1020 4654 1221 4723 regula
1253 4653 1461 4724 lignea,
1501 4658 1555 4707 et
1595 4654 1994 4710 advenientem
2040 4658 2110 4711 ad

410 4743 464 4791 te
488 4738 759 4809 juvenem
784 4742 1167 4812 splendidum,
1190 4742 1432 4797 hilarem
1460 4748 1631 4813 atque
1663 4744 2013 4799 arridentem
2040 4746 2108 4799 si-

406 4826 487 4888 bi,
520 4842 649 4880 cum
700 4826 797 4881 illa
847 4835 992 4884 esset
1025 4847 1271 4886 moerens
1301 4836 1357 4886 et
1394 4847 1638 4885 moerere
1667 4832 1955 4887 confecta:
2007 4834 2107 4905 qui

408 4931 539 4968 cum
569 4930 765 4969 causas
794 4918 1089 4988 quaesisset
1109 4921 1179 4975 ab
1200 4938 1266 4975 ea
1295 4920 1581 4975 maestitiae
1603 4937 1719 4974 suae
1748 4921 2108 4991 quotidiana-

407 5018 653 5073 rumque
682 5002 1359 5074 lacrymarum,docendi,
1398 5013 1459 5062 ut
1480 5008 1830 5072 assolet,non
1853 5008 2105 5063 discendi

407 5091 613 5163 gratia,
645 5094 816 5164 atque
854 5093 952 5148 illa
980 5096 1364 5165 respondisset
1391 5097 1774 5168 perditionem
1823 5113 2010 5152 meam
2049 5116 2105 5153 se

469 5240 485 5272 ι
516 5238 573 5285 In
599 5237 764 5286 Editis
794 5236 920 5286 Bad.
950 5237 1065 5286 Am.
1096 5238 1185 5286 Er.
1204 5244 1255 5288 et
1272 5241 1393 5288 Lov.
1420 5242 1524 5293 :He
1545 5254 1720 5292 secum
1736 5240 1998 5297 crederet;
2012 5240 2102 5288 sed

397 5299 682 5363 legendum
706 5314 828 5350 cum
859 5300 979 5349 Mss.
1008 5300 1302 5363 potioribus
1326 5318 1336 5350 :
1369 5304 1445 5353 He
1470 5306 1778 5355 concederet
1805 5320 1817 5362 ;
1849 5304 1931 5352 vel
1981 5317 2099 5352 cum

401 5362 529 5411 Arn.
556 5377 567 5411 :
594 5366 678 5412 Me
700 5376 883 5428 secum
919 5362 1248 5428 concederet.
1268 5390 1325 5399 -—
1347 5366 1517 5415 Editio
1540 5367 1842 5415 Florentina
1857 5366 1999 5428 legit,
2020 5379 2102 5416 me

401 5436 575 5489 secum
590 5425 836 5485 crederet,
859 5440 1017 5489 quam
1040 5424 1315 5489 lectionem
1328 5431 1506 5476 tuetur
1521 5431 1830 5478 auctoritate
1848 5424 1971 5477 Bad.
1987 5431 2100 5476 Am.

398 5486 481 5535 Er.
514 5488 660 5545 Lov.,
690 5486 892 5539 Somn]:
920 5492 973 5539 et
1002 5491 1055 5537 11
1091 5488 1213 5535 Mss.
1247 5488 1493 5538 Etruriae.
1625 5492 1693 5539 Μ.

2319 239 2361 294 Α
2373 239 2674 295 [ΕΟΓΒΤΙΝ
2684 239 2723 292 l.
3744 254 3817 303 «Μ

2221 364 2491 435 plangere
2516 362 2778 433 ;jussisse
2798 361 2963 416 illum
2988 378 3099 432 quo
3120 378 3314 415 secura
3335 368 3488 430 esset,
3513 369 3661 436 atque
3678 368 3821 423 admo-

2220 452 2410 506 nuisse
2438 456 2501 506 ut
2531 452 2851 505 attenderet
2872 455 2927 505 et
2966 451 3201 513 videret,
3239 450 3333 504 ubi
3361 458 3495 505 esset
3520 453 3623 523 illa,
3650 455 3717 510 ibi
3734 474 3819 512 esse

2220 546 2277 596 et
2304 557 2415 595 me.
2450 541 2611 606 Quod
2640 541 2736 594 illa
2764 540 2865 593 ubi
2886 539 3149 604 attendit,
3184 539 3327 593 vidit
3357 540 3597 611 mejuxta
3620 562 3670 598 se
3698 546 3746 599 in
3768 564 3827 600 ea-

2220 631 2350 684 dem
2372 630 2572 701 regula
2601 635 2866 684 stantem.
2900 629 3057 683 Unde
3088 629 3215 693 hoc,
3252 628 3360 681 nisi
3389 630 3513 698 quia
3542 638 3684 686 erant
3705 650 3829 689 aures

2220 725 2333 775 tua:
2355 721 2427 775 ad
2456 737 2553 774 cor
2582 721 2704 790 ejus
2722 722 2750 773 ?
2776 720 2817 773 Ο
2850 725 2931 784 tu,
2949 719 3093 773 bone
3117 718 3494 788 omnipotens,
3515 721 3683 791 quisic
3710 740 3831 778 cura:

2221 825 2690 880 unumquemque
2716 817 2999 873 ωυρμ-μω,
3033 812 3311 877 tanquam
3337 807 3510 861 solum
3526 825 3665 862 cures
3685 830 3699 876 ;
3720 813 3832 866 etsic

2221 914 2441 964 omnes,
2475 904 2750 969 tanquam
2779 896 3067 967 singulos!

2291 990 2384 1042 20.
2430 986 2586 1041 Unde
2632 986 2773 1039 illud
2817 985 3009 1052 etiam,
3065 985 3221 1056 quod
3261 1001 3388 1039 cum
3435 985 3566 1040 mihi
3615 998 3838 1043 narrasset

2219 1074 2410 1144 ipsum
2442 1075 2646 1140 visum,
2680 1079 2736 1128 et
2758 1091 2862 1145 ego
2894 1075 2964 1127 ad
3004 1074 3064 1128 id
3092 1074 3321 1128 trahere
3352 1090 3591 1143 conarer,
3622 1082 3675 1130 ut
3702 1077 3776 1131 illa
3799 1098 3837 1133 se

2220 1162 2411 1233 potius
2440 1178 2556 1217 non
2584 1163 2913 1233 desperaret
2929 1162 3187 1215 futuram
3209 1178 3329 1215 esse
3349 1163 3494 1232 quod
3512 1179 3652 1216 eram
3676 1169 3836 1229 ;conti-

2220 1267 2335 1304 nuo
2368 1250 2487 1304 sine
2534 1250 2725 1321 aliqua
2774 1249 3153 1315 haesitatione,
3201 1252 3340 1316 Non,
3380 1251 3572 1321 inquit,
3614 1268 3704 1306 non
3743 1260 3838 1308 enim

2218 1342 2357 1394 mihi
2384 1340 2587 1394 dictum
2609 1346 2705 1405 est,
2731 1340 2832 1393 Ubi
2844 1341 2952 1406 ille,
2982 1340 3061 1393 ibi
3085 1345 3209 1394 ettu
3233 1339 3377 1406 ;sed,
3409 1340 3503 1393 Ubi
3523 1353 3573 1393 tu
3594 1341 3681 1408 ibi,
3707 1345 3837 1396 stitia

2222 1429 2505 1483 Conﬁteor
2532 1428 2657 1496 tibi,
2674 1428 2933 1494 Domine,
2958 1428 3409 1481 recordationem
3435 1444 3605 1481 meam
3626 1437 3841 1500 quantum

2220 1519 2425 1584 recolo,
2456 1519 2606 1589 quod
2633 1534 2784 1586 srepe
2815 1532 2929 1570 non
2958 1515 3131 1582 tacui,
3152 1516 3399 1587 amplius
3428 1533 3513 1570 me
3544 1517 3641 1571 isto
3661 1534 3743 1587 per
3766 1536 3840 1572 ma.

2222 1612 2367 1661 trem
2400 1606 2729 1677 vigilantem
2760 1622 3032 1676 responso
3058 1611 3180 1673 tuo,
3215 1605 3371 1675 quod
3394 1610 3505 1658 tam
3532 1604 3695 1658 vicina
3718 1606 3843 1659 inter-

2222 1696 2560 1767 pretationis
2586 1696 2835 1749 falsitate
2867 1695 3094 1749 turbata
3125 1711 3241 1749 non
3273 1699 3380 1764 est,
3414 1700 3469 1750 et
3498 1699 3607 1749 tam
3633 1695 3725 1749 cito
3748 1696 3844 1749 vidit

2223 1786 2374 1855 quod
2399 1785 2710 1839 videndum
2739 1784 2863 1848 fuit,
2900 1784 3057 1855 quod
3086 1800 3193 1855 ego
3210 1789 3382 1849 certe,
3415 1788 3698 1853 antequam
3724 1784 3845 1837 dixis-

2223 1877 2322 1939 set,
2355 1889 2472 1927 non
2498 1874 2753 1928 videram
2785 1893 2799 1940 ;
2825 1873 2996 1927 etiam
3026 1878 3149 1927 tum
3172 1877 3518 1927 commotum
3537 1872 3706 1937 fuisse,
3724 1889 3845 1943 quam

2220 1962 2346 2032 ipso
2375 1962 2617 2030 somnio,
2648 1979 2760 2033 quo
2790 1962 3019 2015 feminas
3049 1962 3161 2032 piae
3193 1961 3471 2033 gaudium
3500 1966 3644 2014 tanto
3671 1967 3774 2031 post
3792 1962 3847 2014 iu-

2220 2055 2437 2120 turum,
2479 2052 2549 2106 ad
2580 2051 3030 2105 consolationem
3063 2057 3201 2104 tunc
3251 2049 3544 2121 praesentis
3588 2049 3846 2103 sollicitudi-

2222 2139 2325 2206 nis,
2360 2145 2517 2194 tanto
2550 2145 2681 2194 ante
2712 2139 3052 2209 praedictum
3083 2143 3187 2193 est.
3225 2140 3369 2193 Nam
3397 2154 3591 2192 novem
3616 2140 3762 2191 ferme
3786 2155 3847 2189 an-

2221 2229 2282 2283 ni
2313 2229 2490 2283 secuti
2518 2235 2666 2292 sunt,
2704 2229 2911 2300 quibus
2940 2244 3046 2299 ego
3078 2227 3137 2281 in
3169 2228 3270 2282 illo
3300 2229 3438 2282 limo
3468 2226 3772 2297 profundiac
3794 2233 3846 2279 te-

2223 2319 2413 2371 nebris
2444 2318 2724 2385 falsitatis,
2746 2333 2877 2371 cum
2899 2333 3050 2387 saepe
3082 2333 3322 2388 surgere
3353 2332 3583 2370 conarer
3609 2321 3657 2369 et
3679 2316 3847 2385 gravius

2221 2407 2505 2472 alliderer,
2538 2408 2823 2460 volutatus
2846 2421 3005 2460 sum:
3038 2421 3171 2459 cum
3200 2414 3395 2460 tamen
3424 2406 3518 2458 illa
3547 2403 3696 2457 vidua
3719 2408 3841 2466 casta,

2220 2496 2315 2566 pia
2340 2501 2396 2550 et
2426 2495 2631 2561 sobria,
2663 2496 2859 2566 quales
2889 2510 3065 2560 amas,
3090 2495 3218 2564 jam
3250 2492 3485 2564 quidem
3522 2509 3611 2563 spe
3640 2492 3841 2549 alacrior.

2221 2585 2320 2639 sed
2351 2586 2491 2638 tletu
2518 2588 2573 2638 et
2600 2582 2819 2654 gemitu
2856 2599 2972 2637 non
3003 2582 3257 2653 segnior,
3292 2599 3409 2637 non
3439 2582 3699 2636 desineret
3737 2580 3845 2633 horis

2223 2672 2490 2727 omnibus
2534 2670 2859 2725 orationum
2911 2685 3141 2723 suarum
3177 2669 3248 2723 de
3279 2685 3371 2723 me
3414 2669 3666 2740 plangere
3703 2666 3760 2719 ad
3782 2672 3845 2726 te;

2223 2767 2280 2815 et
2307 2759 2594 2814 intrabant
2624 2759 2684 2813 in
2710 2763 3075 2830 conspectum
3120 2763 3288 2812 tuum
3331 2773 3520 2829 preces
3548 2757 3669 2825 ejus,
3709 2759 3753 2806 et
3785 2768 3845 2805 me

2222 2852 2414 2902 tamen
2461 2847 2785 2902 dimittebas
2837 2846 3022 2902 adhuc
3074 2846 3225 2901 volvi
3282 2852 3340 2902 et
3395 2843 3595 2900 involvi
3639 2843 3722 2897 illa
3754 2842 3849 2895 cati-

2223 2953 2373 3007 gine.

2891 3096 3117 3151 CAPUT
3141 3097 3256 3150 XII.

2224 3224 2394 3289 Quale
2422 3238 2734 3292 responsum
2753 3228 2926 3276 mater
2952 3224 3258 3291 Augustini
3275 3226 3478 3293 accepit
3506 3218 3847 3290 aquodamrpi-

2647 3326 2805 3381 scopo
2836 3312 2902 3365 de
2931 3314 3103 3380 ipsius
3136 3315 3503 3367 conversione.

2293 3448 2380 3499 2t.
2416 3446 2481 3498 Et
2523 3442 2727 3497 dedisti
2775 3444 3019 3498 alterum
3067 3460 3416 3515 responsum
3460 3441 3692 3508 interim,
3739 3434 3849 3509 quod

2227 3535 2434 3587 recolo.
2468 3534 2609 3587 Nam
2630 3537 2686 3585 et
2709 3533 2887 3586 multa
2916 3538 3217 3603 prmtereo,
3240 3540 3480 3605 propter
3502 3530 3643 3603 quod
3659 3541 3844 3599 propero

2224 3622 2291 3676 ad
2323 3638 2389 3675 ea
2417 3639 2545 3693 quas
2560 3638 2649 3675 me
2672 3621 2853 3691 magis
2871 3626 3077 3691 urgent
3100 3622 3365 3676 conﬁteri
3392 3622 3512 3688 tibi,
3533 3625 3587 3675 et
3607 3617 3760 3673 multa
3774 3628 3850 3667 non

2226 3711 2485 3766 memini.
2520 3710 2735 3764 Dedisti
2767 3727 2903 3780 ergo
2949 3712 3193 3764 alterum
3224 3727 3331 3781 per
3360 3709 3688 3764 sacerdotem
3713 3709 3849 3761 tuum.

2224 3800 2529 3871 quemdam
2577 3800 2910 3870 episcopum
2948 3799 3231 3854 nutritum
3266 3800 3328 3854 in
3354 3797 3606 3862 Ecclesia,
3631 3788 3849 3849 etexerci-

2223 3894 2402 3943 tatum
2450 3889 2508 3941 in
2542 3888 2719 3942 Libris
2748 3889 2881 3942 tuis.
2915 3887 3097 3953 Quem
3135 3890 3267 3941 eum
3300 3889 3399 3942 illa
3426 3885 3631 3942 femina
3656 3882 3850 3950 rogasset

2223 3980 2286 4031 ut
2326 3978 2661 4048 dignaretur
2709 3993 2934 4031 mecum
2976 3977 3244 4048 colloqui,
3300 3983 3358 4032 et
3402 3975 3647 4030 refellere
3688 3978 3852 4023 errores

2225 4083 2401 4132 meos,
2435 4070 2489 4120 et
2526 4066 2797 4120 dedocere
2828 4082 2917 4119 me
2948 4066 3116 4132 mala,
3147 4082 3209 4119 ac
3248 4066 3451 4120 docere
3484 4065 3623 4118 bona
3652 4053 3851 4129 (faciebat

2224 4155 2377 4208 enim
2408 4155 2531 4221 hoc,
2580 4154 2627 4207 si
2681 4170 2822 4226 quos
2848 4156 2993 4208 forte
3046 4154 3284 4208 idoneos
3313 4149 3675 4219 invenisset);
3718 4138 3854 4198 11010it

2222 4244 2338 4310 ille,
2368 4244 2681 4313 prudenter
2711 4258 2865 4305 sane,
2915 4248 3197 4314 quantum
3230 4243 3383 4296 sensi
3414 4246 3619 4311 postea.
3653 4234 3849 4300 Respon-

2223 4332 2308 4385 dit
2338 4332 2492 4386 enim
2524 4348 2615 4385 me
2644 4332 2831 4386 adhuc
2864 4348 2983 4385 esse
3033 4332 3365 4407 indocilem,
3399 4347 3465 4384 eo
3510 4325 3650 4399 quod
3677 4320 3855 4376 inﬂatus

2221 4436 2400 4473 essem
2432 4419 2681 4477 novitate
2708 4419 2940 4472 haeresis
2960 4418 3137 4488 illius,
3164 4424 3222 4473 et
3270 4408 3557 4473 nonnullis
3602 4406 3852 4485 quaestiun-

2220 4507 2359 4560 culis
2383 4509 2504 4577 jam
2530 4508 2740 4561 multos
2770 4508 3067 4577 imperitos
3092 4507 3486 4577 exagitassem,
3521 4505 3653 4558 sicut
3677 4499 3760 4552 illa
3794 4493 3854 4545 in-

2221 4595 2505 4649 dicaverat
2530 4594 2603 4648 ei.
2635 4595 2741 4649 Sed
2768 4597 2899 4659 sine,
2930 4595 3136 4665 inquit,
3162 4596 3318 4649 illum
3344 4596 3442 4659 ibi,
3472 4580 3528 4647 et
3550 4593 3737 4645 tantum
3756 4594 3854 4645 r09“

2216 4699 2318 4753 pro
2357 4700 2414 4738 eo
2458 4686 2746 4738 Dominum
2772 4700 2784 4738 2
2817 4687 2934 4753 ipse
2965 4684 3181 4750 tegendo
3211 4686 3443 4753 reperiet
3471 4672 3589 4751 Quis
3612 4678 3694 4732 itte
3717 4673 3775 4727 sit
3797 4683 3854 4720 εν·

2218 4789 2329 4837 ror,
2359 4778 2409 4826 et
2438 4777 2646 4841 quanta
2674 4775 2945 4842 impietas.
2981 4773 3159 4827 Simul
3184 4773 3359 4827 etiam
3390 4768 3631 4826 narravit
3654 4781 3705 4818 se
3737 4772 3853 4832 quo.

2219 4878 2328 4932 que
2357 4862 2660 4930 parvulum
2692 4878 2722 4914 a
2752 4862 2982 4915 seducta
3012 4866 3190 4915 matre
3222 4877 3323 4915 sua
3351 4862 3540 4915 datum
3587 4855 3739 4911 fuisse
3774 4846 3854 4901 Ma-

2218 4951 2472 5017 nichaeis,
2504 4957 2560 5003 et
2589 4966 2787 5005 omnes
2814 4967 2959 5020 pene
3002 4967 3119 5004 non
3165 4951 3371 5021 legisse
3419 4954 3651 5011 tantum,
3697 4947 3851 4993 verum

2216 5040 2389 5095 etiam
2418 5039 2761 5105 scriptitasse
2801 5040 2975 5093 libros
3020 5055 3259 5106 eorum;
3298 5039 3516 5110 sibique
3551 5026 3849 5104 apparuisse,

2214 5130 2373 5183 nullo
2402 5135 2600 5183 contra
2641 5128 2966 5199 disputante
3014 5133 3069 5182 et
3109 5129 3497 5194 convincente,
3542 5136 3700 5196 quam
3741 5114 3852 5169 esset

2214 5218 2311 5273 illa
2331 5223 2480 5273 secta
2507 5218 2775 5287 fugienda
2800 5217 3020 5289 ;itaque
3046 5218 3279 5289 fugisse.
3302 5218 3437 5283 Quae
3466 5229 3590 5270 cum
3609 5212 3694 5265 ille
3721 5201 3849 5296 dixis-

2213 5312 2315 5374 set,
2349 5312 2517 5378 atque
2557 5308 2651 5361 illa
2694 5307 2872 5361 nollet
2913 5307 3289 5378 acquiescere,
3325 5307 3423 5361 sed
3463 5303 3681 5359 instaret
3706 5304 3850 5361 maglv‘

2210 5394 2587 5464 deprecando,
2616 5398 2672 5449 et
2698 5394 2947 5448 ubertim
2985 5393 3200 5461 ﬂendo,
3228 5399 3292 5449 ut
3320 5409 3410 5448 me
3437 5390 3656 5450 videret,
3684 5386 3733 5435 et
3759 5390 3848 5464 me

2211 5462 2341 5536 cum
2363 5482 2661 5536 dissereret
2694 5499 2706 5536 :
2742 5483 2835 5536 ille
2866 5483 2988 5553 jam
3018 5483 3481 5537 substomachans
3507 5476 3681 5535 tzedio,
3714 5462 3845 5522 Vada
