4022 6176
91 247 124 290 ti
135 247 167 292 ε)
175 246 208 293 3

95 365 334 435 inquit,
371 382 407 418 a
436 379 544 430 me;
580 366 660 417 ita
689 365 871 416 vivas:
905 364 1067 432 ﬁeri1
1100 378 1206 416 non
1225 367 1402 433 potest
1443 369 1502 417 ut
1530 366 1674 432 ﬁlius
1695 367 1826 419 ista-

102 471 241 509 rum
274 456 643 522 lacrymarum
668 456 876 522 pereat.
914 451 1074 514 Quod
1104 451 1201 506 illa
1232 450 1309 505 ita
1327 467 1386 505 se
1419 452 1718 522 accepisse.
1743 453 1828 507 in-

173 564 186 595 ι
215 561 312 610 Er.
344 559 507 622 Lugd.
538 558 669 606 Ven.
702 558 826 608 Lov.
864 557 980 605 For.
1029 560 1081 605 et
1107 556 1276 604 Rond.
1305 555 1424 620 ﬁeri
1453 561 1608 606 enim.
1663 559 1730 607 Μ.

1625 240 1838 296 LIBER
1892 240 2256 308 QUARTUS.“

3530 244 3630 296 594

1935 367 2024 419 ter
2054 364 2338 436 colloquia
2369 379 2472 417 sua
2504 379 2730 422 mecum
2758 379 2905 434 saepe
2937 363 3352 430 recordabatur,
3379 375 3452 417 ac'
3487 363 3534 417 si
3563 365 3630 418 de

1937 455 2077 508 coelo
2105 453 2405 508 sonuisset.

170 659 369 707 Visum
395 661 471 705 est
487 657 572 704 hic
597 654 860 704 ascribere
885 654 1164 715 Augustini
1181 654 1355 702 locum
1382 668 1442 703 ex
1469 655 1557 703 lib.
1591 659 1617 703 3
1643 659 1828 703 contra
1846 655 2064 703 Litteras
2093 655 2336 703 Petiliani
2363 654 2690 706 donastistas.
2710 669 2821 717 cap.
2843 657 2898 703 t7
2919 670 2972 700 :«
2993 654 3072 702 Me
3093 654 3249 702 etiam
3266 653 3631 716 presbyterum

100 750 128 773 η
168 731 344 778 fuisse
371 728 802 784 Manichzeorum,
830 727 912 775 vel
942 726 1105 774 falsus
1127 727 1209 775 vel
1241 727 1425 775 fallens
1449 727 1672 775 mirabili
1703 727 1995 776 temeritate
2021 726 2327 774 contendat.
2349 726 2520 774 Verba
2541 725 3488 780 tertiilibriConfessionummearum,
3514 737 3631 786 quas

92 825 113 841 ιι
153 816 260 864 per
293 800 621 862 seipsa,etde
636 799 814 847 multis
842 802 963 846 ante
993 801 1053 846 et
1075 801 1256 860 postea
1270 798 1422 846 dictis
1444 799 1869 847 manifestissima
1886 798 2454 857 suntlegentihas,sub
2485 811 2589 860 quo
2615 797 2661 862 ei
2677 796 2885 844 videtur
2911 795 3180 844 intellectu
3208 798 3631 856 pr0ponatatque

91 889 120 915 κ
160 876 384 934 arguat,
416 877 516 919 etc.
542 891 564 912 η
601 873 994 926 Quaenamvero
1011 869 1116 917 sint
1137 870 1296 916 verba
1323 869 1428 922 illa.
1451 883 1568 930 qua:
1584 883 1680 916 suo
1705 868 2017 916 avulsaloco
2041 874 2283 930 proterve
2302 867 3062 930 interpretabaturI’etilianus,
3082 866 3630 928 nobisincompertum

92 949 211 991 est:
249 943 458 990 forlean
490 943 588 990 ista
618 941 803 1002 capitis
831 940 1173 989 sexti:«Nam
1193 945 1463 988 versumet
1485 953 1694 987 carmen
1723 940 1879 988 etiam
1900 940 1963 987 ad
1994 953 2119 986 vera
2133 938 2736 1001 pulmentatransfero.»
2762 938 2964 1000 Quippe
2983 937 3631 986 amatoriamaleﬁciamu-

96 1014 225 1061 lieri
261 1013 388 1062 data
419 1012 765 1075 exprobrabat
793 1011 1107 1073 Augustino,
1132 1014 1190 1059 ut
1209 1010 1387 1059 videre
1412 1015 1490 1059 est
1515 1011 1570 1058 in
1603 1010 1654 1058 in
1683 1010 1919 1073 ejusdem
1945 1009 2063 1059 libri
2089 1013 2272 1058 contra
2299 1009 2537 1057 Petiliaui
2577 1009 2792 1057 Litteras
2823 1009 2989 1071 capite
3027 1011 3100 1056 16.

1157 1206 1674 1328 LIBER
1757 1205 2582 1346 QUARTUS.

165 1398 344 1446 Pudet
365 1398 719 1457 Augustinum
750 1411 803 1444 se
827 1396 1236 1445 Manichaeorum
1258 1397 1411 1446 secta:
1438 1393 1705 1441 addictum
1737 1393 1898 1441 fuisse
1915 1406 2008 1454 per
2029 1393 2544 1455 novennium,atque
2571 1393 2702 1440 alios
2721 1407 2896 1439 secum
2917 1392 2968 1438 in
3003 1391 3245 1440 eumdem
3267 1405 3495 1440 errorem
3507 1405 3613 1453 perv

94 1470 354 1524 traxisse;
369 1474 480 1516 tum
495 1468 650 1516 etiam
666 1467 994 1516 consuluisse
1010 1465 1406 1514 mathematicos
1427 1479 1436 1511 :
1456 1463 1745 1512 etamicum
1758 1463 1856 1511 sibi
1874 1463 2071 1511 interea
2087 1469 2252 1511 morte
2267 1468 2603 1525 prtereptum,
2625 1463 2880 1511 acerbiori
2900 1476 3057 1524 quam
3081 1475 3291 1522 aequum
3305 1462 3612 1509 essetanimi

94 1540 291 1587 dolore
322 1539 484 1587 fuisse
508 1536 1040 1600 prosecutum;cujus
1085 1536 1376 1588 occasione.
1427 1534 1490 1582 de
1521 1547 1657 1581 Vana
1681 1537 1733 1582 et
1763 1533 1826 1580 de
1851 1533 2014 1580 solida
2066 1533 2294 1581 amicitia
2338 1547 2444 1580 non
2477 1548 2642 1596 pauca
2671 1534 2813 1581 dicit.
2848 1533 3166 1580 Mentionem
3199 1531 3322 1578 facit
3350 1531 3601 1579 librorum

93 1614 165 1660 de
194 1610 428 1658 Pulchro
481 1614 532 1658 et
581 1610 732 1672 Apto,
761 1623 790 1656 a
820 1623 872 1655 se
903 1622 1044 1655 anno
1075 1607 1244 1656 astatis
1297 1606 1550 1667 vigesimo
1583 1608 1726 1652 sexto
1763 1612 1852 1651 aut
1883 1603 2134 1664 vigesimo
2174 1604 2396 1665 septimo
2427 1604 2843 1665 conscriptorum
2870 1619 2881 1661 ;
2914 1616 3120 1650 necnon
3178 1615 3335 1665 quam
3371 1602 3495 1650 facit
3521 1615 3612 1650 ne-

96 1683 248 1745 gotio
283 1681 579 1730 liberalium
609 1680 798 1729 artium
827 1680 989 1727 libros
1016 1683 1171 1741 atque
1201 1676 1494 1726 Aristotelis
1524 1675 1842 1737 Categorias,
1873 1687 2015 1722 anno
2050 1674 2218 1722 astatis
2253 1676 2412 1722 ferme
2443 1674 2715 1735 vigesimo.
2745 1687 2837 1736 per
2869 1687 2981 1721 sese
3002 1699 3015 1708 ο
3038 1672 3370 1721 intellexerit.

97 1121 342 1128 _——_——————

685 1869 912 1923 CAPUT
953 1869 1245 1922 PRIMUM.

398 1959 678 2028 Quamdiu
707 1963 755 2012 et
785 1957 1044 2026 quomodo
1073 1959 1207 2011 alios
1233 1947 1523 2011 sedauerit.

183 2054 230 2102 ι.
258 2051 370 2103 Per
400 2047 554 2103 idem
587 2052 809 2117 tempus
839 2061 1124 2100 annorum
1155 2061 1381 2109 novem,
1417 2045 1488 2099 ab
1512 2043 1819 2113 undevige-

106 2137 261 2192 simo
286 2154 440 2190 anno
469 2136 650 2190 astatis
676 2151 839 2200 meae,
862 2135 1128 2206 usquead
1145 2133 1715 2205 duodetrigesimuin,
1739 2149 1820 2188 se-

105 2226 469 2280 ducebamur
517 2231 574 2279 et
604 2225 1034 2290 seducebamus,
1086 2223 1213 2277 falsi
1243 2227 1412 2294 atque
1452 2223 1710 2277 fallentes
1757 2221 1818 2276 in

104 2315 282 2368 variis
299 2313 750 2385 cupiditatibus;
780 2319 836 2368 et
864 2313 1054 2384 palam
1077 2329 1178 2382 per
1209 2312 1496 2366 doctrinas
1517 2327 1658 2381 quas
1680 2311 1815 2365 libe-

111 2405 260 2459 rales
295 2403 769 2468 vocaut,‘occnlte
817 2406 1006 2456 autem
1039 2402 1182 2456 falso
1225 2401 1458 2455 nomine
1499 2399 1812 2469 religionis.

106 2494 206 2548 Hic
228 2491 486 2562 superbi,
511 2491 588 2544 ibi
619 2490 1023 2561 superstitiosi,
1060 2491 1274 2560 ubique
1311 2489 1466 2544 vani.
1500 2491 1610 2543 Hac
1641 2505 1815 2558 popu-

111 2583 246 2636 laris
275 2581 479 2649 gloriae
510 2584 785 2634 sectantes
815 2579 1170 2643 inanitatem,
1193 2595 1372 2650 usque
1401 2579 1470 2632 ad
1514 2577 1815 2632 theatricos

105 2673 368 2742 plausus,
389 2674 447 2722 et
475 2668 826 2722 contentiosa
855 2668 1108 2721 carmina
1143 2663 1183 2734 ⁸,
1213 2673 1269 2721 et
1298 2683 1545 2737 agonem
1577 2683 1812 2720 corona-

107 2777 235 2814 rum
255 2761 558 2814 fenearum
583 2762 638 2812 et
650 2758 1104 2827 spectaculorum
1125 2772 1328 2826 nugas,
1347 2761 1404 2810 et
1423 2756 1812 2825 intemperan-

107 2849 248 2902 tiam
281 2847 626 2902 libidinum:
659 2847 787 2900 illac
811 2851 1006 2900 autem
1034 2845 1268 2916 purgari
1296 2862 1398 2898 nos
1425 2844 1494 2898 ab
1525 2844 1647 2898 istis
1693 2861 1811 2897 sor-

105 2939 274 2993 dibus
307 2941 658 3006 expetentes,
692 2952 822 2990 cum
853 2935 933 2989 eis
963 2936 1062 3005 qui
1093 2935 1523 3005 appellarentur
1552 2933 1716 2986 electi
1759 2937 1815 2986 et

103 3026 311 3090 sancti,
346 3026 680 3079 atferremus
725 3040 898 3089 escas,
931 3024 1000 3078 de
1031 3023 1240 3093 quibus
1284 3021 1447 3076 nobis
1476 3021 1538 3075 in
1587 3021 1814 3075 officina

101 3115 421 3188 aqualiculi
450 3114 535 3169 sui
567 3114 908 3168 fabricarent
929 3113 1161 3183 angelos
1194 3115 1250 3166 et
1280 3112 1416 3166 deos
1461 3127 1563 3180 per
1583 3127 1723 3180 quos
1744 3110 1814 3163 li-

101 3207 476 3268 beraremur;
507 3208 561 3257 et
591 3203 846 3257 sectabar
871 3202 977 3255 ista
1006 3207 1177 3272 atque
1209 3200 1485 3255 faciebam
1515 3214 1644 3252 cum
1668 3198 1810 3251 ami-

100 3293 180 3347 cis
211 3291 383 3357 meis,
433 3308 536 3362 per
565 3308 656 3345 me
687 3308 748 3344 ac
777 3307 1004 3345 mecum
1059 3290 1328 3360 deceptis.
1391 3288 1675 3344 Irrideant
1715 3304 1806 3341 me

101 3386 464 3450 arrogantes,
519 3384 575 3434 et
606 3380 865 3434 nondum
897 3379 1198 3434 salubriter
1224 3377 1492 3449 prostrati
1541 3382 1598 3432 et
1627 3377 1750 3431 elisi
1779 3393 1813 3430 a

101 3475 179 3536 te,
215 3471 369 3524 Deus
389 3485 705 3539 meus;ego
731 3472 922 3523 tamen
952 3467 1226 3522 conﬁtear
1255 3467 1357 3522 tibi
1389 3467 1668 3521 dedecora
1685 3482 1813 3520 mea

100 3560 161 3612 in
193 3558 364 3612 laude
396 3563 510 3612 tua.
543 3557 674 3612 Sine
704 3574 818 3623 me,
854 3559 1107 3624 obsecro,
1131 3561 1186 3610 et
1217 3557 1289 3610 da
1319 3556 1460 3610 mihi
1509 3554 1809 3609 circumire

103 3647 380 3719 pra-senti
411 3647 688 3700 memoria
718 3646 1038 3716 prmteritos
1059 3646 1329 3700 circuitus
1361 3645 1567 3698 erroris
1599 3643 1732 3710 mei,
1757 3648 1813 3697 et

103 3737 406 3792 immolare
439 3735 543 3790 tibi
570 3736 812 3790 hostiam
864 3735 1242 3805 jubilationis.
1294 3733 1440 3799 Quid
1485 3731 1640 3786 enim
1684 3747 1812 3784 sum

104 3843 216 3897 ego
247 3825 390 3878 mihi
428 3824 546 3878 sine
571 3829 645 3891 te,
680 3825 790 3878 nisi
822 3825 933 3879 dux
965 3825 1023 3878 in
1054 3825 1348 3895 praeceps?
1372 3825 1483 3876 Aut
1513 3821 1648 3892 quid
1683 3836 1813 3874 sum

104 3931 238 3969 cum
273 3913 419 3968 mihi
458 3913 604 3967 bene
631 3919 735 3980 est,
770 3913 881 3967 nisi
910 3930 1118 3985 sugens
1169 3914 1254 3967 lac
1282 3917 1433 3980 tum;
1485 3916 1584 3965 aut
1621 3910 1811 3964 fruens

105 4011 158 4058 te
181 4003 309 4058 cibo
331 4002 430 4074 qui
453 4018 566 4056 non
588 4003 1020 4072 corrumpitur?
1037 4005 1100 4058 Et
1131 4003 1256 4074 quis
1271 4002 1442 4056 homo
1473 4006 1558 4055 est
1576 3999 1818 4071 quilibet

104 4095 311 4157 homo,
343 4107 474 4144 cum
504 4090 575 4144 sit
604 4089 814 4144 homo?
835 4090 942 4144 Sed
975 4089 1250 4144 irrideant
1289 4105 1392 4142 nos
1421 4088 1594 4142 fortes
1626 4092 1683 4141 et
1706 4102 1815 4156 po-

105 4186 324 4245 tentes,
357 4194 465 4232 nos
496 4183 687 4233 autem
715 4178 931 4232 inﬁrmi
970 4183 1026 4232 et
1054 4178 1255 4248 inopes
1289 4176 1663 4231 conﬁteamur
1691 4174 1811 4229 tibi.

801 4267 1025 4321 CAPUT
1069 4267 1140 4320 II.

107 4360 466 4415 Rhetoricam
505 4357 677 4418 docet,
711 4356 1058 4410 concubinam
1086 4357 1251 4420 fovet,
1296 4359 1344 4406 et
1381 4353 1681 4421 aruspicem
1722 4353 1818 4418 qui

439 4446 731 4501 victoriam
778 4445 1151 4516 promittebat,
1195 4443 1497 4497 contemnit.

183 4542 239 4591 2.
275 4535 560 4589 Docebam
580 4535 638 4588 in
661 4534 774 4588 illis
793 4533 958 4588 annis
979 4538 1162 4587 artem
1179 4530 1544 4594 rhetoricam,
1571 4533 1627 4583 et
1647 4527 1818 4581 victo-

109 4629 331 4682 riosam
349 4625 754 4696 loquacitatem
775 4624 954 4678 victus
970 4622 1279 4694 cupiditate
1299 4620 1635 4676 vendebam.
1660 4618 1822 4672 Male-

107 4717 243 4770 bam
279 4720 498 4774 tamen,
528 4713 787 4776 Domine,
811 4717 873 4766 tu
907 4712 1032 4776 scis,
1056 4710 1462 4765 bonosliabere
1494 4707 1818 4778 discipulos,

109 4805 261 4858 sicut
279 4803 647 4873 appellantur
663 4801 828 4856 boni:
854 4805 906 4855 et
928 4817 1023 4855 eos
1038 4800 1158 4854 sine
1186 4799 1316 4853 dolo
1331 4798 1604 4853 docebam
1627 4797 1785 4852 dolos
1806 4814 1819 4861 ;

109 4911 229 4948 non
263 4891 478 4962 quibus
505 4895 702 4945 contra
743 4895 916 4962 caput
947 4889 1266 4943 innocentis
1297 4891 1550 4958 agerent,
1581 4887 1679 4942 sed
1719 4885 1821 4940 ali-

111 4981 350 5055 quando
373 4997 480 5052 pro
501 4979 686 5050 capite
710 4979 983 5034 nocentis.
1010 4979 1088 5040 Et,
1111 4980 1280 5044 Deus,
1303 4977 1492 5032 vidisti
1509 4977 1577 5032 de
1600 4975 1822 5044 longin-

113 5088 232 5143 quo
263 5071 585 5139 lapsantem
609 5068 667 5121 in
701 5067 942 5134 lubrico,
967 5071 1021 5121 et
1045 5067 1103 5120 in
1124 5067 1306 5120 multo
1328 5065 1486 5120 fumo
1511 5063 1824 5118 scintillan-

113 5167 234 5215 tem
267 5159 443 5214 fidem
477 5173 687 5221 meam,
721 5173 894 5228 quam
927 5155 1336 5210 exhibebamin
1367 5154 1464 5208 illo
1496 5150 1825 5222 magisterio

115 5247 495 5319 diligentibus
525 5246 880 5312 vanitatem,
918 5249 972 5298 et
1009 5243 1397 5316 quaerentibus
1440 5241 1824 5305 mendacium,

119 5337 310 5391 socius
349 5352 569 5390 eorum.
605 5337 670 5390 In
698 5334 812 5388 illis
843 5333 1008 5388 annis
1053 5349 1230 5387 unam
1275 5332 1579 5396 habebam,
1617 5345 1731 5383 non
1761 5345 1828 5384 eo

123 5426 279 5497 quod
305 5424 632 5496 legitimum
655 5429 908 5492 vocatur,
926 5422 1194 5493 conjugio
1215 5421 1526 5492 cognitam,
1547 5419 1640 5474 sed
1659 5434 1830 5490 quam

193 5553 202 5581 '
245 5549 370 5598 Bad.
408 5549 522 5598 Am.
553 5547 638 5596 Er.
667 5551 718 5596 et
747 5547 894 5605 Lov.,
930 5547 1246 5596 certamina.

1929 1867 2297 1940 indagaverat
2333 1885 2500 1940 vagus
2526 1869 2711 1937 ardor,
2751 1870 2916 1940 inops
2946 1870 3291 1941 prudentiae;
3326 1872 3421 1925 sed
3455 1889 3629 1927 uuam

1930 1961 2144 2021 tamen,
2180 1958 2232 2012 ei
2263 1975 2492 2030 quoque
2523 1975 2750 2012 servans
2781 1959 2891 2013 tori
2915 1959 3122 2013 ﬁdem:
3157 1959 3215 2012 in
3246 1976 3356 2030 qua
3379 1977 3513 2015 sane
3537 1977 3627 2014 cx-

1929 2046 2150 2116 perirer
2165 2048 2425 2118 exemplo
2443 2064 2590 2114 meo,
2613 2047 2746 2117 quid
2767 2047 3487 2120 distarctinterconjugalis
3511 2051 3628 2120 pla-

1932 2137 2028 2192 citi
2075 2138 2312 2191 modum
2352 2139 2506 2208 quod
2539 2131 2872 2191 {uideratum
2902 2141 3049 2190 esset
3076 2138 3388 2208 generandi
3419 2139 3623 2208 gratia,

1929 2231 1984 2280 et
2012 2231 2239 2298 pactum
2281 2225 2567 2280 libidinosi
2600 2225 2830 2290 amoris,
2865 2225 2965 2279 ubi
2998 2227 3184 2297 proles
3215 2227 3386 2280 etiam
3428 2231 3627 2281 contra

1927 2318 2121 2369 votum
2167 2315 2437 2381 nascitur,
2489 2315 2768 2385 quamvis,
2804 2315 2924 2384 jam
2970 2319 3099 2368 nata
3147 2320 3312 2385 cogat
3337 2332 3393 2368 se
3438 2315 3622 2386 diligi.

1999 2409 2056 2460 3.
2099 2406 2304 2460 Recolo
2345 2405 2539 2472 etiam,
2571 2421 2700 2458 cum
2732 2403 2874 2458 mihi
2900 2404 3157 2458 theatrici
3189 2404 3456 2458 carminis
3503 2422 3622 2459 cer-

1926 2499 2121 2548 tamen
2138 2494 2282 2548 inire
2300 2493 2625 2564 placuisset,
2643 2493 2938 2547 mandasse
2954 2493 3093 2548 mihi
3112 2494 3298 2548 nescio
3312 2511 3483 2565 quem
3500 2511 3625 2548 aru-

1927 2583 2160 2654 spicem,
2187 2582 2322 2654 quid
2343 2583 2394 2636 ei
2419 2583 2551 2636 dare
2576 2582 2852 2636 mercedis
2872 2583 3078 2636 vellem
3097 2587 3163 2636 ut
3191 2583 3507 2650 vincerem;
3533 2600 3623 2638 me

1926 2677 2115 2726 autem
2149 2673 2296 2726 fo:da
2327 2672 2426 2725 illa
2473 2676 2824 2725 sacramenta
2854 2671 3193 2724 detestatum
3225 2677 3282 2724 et
3329 2672 3621 2725 abomina-

1924 2765 2044 2815 tum
2078 2760 2458 2832 respondisse,
2491 2777 2594 2814 nec
2618 2759 2663 2812 si
2697 2776 2905 2812 corona
2925 2760 3019 2812 illa
3049 2764 3195 2813 esset
3224 2760 3624 2814 immortaliter

1925 2867 2119 2915 aurea,
2143 2866 2392 2903 muscam
2423 2865 2526 2919 pro
2552 2848 2782 2901 victoria
2807 2864 2931 2901 mea
2956 2848 3146 2901 necari
3169 2863 3257 2900 me
3285 2847 3488 2901 sinere.
3529 2850 3623 2901 Nc-

1923 2944 2148 2992 caturus
2177 2938 2328 2990 enim
2353 2941 2473 2990 erat
2504 2937 2597 2990 ille
2621 2937 2680 2990 in
2721 2937 3010 2990 sacrificiis
3051 2937 3164 2988 suis
3206 2935 3532 2998 animantia,
3566 2941 3622 2989 et

1921 3027 2032 3082 illis
2062 3027 2378 3080 honoribus
2403 3025 2740 3080 invitaturus
2772 3026 2911 3080 mihi
2933 3027 3312 3095 suffragatore.
3339 3025 3620 3079 daemonia

1921 3116 2234 3170 videbatur.
2269 3115 2376 3169 Sed
2409 3116 2516 3169 hoc
2565 3132 2791 3187 quoque
2823 3116 3039 3169 malum
3071 3131 3189 3168 non
3221 3132 3286 3169 ex
3312 3119 3410 3168 tua
3452 3114 3619 3168 casti-

1920 3208 2033 3258 tate
2066 3202 2083 3236 ¹
2111 3203 2424 3276 repudiavi,
2453 3206 2597 3259 Deus
2628 3206 2808 3259 cordis
2837 3205 2970 3260 mei.
3007 3206 3127 3259 Non
3152 3204 3305 3258 enim
3339 3219 3528 3258 amare
3559 3207 3614 3257 te

1921 3310 2206 3354 noveram.
2243 3294 2341 3365 qui
2363 3293 2468 3348 nisi
2498 3295 2749 3364 fulgores
2771 3310 3070 3365 corporeos
3097 3293 3346 3365 cogitare
3373 3310 3488 3347 non
3518 3308 3615 3346 no-

1918 3399 2129 3437 veram.
2152 3383 2380 3437 Talibus
2399 3384 2550 3437 enim
2574 3384 2860 3452 ﬁgmentis
2879 3383 3168 3453 suspirans
3193 3382 3403 3448 animo,
3425 3397 3616 3436 nonne

1919 3471 2234 3527 fornicatur
2260 3473 2358 3526 abs
2408 3477 2484 3541 te,
2515 3477 2569 3526 et
2620 3473 2745 3527 ﬁdit
2777 3473 2836 3526 in
2866 3473 3038 3537 falsis,
3072 3476 3128 3525 et
3157 3471 3335 3541 pascit
3382 3469 3617 3524 ventos?

1921 3562 2029 3616 Sed
2079 3561 2340 3615 videlicet
2377 3561 2680 3615 sacrificari
2718 3578 2821 3631 pro
2853 3578 2943 3614 me
2975 3562 3188 3614 nollem
3237 3559 3614 3620 daemonibus,

1923 3651 2128 3720 quibus
2175 3665 2264 3702 me
2295 3649 2391 3704 illa
2441 3650 2845 3718 superstitione
2889 3650 3009 3720 ipse
3042 3649 3442 3703 sacriﬁcabam.
3471 3646 3617 3710 Quid

1923 3744 2006 3793 est
2047 3738 2199 3792 enim
2252 3738 2428 3807 aliud,
2473 3744 2650 3794 ventos
2699 3755 2917 3807 pascere
2963 3739 3113 3805 (Osce
3154 3753 3248 3804 xu,
3323 3738 3392 3804 1),
3445 3749 3616 3806 quam

1922 3828 2074 3899 ipsos
2099 3843 2356 3898 pascere;
2392 3829 2497 3882 hoc
2535 3832 2638 3895 est,
2673 3827 2916 3882 errando
2947 3828 3027 3882 eis
3069 3844 3188 3883 esse
3225 3825 3506 3898 voluptati
3535 3827 3616 3878 at-

1924 3933 2035 3989 que
2057 3916 2310 3971 derisui?

2596 4025 2821 4080 CAPUT
2848 4025 2945 4080 ΙΙΙ.

1925 4133 2011 4188 ΑΙ)
2038 4130 2339 4198 astrologia
2368 4132 2457 4184 cui
2495 4129 2708 4184 deditus
2739 4135 2877 4199 erat,
2915 4146 3013 4199 per
3041 4145 3215 4185 senem
3261 4131 3537 4185 medicina:
3573 4133 3622 4182 et

2388 4235 2568 4273 rerum
2592 4221 2833 4288 peritum
2860 4225 3163 4274 revocatur.

1997 4331 2048 4382 4.
2097 4327 2340 4396 Ideoque
2393 4324 2518 4379 illos
2559 4326 2762 4394 planos
2795 4324 2838 4385 ³.
2873 4342 3017 4396 quos
3046 4323 3479 4379 mathematicos
3527 4338 3621 4375 vo-

1928 4421 2079 4478 cant,
2097 4417 2265 4486 plane
2287 4415 2584 4467 consulere
2611 4430 2727 4468 non
2748 4413 3114 4479 desistebam,
3137 4411 3289 4482 quod
3312 4410 3473 4479 quasi
3496 4410 3623 4464 nul-

1926 4507 2050 4561 lum
2075 4505 2156 4560 eis
2187 4509 2334 4559 esset
2367 4504 2728 4569 sacriﬁcium,
2758 4508 2812 4557 et
2853 4505 3024 4557 nullas
3055 4517 3246 4572 preces
3278 4501 3348 4554 ad
3376 4499 3626 4569 aliquem

1930 4595 2193 4667 spiritum
2224 4594 2296 4648 ob
2327 4593 2739 4648 divinationem
2793 4591 3204 4661 dirigerentur:
3243 4588 3394 4659 quod
3436 4593 3628 4642 tamen

1930 4684 2240 4739 christiana
2273 4687 2331 4737 et
2361 4697 2494 4736 vera
2524 4681 2701 4753 pietas
2733 4682 3148 4750 consequenter
3174 4675 3400 4746 repellit
3429 4679 3488 4728 et
3527 4675 3628 4729 da-

1931 4776 2109 4828 mnat.
2145 4774 2364 4827 Bonum
2396 4774 2480 4826 est
2509 4769 2661 4824 enim
2693 4767 2948 4821 confiteri
2983 4765 3108 4828 tibi,
3140 4764 3398 4829 Domine,
3453 4767 3508 4817 et
3545 4762 3625 4817 di-

1932 4878 2078 4928 cere,
2103 4864 2354 4916 Misere-re
2374 4862 2507 4925 mei;
2533 4875 2662 4913 cura
2679 4859 2915 4911 animam.
2932 4871 3122 4921 meam,
3141 4856 3394 4924 quoniam
3413 4867 3630 4922 peccavi

1936 4952 2035 5006 tibi
2064 4951 2226 5020 (Psal.
2253 4967 2339 5014 XL,
2387 4951 2467 5016 Ei);
2503 4963 2687 5018 neque
2725 4946 2792 4999 ad
2837 4945 3124 4999 licentiam
3173 4941 3444 5014 peccandi
3476 4939 3631 4995 abuti

1936 5040 2291 5109 indulgentia
2321 5042 2439 5103 tua,
2473 5037 2567 5090 sed
2598 5033 2925 5090 meminisse
2954 5033 3256 5088 dominicas
3294 5031 3465 5093 vocis,
3504 5032 3634 5083 Ecce

2003 5167 2013 5197 ¹
2051 5163 2174 5211 Bad.
2200 5163 2313 5210 Ani.
2345 5166 2396 5209 et
2425 5160 2507 5208 Er.
2541 5159 2886 5216 substituunt,
2915 5157 3197 5207 charitale.

1999 5226 2023 5258 ²
2037 5227 2094 5274 In
2112 5224 2423 5286 quibusdam
2437 5221 2777 5286 editionibus.
2798 5213 3111 5286 plantarios.
3128 5220 3200 5267 Ita
3215 5218 3266 5286 in
3283 5218 3394 5278 ipsa
3406 5213 3633 5286 editione

1942 5274 2363 5342 Lavani'ensium,
2397 5299 2486 5346 per
2506 5274 2954 5347 typograph'orum
2989 5274 3350 5347 oscitantiam;
3378 5274 3633 5347 pumilo-

1975 5350 2148 5400 uidem
2169 5350 2222 5396 in
2238 5349 2345 5396 suis
2356 5337 2796 5405 castigatio-nibus
2809 5346 2956 5394 aiunt
2968 5345 3160 5393 rectius
3172 5338 3446 5406 viderisibi
3461 5337 3636 5406 legen-

1975 5366 2148 5400 niuem
2169 5366 2222 5396 In
2238 5366 2345 5396 SUIS
2363 5366 2796 5405 ῠᾶδιιβζδιιυωυυδ
2809 5366 2956 5394 uiuum
2968 5366 3092 5393 Γυυιι
3102 5366 3160 5390 ua
3177 5366 3308 5388 νιυῠι
3321 5366 3334 5386 ι
3349 5366 3446 5384 nun
3462 5366 3631 5397 ισμσιι-

1939 5366 2065 5461 ilum
2088 5413 2296 5471 planos,
2319 5410 2367 5458 id
2393 5413 2471 5473 est
2499 5409 2829 5473 impostores,
2847 5422 2951 5473 quo
2974 5406 3186 5454 nomine
3203 5399 3487 5473 appellatos
3508 5398 3631 5473 oliui

1942 5460 2102 5522 fuisse
2133 5460 2541 5522 Mathematicos.
2561 5460 2730 5535 palam
2763 5460 2987 5519 est-Hoc
3006 5480 3160 5535 porro
3187 5460 3376 5535 nomen
3394 5460 3522 5508 alias
3543 5460 3633 5535 ad,-

1946 5537 2088 5587 bibet
2122 5535 2465 5597 Augustinus,
2497 5524 2716 5584 ut'libro
2742 5536 2769 5581 3
2799 5537 2980 5583 contra
3007 5524 3364 5579 'Academicos,
3407 5535 3519 5582 cap.
3559 5524 3632 5569 tri.
