4022 6176
432 208 536 260 69ἱὶ

427 340 593 381 sanus
623 328 803 392 factus
831 340 913 390 es;
946 325 1060 394 jam
1089 325 1200 378 noli
1226 337 1464 392 peccare,
1503 336 1568 374 ne
1597 319 1731 390 quid
1758 319 1859 374 tibi
1898 319 2131 374 deterius

427 417 707 481 contingat
737 415 914 485 (Joan.
949 431 1000 480 v,
1038 415 1145 482 14).
1181 413 1364 477 Quam
1391 416 1568 464 totam
1618 409 1702 462 illi
1733 407 2130 463 salubritatem

427 505 746 559 interﬁcere
797 508 1094 569 conantur,
1141 517 1271 554 cum
1317 499 1538 554 dicunt:
1597 499 1674 551 De
1704 497 1846 552 casio
1896 497 2002 551 tibi
2048 502 2134 552 est

430 592 770 647 inevitabilis
798 608 966 646 causa
995 589 1292 662 peccandi;
1336 592 1412 656 et,
1461 587 1652 641 Venus
1682 587 1787 640 hoc
1837 585 1990 654 fecit,
2036 589 2135 639 aut

433 683 728 747 Saturnus,
761 685 859 735 aut
896 681 1057 734 Mars.
1102 677 1342 742 Scilicet,
1373 682 1439 730 ut
1472 675 1644 729 homo
1672 675 1806 740 sine,
1823 675 1991 745 culpa
2040 674 2131 743 sit,

433 788 562 826 caro
594 775 649 825 et
677 769 906 840 sanguis
926 773 981 822 et
1009 766 1255 838 superba
1294 764 1566 836 putredo;
1599 764 1918 835 culpandus
1950 763 2024 818 sit
2041 779 2132 818 au-

432 865 544 914 tem
580 859 703 914 coeli
733 875 796 911 ac
817 857 1067 912 siderum
1097 859 1316 909 creator
1341 859 1397 908 et
1428 852 1746 907 ordinator.
1783 854 1846 907 Et
1876 852 2005 923 quis
2052 857 2136 907 est

434 949 545 1007 hic.
579 947 689 1001 nisi
720 948 866 1026 Deus
895 949 1106 1007 noster,
1141 943 1387 997 suavitas
1422 946 1478 996 et
1517 941 1676 1013 origo
1717 941 1980 1012 justitiaz,
2033 941 2134 1012 qui

432 1036 622 1091 reddis
668 1034 978 1106 unicuique
1031 1033 1345 1087 secundum
1388 1047 1562 1102 opera
1609 1030 1734 1100 ejus
1783 1029 1978 1100 (Matii.
2019 1046 2133 1097 xvr,

433 1125 544 1195 ‘27).
589 1130 645 1178 et
682 1139 777 1177 cor
815 1122 1125 1177 contritum
1170 1125 1226 1176 et
1271 1120 1643 1175 humiliatum
1693 1136 1811 1174 non
1870 1119 2136 1190 spernis?

439 1212 606 1283 (Psal.
640 1229 688 1274 ι,
731 1213 829 1281 19.)

505 1306 558 1356 5.
621 1303 752 1355 Erat
807 1315 873 1354 eo
907 1302 1166 1369 tempore
1221 1298 1304 1352 vir
1356 1313 1529 1368 sagax
1591 1298 1679 1367 (α),
1730 1297 1966 1351 medicae
2001 1295 2139 1350 artis

435 1389 836 1462 peritissimus,
869 1375 1038 1458 atque
1076 1387 1135 1440 in
1166 1403 1233 1440 ea
1261 1385 1672 1450 nobilissimus,
1707 1385 1807 1456 qui
1854 1401 1958 1455 pro
2005 1399 2139 1438 con-

440 1480 561 1532 sule
591 1475 612 1510 ¹
631 1493 808 1532 manu
839 1491 941 1529 sua
969 1490 1238 1528 coronam
1267 1474 1426 1528 illam
1455 1473 1831 1544 agonisticam
1854 1473 2141 1544 imposue-

439 1573 527 1622 rat
553 1583 668 1621 non
713 1581 849 1619 sano
880 1564 1053 1635 capiti
1099 1580 1247 1632 meo,
1280 1564 1376 1617 sed
1407 1579 1522 1616 non
1555 1567 1617 1615 ut
1653 1561 1935 1616 medicus.
1996 1561 2139 1615 Nam

440 1654 593 1707 illius
622 1652 808 1706 morbi
837 1656 900 1705 tu
920 1655 1166 1713 senator,
1200 1650 1299 1720 qui
1336 1648 1548 1702 resistis
1575 1648 1856 1718 superbis,
1901 1647 2139 1701 humili-

443 1743 548 1796 bus
577 1745 768 1795 autem
824 1740 921 1793 das
956 1738 1198 1808 gratiam
1230 1740 1274 1804 (Ι
1304 1741 1452 1793 Pctr.
1492 1754 1541 1800 v,
1609 1737 1683 1806 ὅ).
1734 1737 2020 1807 Numquid
2071 1741 2145 1790 ta.

445 1847 579 1885 men
603 1829 775 1884 etiam
805 1844 907 1899 per
936 1827 1100 1881 illum
1140 1842 1337 1880 senem
1372 1825 1601 1879 defuisti
1635 1825 1798 1891 mihi,
1845 1831 1946 1880 aut
1981 1825 2146 1880 desti-

443 1918 560 1974 tisti
601 1916 818 1972 mederi
849 1917 1053 1970 anima:
1084 1916 1265 1970 meas?
1306 1915 1449 1980 Quia
1480 1915 1633 1968 enim
1664 1915 1844 1968 factus
1884 1914 1936 1968 ei
1988 1930 2146 1968 eram

444 2006 797 2073 familiarior,
823 2011 877 2060 et
907 2005 1028 2075 ejus
1059 2003 1417 2058 sermonibus
1460 2006 1644 2071 (erant
1672 2003 1828 2057 enim
1859 2003 1981 2056 sine
2021 2020 2146 2058 ver-

445 2099 650 2152 borum
674 2096 832 2149 cultu
869 2093 1162 2148 vivacitate
1197 2092 1611 2146 sententiarum
1639 2091 1878 2162 jucundi
1917 2098 1974 2146 et
2017 2109 2147 2164 gra-

443 2186 558 2253 ves)
599 2182 859 2237 assiduus
902 2186 958 2235 et
1003 2181 1146 2234 ﬁxus
1188 2181 1569 2246 inhazrebam;
1618 2179 1716 2233 ubi
1768 2180 2038 2250 cognovit
2078 2197 2145 2234 ex

446 2271 731 2342 colloquio
755 2286 882 2324 meo
915 2269 1078 2323 libris
1093 2269 1586 2338 genethliacorum
1611 2284 1729 2321 esse
1753 2283 1843 2321 me
1866 2267 2144 2330 deditum,

447 2359 695 2429 benigne
727 2375 792 2412 ac
826 2363 1064 2429 paterna
1103 2356 1328 2410 monuit
1356 2360 1418 2409 ut
1448 2373 1544 2410 eos
1577 2356 1906 2426 abjicerem,
1961 2369 2150 2425 neque

448 2464 644 2502 curam
674 2451 728 2501 et
747 2463 980 2517 operam
1006 2447 1174 2499 rebus
1204 2445 1442 2499 utilibus
1462 2445 1859 2508 necessariam,
1885 2445 1969 2499 illi
1988 2443 2147 2498 vani-

449 2537 554 2592 tati
584 2537 793 2591 frustra
813 2535 1236 2606 impenderem:
1271 2534 1461 2587 dicens
1481 2534 1560 2587 ita
1591 2550 1648 2586 se
1679 2533 1836 2588 illam
1859 2533 2145 2599 didicisse,

452 2630 514 2679 ut
544 2625 666 2695 ejus
695 2623 1104 2695 professionem
1133 2621 1333 2694 primis
1363 2621 1527 2675 annis
1558 2621 1738 2676 aetatis
1767 2638 1884 2676 sua:
1931 2621 2150 2676 deferre

450 2714 742 2779 voluisset,
774 2730 888 2784 qua
916 2712 1087 2766 vitam
1118 2711 1383 2782 degeret;
1423 2715 1480 2766 et
1527 2710 1574 2764 si
1612 2712 2016 2782 Hippocratem
2061 2711 2149 2763 in-

449 2803 774 2869 tellexisset,
829 2806 886 2855 et
935 2801 1060 2855 illas
1106 2800 1306 2870 utique
1353 2799 1569 2854 litteras
1617 2800 1868 2870 potuisse
1937 2799 2152 2854 intelli-

451 2907 586 2963 gere
616 2894 669 2944 ἐ
703 2895 760 2944 et
816 2894 1008 2943 tamen
1031 2904 1144 2942 non
1171 2889 1243 2942 ob
1270 2887 1440 2941 aliam
1471 2904 1698 2941 causam
1726 2903 1783 2941 se
1814 2893 2032 2957 postea,
2083 2887 2152 2940 il-

451 2981 518 3034 lis
549 2979 758 3034 relictis
789 2978 1134 3033 medicinam
1166 2981 1511 3041 assecutum,
1535 2975 1646 3029 nisi
1677 2977 1827 3046 quod
1859 2992 1952 3029 eas
1969 2974 2153 3030 falsis-

450 3069 623 3124 simas
670 3067 1058 3137 comperisset,
1111 3070 1168 3120 et
1215 3067 1393 3120 nollet
1435 3065 1519 3118 vir
1567 3064 1754 3135 gravis
1797 3063 2146 3134 decipiendis

451 3156 784 3212 hominibus
806 3156 1018 3209 victum
1043 3170 1319 3226 quaerere.
1353 3155 1427 3207 At
1450 3158 1527 3220 ut,
1551 3153 1760 3223 inquit,
1791 3169 1896 3220 quo
1915 3157 1961 3206 te
1983 3155 2040 3206 in
2059 3154 2153 3206 ho-

448 3245 684 3300 minibus
713 3248 981 3298 sustentas
1003 3241 1046 3308 ⁵,
1069 3243 1392 3296 rhetoricam
1425 3246 1598 3305 tenes;
1625 3243 1762 3294 hanc
1793 3247 1972 3294 autem
1989 3242 2155 3307 falla-

453 3337 592 3388 ciam
619 3334 783 3387 libero
811 3331 1010 3395 studio,
1029 3346 1133 3385 non
1154 3332 1462 3385 necessitate
1483 3332 1564 3384 rei
1579 3331 1878 3397 familiaris
1909 3333 2153 3400 sectaris,

454 3439 558 3492 quo
584 3425 755 3490 magis
785 3423 920 3476 mihi
951 3427 998 3475 te
1027 3426 1232 3490 oportet
1263 3420 1328 3473 de
1358 3421 1456 3473 illa
1487 3420 1718 3484 credere,
1772 3423 1868 3489 qui
1896 3436 2013 3474 eam
2045 3426 2155 3474 tam

448 3514 686 3584 perfecte
713 3511 910 3566 discere
943 3511 1238 3576 elaboravi,
1272 3525 1437 3580 quam
1453 3525 1520 3563 ea:
1542 3525 1602 3564 ea
1632 3510 1746 3563 sola
1773 3511 1950 3563 vivere
1987 3510 2152 3563 colui.

450 3605 498 3655 Α
528 3619 641 3674 quo
673 3616 780 3672 ego
811 3618 939 3655 cum
971 3600 1299 3672 quaesissem
1333 3614 1461 3670 quae
1493 3613 1662 3652 causa
1689 3613 1828 3668 ergo
1853 3598 2066 3653 faceret
2095 3603 2158 3652 ut

451 3691 629 3744 multa
683 3689 815 3744 inde
847 3706 976 3743 vera
1004 3689 1550 3760 pronuntiarentur;
1594 3687 1886 3758 respondit
1919 3687 2034 3754 ille,
2095 3691 2159 3740 ut

451 3777 660 3847 potuit,
688 3777 801 3830 vim
828 3777 991 3830 sortis
1023 3778 1127 3830 hoc
1164 3776 1348 3830 facere
1380 3775 1440 3828 in
1471 3791 1664 3828 rerum
1694 3779 1898 3828 natura
1930 3791 2145 3845 usque-

454 3881 569 3935 qua
588 3880 683 3933 jue
715 3863 1000 3918 dilfusam.
1033 3863 1089 3918 Si
1129 3863 1286 3917 enim
1326 3863 1395 3917 de
1429 3863 1654 3932 paginis
1683 3861 1706 3896 ’³
1737 3868 1919 3933 poetae
1962 3863 2156 3932 cujus-

452 3951 611 4022 piam
662 3951 830 4020 longe
865 3950 1022 4004 aliud
1081 3951 1336 4004 canentis
1392 3955 1562 4020 atque
1615 3949 1984 4016 intendentis,
2026 3967 2155 4005 cum

453 4039 596 4094 forte
619 4038 746 4109 quis
777 4038 1045 4105 consulit,
1069 4038 1411 4092 mirabiliter
1439 4053 1720 4091 consonus
1749 4039 1974 4108 negotio
2006 4055 2157 4110 smpe

454 4144 648 4182 versus
701 4127 909 4193 exiret;
962 4126 1291 4181 mirandum
1353 4142 1472 4180 non
1515 4142 1637 4180 esse
1696 4125 1938 4194 dicebat,
1999 4127 2046 4181 si
2092 4145 2161 4183 ex

452 4216 642 4271 anima
668 4217 939 4282 humana,
973 4215 1266 4286 superiore
1295 4216 1485 4286 aliquo
1538 4215 1830 4276 instinctu,
1873 4215 2158 4270 nesciente

451 4307 590 4379 quid
636 4305 697 4360 in
727 4322 784 4359 se
815 4307 999 4374 ﬁeret,
1039 4321 1155 4359 non
1186 4311 1306 4358 arte
1341 4305 1438 4359 sed
1468 4310 1621 4359 sorte
1675 4311 1906 4360 sonaret
1939 4305 2157 4377 aliquid

454 4396 612 4467 quod
648 4394 1058 4465 interrogantis
1088 4395 1258 4448 rebus
1287 4393 1565 4464 factisque
1595 4394 1942 4448 concineret.

525 4489 576 4539 6.
609 4486 674 4540 Et
710 4485 818 4539 hoc
847 4485 1078 4555 quidem
1109 4485 1178 4537 ab
1218 4483 1316 4536 illo
1347 4483 1434 4536 vel
1474 4498 1580 4552 per
1626 4482 1791 4536 illum
1842 4485 2157 4554 procurasti

456 4573 619 4628 mihi.
653 4575 718 4628 Et
763 4574 900 4645 quid
929 4573 1046 4645 ipse
1077 4578 1272 4644 postea
1305 4588 1406 4643 per
1445 4587 1537 4625 me
1577 4571 1767 4642 ipsum
1816 4589 2154 4643 quaererem,

457 4661 519 4716 in
551 4663 828 4716 memoria
853 4679 982 4716 mea
1011 4661 1332 4718 delineasti.
1365 4662 1520 4714 Tunc
1543 4665 1734 4714 autem
1757 4677 1860 4715 nec
1889 4661 2034 4732 ipse,
2055 4679 2158 4716 nec

526 4886 536 4916 ¹
578 4884 687 4932 Pro
705 4883 946 4955 comula,
965 4885 1117 4955 juxta
1135 4885 1218 4955 Er.
1241 4884 1404 4948 Lugd.
1430 4885 1557 4933 Ven.
1586 4885 1848 4934 Beuedict.
1867 4886 2159 4938 Proronsul

459 4956 667 4996 emanu
694 4958 810 5004 sua,
834 4947 987 5006 juxta
1012 4948 1134 4994 Lov.
1161 4947 1224 4994 M.

523 5008 543 5042 ³
574 5006 656 5056 Sic
687 5006 968 5068 legendum
988 5022 1109 5056 cum
1127 5008 1252 5056 Mss.
1277 5009 1429 5068 Angl.
1451 5036 1509 5044 —
1530 5009 1615 5059 Sic
1637 5008 1792 5057 etiam
1811 5008 1964 5068 juxta
1980 5013 2007 5057 6
2029 5011 2152 5058 Mss.

523 5023 543 5042 ³
574 5023 656 5056 mc
687 5023 968 5068 regendum
988 5023 1109 5056 cum
1127 5023 1252 5056 mss.
1277 5023 1351 5058 an
1395 5023 1429 5058 ι.
1451 5036 1509 5044 -
1530 5023 1615 5059 Sic
1637 5023 1792 5057 etiam
1838 5023 1964 5056 una
1980 5023 2007 5057 υ
2029 5023 2152 5058 Mss.

460 5069 947 5183 Expeﬁggpt.1cum3
973 5070 1076 5118 Mss
1115 5108 1126 5127 ,
1157 5075 1210 5119 et
1237 5023 1405 5120 Rong.
1429 5083 1549 5120 cum
1572 5074 1598 5120 4
1625 5071 1744 5120 Mss.
1777 5023 1844 5119 lii.
1874 5071 2157 5134 [Potuisset

459 5145 763 5194 mreuzgere.
771 5145 785 5192 λ

519 5199 540 5229 ³
569 5190 862 5249 sustentes,
883 5190 1033 5252 juxta
1059 5194 1178 5242 Lov.
1211 5198 1264 5243 et
1286 5195 1453 5243 Rond.
1486 5195 1558 5244 M.

518 5260 539 5292 ι
563 5257 714 5321 Apud
734 5258 848 5321 Am.
870 5255 953 5303 Er.
968 5255 1154 5321 e_t_Lov.
1177 5255 1241 5306 de
1255 5257 1502 5319 Pagam's,
1517 5257 1728 5321 quibus,
1751 5271 2023 5321 perperam
2046 5259 2155 5308 suf-

461 5318 732 5381 fragantur
761 5318 972 5381 aliquot
989 5318 1112 5381 Mss.
1341 5318 1346 5319 ⁷
1407 5380 1411 5381 ί
1533 5318 1548 5321 “
1627 5359 1632 5366 .

520 5380 588 5442 (α)
603 5383 826 5439 Scilicet,
843 5380 1185 5445 Vindicianus
1197 5393 1259 5427 ex
1275 5380 1486 5445 nomine
1495 5382 1984 5445 posteadesignatus
1998 5383 2088 5433 lib.
2103 5387 2150 5442 'l,

459 5447 730 5555 Πδὼὲι
751 5446 817 5494 ab
843 5443 1138 5508 Augustino
1169 5441 1477 5491 laudatusin
1491 5441 1650 5506 Epist.
1668 5441 1984 5504 l38,ﬁ.3,ad
2022 5447 2153 5495 Mer-

1630 197 1763 252 CON
1776 197 2061 251 FESSION
2075 197 2169 252 [ΞΜ

2353 195 2756 251 AUGUS’l‘lNl.
3779 216 3849 252 tam

2243 319 2610 376 charissimus
2665 335 2829 376 meus
2895 321 3222 384 Nebridius,
3265 322 3571 378 adolescens
3613 327 3746 380 valde
3785 303 3866 383 ill)"

2242 426 2350 465 nus
2379 415 2436 465 et
2460 408 2624 464 valde
2663 414 2880 476 cautus,
2911 413 2927 447 ¹
2961 409 3210 465 irrid‘cns
3240 415 3421 465 totum
3464 411 3588 467 illud
3619 414 3853 470 divinatio-

2246 500 2334 554 nis
2363 516 2565 572 genus,
2597 500 2943 571 persuadere
2970 500 3113 554 mihi
3143 505 3452 570 potuerunt
3486 506 3542 556 ut
3568 503 3678 557 hinc
3709 503 3856 574 abjice-

2243 606 2398 644 rem:
2439 589 2711 660 quoniam
2752 605 2844 644 me
2887 590 3134 660 amplius
3184 589 3438 661 ipsorum
3485 596 3744 646 auctorum
3779 609 3858 647 me

2245 680 2413 734 vebat
2431 680 2772 746 auctoritas;
2801 683 2858 734 et
2886 681 3111 735 nullum
3161 685 3382 735 certum
3419 681 3570 750 quale
3597 683 3860 752 quaerebam

2247 768 2654 823 documentum
2679 769 2859 822 adhuc
2881 769 3231 837 inveneram,
3247 785 3359 840 quo
3376 768 3506 822 mihi
3523 769 3629 822 sine
3642 771 3863 840 ambigui-

2245 863 2360 913 tate
2407 862 2731 928 appareret,
2763 860 2982 929 quael)
3013 858 3094 912 eis
3125 857 3398 912 consultis
3436 873 3557 910 vera
3589 857 3862 924 dicerentur,

2247 950 2389 1003 forte
2430 947 2516 1002 vel
2540 952 2711 1013 sorte,
2749 963 2865 1002 non
2904 951 3023 1000 arte
3068 945 3457 1016 inspectorum
3503 945 3727 999 siderum
3769 946 3862 1000 dici.

2926 1036 3152 1091 CAPUT
3188 1036 3278 1089 ιν.

2247 1125 2487 1180 Morbum
2517 1133 2568 1179 et
2598 1125 2925 1193 baptismum
2944 1126 3110 1179 amici
3142 1128 3366 1189 narrat,
3398 1139 3547 1192 quem
3570 1126 3714 1178 etiam
3729 1131 3816 1181 suis

2320 1213 2592 1268 erroribus
2622 1215 2949 1279 involverat;
2987 1226 3150 1281 eoque
3181 1217 3352 1266 morte
3379 1213 3597 1277 sublato,
3633 1214 3753 1268 dolet
3773 1231 3863 1281 gra-

2319 1306 2556 1358 vissime.
2589 1303 2862 1357 Mirabilis
2892 1303 3143 1371 efficacia
3175 1303 3501 1356 sacramenti
3525 1303 3773 1370 Baptismi.

2319 1397 2373 1446 ‘7.
2407 1394 2472 1446 In
2503 1392 2612 1445 illis
2643 1392 2828 1457 annis,
2861 1407 2973 1463 quo
3016 1390 3277 1462 primum
3309 1395 3558 1461 tempore
3593 1391 3646 1443 in
3687 1392 3864 1444 munici-

2253 1482 2347 1553 pio
2376 1498 2490 1552 quo
2535 1485 2702 1534 natus
2734 1497 2859 1534 sum
2890 1480 3092 1534 docere
3125 1495 3434 1551 coeperam,
3484 1495 3864 1550 comparaveram

2252 1579 2500 1633 amicum
2531 1577 2796 1632 societate
2844 1577 3167 1631 studiorum
3195 1576 3368 1631 nimis
3410 1577 3653 1642 charum,
3679 1593 3861 1630 coetum

2254 1668 2396 1722 mihi
2429 1674 2485 1722 et
2516 1668 2921 1722 conllorentem
2954 1669 3094 1721 ﬁore
3126 1665 3540 1721 adolescentias.
3565 1666 3751 1720 Mecum
3767 1683 3863 1736 puer

2255 1761 2526 1823 creverat,
2559 1761 2614 1810 et
2643 1755 2858 1826 pariter
2891 1755 2950 1810 in
2981 1756 3241 1810 scholam
3309 1754 3570 1820 ieramus,
3619 1755 3866 1825 pariterque

2256 1848 2600 1901 luseramus.
2647 1845 2757 1899 Sed
2782 1845 3041 1898 nondum
3085 1848 3210 1897 erat
3235 1843 3317 1897 sic
3343 1842 3568 1908 amicus,
3617 1858 3863 1914 quanquam

2257 1952 2328 1990 ne
2360 1939 2495 1988 tunc
2525 1933 2756 2005 quidem
2787 1932 2950 1987 sicuti
2979 1938 3062 1987 est
3090 1949 3227 1987 vera
3257 1931 3540 1998 amicitia;
3571 1932 3690 2002 quia
3709 1937 3864 1984 nonest

2258 2041 2407 2090 vera,
2456 2023 2567 2077 nisi
2605 2039 2736 2076 cum
2775 2031 2902 2076 eam
2931 2027 2992 2076 tu
3045 2021 3376 2094 agglutinas
3424 2022 3568 2075 inter
3603 2021 3862 2074 inhaerentes

2258 2113 2386 2179 tibi,
2415 2113 2688 2166 charitate
2718 2111 2922 2165 diffusa
2941 2111 3002 2164 in
3031 2111 3299 2166 cordibus
3315 2110 3520 2164 nostris
3546 2126 3640 2180 per
3658 2109 3862 2178 Spiritum

2260 2206 2516 2255 sanctum
2557 2199 2656 2272 qui
2689 2200 2851 2253 datus
2881 2204 2965 2254 est
2995 2201 3164 2255 nobis
3198 2201 3370 2270 (Rom.
3413 2217 3466 2269 v,
3520 2202 3587 2270 5).
3617 2197 3711 2253 Sed
3739 2203 3866 2250 tamen

2259 2290 2437 2344 dulcis
2469 2295 2590 2343 erat
2611 2288 2802 2355 nimis,
2817 2294 3010 2343 coacta
3036 2293 3058 2326 ²
3081 2290 3308 2344 fervore
3328 2288 3585 2360 parilium
3604 2286 3864 2341 studiorum.

2264 2380 2402 2433 Nam
2435 2384 2490 2432 et
2519 2396 2550 2432 a
2571 2379 2683 2433 ﬁde
2715 2394 2870 2446 vera,
2899 2395 3071 2449 quam
3105 2395 3226 2432 non
3258 2376 3603 2450 germanitas
3634 2381 3684 2428 et
3707 2374 3867 2443 penitus

2263 2468 2584 2522 adolescens
2628 2468 2876 2536 tenebat,
2905 2468 3251 2522 deﬂexeram
3285 2484 3392 2538 ego
3424 2482 3551 2521 eum
3587 2465 3640 2518 in
3673 2461 3866 2533 supersti-

2260 2558 2430 2611 tiosas
2458 2558 2691 2611 fabellas
2713 2561 2768 2610 et
2795 2557 3163 2626 perniciosas,
3209 2562 3442 2628 propter
3470 2570 3601 2626 quas
3644 2550 3867 2622 plangebat

2263 2662 2353 2700 me
2381 2649 2583 2701 mater.
2615 2647 2830 2700 Mecum
2855 2647 2975 2717 jam
2997 2647 3229 2701 errabat
3253 2646 3312 2700 in
3343 2645 3529 2699 animo
3554 2643 3705 2697 homo
3726 2639 3812 2699 ille,
3832 2641 3864 2686 el

2265 2752 2382 2789 non
2407 2739 2630 2806 poterat
2657 2735 2848 2789 anima
2879 2752 3007 2788 mea
3026 2735 3147 2789 sine
3176 2736 3295 2789 illo.
3329 2735 3393 2788 Et
3417 2749 3538 2786 ecce
3559 2735 3614 2784 tu
3643 2726 3867 2781 imminens

2263 2825 2430 2879 dorso
2478 2823 2853 2895 fugitivorum
2908 2830 3163 2892 tuorum,
3205 2827 3354 2879 Deus
3401 2822 3666 2876 ultionum
3711 2821 3753 2869 et
3786 2814 3866 2866 fons

2263 2912 2781 2968 misericordiarum
2813 2913 3003 2980 simul,
3031 2914 3132 2985 qui
3171 2911 3455 2968 convertis
3475 2915 3495 2946 ³
3525 2926 3620 2964 nos
3649 2907 3707 2960 ad
3737 2910 3779 2957 te
3797 2899 3864 2954 mi-

2264 3003 2342 3056 ris
2368 3002 2586 3068 modis;
2619 3017 2746 3056 ecce
2774 3002 3056 3056 abstulisti
3084 3003 3380 3058 hominem
3422 3001 3489 3054 de
3520 2999 3614 3052 hac
3639 2993 3750 3056 vita,
3780 3001 3863 3041 cum

2265 3091 2354 3144 vix
2386 3091 2721 3162 explevisset
2767 3108 2984 3146 annum
3031 3092 3090 3146 in
3122 3091 3376 3146 amicitia
3403 3105 3545 3156 mea,
3574 3082 3751 3140 suavi‘
3772 3074 3865 3132 mihi

2267 3196 2438 3251 super
2457 3196 2656 3234 omnes
2685 3181 2992 3235 suavitates
3020 3181 3176 3235 illius
3199 3181 3331 3235 vita:
3360 3195 3517 3233 meae.

2337 3273 2388 3323 8.
2424 3269 2560 3334 Quis
2585 3270 2782 3324 laudes
2801 3275 2928 3324 tuas
2959 3276 3260 3325 enumerat
3279 3285 3446 3334 unus,
3479 3267 3532 3320 in
3562 3280 3614 3317 se
3649 3275 3744 3314 uno
3775 3268 3866 3325 quas

2267 3363 2532 3428 expertus
2554 3361 2673 3413 est?
2700 3358 2845 3423 Quid
2877 3364 3013 3413 tunc
3041 3359 3246 3426 fecisti,
3285 3361 3432 3414 Deus
3461 3369 3628 3416 meus,
3665 3354 3714 3402 et
3748 3355 3866 3414 quam

2265 3445 2668 3518 investigabilis
2700 3448 2934 3518 abyssus
2956 3448 3311 3518 judiciorum
3337 3440 3594 3501 tuorum?
3621 3439 3740 3494 Cum
3763 3429 3865 3485 enim

2267 3535 2550 3590 laboraret
2574 3535 2669 3590 ille
2697 3536 2968 3601 febribus,
2993 3538 3176 3607 jacuit
3206 3538 3307 3592 diu
3329 3536 3447 3588 sine
3475 3545 3631 3585 sensu
3652 3526 3704 3580 in
3728 3520 3868 3575 sudore

2267 3625 2441 3679 letali.
2480 3626 2699 3679 Etcum
2743 3626 3163 3696 desperaretur,
3205 3616 3532 3696 baptizatus
3569 3619 3645 3671 est
3667 3608 3866 3700 nescieris.

2269 3728 2361 3766 me
2391 3730 2506 3767 non
2530 3718 2784 3781 curante,
2803 3721 2859 3769 et
2875 3720 3260 3786 praasumente
3282 3715 3340 3769 id
3363 3712 3594 3767 retinere
3615 3701 3771 3777 potius
3787 3708 3869 3792 anl-

2269 3819 2424 3857 mam
2453 3804 2575 3874 ejus
2605 3805 2758 3875 quod
2783 3822 2815 3858 a
2842 3821 2935 3859 me
2965 3810 3280 3875 acceperat,
3312 3819 3428 3858 non
3449 3797 3589 3872 quod
3617 3794 3669 3847 in
3684 3796 3867 3844 nescien-

2269 3891 2340 3944 tis
2361 3907 2600 3962 corpore
2649 3893 2840 3947 ﬁebat.
2877 3895 3066 3963 Longe
3097 3899 3291 3948 autem
3322 3891 3484 3946 aliter
3519 3889 3657 3949 erat;
3684 3890 3788 3933 nam
3812 3884 3868 3922 ι’θ·

2269 3985 2488 4034 creatus
2542 3985 2624 4035 est
2663 3987 2720 4036 et
2763 3983 2949 4036 salvus
2985 3982 3184 4036 factus.
3233 3981 3544 4050 Statimque
3587 3976 3643 4025 ut
3687 3964 3866 4054 Prima}?

2269 4086 2398 4124 cum
2427 4087 2494 4124 eo
2523 4071 2684 4142 loqui
2711 4073 2872 4142 potui
2903 4071 3083 4143 (potui
3113 4075 3308 4126 autem
3353 4049 3481 4123 moi:
3511 4069 3567 4117 ut
3603 4060 3687 4114 ille
3719 4049 3867 4142 potuit,

2269 4161 2498 4230 quando
2529 4177 2645 4215 non
2673 4161 3052 4228 discedebam,
3085 4167 3140 4216 et
3169 4161 3343 4216 nimis
3373 4149 3871 4232 pendebamuSex

2268 4223 2493 4318 ἆίοθηῖ),
2525 4251 2734 4304 tentavi
2759 4251 2913 4321 apud
2946 4223 3109 4305 illum
3152 4223 3409 4314 irridere,
3437 4251 3686 4312 tanquam
3729 4234 3771 4284 et
3807 4223 3869 4321 illo

2269 4336 2504 4393 irrisuro
2541 4354 2766 4393 mecum
2819 4339 3168 4410 Baptismum
3213 4354 3385 4411 quem
3441 4328 3707 4399 acceperat
3737 4315 3870 4411 mima

2269 4439 2440 4506 atque
2463 4452 2630 4490 sensu
2651 4436 3100 4501 absentissimus,
3121 4435 3220 4490 sed
3240 4440 3430 4489 tamen
3452 4431 3566 4500 jam
3594 4438 3644 4476 se
3659 4420 3867 4506 accepiss‘e

2267 4492 2564 4579 didicerat.
2624 4527 2694 4578 At
2722 4524 2817 4578 ille
2849 4525 2928 4579 ita
2954 4542 3046 4579 me
3088 4492 3383 4580 exhorruit
3411 4492 3471 4574 ut
3510 4492 3869 4598 inimicum,

2270 4613 2606 4684 monuitque
2637 4613 2885 4667 mirabili
2914 4617 2969 4666 et
2998 4613 3299 4686 repentina
3329 4609 3592 4666 libertate,
3639 4595 3752 4686 ηξδί
3773 4595 3869 4686 ani"

2267 4718 2366 4755 cus
2391 4682 2759 4764 essefvellem,
2789 4702 2927 4756 talia
2952 4682 3081 4756 sibiw
3099 4703 3286 4757 dicere
3332 4697 3649 4756 desinerem.
3681 4682 3771 4749 Εϐο
3798 4683 3866 4764 ﬁu'

2268 4795 2385 4844 tem
2411 4791 2754 4861 stupefactus
2779 4797 2949 4863 atque
2983 4792 3266 4853 turbatus,
3293 4785 3481 4846 distuli
3520 4788 3692 4835 omnes
3729 4763 3866 4863 mollis

2270 4892 2444 4941 meos,
2495 4883 2558 4932 ut
2589 4879 3007 4932 convalesceret
3052 4879 3499 4950 prius,essetque
3534 4857 3865 4950 idoneus-Ivi"

2268 4966 2372 5020 bus
2401 4939 2740 5021 valetudinis
2769 4984 2899 5022 cum
2930 4939 3241 5039 quo.agere
3270 4939 3490 5038 possem
3515 4951 3650 5028 quod
3689 4939 3859 4996 vellem.

2332 5073 2573 5148 igua-tus.
2615 5074 2769 5148 juxta
2794 5075 2943 5148 Mart,
2969 5088 3089 5148 cum
3124 5077 3150 5122 3
3175 5074 3296 5148 lites.
3335 5073 3517 5148 1ξίκῷΔ
3541 5102 3851 5148 λὴηηηηηεω

2327 5137 2347 5169 ³
2363 5134 2448 5207 Sic
2463 5136 2584 5185 Mss.
2603 5115 2866 5207 plureset
2883 5115 3069 5207 melius
3082 5115 3519 5207 nostra'opiniqtle
3532 5115 3861 5207 ρξοξξξξθβξξέῖξί

2267 5197 2318 5274 ad
2485 5184 2862 5274 εοεεξιρειέιάρε
2909 5184 3156 5274 εεεηίρίιίε.
3190 5184 3382 5274 costa.
3437 5184 3857 5274 rise:.9r:.,.:sr

2267 5241 3399 5340 Las-sn.praaéaaf—seseres:
3423 5241 3860 5340 ςςεςεςεςεοςξειςῑκ

2326 5325 2346 5358 3
2365 5323 2429 5392 in
2458 5310 2739 5392 Edd._Am.
2764 5324 2856 5392 _Er.
2882 5329 2934 5373 et
2962 5327 3113 5392 μου
3142 5310 3410 5392 Simulque
3430 5310 3725 5392 coaegrfgjf;
3744 5310 3854 5392 Γ

2581 5364 2739 5437 ἰξόῗ
2763 5364 2936 5450 ilia};
2962 5364 3082 5436 ᾎΞέἐ
3101 5364 3112 5371 ’
3129 5364 3497 5449 stici-"5.3a.
3522 5364 3680 5425 civim

2264 5459 2572 5498 ειιαυιτατεε.

2329 5512 2345 5541 ³
2376 5509 2457 5558 Er.
2499 5509 2660 5572 Ludg.
2683 5512 2814 5559 \‘en.
2843 5511 2986 5568 Lov.,
3018 5509 3187 5560 suavi.

2973 5618 3010 5658 θ
