4022 6176
156 238 257 287 1397

152 349 265 404 Sed
306 348 405 403 ille
424 347 695 418 abreptus
711 348 1012 406 dementiae
1041 365 1208 416 meas,
1251 353 1318 405 ut
1343 350 1494 421 apud
1525 355 1578 406 te
1607 368 1865 408 servare-

152 443 252 492 tur
276 437 656 492 consolationi
687 453 851 503 meas,
899 444 1028 508 post
1055 455 1266 508 paucos
1307 439 1448 508 dies,
1491 456 1582 494 me
1612 441 1865 510 absente,

159 527 444 598 repetitur
471 525 730 580 febribus
755 530 813 580 et
838 526 1191 598 defungitur.

235 621 297 672 Ω,
344 616 480 680 Quo.
512 614 707 668 dolore
756 615 1228 671 contenebratum
1272 620 1358 672 est
1393 634 1490 672 cor
1537 635 1768 687 meum;
1817 625 1872 675 et

158 704 443 776 quidquid
481 703 847 774 aspiciebam,
881 720 1032 758 mors
1070 710 1217 760 erat.
1266 708 1332 760 Et
1362 713 1485 762 erat
1513 709 1656 762 mihi
1688 711 1872 780 patria

153 792 532 863 supplicium,
555 798 611 846 et
630 799 868 862 paterna
887 793 1090 847 domus
1116 795 1577 850 mirainfelicitas
1598 814 1611 862 ;
1631 803 1687 851 et
1708 798 1871 869 quid-

152 883 304 953 quid
328 899 459 936 cum
485 881 584 936 illo
614 882 1189 946 communicaveram,
1215 883 1336 938 sine
1357 884 1454 939 illo
1478 885 1537 940 in
1558 887 1868 941 cruciatum

150 972 480 1026 immanem
524 975 786 1026 verterat.
840 972 1190 1041 Expetebant
1239 989 1372 1027 eum
1425 975 1677 1046 undique
1724 976 1873 1030 oculi

151 1062 299 1130 mei,
322 1067 378 1116 et
408 1077 521 1115 non
541 1061 783 1115 dabatur
803 1060 980 1120 mihi;
1003 1066 1061 1115 et
1089 1062 1326 1116 oderam
1351 1063 1566 1126 omnia,
1600 1064 1732 1135 quia
1755 1082 1873 1119 non

152 1150 446 1204 haberent
491 1147 646 1215 eum,
678 1165 784 1203 nec
827 1149 971 1204 mihi
1005 1150 1129 1220 jam
1174 1150 1360 1205 dicere
1405 1158 1703 1223 poterant:
1739 1154 1872 1208 Ecce

153 1239 374 1306 veniet,
405 1239 550 1294 sicut
581 1255 710 1293 cum
742 1238 973 1305 viveret,
1005 1239 1236 1309 quando
1259 1241 1461 1294 absens
1492 1246 1637 1296 erat.
1672 1244 1872 1297 Factus

155 1343 326 1380 eram
349 1326 471 1397 ipse
502 1326 646 1379 mihi
675 1342 884 1396 magna
919 1327 1177 1398 quaestio,
1211 1332 1266 1382 et
1295 1327 1721 1400 interrogabam
1744 1329 1871 1382 ani-

155 1431 321 1469 mam
366 1430 554 1468 meam
585 1431 761 1486 quare
801 1414 978 1468 tristis
1009 1421 1175 1482 esset,
1208 1421 1263 1469 et
1291 1433 1468 1486 quare
1506 1419 1873 1472 conturbaret

119 1544 128 1550 -
153 1522 255 1559 me
287 1505 482 1568 valde;
514 1509 572 1558 et
592 1505 733 1558 nihil
762 1509 998 1559 noverat
1019 1505 1360 1575 respondere
1384 1506 1546 1560 mihi.
1574 1508 1637 1560 Et
1658 1506 1702 1560 si
1729 1507 1872 1561 dice-

151 1594 319 1660 bam,
353 1593 602 1664 Sperain
632 1594 808 1647 Deum
839 1594 1008 1662 (Psal.
1042 1610 1149 1661 xu,
1181 1597 1210 1649 6
1238 1595 1288 1664 );
1317 1595 1474 1664 juste
1500 1612 1618 1649 non
1649 1595 1864 1650 obtem-

154 1683 430 1754 perabat:
461 1680 597 1752 quia
626 1681 814 1736 verior
849 1687 969 1736 erat
997 1688 1054 1736 et
1099 1683 1299 1736 melior
1329 1685 1502 1738 homo
1536 1701 1708 1756 quem
1739 1686 1872 1739 cha-

158 1771 458 1826 rissimam
486 1771 776 1838 amiserat,
805 1788 977 1842 quam
999 1772 1341 1843 phantasma
1364 1773 1424 1826 in
1458 1774 1609 1844 quod
1643 1790 1872 1844 sperare

149 1861 488 1932 jubebatur.
520 1860 684 1916 Solus
717 1860 887 1915 ﬂetus
927 1866 1047 1915 erat
1075 1861 1255 1916 dulcis
1288 1861 1430 1916 mihi
1452 1867 1508 1917 et
1529 1868 1875 1917 successerat

157 1950 350 2005 amico
380 1965 510 2006 meo
540 1949 603 2004 in
635 1950 853 2005 deliciis
880 1950 1060 2005 animi
1082 1951 1224 2006 mei.

864 2041 1088 2094 CAPUT
1120 2041 1180 2094 V.

643 2129 751 2186 Cur
777 2131 931 2196 ﬂetus
962 2129 1138 2183 dulcis
1158 2131 1390 2184 miseris.

238 2223 322 2274 l6.
353 2220 418 2273 Et
446 2233 618 2284 nunc,
652 2217 912 2284 Domine,
939 2218 1061 2288 jam
1089 2217 1186 2272 illa
1222 2220 1594 2284 transierunt,
1625 2223 1683 2274 et
1718 2225 1868 2274 tem-

161 2324 307 2378 pore
334 2307 577 2360 lenitum
609 2311 695 2359 est
721 2307 929 2360 vulnus
961 2322 1175 2360 meum.
1209 2308 1525 2361 Possumne
1556 2308 1751 2362 audire
1775 2309 1874 2362 abs

167 2403 225 2449 te
259 2396 363 2468 qui
392 2396 600 2449 veritas
631 2413 714 2463 es,
765 2399 822 2449 et
867 2394 1171 2449 admovere
1199 2412 1399 2450 aurem
1429 2397 1612 2451 cordis
1643 2396 1756 2450 mei
1787 2398 1873 2451 ori

167 2491 289 2550 tuo,
312 2489 380 2538 ut
409 2484 564 2538 dicas
593 2483 736 2537 mihi
758 2499 859 2537 cur
879 2483 1047 2538 ﬂetus
1073 2483 1254 2538 dulcis
1284 2484 1358 2538 sit
1387 2485 1650 2540 miseris?
1674 2488 1763 2540 An
1788 2492 1872 2552 tu,

165 2574 429 2645 quamvis
463 2573 672 2644 ubique
704 2574 874 2640 adsis,
909 2575 1079 2644 longe
1116 2573 1373 2644 abjecisti
1417 2592 1449 2628 a
1478 2579 1533 2629 te
1583 2575 1873 2629 miseriam

167 2671 422 2719 nostram
438 2666 466 2717 ‘?
493 2665 558 2718 Et
583 2661 726 2717 tuin
759 2669 811 2716 te
838 2679 1036 2716 manes
1060 2679 1072 2728 ;
1097 2680 1201 2717 nos
1223 2668 1415 2718 autem
1441 2664 1503 2717 in
1525 2664 1878 2735 experimen-

167 2755 237 2807 tis
266 2753 569 2807 volvimur.
600 2754 664 2807 Et
683 2756 875 2806 tamen
907 2751 1020 2805 nisi
1051 2752 1120 2806 ad
1149 2768 1316 2807 aures
1344 2758 1469 2806 tuas
1499 2755 1873 2824 ploraremus,

167 2842 318 2897 nihil
349 2840 565 2894 residui
598 2841 666 2894 de
699 2856 797 2911 spe
829 2845 1023 2894 nostra
1061 2842 1245 2895 lieret.
1282 2841 1439 2895 Unde
1470 2841 1646 2910 igitur
1688 2842 1876 2896 suavis

167 2929 387 2984 fructus
419 2929 488 2982 de
511 2927 895 2983 amaritudine
922 2928 1052 2982 vita:
1084 2929 1356 2998 carpitur,
1381 2945 1610 2999 gemere
1633 2935 1687 2983 et
1714 2933 1874 2998 flere,

169 3024 225 3072 et
254 3017 544 3088 suspirare
565 3021 622 3071 et
649 3017 965 3089 conqueri?
993 3020 1081 3071 An
1111 3018 1216 3070 hoc
1246 3017 1325 3071 ibi
1353 3019 1368 3054 ¹
1400 3018 1564 3072 dulce
1585 3023 1689 3079 est.
1722 3021 1876 3088 quod

168 3122 468 3177 speramus
509 3105 775 3160 exaudire
807 3108 902 3160 te?
931 3107 1100 3160 Recte
1127 3106 1281 3160 istud
1321 3106 1380 3159 in
1412 3107 1697 3176 precibus,
1739 3107 1875 3178 quia

166 3194 515 3249 desiderium
562 3194 935 3264 perveniendi
975 3194 1205 3248 habent.
1256 3195 1544 3266 Numquid
1589 3195 1649 3250 in
1679 3196 1876 3250 dolore

166 3283 395 3337 amissae
424 3282 505 3336 rei
536 3288 595 3336 et
624 3283 780 3337 luctu
828 3299 942 3353 quo
972 3287 1106 3337 tunc
1133 3283 1467 3354 operiebat?
1497 3285 1689 3355 Neque
1723 3285 1873 3338 enim

165 3372 469 3443 sperabam
499 3372 830 3426 reviviscere
849 3373 1034 3437 illum,
1063 3377 1162 3426 aut
1182 3373 1288 3426 hoc
1305 3372 1568 3454 petebam
1589 3373 1876 3444 lacrymis,

163 3461 264 3515 sed
307 3465 532 3514 tantum
562 3461 826 3515 dolebam
855 3464 912 3514 et
944 3461 1174 3519 flebam.
1216 3459 1387 3515 Miser
1414 3460 1569 3515 enim
1609 3477 1787 3528 eram,
1821 3467 1878 3515 et

163 3551 475 3606 amiseram
497 3549 772 3619 gaudium
797 3565 1011 3603 meum.
1043 3551 1130 3602 An
1161 3554 1213 3603 et
1244 3551 1412 3603 ﬂetus
1435 3565 1526 3603 res
1553 3565 1748 3603 amara
1770 3555 1873 3612 est,

161 3646 220 3696 et
242 3657 364 3711 pra:
386 3639 614 3694 fastidio
638 3655 833 3692 rerum
855 3639 1067 3709 quibus
1097 3637 1255 3709 prius
1278 3638 1633 3705 fruebamur,
1657 3642 1713 3692 et
1742 3643 1876 3693 tunc

160 3731 309 3785 dum
338 3728 410 3783 ab
435 3729 516 3782 eis
545 3729 947 3793 abborremus,
972 3727 1252 3782 delectat?

853 3818 1077 3872 CAPUT
1107 3817 1198 3871 VI.

554 3908 805 3972 Quantus
835 3921 902 3960 ea:
927 3907 1090 3960 amici
1121 3911 1287 3960 morte
1316 3905 1487 3960 dolor.

240 4000 327 4051 tl.
359 3995 506 4061 Quid
525 4000 717 4050 autem
743 3996 852 4050 ista
875 3996 1122 4065 loquor?
1144 3996 1270 4049 Non
1300 3995 1453 4048 enim
1483 3999 1710 4066 tempus
1740 4011 1876 4066 que-

167 4086 330 4140 rendi
355 4101 509 4143 nunc
539 4092 644 4151 est,
680 4087 777 4139 sed
799 4084 1110 4139 confitendi
1141 4083 1266 4138 tibi.
1291 4084 1457 4138 Miser
1476 4099 1654 4146 eram,
1688 4088 1744 4139 et
1773 4083 1878 4138 mi-

166 4190 260 4228 ser
288 4178 375 4228 est
403 4173 588 4228 omnis
619 4172 846 4226 animus
888 4172 1109 4226 vinctus
1146 4171 1400 4226 amicitia
1428 4187 1622 4225 rerum
1647 4177 1874 4226 morta-

166 4263 340 4326 lium;
389 4267 446 4316 et
477 4261 800 4316 sdilaniatur
846 4277 978 4315 cum
1027 4277 1122 4314 eas
1164 4260 1397 4334 amittit,
1445 4265 1502 4315 et
1540 4264 1675 4315 tunc
1705 4261 1877 4315 sentit

166 4351 464 4405 miseriam
492 4367 606 4422 qua
637 4349 808 4404 miser
845 4354 928 4404 est
954 4353 1010 4404 et
1039 4353 1352 4420 antequam
1388 4350 1613 4403 amittat
1642 4366 1754 4404 eas.
1790 4351 1876 4405 Sic

164 4457 276 4510 ego
325 4456 483 4494 eram
529 4439 630 4494 illo
686 4443 966 4508 tempore,
1017 4443 1073 4492 et
1126 4439 1334 4492 flebam
1389 4438 1770 4506 amarissime,
1823 4444 1879 4492 et

166 4529 598 4600 requiescebam
628 4528 688 4582 in
719 4527 1122 4581 amaritudine.
1158 4527 1239 4580 Ita
1275 4527 1448 4581 miser
1476 4543 1652 4590 eram,
1687 4532 1744 4580 et
1773 4527 1875 4580 ha-

165 4620 374 4674 bebam
415 4617 734 4672 chariorem
768 4617 864 4670 illo
897 4615 1079 4670 amico
1111 4632 1238 4670 meo
1275 4617 1453 4670 vitam
1482 4616 1666 4686 ipsam
1699 4615 1874 4670 mise-

162 4725 311 4762 ram.
346 4708 489 4761 Nam
510 4706 772 4778 quamvis
791 4723 917 4760 eam
942 4710 1169 4760 mutare
1188 4705 1414 4774 vellem,
1441 4706 1652 4758 nollem
1682 4710 1874 4759 tamen

162 4797 431 4852 amittere
457 4795 642 4868 magis
671 4813 847 4867 quam
877 4795 1065 4850 illum.
1111 4796 1176 4848 Et
1221 4793 1410 4848 nescio
1439 4811 1512 4848 an
1543 4795 1748 4848 vellem
1777 4795 1866 4849 vel

149 4903 269 4959 [pro
300 4886 423 4952 illo,
475 4885 622 4940 sicut
665 4885 735 4940 de
798 4886 994 4941 Oreste
1037 4888 1094 4938 et
1125 4883 1330 4954 Pylade
1369 4883 1636 4950 traditur,
1677 4883 1724 4938 si
1759 4900 1876 4938 non

161 4976 424 5047 ﬁngitur,
459 4974 562 5046 qui
591 4975 804 5029 vellent
827 4991 930 5045 pro
957 4973 1199 5028 invicem
1228 4974 1316 5027 vel
1340 4972 1508 5026 simul
1540 4972 1709 5038 mori,
1743 4973 1879 5044 quia

164 5069 353 5119 morte
407 5064 575 5134 pejus
624 5064 705 5118 eis
744 5069 866 5118 erat
914 5079 1031 5117 non
1063 5061 1236 5116 simul
1283 5062 1491 5116 vivere.
1523 5062 1632 5118 Sed
1680 5062 1739 5116 in
1790 5077 1878 5114 me

163 5153 358 5209 nescio
395 5152 526 5224 quis
556 5153 793 5207 affectus
821 5152 992 5206 nimis
1029 5151 1164 5207 huic
1203 5151 1520 5206 contrarius
1550 5154 1706 5204 ortus
1734 5155 1876 5219 erat,

163 5247 221 5296 et
247 5241 491 5296 taedium
532 5239 759 5295 vivendi
791 5245 916 5294 erat
956 5239 1016 5294 in
1048 5256 1141 5294 me
1187 5239 1608 5310 gravissimum,
1653 5242 1710 5291 et
1754 5253 1875 5291 mo-

164 5330 355 5386 riendi
390 5334 612 5384 metus.
665 5329 845 5383 Credo
897 5345 1013 5399 quo
1043 5328 1226 5399 magis
1272 5329 1438 5383 illum
1485 5327 1769 5390 amabam,
1804 5342 1872 5380 eo

165 5419 350 5490 magis
381 5423 652 5484 mortem,
695 5433 825 5489 quae
873 5417 1019 5472 mihi
1067 5434 1199 5472 eum
1232 5416 1565 5482 abstulerat,
1595 5419 1870 5487 tanquam

232 5576 242 5608 ¹
273 5572 392 5622 Arn.
429 5571 512 5620 Er.
546 5574 596 5619 et
618 5571 768 5618 Lov.:
794 5572 850 5618 in
879 5568 977 5620 hoc
1004 5569 1108 5619 tibi.

1623 234 1834 290 LIBER
1888 233 2237 302 QUARTUS.

3579 237 3680 290 698

1976 355 2390 410 atrocissimam
2431 354 2723 410 inimicam
2766 356 3000 410 oderam
3045 359 3103 410 et
3139 357 3431 425 timebam,
3466 362 3524 414 et
3552 376 3679 414 eam

1975 449 2210 516 repente
2264 448 2730 514 consumpturam
2803 459 2998 497 omnes
3045 443 3307 499 homines
3374 449 3670 517 putabam,

1979 533 2112 605 quia
2141 533 2302 587 illum
2345 533 2551 604 potuit.
2587 533 2676 588 Sic
2719 549 2875 588 eram
2921 533 3178 600 omnino,
3229 535 3490 589 memini.
3543 537 3677 590 Ecce

1978 639 2076 677 cor
2096 639 2310 688 meum,
2345 625 2491 676 Deus
2523 639 2684 676 meus
2717 639 2730 677 :
2765 639 2891 677 ecce
2913 622 3066 676 intus
3096 623 3222 676 vide
3253 623 3388 695 quia
3417 625 3679 690 memini,

1978 729 2105 783 spes
2134 728 2282 781 mea,
2315 711 2414 782 qui
2444 727 2534 766 me
2574 712 2813 765 mandas
2843 729 2876 765 a
2905 711 3105 765 talium
3155 712 3524 767 affectionum
3567 713 3679 766 im-

1979 801 2282 870 munditia,
2315 800 2567 872 dirigens
2598 802 2791 854 oculos
2823 816 2979 854 meos
3012 801 3083 855 ad
3129 805 3206 867 te,
3245 805 3301 856 et
3329 803 3572 856 evellens
3615 802 3682 855 de

1980 891 2184 960 laqueo
2230 890 2401 960 pedes
2443 905 2600 942 meos
2646 890 2822 957 (Psul.
2880 906 3023 954 xxxv,
3082 892 3184 958 15).
3237 888 3482 944 Mirabar
3529 889 3682 943 enim

1979 983 2208 1031 caeteros
2248 977 2513 1030 mortales
2561 976 2765 1041 vivere,
2821 975 2956 1047 quia
2993 975 3110 1043 ille,
3151 993 3323 1046 quem
3375 977 3537 1048 quasi
3567 994 3683 1031 non

1980 1067 2324 1121 moriturum
2372 1066 2699 1131 dilexeram,
2754 1071 3009 1119 mortuus
3061 1069 3219 1132 erat;
3255 1072 3310 1119 et
3341 1081 3431 1119 me
3478 1066 3681 1135 magis,

1981 1154 2116 1226 quia
2144 1155 2228 1208 illi
2253 1155 2395 1209 alter
2425 1171 2602 1219 eram,
2633 1155 2817 1208 vivere
2847 1155 2945 1209 illo
2966 1160 3195 1208 mortuo
3223 1154 3498 1210 mirabar.
3538 1157 3684 1209 Bene

1981 1243 2217 1314 quidam
2263 1243 2403 1297 dixit
2454 1243 2522 1298 de
2555 1242 2734 1296 amico
2775 1259 2919 1296 suo:
2953 1243 3252 1297 Dimidium
3305 1246 3503 1299 animm
3558 1258 3685 1298 mea:

1987 1330 2197 1401 (Horat.
2247 1334 2450 1398 Carm,
2503 1332 2597 1385 lib.
2638 1335 2684 1399 l,
2737 1331 2833 1385 ode
2898 1335 2968 1400 3).
3032 1333 3173 1385 Nam
3204 1347 3310 1399 ego
3370 1333 3522 1386 sensi
3561 1330 3681 1385 ani-

1980 1437 2136 1474 mam
2166 1436 2356 1474 meam
2386 1425 2441 1474 et
2465 1419 2717 1473 animam
2745 1419 2898 1472 illius
2923 1435 3097 1472 unam
3127 1420 3300 1472 fuisse
3340 1421 3590 1474 animam
3623 1420 3681 1473 in

1981 1509 2205 1563 duobus
2263 1508 2635 1578 corporibus;
2669 1512 2724 1561 et
2752 1507 2878 1561 ideo
2929 1507 3071 1560 mihi
3115 1507 3342 1561 horrori
3395 1515 3518 1564 erat
3549 1508 3679 1572 vita,

1981 1597 2117 1670 quia
2159 1597 2427 1651 nolebam
2471 1597 2742 1651 dimidius
2799 1596 3006 1663 vivere,
3053 1601 3110 1651 et
3151 1595 3282 1650 ideo
3327 1596 3474 1650 forte
3540 1597 3686 1651 mori

1981 1687 2328 1751 metuebam,
2390 1702 2461 1739 ne
2510 1691 2656 1740 totus
2704 1686 2798 1738 ille
2850 1689 3174 1740 moreretur
3225 1702 3397 1757 quem
3437 1687 3685 1741 multum

1982 1791 2306 1830 amaveram
2331 1778 2583 1844 (Rch'act.
2609 1775 2702 1829 lib.
2737 1779 2790 1838 2,
2824 1791 2867 1831 c.
2903 1777 2980 1845 6).

2643 1865 2869 1918 CAPUT
2905 1865 3021 1919 VII.

2331 1955 2680 2022 Imputientiu
2699 1954 2900 2006 dolo-ris
2928 1955 3105 2006 mutat
3135 1953 3329 2008 locum.
3645 2006 3664 2020 ,

2055 2044 2138 2096 t2.
2173 2042 2215 2096 Ο
2247 2041 2595 2096 dementiam
2630 2041 2975 2095 nescientem
3005 2041 3242 2112 diligere
3274 2041 3541 2096 homines
3571 2043 3678 2096 hu-

1984 2129 2260 2184 maniter!
2311 2146 2344 2182 o
2379 2130 2616 2184 stultum
2665 2129 2959 2184 hominem
3007 2129 3384 2184 immoderate
3432 2131 3688 2185 humana

1984 2220 2316 2290 patientem,
2349 2219 2502 2290 quod
2543 2236 2647 2290 ego
2689 2227 2823 2273 tunc
2869 2227 3059 2275 eram!
3099 2222 3294 2292 Itaque
3343 2221 3679 2286 wstuabam,

1985 2308 2363 2380 suspirabam,
2393 2309 2622 2375 flebam,
2654 2309 2960 2375 turbabar;
2998 2325 3100 2362 nec
3131 2309 3376 2379 requies,
3411 2313 3550 2374 erat,
3583 2325 3688 2364 nec

1983 2399 2308 2453 consilium.
2350 2398 2652 2453 Portabam
2706 2399 2859 2452 enim
2889 2397 3230 2451 conscissam
3261 2400 3276 2433 ¹
3310 2401 3366 2451 et
3393 2401 3689 2451 cruentam

1987 2486 2239 2542 animam
2271 2503 2475 2551 meam,
2523 2486 2918 2557 impatientem
2965 2503 2998 2540 a
3045 2503 3136 2540 me
3191 2485 3442 2556 portari;
3498 2491 3553 2539 et
3591 2485 3695 2542 ubi.

1987 2593 2110 2630 eam
2145 2593 2420 2646 ponerem
2479 2592 2596 2629 non
2641 2575 3026 2640 inveniebam,
3062 2575 3183 2628 Non
3225 2575 3284 2627 in
3314 2573 3557 2628 amoenis
3587 2590 3688 2628 ne-

1989 2665 2286 2731 moribus;
2325 2682 2440 2718 non
2468 2665 2526 2717 in
2558 2664 2707 2717 ludis
2753 2669 2924 2734 atque
2965 2664 3264 2728 cantibus;
3295 2678 3400 2715 nec
3429 2663 3490 2715 in
3520 2678 3689 2716 suave

1987 2755 2273 2808 olentibus
2298 2752 2474 2818 locis;
2510 2768 2614 2805 nec
2641 2752 2697 2804 in
2729 2751 3002 2805 conviviis
3035 2750 3325 2820 apparatis
3357 2771 3372 2816 -,
3399 2766 3586 2820 neque
3629 2751 3689 2803 in

1987 2845 2277 2914 voluptate
2309 2841 2511 2896 cubilis
2542 2845 2597 2894 et
2624 2841 2759 2894 lecti
2784 2857 2796 2906 ;
2835 2856 2945 2893 non
2971 2839 3218 2910 denique
3247 2839 3306 2892 in
3335 2837 3494 2892 libris
3517 2842 3689 2906 atque

1987 2931 2334 2986 carminibus
2390 2929 2798 3000 acquiescebat.
2869 2929 3185 2982 Horrebant
3215 2926 3427 2990 omnia,
3478 2929 3534 2979 et
3567 2925 3689 2995 ipsa

1986 3021 2122 3086 lux;
2155 3024 2210 3072 et
2240 3018 2521 3089 quidquid
2554 3034 2669 3071 non
2699 3023 2819 3071 erat
2847 3016 3001 3088 quod
3030 3016 3125 3070 ille
3177 3020 3318 3084 erat,
3353 3014 3684 3085 improbum

1988 3113 2045 3162 et
2068 3107 2327 3162 odiosum
2359 3113 2500 3174 erat,
2532 3112 2742 3178 pl‘tBtt'l'
2781 3106 3058 3178 gemitum
3109 3109 3165 3158 et
3201 3105 3498 3174 lacrymas.
3544 3103 3687 3156 Nam

1987 3196 2047 3249 in
2079 3196 2159 3250 eis
2184 3196 2319 3249 solis
2367 3195 2718 3266 aliquantula
2768 3195 3015 3265 requies.
3062 3193 3165 3247 Ubi
3197 3197 3386 3246 autem
3420 3191 3552 3245 inde
3582 3208 3687 3244 au-

1985 3286 2272 3339 ferebatur
2297 3284 2487 3338 anima
2539 3300 2688 3346 mea.
2729 3283 3003 3337 onerabat
3056 3299 3145 3337 me
3199 3281 3428 3353 grandis
3469 3280 3690 3334 sarcina

1988 3373 2254 3428 miseriae.
2287 3374 2370 3427 Ad
2399 3378 2453 3428 te
2484 3372 2535 3440 ⁸³,
2572 3372 2834 3440 Domine,
2890 3371 3123 3425 levanda
3154 3376 3275 3424 erat
3325 3375 3381 3423 et
3410 3369 3684 3434 curanda,

1988 3461 2274 3526 sciebam;
2307 3461 2404 3514 sed
2456 3475 2558 3514 nec
2609 3459 2888 3525 volebam,
2935 3475 3040 3512 nec
3093 3458 3373 3526 valebam,
3406 3473 3472 3510 eo
3507 3456 3690 3525 magis

1987 3549 2123 3621 quia
2152 3566 2269 3603 non
2298 3548 2440 3602 mihi
2471 3565 2593 3602 eras
2625 3547 2838 3618 aliquid
2872 3547 3119 3602 solidum
3162 3552 3219 3600 et
3256 3547 3513 3614 firmum,
3558 3561 3690 3599 cum

1987 3641 2058 3693 de
2089 3643 2142 3692 te
2171 3637 2513 3708 cogitabam.
2544 3639 2667 3691 Non
2699 3636 2851 3690 enim
2878 3640 2938 3690 tu
2970 3652 3115 3704 eras,
3148 3635 3246 3689 sed
3273 3649 3480 3688 vanum
3507 3633 3689 3704 phan-

1988 3733 2186 3793 tasma,
2221 3732 2276 3781 et
2300 3742 2457 3780 error
2483 3742 2642 3780 meus
2663 3730 2784 3778 erat
2809 3727 2953 3779 Deus
2983 3741 3164 3780 meus.
3200 3724 3257 3779 Si
3286 3723 3535 3777 conabar
3559 3737 3686 3776 eam

1987 3816 2065 3871 ibi
2094 3831 2307 3887 ponere
2358 3819 2424 3869 ut
2471 3813 2874 3886 requiesceret,
2909 3829 3009 3884 per
3066 3813 3236 3866 inane
3276 3810 3594 3876 labebatur,
3636 3815 3693 3863 et

1987 3905 2198 3960 iterum
2230 3904 2429 3958 ruebat
2450 3919 2620 3976 super
2652 3920 2742 3957 me
2770 3922 2786 3970 ;
2816 3908 2871 3956 et
2892 3918 2995 3973 ego
3018 3901 3160 3955 mihi
3187 3915 3578 3954 remanseram
3608 3898 3694 3952 in-

1986 3995 2122 4049 felix
2156 3995 2333 4060 locus,
2368 3993 2466 4048 ubi
2497 4011 2599 4047 nec
2629 4010 2751 4047 esse
2808 4007 3054 4063 possem,
3094 4007 3197 4045 nec
3243 3990 3376 4044 inde
3406 3988 3690 4043 recedere.

1985 4083 2107 4148 Quo
2134 4083 2290 4136 enim
2321 4099 2418 4136 cor
2455 4097 2650 4136 meum
2684 4083 2906 4151 fugeret
2933 4098 2966 4134 a
2995 4079 3162 4133 corde
3193 4077 3362 4132 meo?
3393 4093 3506 4148 quo
3537 4093 3567 4129 a
3599 4092 3692 4130 me

1984 4171 2112 4242 ipso
2139 4171 2400 4242 fugerem
2425 4173 2454 4224 ?
2483 4187 2596 4242 quo
2631 4186 2721 4224 me
2753 4185 2864 4223 non
2895 4169 3212 4240 sequerer?
3251 4168 3537 4220 Et-tamen
3571 4163 3692 4234 fugi

1985 4261 2053 4315 de
2083 4260 2283 4332 patria.
2323 4259 2504 4314 Minus
2534 4257 2686 4312 enim
2718 4275 2851 4312 eum
2884 4257 3221 4328 quaerebant
3250 4252 3401 4308 oculi
3422 4251 3556 4316 mei,
3589 4251 3691 4306 ubi

1985 4349 2176 4404 videre
2197 4365 2313 4402 non
2342 4349 2630 4414 solebant;
2651 4352 2822 4418 atque
2853 4364 2886 4400 a
2915 4342 3287 4416 Thagastensi
3308 4341 3523 4412 oppido
3551 4340 3687 4394 veni

1986 4437 2415 4507 Carthaginem.

2638 4527 2867 4580 CAPUT
2901 4525 3042 4578 VIII.

2123 4619 2349 4685 Tempus
2379 4620 2430 4671 et
2457 4619 2750 4671 amicorum
2779 4614 3044 4681 colloquia
3065 4611 3239 4666 dolori
3261 4609 3560 4665 medentur.

2063 4709 2146 4761 t3.
2183 4706 2306 4759 Non
2335 4710 2538 4760 vacant
2569 4709 2853 4774 tempora,
2894 4716 2999 4754 nec
3032 4700 3212 4754 otiose
3241 4699 3545 4753 volvuntur
3587 4715 3691 4769 per

1987 4811 2202 4848 semsus
2242 4799 2498 4862 nostros;
2531 4793 2743 4848 faciunt
2793 4791 2852 4844 in
2894 4789 3088 4844 animo
3128 4788 3275 4843 mira
3320 4804 3512 4858 opera.
3553 4789 3691 4843 Ecce

1986 4883 2290 4937 veniebant
2318 4887 2374 4937 et
2401 4881 2771 4952 praeteribant
2797 4879 2866 4933 de
2898 4878 2989 4933 die
3021 4878 3081 4932 in
3111 4878 3285 4945 diem,
3317 4881 3374 4930 et
3403 4875 3683 4932 veniendo

1986 4979 2043 5026 et
2071 4972 2470 5042 praetereundo
2497 4969 2824 5022 inserebant
2847 4967 2989 5022 mihi
3030 4967 3244 5039 species
3290 4967 3428 5021 alias
3458 4971 3514 5021 et
3557 4966 3694 5019 alias

1986 5061 2313 5126 memorias,
2347 5064 2403 5114 et
2456 5057 2734 5128 paulatim
2771 5057 3152 5111 resarciebant
3184 5073 3276 5112 me
3306 5055 3562 5128 pristinis
3591 5071 3689 5124 ge-

1986 5149 2218 5205 neribus
2268 5147 2737 5212 delectationum,
2778 5146 2989 5218 quibus
3044 5147 3278 5201 cedebat
3321 5146 3482 5200 dolor
3529 5158 3692 5198 meus

1987 5240 2082 5293 ille
2110 5256 2123 5306 ;
2154 5239 2252 5293 sed
2281 5237 2662 5291 succedebant
2702 5253 2816 5290 non
2844 5235 3080 5308 quidem
3111 5236 3333 5291 dolores
3357 5233 3472 5298 alii,
3504 5247 3688 5285 causa:

1985 5331 2177 5382 tamen
2223 5327 2464 5381 aliorum
2508 5326 2794 5381 dolorum.
2853 5329 2996 5382 Nam
3056 5325 3207 5380 unde
3263 5339 3355 5376 me
3411 5319 3681 5375 facillime

1987 5421 2043 5472 et
2070 5417 2133 5471 in
2174 5415 2376 5470 intima
2428 5415 2592 5471 dolor
2639 5416 2738 5471 ille
2785 5417 3205 5488 penetraverat,
3263 5409 3374 5464 nisi
3427 5409 3556 5482 quis
3595 5409 3681 5464 fu-

2052 5508 2066 5539 ί
2106 5508 2132 5553 5
2167 5506 2286 5553 Mss.
2297 5541 2309 5562 ,
2325 5508 2604 5554 concisam.

2027 5573 2048 5604 ²
2063 5569 2137 5616 Ita
2149 5560 2340 5629 magno
2353 5581 2618 5617 consensu
2630 5569 2748 5617 Mss.
2759 5572 2831 5627 ;at
2843 5565 3189 5615 Edd.habeut:
3199 5560 3544 5625 Miseriasqua;
3559 5574 3593 5610 a
3605 5565 3653 5611 Ie
3663 5596 3674 5607 .
