4058 6174
361 188 463 237 699

346 310 545 363 deram
558 308 620 363 in
635 324 869 363 arenam
880 307 1132 362 animam
1155 323 1360 373 meam,
1389 306 1681 378 diligendo
1703 305 2048 360 moriturum

347 414 412 453 ac
443 397 491 452 si
518 414 632 452 non
660 397 1005 452 moriturum
1023 398 1051 451 ἱ)
1080 395 1317 451 Maxime
1340 395 1553 467 quippe
1598 410 1690 449 me
1712 394 2055 464 reparabant

351 490 521 556 atque
551 486 886 539 recreabant
907 485 1152 539 aliorum
1176 485 1489 538 amicorum
1521 482 1737 549 solatia,
1766 499 1896 537 cum
1924 482 2052 554 qui-

351 576 457 628 bus
490 573 752 627 amabam
776 575 926 644 quod
952 590 1056 644 pro
1075 579 1129 627 te
1161 574 1420 626 amabam
1448 589 1459 626 :
1485 575 1540 625 et
1568 571 1675 625 hoc
1702 575 1823 624 erat
1851 571 2054 641 ingens

349 664 544 717 fabula
574 667 628 715 et
659 664 899 733 longum
940 660 1324 727 mendacium,
1373 661 1533 731 cujus
1562 658 1881 714 adulterina
1919 676 2054 714 con-

351 751 650 804 fricatione
682 750 1158 821 corrumpebatur
1179 765 1340 802 mens
1360 757 1551 802 nostra
1578 748 1842 819 pruriens
1864 748 1924 802 in
1952 764 2055 802 au-

354 840 535 895 ribus.
569 839 676 893 Sed
722 839 821 892 illa
869 838 1010 891 mihi
1059 837 1253 891 fabula
1299 853 1414 891 non
1448 836 1818 899 moriebatur,
1847 836 1892 890 si
1927 837 2055 907 quis

355 929 671 983 amicorum
702 943 961 980 meorum
992 930 1329 979 moreretur.
1370 924 1496 978 Alia
1525 930 1687 979 erant
1710 942 1839 997 quae
1870 925 1928 979 in
1974 925 2054 979 eis

358 1017 605 1088 amplius
633 1016 932 1086 capiebant
972 1015 1228 1069 animum
1261 1031 1274 1070 :
1308 1015 1556 1085 colloqui
1586 1020 1641 1067 et
1660 1014 1966 1074 corridere,
1998 1018 2057 1067 et

356 1100 602 1155 vicissim
632 1100 903 1155 benevole
934 1100 1169 1171 obsequi
1196 1120 1210 1167 3
1246 1099 1415 1153 simul
1445 1100 1634 1169 legere
1674 1097 1848 1151 libros
1875 1093 2053 1149 dulci-

356 1192 577 1261 loquos,
621 1190 790 1244 simul
821 1189 1048 1260 nugari,
1086 1194 1142 1243 et
1173 1188 1343 1242 simul
1396 1186 1682 1242 honestari
1710 1207 1724 1253 ;
1755 1182 2054 1239 dissentire

354 1279 640 1333 interdum
663 1278 781 1332 sine
814 1278 966 1344 odio,
987 1282 1261 1348 tanquam
1294 1277 1410 1348 ipse
1438 1277 1609 1331 homo
1638 1291 1850 1339 secum,
1884 1276 2052 1342 atque

356 1367 478 1438 ipsa
562 1367 851 1420 rarissima
926 1366 1277 1420 dissensione
1351 1365 1578 1419 condire
1652 1363 2053 1417 consensiones

354 1455 634 1526 plurimas
662 1473 675 1522 ;
711 1457 910 1510 docere
933 1455 1151 1526 aliquid
1202 1455 1466 1521 invicem,
1500 1459 1599 1508 aut
1624 1454 1833 1508 discere
1864 1453 1931 1506 ab
1962 1452 2051 1506 in-

355 1545 553 1611 vicem,
589 1544 909 1599 desiderare
960 1546 1223 1599 absentes
1264 1560 1390 1597 cum
1439 1543 1717 1608 molestia,
1768 1540 2052 1611 suscipere

355 1634 645 1688 venientes
676 1651 806 1687 cum
837 1634 1035 1687 lzetitia
1072 1650 1084 1688 :
1118 1633 1206 1687 his
1248 1636 1415 1704 atque
1446 1631 1777 1703 hujusmodi
1816 1630 1991 1701 signis
2020 1645 2054 1682 a

352 1724 519 1778 corde
549 1723 868 1777 amantium
914 1728 971 1777 et
1008 1722 1429 1777 redamantium
1479 1720 1920 1792 procedentibus
1953 1735 2054 1789 per

352 1829 431 1878 os,
466 1828 570 1883 per
599 1812 877 1882 linguam,
908 1828 1011 1881 per
1041 1812 1255 1879 oculos,
1290 1816 1346 1865 et
1382 1811 1537 1864 mille
1577 1814 1769 1863 motus
1799 1807 2051 1880 gratissi-

357 1918 499 1974 mos,
535 1901 697 1972 quasi
727 1900 1025 1956 fomitibus
1052 1902 1302 1955 conflare
1332 1900 1571 1966 animos,
1605 1904 1661 1954 et
1695 1915 1759 1953 ex
1790 1898 2051 1970 pluribus

356 2006 540 2045 unum
569 1990 771 2044 facere.

1039 2078 1265 2133 CAPUT
1308 2079 1393 2133 ΙΧ.

498 2172 568 2224 De
600 2168 843 2223 humana
873 2170 1138 2223 amicitia.
1171 2170 1367 2223 Beatus
1393 2168 1488 2237 qui
1516 2172 1663 2221 arma
1694 2167 1751 2220 in
1783 2168 1906 2220 Deo.

430 2259 510 2311 t-i.
546 2258 659 2311 Hoc
690 2261 773 2310 est
802 2257 954 2328 quod
984 2256 1243 2326 diligitur
1267 2256 1326 2309 in
1356 2254 1576 2324 amicis,
1607 2258 1664 2308 et
1693 2254 1739 2308 si
1771 2254 2048 2325 diligitur,

353 2350 418 2399 ut
444 2360 539 2399 rea
570 2344 677 2399 sibi
712 2345 787 2399 sit
824 2346 1081 2399 humana
1107 2343 1468 2411 conscientia,
1522 2343 1569 2397 si
1614 2360 1728 2397 non
1777 2344 2053 2398 amaverit

354 2435 765 2499 rpdamantem,
799 2438 897 2488 aut
926 2434 973 2487 si
1002 2438 1291 2487 amantem
1321 2449 1437 2486 non
1468 2432 1819 2486 redamaveri
1838 2437 1881 2496 t,
1909 2432 2054 2487 nihil

358 2539 622 2592 quaerens
649 2540 713 2576 ex
738 2524 861 2595 ejus
882 2538 1118 2593 corpore
1148 2527 1356 2593 praeter
1384 2520 1595 2575 indicia
1620 2520 2050 2576 benevolentiae.

360 2610 500 2666 Hinc
530 2610 625 2665 ille
656 2611 861 2677 luctus,
895 2610 940 2665 si
987 2611 1116 2682 quis
1160 2609 1469 2673 moriatur;
1503 2614 1559 2664 et
1602 2610 1850 2664 tenebrae
1894 2610 2054 2664 dolo-

358 2716 512 2768 rum,
542 2704 597 2754 et
628 2716 787 2754 versa
836 2700 1135 2754 dulcedine
1165 2699 1224 2753 in
1254 2698 1701 2753 amaritudinem
1738 2715 1833 2753 cor
1871 2698 2052 2753 madi-

356 2790 510 2851 dum.
550 2793 606 2843 et
634 2805 696 2842 ex
730 2788 939 2843 omissa
969 2788 1086 2843 vita
1116 2788 1482 2842 morientium
1518 2803 1673 2842 mors
1719 2786 2049 2841 viventium.

358 2880 560 2934 Beatus
600 2878 699 2948 qui
730 2883 883 2933 amat
928 2881 1004 2943 te,
1053 2882 1109 2932 et
1145 2876 1394 2931 amicum
1447 2876 1508 2930 in
1558 2880 1634 2944 te,
1669 2880 1725 2930 et
1753 2874 2054 2929 inimicum

351 2972 590 3038 propter
619 2973 695 3021 te.
720 2968 885 3021 Solus
921 2966 1075 3020 enim
1116 2966 1339 3020 nullum
1382 2966 1618 3020 charum
1681 2964 1909 3030 amittit,
1964 2964 2056 3018 cui

357 3072 559 3111 omnes
597 3055 655 3110 in
684 3055 782 3110 illo
814 3055 971 3110 chari
990 3060 1143 3122 sunt,
1165 3055 1266 3127 qui
1281 3071 1397 3109 non
1410 3054 1711 3109 amittitur.
1738 3055 1802 3109 Et
1829 3053 1956 3125 quis
1971 3058 2056 3107 est

355 3147 484 3208 iste,
516 3146 626 3199 nisi
650 3146 797 3200 Deus
819 3149 1033 3211 noster,
1064 3147 1212 3200 Deus
1241 3144 1341 3216 qui
1368 3144 1501 3199 fecit
1521 3144 1727 3198 ccelum
1758 3148 1814 3197 et
1842 3148 2052 3197 terram

358 3239 411 3289 et
440 3235 644 3305 implet
679 3251 765 3299 ea,
818 3232 953 3303 quia
1012 3233 1304 3302 implendo
1353 3248 1419 3286 ea
1455 3233 1588 3287 fecit
1634 3234 1747 3286 ea?
1778 3234 1853 3286 Te
1885 3248 2054 3286 nemo

356 3324 584 3388 amittit,
615 3321 724 3376 nisi
747 3320 847 3391 qui
878 3320 1114 3375 dimittit
1145 3337 1157 3374 :
1202 3326 1257 3374 et
1285 3320 1385 3391 qui
1427 3320 1683 3386 dimittit,
1716 3337 1830 3391 quo
1861 3319 1924 3383 it,
1958 3324 2059 3375 aut

358 3428 472 3482 quo
502 3410 670 3481 fugit,
717 3410 828 3465 nisi
858 3426 890 3464 a
917 3413 973 3464 te
1002 3408 1227 3480 placido
1258 3408 1327 3463 ad
1379 3413 1435 3463 te
1482 3408 1692 3462 iratum
1713 3410 1739 3463 ?
1785 3410 1925 3463 Nam
1956 3407 2057 3461 ubi

360 3516 478 3554 non
503 3500 720 3555 invenit
751 3501 936 3571 legem
972 3503 1132 3554 tuam
1160 3499 1219 3552 in
1251 3514 1421 3569 pinna
1448 3514 1549 3552 sua
1568 3496 1595 3550 ?
1628 3499 1689 3552 Et
1719 3498 1808 3552 lex
1836 3502 1934 3551 tua
1961 3512 2057 3551 ve-

362 3588 518 3655 ritas,
549 3594 604 3644 et
632 3589 838 3643 veritas
866 3593 954 3644 tu.

1038 3684 1265 3740 CAPUT
1314 3685 1372 3737 Χ.

405 3772 619 3827 Labilcs
646 3777 928 3837 creaturae,
950 3787 1040 3825 nec
1072 3774 1128 3825 in
1156 3773 1230 3825 eis
1255 3776 1431 3840 potest
1458 3772 1642 3825 auium
1664 3772 2009 3839 requiescere.

440 3864 522 3914 t5.
567 3861 716 3914 Deus
746 3859 1044 3927 virtutum,
1076 3864 1337 3913 converte
1369 3876 1470 3913 nos
1512 3863 1568 3913 et
1596 3859 1828 3913 ostende
1859 3859 2059 3912 faciem

364 3954 520 4003 tuam
549 3953 604 4002 et
652 3948 789 4001 salvi
834 3947 1047 4001 erimus
1075 3948 1236 4018 (Psal.
1271 3965 1483 4015 Lxxxtv,
1527 3948 1600 4015 4).
1637 3947 1776 4001 Nam
1807 3963 2058 4018 quoquo-

356 4054 579 4092 versum
611 4055 670 4092 se
699 4037 934 4092 verterit
969 4038 1162 4093 anima
1184 4038 1456 4107 hominis,
1485 4038 1551 4092 ad
1586 4038 1813 4093 dolores
1864 4036 2061 4107 figitur

359 4127 496 4182 alibi
525 4132 913 4199 praeterquam
961 4127 1021 4182 in
1078 4134 1171 4195 te;
1205 4128 1432 4183 tametsi
1468 4127 1663 4197 ﬁgitur
1719 4126 1779 4181 in
1806 4126 2061 4198 pulchris

360 4222 519 4272 extra
546 4223 602 4273 te
642 4223 699 4272 et
728 4221 886 4271 extra
911 4234 995 4272 se.
1034 4218 1172 4281 Quae
1202 4222 1398 4271 tamen
1428 4217 1585 4271 nulla
1614 4220 1803 4271 essent
1830 4214 1942 4270 nisi
1972 4232 2059 4269 es-

363 4312 489 4362 sent
518 4308 617 4363 abs
656 4313 733 4371 te,
788 4323 918 4378 quae
946 4306 1214 4360 oriuntur
1269 4310 1327 4359 et
1375 4305 1659 4371 occidunt,
1719 4309 1776 4359 et
1824 4304 2062 4358 oriende

366 4394 532 4465 quasi
556 4411 675 4449 esse
715 4394 1021 4464 incipiunt,
1062 4396 1119 4446 et
1156 4398 1416 4448 crescunt
1462 4398 1527 4447 ut
1573 4392 1963 4463 perﬁciantur,
2010 4396 2067 4446 et

365 4483 617 4552 perfecta
646 4486 951 4537 senescunt
996 4486 1052 4536 et
1102 4480 1393 4535 intereunt
1424 4498 1436 4534 :
1468 4486 1523 4535 et
1558 4497 1675 4535 non
1707 4484 1723 4517 ¹
1756 4482 1950 4536 omnia
1978 4499 2063 4535 se-

360 4576 617 4638 nescunt,
655 4577 711 4626 et
739 4572 935 4626 omnia
975 4572 1281 4626 intereunt.
1346 4571 1490 4640 Ergo
1537 4586 1666 4624 cum
1698 4570 1960 4624 oriuntur
2009 4575 2064 4626 et

364 4656 607 4716 tendunt
634 4677 789 4727 esse;
823 4678 936 4732 quo
965 4659 1149 4731 magis
1174 4658 1435 4714 celeriter
1462 4663 1723 4714 crescunt
1750 4663 1813 4714 ut
1835 4658 1967 4725 sint,
1997 4677 2063 4714 eo

358 4749 541 4820 magis
570 4750 839 4804 festinant
866 4760 929 4805 ut
978 4766 1093 4804 non
1141 4748 1258 4803 sint
1290 4766 1305 4804 :
1334 4748 1414 4803 sic
1458 4752 1542 4802 est
1589 4748 1793 4802 modus
1841 4764 2060 4802 eorum.

356 4839 601 4893 Tantum
630 4838 840 4893 dedisti
869 4839 970 4907 eis,
1004 4839 1141 4912 quia
1173 4844 1363 4910 partes
1394 4841 1527 4894 sunt
1556 4852 1769 4904 rerum,
1801 4853 1928 4908 quae
1948 4854 2064 4891 non

361 4933 496 4982 sunt
553 4943 754 4981 omnes
811 4928 1154 4995 simul;sed
1210 4927 1542 4983 decedendo
1598 4943 1662 4981 ac
1718 4926 2068 4982 succedendo

362 5021 541 5087 agunt
569 5033 767 5071 omnes
808 5018 1161 5085 universum,
1209 5018 1373 5089 cujus
1416 5022 1608 5088 partes
1638 5020 1789 5071 sunt.
1827 5017 1960 5070 Ecce
1991 5016 2069 5070 sic

360 5106 660 5178 peragitur
684 5112 742 5161 et
770 5123 956 5161 sermo
1001 5113 1195 5163 noster
1234 5124 1339 5180 per
1394 5107 1557 5177 signa
1601 5105 1893 5161 sonantia.
1945 5106 2069 5160 Non

355 5196 512 5252 enim
534 5196 643 5251 erit
670 5200 821 5250 totus
851 5212 1038 5250 sermo
1068 5196 1114 5250 si
1147 5212 1332 5251 unum
1376 5196 1614 5251 verbum
1655 5211 1767 5249 non
1823 5194 2067 5249 decedat

361 5302 491 5339 cum
513 5285 768 5340 sonuerit
796 5288 986 5355 partes
1038 5299 1187 5350 suas,
1233 5289 1296 5338 ut
1326 5285 1586 5339 succedat
1629 5283 1806 5339 aliud.
1848 5283 2066 5338 Laudet

397 5395 435 5461 _}
471 5392 754 5461 Sequimur
781 5392 901 5439 Mss.
924 5391 1026 5461 ;.iu
1053 5389 1181 5438 Edd.
1215 5405 1390 5461 porro,
1422 5391 1633 5440 sublata
1661 5391 1962 5454 negatione.
1994 5388 2067 5438 le-

360 5453 500 5509 gitur
531 5453 787 5505 {Etenim
818 5453 996 5503 omnia
1018 5459 1305 5503 senescuul.

1549 183 2088 237 «ZONI’ESSIONL'M
2133 183 2186 237 ὃ.
2239 184 2645 239 AL'GUS'I'INI.
3723 195 3809 243 700

2167 312 2223 361 te
2246 322 2314 361 ex
2346 305 2460 361 illis
2495 306 2689 361 anima
2721 323 2870 378 mea,
2905 310 3051 363 Deus
3067 312 3286 363 creator
3310 310 3691 379 omnium;sed
3719 330 3814 370 non

2165 396 2226 451 iu
2276 396 2358 450 eis
2397 396 2675 468 inﬁgatur
2705 397 2925 467 glutine
2956 397 3169 452 amoris
3219 414 3323 470 per
3360 415 3547 454 sensus
3573 404 3811 472 corporis.

2167 487 2313 539 Eunt
2343 486 2498 540 enim
2541 502 2656 558 quo
2688 486 2868 554 ibant,
2918 491 2984 541 ut
3021 503 3134 540 non
3182 489 3297 541 sint
3337 490 3372 553 ί,
3407 494 3461 543 et
3485 491 3817 546 conscindunt

2168 591 2292 629 eam
2324 574 2621 629 desideriis
2651 575 3076 645 pestilentiosis,
3112 576 3381 648 quoniam
3421 577 3538 647 ipsa
3562 594 3671 632 esse
3697 582 3814 634 vult.

2167 670 2224 719 et
2251 663 2607 735 requiescere
2645 669 2799 718 amat
2840 664 2899 718 in
2931 665 3012 718 eis
3049 682 3177 736 qua),
3208 670 3384 719 amat.
3424 668 3487 720 ln
3526 667 3629 720 illis
3656 673 3819 723 autem

2164 769 2281 807 non
2321 758 2405 807 est
2447 753 2571 807 ubi:
2607 753 2739 824 quia
2771 770 2883 806 non
2915 758 3085 818 stant,
3118 753 3371 825 fugiunt;
3419 759 3473 808 et
3504 756 3622 825 quis
3654 772 3714 808 ea
3748 773 3819 825 se-

2167 842 2364 914 quitur
2396 858 2561 895 sensu
2611 842 2835 897 carnis?
2879 848 2979 897 aut
3026 843 3153 913 quis
3196 860 3262 896 ea
3290 844 3720 914 comprehendit,
3750 824 3821 898 viai

2166 947 2295 985 cum
2346 937 2555 1002 praesto
2603 935 2779 985 sunt?
2825 931 3043 985 Tardus
3088 936 3172 985 est
3214 931 3369 985 enim
3418 948 3608 985 sensus
3644 933 3819 993 carnis.

2167 1019 2442 1089 quoniam
2496 1035 2692 1072 sensus
2719 1018 2906 1073 carnis
2951 1024 3056 1084 est,
3097 1025 3155 1073 et
3184 1019 3304 1089 ipse
3348 1025 3437 1074 est
3477 1020 3675 1073 modus
3701 1022 3818 1091 ejus.

2166 1108 2383 1163 Sufficit
2431 1109 2499 1162 ad
2549 1108 2705 1162 aliud
2736 1108 2804 1162 ad
2836 1108 2986 1179 quod
3015 1108 3194 1162 factus
3240 1112 3354 1162 est:
3391 1109 3463 1163 ad
3502 1109 3636 1162 illud
3660 1116 3822 1163 autem

2166 1214 2283 1251 non
2305 1197 2533 1266 sufficit,
2566 1201 2629 1251 ut
2653 1202 2885 1252 teneant
2910 1198 3358 1251 transcurrentia
3386 1197 3456 1251 ab
3486 1197 3641 1251 initio
3660 1198 3821 1252 debito

2163 1304 2344 1358 usque
2372 1287 2440 1340 ad
2473 1287 2645 1341 ﬁnem
2679 1287 2953 1340 debitum.
2981 1288 3046 1341 In
3066 1288 3241 1341 verbo
3267 1286 3425 1340 enim
3449 1291 3549 1341 tuo
3574 1303 3671 1357 per
3695 1288 3822 1357 quod

2164 1380 2448 1442 creantur,
2480 1376 2560 1429 ibi
2586 1376 2853 1431 audiunt:
2890 1376 3049 1439 Hinc,
3081 1380 3137 1429 et
3168 1377 3485 1447 hucusque.

2850 1466 3075 1519 CAPUT
3104 1467 3187 1519 XI.

2234 1558 2430 1610 Omnia
2454 1560 2634 1609 creata
2665 1559 2790 1608 sunt
2820 1555 3120 1609 instabilia.
3149 1555 3309 1610 Solus
3329 1557 3468 1609 Deus
3485 1555 3706 1608 stabilis.

2239 1649 2320 1699 16.
2361 1644 2487 1698 Noli
2533 1660 2652 1697 esse
2699 1660 2863 1709 vana,
2909 1643 3101 1697 anima
3147 1661 3300 1698 mea.
3358 1648 3416 1698 et
3463 1643 3824 1698 obsurdescere

2164 1734 2224 1788 in
2264 1749 2398 1788 aure
2429 1734 2632 1797 cordis,
2683 1733 2932 1787 tumultu
2978 1733 3241 1787 vanitatis
3292 1736 3429 1787 tuae.
3484 1732 3627 1787 Audi
3664 1736 3713 1785 et
3750 1737 3821 1787 tu:

2164 1822 2413 1876 Verbum
2445 1822 2631 1892 ipsum
2651 1822 2858 1875 clamat
2880 1826 2942 1876 ut
2961 1822 3194 1889 redeas;
3224 1827 3281 1877 et
3313 1822 3399 1876 ibi
3429 1826 3513 1876 est
3539 1823 3686 1877 locus
3700 1821 3827 1892 quie-

2162 1912 2233 1966 tis
2278 1911 2780 1980 imperturbabilis,
2813 1911 2909 1964 ubi
2939 1927 3057 1964 non
3102 1911 3387 1966 deseritur
3428 1927 3607 1980 amor,
3653 1911 3695 1964 si
3728 1911 3826 1981 ipse

2163 2017 2280 2055 non
2323 2001 2567 2055 deserat.
2617 2000 2750 2053 Ecce
2797 1999 2892 2053 illa
2934 1999 3253 2065 discedunt,
3297 2005 3361 2055 ut
3406 2000 3517 2055 alia
3543 2000 3822 2057 succedant.

2165 2096 2220 2144 et
2262 2089 2528 2144 omnibus
2567 2089 2683 2142 suis
2720 2089 2977 2159 partibus
3014 2094 3234 2143 constet
3270 2089 3474 2144 intima
3502 2088 3821 2144 universitas.

2166 2178 2457 2250 Numquid
2500 2193 2608 2247 ego
2655 2177 2848 2249 aliquo
2895 2177 3143 2241 discedo,
3193 2179 3272 2233 ait
3317 2180 3568 2234 Verbum
3603 2177 3726 2233 Dei?
3760 2175 3825 2230 lbi

2165 2271 2277 2340 fige
2320 2268 2680 2323 mansionem
2712 2272 2901 2323 tuam:
2944 2268 3021 2322 ibi
3051 2268 3392 2322 commenda
3424 2267 3689 2341 quidquid
3718 2266 3824 2320 inde

2164 2361 2361 2425 habes,
2400 2358 2593 2412 anima
2640 2373 2788 2419 mea,
2829 2358 3032 2411 saltem
3062 2356 3297 2427 fatigata
3336 2356 3595 2411 fallaciis.
3626 2353 3822 2408 Veritati

2164 2446 2503 2499 commenda
2528 2445 2804 2517 quidquid
2826 2446 2933 2499 tibi
2962 2449 3045 2499 est
3073 2462 3107 2498 a
3126 2446 3386 2511 veritate,
3410 2432 3479 2500 iet
3516 2462 3629 2500 non
3656 2445 3825 2515 perdes

2167 2536 2412 2607 aliquid;
2462 2540 2519 2590 et
2563 2536 2929 2590 reflorescent
2973 2535 3164 2604 putria
3214 2539 3331 2602 tua,
3408 2540 3464 2590 et
3515 2535 3828 2589 sanabuntur

2166 2641 2364 2679 omnes
2397 2625 2699 2695 languores
2727 2624 2834 2692 tui,
2866 2629 2923 2678 et
2966 2625 3118 2677 fluxa
3144 2630 3243 2678 tua
3281 2626 3753 2689 reformabuntur,
3786 2626 3831 2675 et

2165 2714 2607 2779 renovabuntur,
2644 2718 2701 2767 et
2738 2713 3203 2783 constringentur
3231 2713 3299 2766 ad
3330 2717 3421 2767 te:
3464 2719 3519 2767 et
3546 2730 3652 2767 non
3679 2718 3727 2765 te
3751 2710 3827 2763 de-

2164 2807 2385 2874 ponent
2413 2819 2527 2873 quo
2561 2802 2945 2865 descendunt;
2992 2803 3089 2856 sed
3138 2802 3375 2857 stabunt
3416 2807 3622 2866 tecum,
3652 2806 3699 2855 et
3727 2815 3829 2871 per-

2164 2893 2481 2947 manebunt
2502 2891 2574 2945 ad
2610 2907 2837 2963 semper
2865 2896 3107 2945 stantem
3131 2906 3194 2944 ac
3211 2894 3643 2962 permanentem
3664 2892 3828 2944 Deum.

2243 2986 2324 3035 l7.
2363 2981 2571 3051 thuid
2602 2996 2868 3050 perversa
2895 2980 3148 3051 sequeris
3176 2995 3416 3034 carnem
3444 2981 3636 3034 tuam?
3664 2980 3774 3049 Ipsa
3790 2981 3832 3028 te

2167 3072 2437 3139 sequatur
2467 3085 2755 3123 conversa.
2781 3068 3068 3139 Quidquid
3090 3084 3193 3139 per
3216 3068 3381 3123 illam
3404 3068 3595 3135 sentis,
3621 3068 3676 3121 in
3701 3070 3833 3136 parte

2168 3162 2279 3213 est:
2313 3162 2368 3212 et
2393 3158 2622 3228 ignoras
2652 3162 2837 3212 totum
2873 3158 3035 3228 cujus
3070 3158 3160 3211 lite
3193 3161 3392 3228 partes
3424 3162 3584 3223 sunt;
3627 3161 3680 3210 et
3705 3155 3832 3209 dele-

2168 3251 2322 3301 ctant
2349 3252 2404 3300 te
2449 3251 2661 3301 tamen.
2706 3247 2813 3301 Sed
2864 3247 2909 3300 si
2958 3247 3027 3301 ad
3072 3252 3259 3302 totum
3306 3244 3832 3318 comprebe'deudum

2169 3340 2317 3391 esset
2361 3336 2601 3390 idoneus
2638 3352 2835 3390 sensus
2880 3336 3067 3391 carnis
3108 3341 3245 3399 tuae,
3282 3352 3348 3390 ac
3402 3352 3516 3390 non
3559 3343 3614 3389 et
3654 3335 3759 3405 ipse
3786 3332 3833 3384 in

2168 3431 2329 3497 parte
2349 3424 2602 3479 universi
2624 3425 2934 3495 accepisset
2949 3441 3053 3496 pro
3073 3441 3244 3496 pmna
3260 3428 3361 3477 tua
3377 3426 3595 3496 justum
3609 3422 3831 3481 modum,

2169 3515 2342 3569 velles
2373 3519 2437 3567 ut
2485 3513 2755 3568 transiret
2801 3514 3075 3584 quidquid
3110 3513 3300 3567 existit
3343 3513 3403 3568 in
3453 3511 3758 3584 praesentia.
3787 3512 3835 3561 ut

2169 3603 2352 3675 magis
2383 3603 2487 3657 tibi
2518 3602 2713 3656 omnia
2760 3603 3072 3673 placerent.
3104 3604 3247 3656 Nam
3287 3607 3347 3655 et
3371 3602 3527 3673 quod
3564 3599 3833 3670 loquimur,

2170 3708 2274 3762 per
2304 3691 2570 3745 eumdem
2601 3706 2833 3745 sensum
2867 3690 3052 3744 carnis
3083 3690 3283 3757 audis;
3312 3695 3369 3744 et
3402 3705 3516 3744 non
3556 3688 3636 3742 vis
3668 3685 3835 3754 utique

2171 3786 2320 3835 stare
2351 3781 2615 3851 syllabas,
2645 3780 2742 3834 sed
2773 3779 3140 3845 transvolare,
3174 3783 3240 3833 ut
3268 3778 3402 3832 alim
3430 3777 3676 3843 veniant,
3695 3779 3744 3829 et
3766 3779 3834 3824 to-

2170 3875 2292 3925 tum
2319 3868 2533 3924 audias.
2580 3869 2683 3935 Ita,
2712 3884 2939 3939 semper
2968 3867 3164 3922 omnia
3202 3868 3419 3938 quibus
3448 3882 3625 3921 unum
3654 3858 3836 3932 aliquid

2172 3964 2411 4023 constat,
2453 3963 2508 4013 et
2536 3973 2653 4011 non
2701 3958 2871 4012 simul
2902 3962 3037 4011 sunt
3064 3956 3257 4011 omnia
3286 3972 3356 4011 ea
3388 3956 3597 4028 quibus
3623 3952 3834 4008 constat:

2171 4049 2299 4119 plus
2323 4047 2609 4101 delectant
2637 4046 2832 4101 omnia
2864 4061 3035 4117 quam
3065 4045 3314 4117 singula.
3348 4045 3396 4099 si
3423 4044 3641 4116 possint
3671 4033 3835 4093 sentiri

2174 4137 2392 4191 omnia.
2441 4135 2549 4192 Sed
2580 4136 2751 4207 longe
2780 4134 2869 4189 his
2896 4134 3104 4189 melior
3132 4134 3232 4205 qui
3260 4133 3397 4187 fecit
3426 4131 3638 4200 omnia,
3663 4132 3715 4183 et
3738 4126 3838 4197 ipse

2173 4231 2259 4281 est
2291 4228 2438 4281 Deus
2475 4228 2695 4280 noster:
2747 4228 2805 4279 et
2849 4239 2968 4278 non
3009 4222 3268 4288 discedit,
3317 4222 3460 4292 quia
3488 4237 3593 4275 nec
3619 4212 3840 4272 succedi-

2173 4322 2269 4372 tur
2296 4315 2367 4371 ei.

2835 4402 3062 4456 CAPUT
3095 4401 3206 4454 XII.

2177 4498 2344 4551 Amor
2386 4509 2493 4547 non
2520 4492 2880 4562 improbatur,
2912 4491 3067 4544 modo
3102 4492 3161 4543 in
3204 4489 3289 4544 his
3328 4505 3449 4558 qua:
3470 4490 3698 4559 placent,
3723 4495 3842 4536 amt-

2855 4592 2974 4631 mus
3006 4580 3187 4631 Deum.

2252 4673 2336 4726 18.
2367 4669 2424 4725 Si
2457 4670 2682 4739 placent
2711 4682 2972 4737 corpora,
3008 4667 3187 4720 Deum
3237 4681 3306 4719 ex
3345 4665 3459 4719 illis
3499 4661 3683 4727 lauda,
3723 4662 3771 4711 et
3798 4656 3845 4707 in

2175 4746 2453 4815 artiﬁcem
2476 4773 2673 4811 eorum
2696 4761 2963 4828 retorque
2994 4768 3280 4823 amorem;
3309 4771 3383 4808 ne
3415 4754 3475 4807 in
3503 4753 3590 4807 his
3618 4765 3738 4820 quas
3759 4743 3845 4799 tibi

2176 4850 2421 4921 placent,
2451 4852 2514 4901 tu
2544 4845 2858 4917 displicens.
2880 4846 2937 4900 Si
2963 4846 3191 4917 placent
3216 4845 3449 4908 animae,
3474 4843 3533 4896 in
3555 4843 3662 4896 Deo
3681 4848 3846 4892 amen-

2176 4945 2271 4993 tur
2289 4955 2301 4992 :
2318 4936 2452 5009 quia
2470 4942 2528 4990 et
2539 4936 2676 5007 ipsae
2691 4935 2993 4989 mutabiles
3003 4952 3065 4989 su
3074 4939 3157 4999 nt,
3173 4939 3230 4989 et
3244 4934 3304 4987 in
3325 4934 3425 4988 illo
3439 4933 3566 4987 ﬁxa:
3579 4926 3845 4985 stabiliun-

2177 5033 2302 5093 tur;
2323 5025 2582 5097 alioquin
2605 5025 2752 5080 irent
2773 5029 2829 5080 et
2851 5024 3125 5096 perirent.
3148 5024 3211 5077 In
3234 5023 3331 5077 illo
3349 5039 3488 5095 ergo
3510 5013 3847 5079 amenturwt

2177 5133 2314 5188 rape
2346 5116 2416 5170 ad
2443 5131 2574 5170 eum
2606 5120 2797 5170 tecum
2827 5130 2971 5185 quas
2999 5119 3181 5185 potes,
3207 5117 3264 5166 et
3283 5112 3375 5166 die
3404 5111 3517 5165 eis:
3549 5112 3699 5165 Hunc
3713 5117 3844 5159 ame-

2177 5223 2325 5269 mus,
2357 5205 2509 5259 hunc
2534 5220 2826 5259 amemus:
2858 5202 2979 5274 ipse
3018 5202 3150 5256 fecit
3174 5203 3317 5261 haec,
3348 5205 3406 5254 et
3426 5215 3545 5254 non
3574 5203 3656 5252 est
3678 5196 3825 5260 longe

2182 5300 2303 5353 Non
2331 5295 2486 5350 enim
2514 5294 2645 5349 fecit
2666 5297 2837 5365 atque
2856 5291 3019 5361 abiit,
3040 5291 3137 5345 sed
3159 5301 3227 5345 ex
3245 5291 3340 5345 illo
3360 5288 3422 5343 in
3444 5288 3542 5343 illo
3564 5288 3706 5340 sunt.
3731 5281 3845 5335 Ecce

2248 5455 2259 5485 ι
2293 5451 2413 5499 Mss.
2448 5454 2569 5499 tres:
2605 5449 2744 5497 Eunt
2771 5450 2905 5496 enim
2936 5446 3153 5511 quotut
3176 5457 3277 5494 non
3302 5443 3429 5493 sint.
