4022 6176
137 249 233 300 701
1576 248 1785 304 LIBER
1855 248 2209 316 QUARTUS.

138 370 236 425 ubi
264 374 350 424 est
380 370 416 437 ',
452 369 548 424 ubi
582 370 730 440 sapit
758 369 981 424 veritas.
1016 369 1254 425 Intimus
1282 372 1442 427 cordi
1459 377 1579 440 est;
1614 374 1714 427 sed
1744 388 1841 428 cor

136 458 347 514 erravit
373 459 445 514 ab
469 474 555 513 eo.
591 457 810 523 Redite,
859 457 1340 528 praevaricatores,
1379 460 1447 514 ad
1475 477 1591 527 cor,
1638 466 1695 517 et
1742 462 1837 516 in-

137 548 353 603 haerete
381 547 463 601 illi
488 546 588 618 qui
613 546 745 600 fecit
772 562 887 599 vos.
919 546 1071 600 State
1098 562 1227 601 eum
1250 563 1340 614 eo,
1374 553 1431 602 et
1461 548 1714 604 stabitis:
1749 566 1838 604 re-

136 637 409 709 quiescite
437 636 500 689 iu
529 652 617 701 eo,
652 640 709 689 et
739 633 920 705 quieti
958 635 1133 689 eritis.
1186 636 1307 700 Quo
1346 637 1440 691 itis
1481 637 1541 692 in
1588 654 1788 709 aspera
1810 641 1839 693 ?

134 743 255 796 quo
284 726 376 780 itis
394 730 423 779 γ
455 726 673 778 Bonum
703 724 853 795 quod
886 724 1108 793 amatis,
1140 725 1209 778 ab
1249 725 1347 780 illo
1380 731 1499 781 est:
1535 727 1632 782 sed
1662 744 1839 797 quan-

128 820 259 867 tum
288 819 371 867 est
404 814 471 868 ad
501 813 685 879 illum,
717 813 932 867 bonum
960 817 1043 867 est
1089 818 1146 867 et
1189 830 1396 880 suave;
1432 816 1529 869 sed
1575 832 1836 871 amarum

127 903 245 956 erit
268 905 442 973 juste,
469 902 604 973 quia
622 902 830 971 injuste
852 907 1074 956 amatur
1096 904 1317 957 deserto
1331 902 1450 968 illo,
1478 904 1756 975 quidquid
1770 907 1839 961 ab

123 993 225 1046 illo
259 997 365 1047 est.
394 994 516 1057 Quo
544 992 700 1045 vobis
744 992 929 1046 adhuc
958 997 1015 1045 et
1043 993 1226 1046 adhuc
1254 994 1547 1048 ambulare
1582 995 1697 1048 vias
1735 996 1839 1049 dif-

124 1082 313 1135 ticiles
342 1087 398 1135 et
418 1080 768 1135 laboriosas?
796 1082 1015 1134 Nonest
1034 1081 1256 1151 requies
1282 1082 1381 1135 ubi
1402 1082 1657 1153 quaeritis
1688 1100 1836 1139 eam.

123 1171 382 1235 Quaerite
416 1169 569 1241 quod
595 1168 883 1241 quaeritis:
917 1170 1016 1224 sed
1054 1169 1135 1224 ibi
1167 1186 1280 1223 non
1315 1175 1401 1225 est
1428 1171 1525 1225 ubi
1556 1173 1838 1243 quaeritis.

128 1262 370 1314 Beatam
402 1258 577 1313 vitam
618 1257 872 1329 quaeritis
911 1257 970 1311 in
1028 1258 1262 1329 regione
1299 1259 1541 1314 mortis:
1598 1276 1711 1314 non
1758 1266 1844 1316 est

121 1348 272 1405 illic.
304 1348 603 1412 Quomodo
631 1347 785 1401 enim
812 1347 977 1400 beata
1014 1347 1148 1413 vita,
1183 1346 1282 1402 ubi
1306 1364 1407 1402 nec
1430 1350 1544 1403 vita
1564 1349 1592 1404 ‘P

198 1442 293 1493 19.
330 1438 393 1492 Et
422 1436 715 1491 descendit
737 1436 848 1490 huc
892 1435 1017 1507 ipsa
1046 1436 1171 1490 Vita
1201 1441 1414 1503 nostra,
1445 1442 1501 1491 et
1528 1437 1659 1493 tulit
1692 1454 1844 1492 mor-

120 1531 244 1581 tem
280 1531 556 1592 nostram,
590 1530 647 1580 et
678 1525 1026 1579 occiditeam
1052 1525 1122 1580 de
1151 1526 1502 1581 abundantia
1527 1527 1655 1581 vita:
1687 1544 1836 1581 suae:

121 1618 177 1667 et
210 1612 413 1666 tonuit
439 1612 711 1676 clamans,
751 1617 811 1665 ut
840 1612 1138 1666 redeamus
1170 1612 1300 1666 hinc
1329 1613 1399 1667 ad
1430 1630 1564 1667 eum
1594 1612 1655 1667 in
1698 1614 1840 1669 illud

122 1706 416 1755 secretum
451 1701 600 1755 unde
648 1700 922 1770 processit
965 1701 1038 1754 ad
1084 1717 1207 1768 nos,
1259 1701 1319 1755 in
1363 1702 1553 1773 ipsum
1587 1702 1840 1774 primum

122 1790 475 1861 virginalem
515 1794 759 1856 uterum,
814 1789 915 1843 ubi
945 1790 999 1843 ei
1050 1790 1244 1861 nupsit
1279 1790 1530 1845 humana
1560 1796 1838 1859 creatura,

120 1894 261 1933 caro
294 1877 573 1943 mortalis,
606 1894 676 1931 ne
708 1882 854 1933 esset
877 1894 1103 1949 semper
1122 1880 1377 1933 mortalis
1405 1900 1419 1947 ;
1444 1884 1500 1934 et
1519 1880 1652 1935 inde
1684 1881 1841 1935 velut

121 1984 379 2039 sponsus
408 1967 725 2038 procedens
754 1967 821 2021 de
851 1967 1104 2021 thalamo
1134 1984 1259 2035 suo,
1288 1970 1557 2023 exultavit
1586 1975 1649 2024 ut
1678 1970 1837 2040 gigas

122 2059 194 2111 ad
231 2058 580 2111 currendam
611 2055 761 2110 viam
801 2057 963 2127 (Psal.
997 2073 1152 2123 xvui,
1185 2060 1257 2125 6).
1292 2059 1414 2111 Non
1452 2057 1606 2112 enim
1648 2059 1838 2112 tarda-

121 2146 229 2215 vit,
265 2145 365 2200 sed
397 2145 680 2211 cucurrit;
729 2146 982 2198 clamans
1028 2144 1215 2212 dictis,
1256 2146 1436 2213 factis,
1470 2150 1671 2213 morte,
1703 2146 1838 2210 vita,

121 2235 430 2301 descensu,
457 2249 728 2299 ascensu;
761 2234 1011 2287 clamans
1051 2237 1114 2288 ut
1150 2236 1450 2290 redeamus
1478 2236 1549 2290 ad
1579 2252 1734 2290 eum.
1778 2238 1842 2290 Et

119 2322 389 2377 discessit
415 2322 485 2375 ab
514 2323 707 2387 oculis,
742 2323 1118 2376 utredeamus
1147 2323 1217 2377 ad
1249 2339 1365 2385 cor,
1397 2329 1454 2377 et
1482 2324 1841 2377 inveniamus

121 2427 284 2465 eum.
316 2410 604 2464 Abscessit
627 2408 806 2477 enim,
837 2414 892 2462 et
921 2425 1048 2462 ecce
1075 2409 1167 2463 hic
1191 2415 1291 2464 est.
1326 2410 1517 2465 Noluit
1542 2411 1840 2466 nobiscum

117 2500 221 2553 diu
265 2516 409 2565 esse,
457 2503 514 2553 et
552 2515 664 2552 non
712 2497 950 2569 reliquit
988 2514 1110 2551 nos.
1158 2499 1298 2552 Illuc
1342 2500 1498 2553 enim
1548 2500 1838 2568 abscessit,

124 2589 283 2642 unde
312 2603 612 2659 nunquam
643 2587 892 2653 recessit,
926 2587 1062 2658 quia
1093 2588 1355 2642 mundus‘
1379 2605 1481 2659 per
1501 2605 1631 2643 eum
1663 2589 1841 2643 factus

122 2684 247 2744 est;
284 2682 344 2730 et
377 2677 437 2732 in
469 2681 574 2731 hoc
621 2676 835 2731 mundo
888 2682 1011 2730 erat
1059 2678 1235 2745 (Joan.
1281 2694 1320 2743 ι,
1364 2680 1473 2747 10),
1503 2683 1561 2731 et
1603 2678 1757 2732 venit
1784 2678 1842 2732 in

120 2766 279 2822 hunc
308 2767 597 2821 mundum
627 2771 949 2837 peccatores
974 2766 1158 2819 salvos
1188 2766 1369 2820 facere
1403 2768 1447 2834 (Ι
1478 2770 1612 2821 Tim.
1646 2784 1683 2833 ι,
1724 2769 1839 2837 15);

119 2857 211 2909 cui
244 2856 555 2910 conﬁtetur
571 2855 761 2909 anima
778 2870 926 2923 mea,
948 2858 1003 2908 et
1027 2861 1188 2908 sanat
1211 2871 1338 2909 eam
1365 2854 1407 2922 ²,
1426 2855 1561 2927 quia
1591 2856 1844 2926 peccavit

119 2945 200 2999 illi
224 2944 400 3015 (Psal.
420 2961 506 3009 ις,
524 2948 553 2997 5
584 2944 599 3014 )
623 2943 747 2997 Filii
772 2943 1077 2997 hominum
1102 2960 1399 3015 usquequo
1418 2961 1617 3016 graves
1631 2946 1841 2999 corde?

123 3035 295 3099 (Psal.
340 3049 414 3099 1v,
442 3034 525 3101 3.)
583 3033 873 3104 Numquid
906 3037 962 3087 et
999 3038 1132 3102 post
1162 3032 1544 3087 descensum3
1568 3033 1694 3087 vitae
1727 3049 1842 3088 non

124 3124 300 3179 vultis
334 3122 636 3177 ascendere
659 3128 714 3176 et
731 3122 916 3176 vivere
937 3126 965 3176 ‘2
989 3121 1099 3176 Sed
1130 3139 1245 3193 quo
1265 3122 1586 3187 ascenditis,
1608 3123 1838 3193 quando

122 3213 179 3268 in
225 3212 345 3266 alio
378 3212 532 3278 estis,
567 3216 623 3265 et
650 3210 919 3282 posuistis
947 3211 1006 3264 in
1037 3212 1237 3265 coelum
1265 3228 1326 3264 os
1355 3218 1603 3266 vestrum
1624 3213 1651 3266 ἱ)
1674 3212 1837 3279 (Psal.

126 3319 299 3369 Lxxu,
334 3302 414 3368 9.)
451 3300 800 3368 Descendite,
835 3304 900 3354 ut
928 3300 1264 3367 ascendatis,
1309 3305 1367 3355 et
1409 3300 1723 3355 ascendatis
1770 3301 1840 3354 ad

126 3393 337 3447 Deum.
372 3389 663 3446 Cecidistis
692 3389 869 3456 enim,
904 3389 1259 3443 ascendendo
1287 3395 1487 3444 contra
1536 3406 1687 3444 eum.
1742 3388 1839 3443 Dic

123 3480 203 3534 eis
236 3480 371 3545 ista,
407 3484 470 3533 ut
493 3480 721 3549 plorent
750 3479 811 3532 in
833 3477 1087 3531 convalle
1128 3477 1485 3547 plorationis,
1520 3484 1575 3532 et
1621 3478 1700 3533 sic
1744 3493 1840 3531 eos

122 3585 261 3639 rape
292 3572 488 3621 tecum
513 3567 583 3621 ad
611 3568 791 3621 Deum
820 3584 832 3633 ;
867 3566 1003 3637 quia
1032 3566 1100 3620 de
1151 3566 1364 3636 Spiritu
1395 3567 1518 3638 ejus
1547 3567 1669 3621 hsce
1700 3566 1839 3621 dicis

124 3657 226 3724 eis,
258 3655 311 3710 si
336 3656 478 3710 dicis
507 3656 713 3710 ardens
742 3655 877 3726 igne
909 3654 1221 3708 cliaritatis.

795 3744 1021 3798 CAPUT
1060 3744 1199 3797 Xlll.

646 3834 816 3887 Amor
845 3833 989 3886 unde
1013 3834 1321 3901 proveniat.

194 3927 287 3981 20.
325 3924 457 3977 Haec
498 3926 633 3976 tunc
679 3937 795 3975 non
849 3937 1142 3984 noveram,
1191 3924 1247 3975 et
1288 3920 1553 3976 amabam
1602 3922 1841 3994 pulchra

126 4013 422 4074 inferiora,
474 4015 529 4064 et
565 4009 716 4063 ibam
750 4009 809 4063 in
836 4009 1211 4079 profundum,
1258 4013 1315 4063 et
1360 4009 1621 4063 dicebam
1644 4010 1839 4065 amicis

127 4101 270 4156 meis
294 4118 307 4155 :
349 4101 493 4154 Num
526 4114 785 4153 amamus
800 4097 1039 4168 aliquid,
1066 4096 1175 4151 nisi
1196 4098 1501 4168 pulchrum
1523 4098 1551 4150 ‘I
1579 4099 1726 4163 Quid
1758 4106 1840 4155 est

127 4209 265 4263 ergo
323 4188 675 4260 pulchrum?
718 4192 773 4242 et
819 4187 955 4259 quid
1004 4192 1086 4241 est
1137 4188 1555 4257 pulchritudo?
1585 4189 1728 4253 Quid
1758 4195 1840 4243 est

125 4281 281 4353 quod
314 4295 419 4333 nos
451 4277 627 4331 allicit
654 4281 711 4331 et
740 4276 1005 4330 conciliat
1025 4276 1195 4331 rebus
1224 4292 1365 4347 quas
1397 4292 1655 4331 amamus
1675 4276 1701 4330 ?
1723 4278 1837 4332 Nisi

127 4371 285 4425 enim
331 4374 480 4423 esset
516 4368 575 4421 in
621 4366 701 4420 eis
733 4366 902 4421 decus
946 4369 1001 4419 et
1038 4365 1272 4435 species,
1327 4366 1488 4419 nullo
1537 4366 1706 4420 modo
1737 4383 1840 4420 nos

128 4461 197 4514 ad
226 4475 287 4512 se
338 4460 653 4512 moverent.
706 4456 778 4509 Et
806 4454 1328 4508 animadvertebam
1374 4458 1428 4507 et
1471 4453 1734 4509 videbam
1780 4454 1839 4509 in

130 4549 264 4620 ipsis
294 4545 635 4617 corporibus
663 4544 823 4598 aliud
851 4559 974 4597 esse
1002 4542 1165 4614 quasi
1194 4546 1399 4607 totum,
1434 4548 1491 4597 et
1537 4543 1667 4597 ideo
1709 4544 1837 4613 pul-

131 4640 369 4704 chrum;
400 4635 558 4690 aliud
589 4639 777 4688 autem
796 4634 949 4704 quod
970 4632 1097 4687 ideo
1129 4634 1371 4694 deceret,
1407 4633 1684 4704 quoniam
1708 4639 1839 4704 apte

128 4725 660 4782 accommodaretur
680 4722 871 4789 alicui,
913 4721 1057 4777 sicut
1078 4732 1209 4792 pars
1232 4720 1490 4791 corporis
1519 4720 1593 4774 ad
1617 4718 1841 4773 univer-

129 4832 254 4870 sum
285 4831 478 4880 suum,
512 4819 613 4868 aut
639 4806 1086 4867 calceamentum
1111 4810 1181 4864 ad
1211 4810 1438 4881 pedem,
1495 4814 1552 4863 et
1603 4807 1831 4862 similia.

133 4907 198 4961 Et
218 4906 332 4962 ista
358 4902 737 4961 consideratio
771 4900 1141 4955 scaturivitin
1172 4899 1363 4953 animo
1387 4915 1515 4952 meo
1543 4914 1610 4952 ex
1633 4898 1837 4953 intimo

130 4998 298 5053 corde
330 5012 458 5050 meo
484 5010 496 5061 ;
531 4998 589 5048 et
616 4991 813 5063 scripsi
832 4991 1005 5045 libros
1028 4989 1098 5044 de
1121 4989 1365 5042 Pulchro
1396 4992 1453 5040 et
1480 4991 1649 5055 Apto;
1674 4991 1837 5056 puto,

130 5085 269 5140 duos
300 5090 402 5140 aut
432 5088 567 5138 tres.
603 5083 687 5137 Tu
726 5081 853 5146 scis,
886 5081 1075 5135 Deus:
1112 5094 1246 5133 nam
1275 5076 1481 5131 excidit
1509 5076 1673 5130 mihi.
1713 5078 1838 5130 Non

129 5175 282 5229 enim
312 5173 593 5229 habemus
616 5187 734 5237 eos,
767 5170 867 5225 sed
916 5168 1325 5223 aberraverunt
1353 5182 1386 5219 a
1414 5164 1596 5230 nobis,
1648 5163 1839 5218 nescio

127 5262 437 5333 quomodo.

193 5363 207 5394 ι
241 5360 297 5409 iu
327 5357 509 5408 codice
539 5356 865 5405 Sorbonico':
905 5357 1034 5405 Ecce
1058 5353 1126 5401 ibi
1169 5354 1267 5410 est,
1296 5349 1385 5399 ubi
1426 5351 1577 5413 sapit
1617 5350 1836 5413 veritas.

193 5426 213 5457 ²
243 5423 369 5471 Lov.
410 5422 535 5469 Arn.
570 5420 717 5467 Mart.
748 5431 869 5466 cum
885 5417 1120 5479 quinque
1138 5415 1260 5462 Mss.
1284 5411 1690 5462 necnon—Roud.
1719 5425 1839 5460 cum

128 5489 356 5546 quatuor
388 5483 535 5546 Mss,
556 5485 617 5532 ut
649 5484 802 5546 sane!
821 5478 958 5546 eam.
990 5478 1057 5527 M.

197 5549 217 5579 ³
244 5537 557 5608 Beniguiau.
594 5542 758 5592 codex
781 5542 995 5605 Optimae
1023 5543 1182 5599 notae,
1214 5537 1524 5589 discessum.

3535 262 3641 314 70?.

2606 368 2829 435 CAPUT
2860 381 2996 435 xw.

1950 465 2105 521 Libri
2132 466 2197 520 de
2223 468 2369 536 Apto
2398 473 2447 522 et
2482 469 2708 524 Pulchro
2739 472 2923 524 Hier-io
2952 471 3272 540 nuncupati.
3325 471 3472 526 Unde
3512 473 3648 527 hunc

2645 574 2731 611 am
2738 564 2926 613 areret
2940 600 2951 612 .

2019 649 2106 700 ’21.
2139 646 2283 710 Quid
2316 651 2398 700 est
2423 651 2615 700 autem
2646 647 2799 717 quod
2845 664 2937 701 me
2972 647 3163 712 movit,
3219 647 3459 702 Domine
3498 650 3646 703 Deus

1950 748 2132 801 meus,
2167 738 2228 787 ut
2256 733 2325 787 ad
2366 733 2620 788 Hierium
2653 735 2665 768 ¹
2694 734 2966 788 Romanae
3001 734 3156 789 urbis
3187 740 3472 790 oratorem
3518 736 3649 790 scri-

1948 819 2144 875 berem
2171 821 2299 875 illos
2327 822 2521 888 libros,
2546 838 2715 894 quem
2752 840 2863 877 non
2893 840 3164 878 noveram
3185 825 3347 893 facie,
3375 826 3473 881 sed
3499 842 3650 880 ama-

1951 925 2143 963 veram
2193 911 2484 965 hominem
2533 928 2597 965 ex
2650 912 2922 966 docti-inse
2976 914 3129 967 fama
3182 915 3266 968 illi
3314 916 3463 969 clara
3507 919 3647 977 erat,

1950 1003 2004 1052 et
2034 1000 2295 1070 quaedam
2324 1001 2495 1054 verba
2527 1002 2647 1071 ejus
2674 1001 2990 1069 audieram,
3022 1003 3429 1073 etplacuerant
3460 1003 3600 1057 mihi
3618 1004 3646 1057 '?

1950 1088 2055 1141 Sed
2086 1087 2269 1157 magis
2295 1089 2427 1159 quia
2456 1089 2712 1159 placebat
2726 1090 2872 1156 aliis,
2891 1095 2945 1144 et
2974 1090 3286 1144 efferebant
3310 1107 3439 1145 cum
3473 1092 3649 1145 laudi-

1952 1176 2075 1241 bus,
2110 1181 2401 1247 stupentes
2433 1178 2582 1247 quod
2606 1194 2673 1230 ex
2704 1177 2933 1231 homine
2955 1195 3110 1249 syro,
3136 1179 3303 1233 docto
3326 1179 3487 1249 prius
3508 1196 3650 1250 grae-

1951 1280 2029 1318 cae
2059 1264 2357 1329 facundiae,
2390 1269 2584 1336 postea
2604 1266 2662 1318 in
2694 1266 2868 1319 latina
2900 1268 3069 1320 etiam
3104 1267 3284 1320 dictor
3312 1266 3335 1299 ²
3368 1267 3646 1321 mirabilis

1951 1354 2272 1418 exstitisset,
2314 1359 2369 1408 et
2398 1359 2547 1408 esset
2576 1354 2981 1408 scientissimus
3032 1371 3224 1408 rerum
3273 1356 3344 1409 ad
3393 1355 3649 1409 studium

1951 1442 2245 1514 sapientiae
2274 1442 2688 1512 pertinentium
2712 1460 2723 1509 ;
2754 1443 2895 1497 mihi
2922 1444 3197 1513 placebat.
3231 1444 3516 1497 Laudatur
3545 1444 3651 1498 ho-

1951 1548 2067 1599 mo,
2110 1536 2164 1584 et
2189 1536 2413 1586 amatur
2441 1532 2664 1585 absens.
2720 1533 3054 1585 Utrumnam
3101 1533 3170 1586 ab
3221 1548 3317 1585 ore
3371 1531 3653 1585 laudantis

1950 1620 2125 1675 intrat
2141 1620 2199 1675 in
2223 1637 2320 1675 cor
2335 1620 2617 1675 audientis
2645 1638 2805 1676 amor
2825 1622 2920 1675 ille
2942 1623 2969 1675 ?
2992 1622 3151 1676 Absit
3174 1638 3186 1676 :
3210 1623 3308 1676 sed
3326 1638 3394 1675 ex
3422 1626 3649 1675 amante

1950 1710 2058 1764 alio
2091 1711 2417 1779 accenditur
2439 1711 2603 1764 alius.
2637 1710 2777 1765 Hinc
2795 1712 2949 1765 enim
2977 1719 3202 1765 amatur
3229 1712 3325 1782 qui
3364 1711 3649 1776 laudatur,

1952 1799 2091 1853 dum
2129 1816 2246 1853 non
2275 1799 2459 1852 fallaci
2488 1800 2655 1854 corde
2686 1799 2998 1854 laudatoris
3027 1798 3327 1871 praedicari
3358 1799 3646 1863 creditur;

1948 1887 2005 1943 id
2041 1893 2143 1949 est,
2188 1904 2318 1941 cum
2358 1904 2555 1942 amans
2585 1904 2717 1941 eum
2750 1888 2971 1942 laudat.

2019 1980 2114 2031 22.
2152 1977 2241 2032 Sic
2271 1977 2424 2031 enim
2458 1984 2591 2030 tunc
2621 1977 2882 2031 amabam
2924 1976 3185 2031 homines
3236 1994 3299 2030 ex
3347 1975 3653 2031 hominum

1943 2066 2159 2136 judicio
2186 2083 2199 2134 ;
2232 2083 2347 2120 non
2377 2066 2531 2120 enim
2563 2083 2629 2120 ex
2666 2070 2787 2130 tuo,
2820 2068 2967 2121 Deus
3000 2083 3179 2132 meus,
3214 2066 3271 2120 in
3318 2082 3432 2137 quo
3481 2081 3651 2120 nemo

1951 2155 2181 2210 fallitur.
2210 2156 2319 2209 Sed
2340 2159 2555 2221 tamen,
2589 2172 2690 2211 cur
2720 2172 2836 2210 non
2859 2155 3001 2209 sicut
3022 2145 3221 2225 auriga
3243 2154 3469 2220 nobilis,
3503 2153 3652 2208 sicut

1951 2250 2185 2299 venator
2214 2245 2417 2299 studiis
2446 2246 2819 2317 popularibus
2850 2245 3197 2311 diffamatus,
3227 2244 3325 2299 sed
3355 2245 3523 2313 longe
3555 2243 3655 2297 ali-

1950 2336 2035 2387 ter
2073 2338 2129 2387 ct
2163 2333 2428 2403 graviter,
2462 2339 2520 2387 et
2547 2334 2627 2388 ita
2675 2333 3162 2404 quemadmodum
3208 2339 3264 2388 et
3308 2349 3400 2387 me
3432 2332 3654 2387 laudari

1950 2422 2201 2476 vellem?
2234 2423 2358 2476 Non
2388 2428 2580 2477 autem
2612 2423 2813 2476 vellem
2840 2422 2918 2476 ita
2948 2421 3169 2477 laudari
3212 2426 3270 2476 et
3311 2422 3491 2476 amari
3536 2439 3651 2488 me,

1951 2516 2013 2565 ut
2035 2511 2341 2565 histriones
2366 2528 2378 2577 ;
2404 2528 2734 2582 quanquam
2757 2528 2853 2565 eos
2873 2516 2928 2566 et
2956 2511 3076 2582 ipse
3100 2511 3395 2565 laudarem
3422 2516 3478 2564 et
3504 2527 3655 2565 ama-

1950 2616 2070 2654 rem
2105 2617 2118 2654 :
2147 2600 2243 2654 sed
2273 2599 2489 2670 eligens
2540 2601 2736 2666 latere,
2770 2617 2943 2671 quam
2981 2600 3058 2654 ita
3088 2604 3256 2654 notus
3283 2616 3403 2654 esse
3430 2620 3444 2666 ;
3477 2605 3533 2654 et
3563 2602 3652 2655 vel

1950 2688 2146 2743 haberi
2190 2688 2342 2749 odio,
2391 2704 2565 2759 quam
2624 2689 2701 2742 sic
2721 2691 2920 2743 amari.
2958 2689 3059 2743 Ubi
3098 2688 3519 2743 distribuuntur
3548 2688 3654 2743 ista

1947 2778 2204 2848 pondera
2244 2776 2534 2831 variorum
2570 2783 2626 2830 ct
2671 2777 3024 2830 diversorum
3067 2792 3331 2831 amorum
3369 2776 3429 2829 in
3455 2776 3649 2831 anima

1951 2867 2109 2921 una?
2138 2866 2282 2930 Quid
2312 2870 2395 2920 est
2425 2865 2577 2936 quod
2609 2882 2736 2919 amo
2784 2865 2843 2919 in
2888 2866 3023 2933 alio,
3070 2864 3223 2935 quod
3271 2880 3489 2925 rursus,
3541 2864 3651 2917 nisi

1951 2955 2219 3024 odissem,
2252 2970 2369 3007 non
2399 2970 2432 3007 a
2460 2971 2548 3008 me
2584 2954 2892 3008 detestarer
2928 2958 2984 3008 et
3026 2953 3388 3024 repellerem,
3420 2969 3550 3007 cum
3580 2954 3653 3006 sit

1953 3050 2189 3114 uterque
2220 3048 2482 3097 nostrum
2510 3043 2681 3096 homo
2701 3042 2728 3095 ?
2761 3044 2881 3097 Non
2904 3042 3080 3111 enim,
3104 3042 3251 3097 sicut
3271 3058 3453 3113 equus
3465 3041 3651 3096 bonus

1950 3137 2175 3187 amatur
2204 3132 2275 3187 ab
2307 3148 2372 3186 eo
2403 3131 2504 3203 qui
2532 3131 2709 3185 nollet
2735 3131 2840 3185 hoc
2862 3148 3002 3198 esse,
3037 3132 3207 3186 etiam
3228 3131 3271 3184 si
3293 3137 3516 3202 posset;
3544 3130 3650 3185 hoc

1950 3226 2005 3275 et
2036 3220 2103 3274 de
2133 3219 2414 3274 histrione
2445 3220 2749 3274 dicendum
2780 3224 2881 3285 est,
2908 3220 3006 3290 qui
3051 3226 3271 3274 naturae
3304 3225 3510 3273 nostra:
3561 3235 3652 3273 so-

1950 3309 2069 3363 cius
2110 3315 2212 3364 est.
2247 3310 2467 3379 Ergone
2500 3324 2627 3362 amo
2659 3308 2719 3362 in
2767 3308 3002 3362 homine
3034 3309 3188 3380 quod
3217 3308 3312 3363 odi
3343 3325 3481 3374 esse,
3522 3324 3650 3362 cum

1951 3399 2057 3453 sim
2087 3398 2257 3453 homo
2280 3398 2305 3450 ‘I
2333 3397 2556 3452 Grande
2587 3397 2938 3468 profundum
2979 3402 3063 3452 est
3093 3397 3212 3469 ipse
3259 3398 3450 3461 homo,
3493 3398 3653 3467 cujus

1950 3488 2120 3542 etiam
2149 3487 2385 3559 capillos
2423 3493 2505 3552 tu,
2536 3486 2800 3549 Domine,
2834 3492 3163 3540 numeratos
3206 3486 3400 3552 habes,
3432 3489 3487 3538 et
3533 3500 3651 3539 non

1950 3578 2293 3632 minuuntur
2323 3576 2457 3631 inte
2483 3592 2495 3630 :
2523 3580 2578 3629 et
2606 3580 2798 3629 tamen
2819 3574 3009 3645 capilli
3031 3575 3154 3645 ejus
3184 3573 3366 3643 magis
3390 3589 3649 3627 numera-

1949 3667 2092 3722 biles
2113 3671 2433 3736 suntquam
2458 3667 2690 3719 atfectus
2722 3665 2863 3735 ejus,
2899 3669 2955 3718 et
2978 3668 3166 3717 motus
3186 3663 3373 3716 cordis
3399 3663 3541 3733 ejus.

2018 3760 2107 3811 ‘23.
2139 3759 2209 3810 At
2233 3755 2328 3809 ille
2359 3754 2554 3809 rhetor
2574 3771 2639 3809 ex
2673 3771 2738 3808 eo
2770 3759 2891 3807 erat
2919 3767 3150 3823 genere,
3185 3767 3356 3823 quem
3385 3750 3464 3805 sic
3494 3767 3649 3805 ama-

1949 3846 2101 3911 bam,
2133 3850 2198 3900 ut
2223 3845 2424 3899 vellem
2449 3860 2538 3898 me
2570 3860 2691 3897 esse
2722 3842 2931 3907 talem;
2966 3846 3020 3895 et
3051 3840 3312 3895 errabam
3356 3840 3553 3912 typho,
3597 3844 3654 3893 et

1950 3934 2390 3989 circumferebar
2419 3934 2576 3987 omni
2604 3937 2789 3994 vento,
2824 3937 2879 3985 et
2908 3929 3080 3986 nimis
3102 3930 3320 3985 occulte
3361 3930 3653 4000 guberna-

1951 4024 2051 4077 bar
2080 4023 2178 4076 abs
2211 4027 2282 4076 te.
2318 4023 2383 4077 Et
2413 4021 2560 4076 unde
2592 4021 2727 4089 scio,
2762 4027 2820 4075 et
2851 4021 3000 4074 unde
3032 4023 3219 4073 certus
3245 4019 3521 4073 confiteor
3550 4016 3653 4072 tibi

1949 4112 2101 4182 quod
2142 4110 2306 4165 illum
2337 4111 2396 4164 in
2449 4126 2641 4164 amore
2691 4108 3052 4163 laudantium
3092 4107 3273 4178 magis
3306 4123 3649 4172 amaveram,

1948 4216 2122 4271 quam
2146 4198 2209 4253 in
2236 4200 2405 4254 rebus
2435 4199 2573 4269 ipsis
2604 4198 2673 4252 de
2700 4197 2907 4269 quibus
2930 4197 3256 4251 laudantur.
3290 4195 3432 4259 Quia
3464 4194 3512 4249 si
3533 4211 3651 4248 non

1950 4289 2241 4343 laudatum
2264 4288 2651 4358 vituperarent
2679 4304 2813 4340 eum
2828 4286 3002 4340 iidem
3025 4285 3156 4356 ipsi,
3190 4288 3247 4338 et
3273 4283 3649 4354 vituperando

1949 4381 2119 4446 atque
2148 4376 2471 4447 spernendo
2502 4391 2567 4429 ea
2590 4374 2710 4447 ipsa
2739 4379 3054 4433 narrarent.
3083 4388 3201 4427 non
3222 4372 3559 4427 accenderer
3588 4371 3649 4425 in

1949 4482 2083 4520 eum
2122 4471 2178 4519 et
2218 4481 2333 4519 non
2373 4464 2665 4519 excitarer.
2703 4466 2767 4518 Et
2795 4469 2943 4518 certe
2972 4478 3063 4516 res
3109 4477 3227 4515 non
3270 4460 3396 4514 alia:
3439 4461 3648 4528 forent,

1949 4570 2051 4609 nec
2078 4556 2246 4609 homo
2275 4553 2399 4625 ipse
2429 4554 2609 4621 alius;
2645 4555 2742 4608 sed
2776 4551 3174 4608 tantummodo
3226 4549 3373 4604 alius
3416 4548 3650 4604 effectus

1947 4644 2327 4698 narrantium.
2375 4646 2508 4699 Ecce
2562 4644 2658 4698 ubi
2680 4643 2835 4713 jacet
2873 4640 3067 4695 anima
3106 4639 3355 4706 inﬁrma,
3390 4640 3651 4694 nondum

1946 4734 2170 4788 hmrens
2205 4732 2479 4788 soliditati
2507 4732 2779 4786 veritatis.
2814 4730 2971 4784 Sicut
2999 4744 3154 4783 aurae
3183 4727 3513 4800 linguarum
3546 4730 3648 4783 lla-

1946 4822 2132 4877 verint
2161 4840 2193 4876 a
2224 4822 2547 4893 pectoribus
2573 4817 2955 4890 opinantium,
2986 4816 3064 4871 ita
3096 4817 3279 4871 fertur
3308 4822 3362 4871 et
3382 4816 3646 4883 vertitur,

1947 4913 2265 4981 torquetur,
2293 4926 2355 4963 ac
2380 4911 2763 4978 retorquetur,
2800 4910 2855 4958 et
2878 4905 3249 4959 obnubilatur
3270 4903 3323 4957 ei
3345 4904 3560 4967 lumen,
3593 4909 3650 4958 et

1950 5015 2063 5053 non
2090 4998 2341 5052 cernitur
2370 4997 2594 5051 veritas.
2617 4996 2680 5049 Et
2700 5010 2825 5048 ecce
2844 4999 2929 5047 est
2948 4998 3081 5048 ante
3115 5009 3240 5047 nos.
3276 4993 3339 5046 Et
3369 5008 3643 5060 magnum

1948 5089 2222 5160 quiddam
2251 5086 2395 5141 mihi
2426 5090 2565 5151 erat,
2597 5084 2644 5143 si
2673 5098 2861 5137 sermo
2900 5098 3061 5137 meus
3092 5088 3149 5136 et
3187 5081 3376 5136 studia
3416 5097 3544 5135 mea
3564 5080 3649 5133 illi

1951 5177 2068 5231 viro
2091 5176 2532 5231 innotescereut.
2564 5174 2702 5237 Quae
2719 5173 2764 5225 si
2785 5172 3076 5243 probaret,
3106 5172 3407 5243 ﬂagrarem
3431 5168 3644 5239 magis;

2011 5286 2026 5318 ¹
2066 5282 2406 5332 Sicscribitur
2430 5281 2483 5329 in
2497 5279 2728 5329 editione
2758 5278 2879 5328 Lov.
2905 5281 2957 5327 et
2985 5278 3040 5326 in
3057 5279 3177 5339 Mss.
3210 5275 3489 5339 plerisque.
3508 5274 3642 5323 Atin

1950 5346 2072 5395 Bad.
2106 5348 2220 5394 Am.
2246 5344 2329 5391 Er.
2364 5344 2489 5391 Arn.
2512 5348 2564 5391 et
2592 5346 2820 5404 quatuor
2847 5341 2990 5397 Mss,
3012 5338 3302 5404 Icherium.

2010 5411 2031 5444 2
2060 5409 2116 5457 In
2137 5405 2509 5470 Edd.,_doctor.
2530 5406 2590 5453 In
2609 5401 2816 5453 duobus
2830 5404 2948 5453 Mss.
2970 5401 3354 5470 Lov..dic!algr
3374 5412 3386 5446 :
3406 5402 3648 5470 corrupte

1949 5471 2149 5519 scilicet
2162 5482 2253 5531 pro
2273 5466 2455 5518 ἀίδιον
2468 5482 2489 5531 ;ί
2504 5481 2662 5531 quam
2678 5481 2863 5516 vocem
2885 5470 3185 5516 nostrorum
3202 5461 3444 5511 codicum
3469 5466 3649 5513 aucto-

1952 5534 2104 5581 ritate
2137 5530 2409 5579 restituere
2444 5530 2614 5579 visum
2657 5533 2751 5578 est.
