4058 6174
284 189 384 241 703

286 308 333 362 si
364 312 558 362 autem
586 305 960 376 improbaret,
989 303 1341 359 sauciaretur
1373 319 1468 358 cor
1489 318 1700 357 vanum
1737 305 1795 356 et
1821 301 1992 355 inane

289 395 590 451 soliditatis
622 399 756 450 tute.
779 397 844 450 Et
862 400 1056 449 tamen
1077 394 1380 466 pulchrum
1402 393 1541 446 illud
1583 397 1752 462 atque
1770 395 1988 461 aptum,

289 485 441 540 unde
471 484 540 538 ad
573 499 704 537 eum
737 483 1099 553 scripseram,
1152 482 1394 536 libenter
1438 481 1631 534 animo
1675 480 1992 547 versabam,

291 574 362 628 ob
412 589 476 626 os
529 571 1033 642 contemplationis
1077 572 1266 636 mem‘,
1311 574 1366 623 et
1413 569 1570 623 nullo
1610 567 1992 622 collaudatore

289 662 556 717 mirabar.

955 750 1179 804 CAPUT
1218 749 1324 802 XV.

296 841 452 907 Quod
477 839 844 908 corporalibus
875 838 1206 906 imaginibus
1228 836 1654 902 contenebratus,
1688 852 1790 890 non
1819 838 1997 904 potuit

860 943 1047 995 capere
1086 927 1424 994 spiritualia.

368 1019 454 1072 24.
487 1017 593 1071 Sed
625 1020 798 1070 tanta:
825 1015 908 1068 rei
938 1015 1228 1069 cardinem
1259 1015 1317 1068 in
1349 1019 1466 1069 arte
1493 1019 1589 1069 tua
1622 1015 1880 1069 nondum
1911 1013 1994 1068 vi-

299 1107 524 1172 :lebam,
559 1105 955 1176 Omnipotens,
992 1104 1091 1176 qui
1120 1105 1256 1160 facis
1295 1105 1577 1158 mirabilia
1617 1105 1768 1158 solus
1807 1105 1987 1172 (Psal.

298 1213 441 1261 LXXI,
475 1197 555 1264 18)
580 1211 592 1249 :
621 1199 678 1248 et
703 1194 822 1248 ibat
851 1193 1076 1248 animus
1103 1211 1264 1248 meus
1291 1211 1391 1264 per
1415 1195 1628 1248 formas
1657 1209 1995 1262 corporeas;

296 1291 350 1338 et
378 1284 680 1355 pulchrum
730 1283 882 1354 quod
907 1283 1307 1353 perseipsum;
1343 1288 1558 1354 aptum,
1605 1287 1816 1350 autem,
1843 1281 1997 1353 quod

299 1376 367 1428 ad
399 1373 616 1443 aliquid
647 1373 1138 1427 accommodatum
1161 1373 1404 1438 deceret,
1429 1371 1772 1426 deliniebam
1805 1376 1860 1424 et
1889 1370 1999 1447 dis;

299 1462 653 1532 tiuguebam,
681 1466 737 1516 et
767 1462 1043 1532 exemplis
1071 1461 1356 1532 corporeis
1386 1461 1726 1514 astruebam.
1764 1461 1828 1513 Et.
1857 1476 1999 1513 con-

300 1550 438 1604 verti
472 1567 561 1603 me
592 1551 658 1604 ad
694 1550 871 1604 animi
899 1555 1160 1604 naturam
1189 1567 1201 1615 ;
1237 1555 1293 1604 et
1323 1566 1438 1603 non
1471 1565 1562 1603 me
1596 1550 1815 1603 sinebat
1860 1550 2000 1603 falsa

301 1639 500 1710 opinio
547 1656 719 1710 quam
762 1639 830 1693 de
876 1638 1265 1709 spiritualibus
1309 1639 1610 1704 habebam,
1645 1655 1842 1692 verum
1879 1654 1999 1691 cer-

300 1711 455 1780 nere.
492 1727 558 1780 Et
599 1725 856 1779 irruebat
901 1725 960 1778 in
1011 1727 1203 1778 oculos
1252 1725 1374 1796 ipsa
1423 1725 1504 1778 vis
1543 1725 1683 1793 veri,
1731 1731 1788 1779 et
1839 1741 1998 1780 aver-

300 1815 490 1868 tebam
521 1814 898 1886 palpitantem
928 1818 1180 1867 mentem
1202 1815 1271 1868 ab
1293 1814 1623 1884 incorporea
1648 1831 1708 1867 re
1730 1814 1800 1868 ad
1827 1814 2002 1868 linea-

301 1908 515 1968 menta,
557 1907 612 1956 et
646 1903 879 1969 colores,
905 1907 961 1956 et
991 1907 1272 1956 tumentes
1296 1903 1740 1974 magnitudines.
1783 1905 1846 1958 Et
1867 1903 2003 1974 quia

300 2010 415 2048 non
443 1997 703 2063 poteram
735 2009 802 2046 ea
831 1991 1020 2046 videre
1054 1993 1116 2046 in
1162 1992 1377 2059 animo,
1427 1993 1699 2063 putabam
1745 2009 1837 2046 me
1883 2008 2001 2046 non

300 2099 467 2154 posse
482 2081 673 2136 videre
694 2081 950 2135 animum
977 2097 1190 2135 meum.
1225 2083 1296 2136 Et
1324 2098 1453 2136 cum
1479 2082 1536 2134 in
1563 2081 1770 2151 virtute
1800 2097 2002 2151 pacem

304 2187 577 2235 amarem,
611 2170 672 2224 in
711 2169 1014 2223 vitiositate
1044 2173 1235 2223 autem
1263 2170 1507 2224 odissem
1539 2169 1875 2224 discordiam
1901 2187 1914 2235 ;
1945 2169 2003 2222 in

306 2260 402 2313 illa
433 2258 731 2323 unitatem,
765 2258 824 2312 in
869 2258 973 2312 ista
1003 2259 1311 2328 quamdam
1344 2258 1681 2313 divisionem
1713 2259 2001 2312 notabam.

305 2350 486 2418 Inque
515 2347 614 2400 illa
631 2348 852 2400 unitate
882 2363 1044 2400 mens
1063 2347 1354 2400 rationalis
1369 2351 1424 2400 et
1442 2351 1643 2401 natura
1665 2347 1917 2401 veritatis
1941 2363 2006 2400 ac

307 2435 516 2490 summi
535 2435 668 2489 boni
691 2434 834 2489 mihi
860 2452 978 2488 esse
1000 2435 1321 2490 videbatur:
1346 2436 1405 2489 in
1433 2436 1539 2488 ista
1569 2453 1699 2489 vero
1728 2436 2005 2490 divisione

309 2523 654 2578 irrationalis
684 2523 813 2577 vita:
846 2522 886 2589 ³,
919 2523 1108 2578 nescio
1142 2540 1314 2596 quam
1346 2524 1721 2578 substantiam
1761 2528 1816 2578 et
1847 2530 2007 2578 natu-

313 2630 434 2668 ram
465 2612 676 2666 summi
703 2611 860 2677 mali,
894 2629 1021 2684 quae
1040 2629 1154 2669 non
1177 2613 1361 2666 solum
1385 2618 1530 2666 esset
1548 2613 1885 2678 substantia,
1910 2613 2008 2667 sed

311 2703 544 2756 omnino
577 2701 689 2754 vita
740 2705 904 2766 esset,
959 2706 1014 2756 et
1050 2706 1244 2755 tamen
1275 2701 1371 2755 abs
1413 2706 1467 2755 te
1506 2719 1621 2755 non
1663 2707 1830 2771 esset,
1863 2703 2008 2756 Deus

313 2807 493 2856 meus,
524 2807 589 2844 ex
617 2806 730 2860 quo
762 2794 894 2844 sunt
922 2791 1137 2859 omnia,
1177 2789 1350 2844 miser
1395 2790 1690 2861 opinabar.
1725 2793 1790 2845 Et
1818 2795 2010 2844 tamen

312 2882 468 2935 illam
501 2879 808 2934 monadem
857 2879 1234 2950 appellabam,
1268 2884 1544 2950 tanquam
1574 2881 1695 2934 sine
1728 2881 1843 2934 ullo
1875 2897 2010 2933 sexu

319 2973 568 3023 mentem
599 2972 652 3033 ³;
699 2968 848 3022 hanc
895 2984 1030 3022 vero
1064 2968 1329 3038 dyadem,
1362 2969 1507 3022 iram
1553 2968 1612 3022 in
1645 2968 2012 3038 facinoribus,

313 3057 609 3113 libidinem
640 3057 696 3110 in
748 3056 998 3128 flagitiis,
1053 3057 1312 3111 nesciens
1353 3057 1494 3129 quid
1548 3059 1836 3129 loquerer.
1890 3059 2012 3112 Non

316 3147 470 3201 enim
494 3162 760 3200 noveram
789 3162 976 3217 neque
1006 3145 1338 3213 didiceram,
1384 3162 1489 3200 nec
1526 3147 1703 3200 ullam
1749 3148 2013 3201 substan-

318 3239 452 3291 tiam
485 3237 700 3290 malum
731 3251 875 3304 esse,
926 3252 1030 3288 nec
1077 3235 1262 3304 ipsam
1293 3240 1544 3289 mentem
1575 3239 1829 3290 nostram
1860 3253 2014 3290 sum-

322 3339 477 3376 mum
517 3327 684 3394 atque
713 3322 1179 3378 incommutabile
1209 3323 1444 3378 bonum.

389 3417 478 3467 ‘25.
508 3413 664 3466 Sicut
711 3412 865 3466 enim
907 3412 1158 3467 facinora
1204 3419 1356 3480 sunt,
1415 3413 1461 3467 si
1509 3413 1745 3468 vitiosus
1793 3420 1879 3468 est
1923 3415 2018 3469 ille

321 3501 498 3556 animi
527 3507 736 3569 motus,
762 3501 824 3555 in
852 3518 965 3573 quo
987 3507 1072 3556 est
1102 3503 1371 3574 impetus,
1405 3508 1460 3556 et
1489 3519 1546 3556 se
1569 3503 1746 3572 jactat
1776 3503 2020 3558 insolen-

321 3596 406 3646 ter
430 3607 494 3644 ac
523 3590 786 3658 turbide;
819 3596 876 3646 et
911 3592 1142 3663 flagitia,
1176 3592 1222 3646 si
1253 3598 1339 3647 est
1372 3592 1751 3647 immoderata
1779 3592 1874 3646 illa
1895 3591 2019 3645 ani-

323 3696 432 3733 ma:
471 3678 713 3745 affectio,
746 3696 859 3750 qua
889 3683 1142 3735 carnales
1173 3681 1522 3735 hauriuntur
1546 3683 1901 3752 voluptates:
1944 3680 2024 3735 ita

324 3784 545 3824 errores
577 3773 631 3822 et
660 3767 816 3822 falsa:
849 3769 1147 3839 opiniones
1174 3770 1344 3824 vitam
1397 3771 1811 3833 contaminant,
1843 3769 1889 3822 si
1931 3786 2022 3823 ra-

326 3857 554 3911 tionalis
584 3873 745 3910 mens
775 3857 897 3927 ipsa
916 3859 1118 3912 vitiosa
1149 3865 1268 3924 est;
1303 3859 1486 3930 qualis
1516 3859 1574 3912 in
1601 3875 1693 3913 me
1723 3864 1859 3912 tunc
1881 3860 2024 3924 erat,

327 3945 611 3999 nesciente
665 3944 776 3998 alio
807 3945 1021 4000 lumine
1064 3947 1220 4001 illam
1251 3947 1646 4001 illustrandam
1691 3963 1810 4000 esse
1841 3950 1903 3998 ut
1957 3945 2027 3998 sit

328 4033 610 4104 particeps
637 4032 912 4101 veritatis,
941 4035 1075 4106 quia
1107 4052 1222 4089 non
1254 4040 1338 4089 est
1368 4036 1491 4105 ipsa
1522 4041 1723 4088 natura
1756 4034 2024 4088 veritatis.

325 4123 604 4190 Quoniam
636 4127 697 4177 tu
750 4122 1105 4179 illuminabis
1144 4126 1438 4179 lucernam
1487 4141 1696 4190 meam,
1747 4123 2028 4188 Domine;

328 4215 474 4268 Deus
521 4228 704 4267 meus.
757 4211 1112 4267 illuminabis
1168 4213 1432 4267 tenebras
1482 4229 1636 4267 meas
1694 4213 1870 4279 (Psal.
1919 4229 2026 4273 xvi,

324 4303 409 4372 ‘29)
437 4319 450 4356 :
487 4307 544 4356 et
592 4301 662 4356 de
693 4301 1053 4372 plenitudine
1084 4305 1184 4355 tua
1215 4318 1318 4355 nos
1358 4319 1554 4356 omnes
1584 4302 1926 4372 accepimus.
1962 4303 2031 4355 Es

328 4391 482 4445 enim
503 4395 566 4445 tu
583 4391 776 4444 lumen
799 4406 997 4444 verum
1021 4389 1474 4461 quodilluminat
1491 4407 1721 4444 omnem
1736 4389 2031 4444 hominem

329 4479 655 4533 venientem
686 4477 746 4532 in
784 4478 936 4532 hunc
967 4477 1246 4532 mundum
1284 4481 1455 4542 (Joan.
1485 4498 1523 4545 ι,
1563 4484 1646 4544 l6,
1679 4479 1768 4549 9);
1810 4478 1944 4549 quia
1973 4478 2033 4531 in

332 4572 385 4621 te
416 4583 531 4621 non
559 4572 642 4621 est
663 4566 1090 4636 transmutatio,
1115 4582 1220 4620 nec
1245 4567 1520 4621 momenti
1547 4567 1906 4622 obumbratio
1926 4567 2034 4637 (Ja-

328 4656 444 4709 cobi
473 4673 509 4723 ι,
557 4657 658 4722 l7).

404 4748 490 4798 26.
523 4744 635 4799 Sed
667 4761 770 4816 ego
802 4746 1053 4801 conabar
1083 4744 1157 4801 ad
1184 4749 1263 4814 te,
1301 4750 1358 4800 et
1394 4745 1710 4817 repellebar
1739 4745 1837 4799 abs
1867 4748 1942 4811 te,
1976 4748 2038 4797 ut

335 4849 593 4904 saperem
628 4839 895 4903 mortem,
927 4835 1200 4906 quoniam
1219 4835 1478 4907 superbis
1505 4833 1740 4888 resistis.
1773 4833 1918 4897 Quid
1945 4849 2036 4886 au-

333 4927 451 4976 tem
480 4921 800 4992 superbius,
820 4939 990 4993 quam
1025 4929 1083 4978 ut
1115 4940 1429 4978 assererem
1463 4921 1608 4976 mira
1637 4921 1924 4975 dementia
1946 4937 2037 4975 me

401 5013 414 5042 ¹
436 5010 560 5059 Arn.
577 5023 696 5057 cum
711 5010 941 5058 editione
956 5013 1138 5060 Moreti
1156 5026 1240 5060 au.
1269 5015 1387 5060 1650
1417 5012 1492 5059 sic
1516 5011 1696 5059 habet:
1720 5013 1905 5059 Animo
1922 5023 2038 5059 ver-

333 5074 519 5139 sutiam
535 5077 586 5121 cl
599 5074 1003 5139 ostentationem
1015 5075 1482 5139 contemplationis
1508 5086 1646 5124 mea.
1661 5074 1781 5122 Mss.
1799 5087 1917 5120 sex:
1935 5074 2040 5122 Mo-

335 5135 428 5184 dos
451 5136 757 5196 com/empl.

401 5199 545 5270 f‘lMss
570 5197 724 5270 Angl.
749 5211 869 5270 eum
884 5197 1078 5270 nostris
1095 5197 1304 5270 habent:
1331 5195 2040 5270 Diuisioneirration‘alibilis

339 5262 474 5314 vim.
505 5260 614 5308 sive
641 5259 1163 5322 irrationalisApud
1183 5261 1326 5320 Lov.,
1346 5261 1622 5312 rationalis
1644 5277 1656 5319 ;
1683 5259 1951 5317 mendose,
1987 5262 2043 5306 ut

378 5327 502 5371 etet.

341 5337 519 5432 maelii
546 5385 668 5433 Mss.
695 5385 929 5447 quinque
952 5396 1056 5432 non
1073 5383 1346 5447 deterioris
1364 5389 1501 5434 nota:
1522 5385 1764 5445 habetur,
1789 5385 1905 5434 sine
1924 5380 2042 5432 ullo

341 5458 495 5494 sensu
534 5445 756 5497 mentem
785 5463 798 5507 ;
828 5459 941 5510 pro,
972 5447 1086 5496 sine
1117 5445 1218 5496 illo
1247 5459 1402 5495 seru.

1481 180 1619 235 (301V
1633 180 2028 235 FESSIONUM
2086 179 2141 234 S.
2199 179 2606 234 AUGUS'I‘INI.

3699 186 3804 237 7οἱ

2101 319 2161 374 id
2192 336 2314 374 esse
2344 319 2679 399 naturaliter
2707 322 2862 392 quod
2893 326 2956 376 tu
2985 339 3045 377 es
3065 325 3094 376 ?
3131 324 3272 379 Cum
3313 323 3468 379 enim
3493 341 3599 395 ego
3623 342 3810 379 essem

2102 408 2415 475 mutabilis,
2449 418 2504 463 et
2542 425 2609 463 eo
2659 409 2802 464 mibi
2851 411 3217 467 manifestum
3262 418 3424 479 esset,
3475 415 3627 486 quod
3679 415 3814 469 ideo

2103 499 2302 570 utique
2334 497 2558 570 sapiens
2588 515 2710 554 esse
2740 499 3065 569 cupiebam,
3101 506 3161 555 ut
3185 519 3250 556 ex
3282 503 3560 557 deteriore
3601 503 3819 557 melior

2103 588 2334 654 ﬁerem;
2366 588 2652 642 malebam
2681 593 2875 643 tamen
2907 590 3078 644 etiam
3107 594 3162 644 te
3193 592 3419 662 opinari
3447 593 3818 661 mutabilem,

2105 693 2278 749 quam
2317 693 2408 732 me
2435 694 2548 732 non
2576 678 2680 732 hoc
2707 694 2827 732 esse
2858 680 3013 748 quod
3044 685 3099 734 tu
3129 696 3208 734 es.
3241 681 3439 752 Itaque
3468 682 3818 752 repellebar,

2105 772 2161 821 et
2188 767 2488 821 resistebas
2511 771 2758 822 ventosa:
2788 767 2989 821 cervici
3018 784 3163 823 mea:
3189 785 3201 822 :
3233 775 3289 822 et
3316 769 3674 840 imaginabar
3697 771 3819 825 for-

2104 870 2227 910 mas
2257 872 2581 927 corporeas,
2610 861 2663 911 et
2693 874 2823 910 caro
2842 874 3071 911 carnem
3105 859 3458 926 accusabam,
3491 864 3547 913 et
3575 860 3823 931 spiritus

2106 946 2409 999 ambulans
2439 945 2698 999 nondum
2727 945 3052 1000 revertebar
3080 947 3147 1000 ad
3163 953 3217 1000 te
3242 947 3415 1016 (Psal.
3455 964 3654 1014 uxvu,
3686 948 3819 1014 39);

2107 1039 2161 1088 et
2194 1034 2540 1088 ambulando
2567 1034 2929 1088 ambulabam
2949 1034 3006 1088 in
3035 1052 3102 1089 ea
3131 1052 3259 1106 qua:
3290 1053 3404 1090 non
3433 1041 3586 1102 sunt,
3620 1054 3822 1108 neque

2105 1123 2164 1178 in
2197 1128 2273 1187 te,
2295 1139 2479 1194 neque
2498 1122 2683 1189 inme,
2707 1139 2895 1194 neque
2911 1122 2969 1176 in
2991 1139 3264 1194 corpore;
3285 1140 3472 1195 neque
3498 1125 3637 1178 mihi
3655 1141 3824 1179 crea-

2107 1215 2316 1267 bantur
2341 1231 2374 1267 a
2403 1213 2636 1266 veritate
2666 1217 2785 1278 tua,
2819 1213 2913 1266 sed
2945 1230 2978 1266 a
3008 1229 3134 1266 mea
3162 1215 3408 1268 vanitate
3439 1214 3825 1284 ﬁngebantur

2108 1320 2172 1357 ex
2203 1319 2478 1372 corpore:
2503 1306 2559 1355 et
2589 1301 2847 1356 dicebam
2878 1302 3126 1372 parvulis
3142 1303 3407 1357 ﬁdelibus
3427 1302 3560 1369 tuis,
3593 1304 3822 1357 civibus

2108 1392 2272 1458 meis,
2324 1409 2355 1446 a
2404 1391 2614 1462 quibus
2662 1391 2918 1445 nesciens
2976 1392 3344 1457 exsulabam;
3392 1392 3649 1446 dicebam
3699 1391 3825 1445 illis

2110 1482 2374 1552 garrulus
2405 1485 2460 1534 et
2489 1479 2739 1551 ineptus,
2774 1482 2884 1534 Cur
2915 1497 3051 1550 ergo
3084 1485 3237 1534 errat
3263 1481 3455 1534 anima
3485 1497 3655 1552 quam
3683 1482 3828 1534 fecit

2113 1571 2304 1626 Deus?
2331 1571 2394 1625 Et
2424 1569 2567 1625 mihi
2597 1569 2860 1623 nolebam
2889 1568 3021 1635 dici,
3051 1570 3163 1624 Cur
3187 1585 3322 1640 ergo
3345 1575 3499 1624 errat
3532 1571 3722 1623 Deus?
3751 1571 3826 1624 Et

2112 1662 2528 1718 contendebam
2576 1660 2757 1730 magis
2789 1660 3319 1714 incommutabilem
3360 1665 3517 1714 tuam
3545 1661 3827 1715 substan-

2112 1752 2252 1807 tiam
2299 1756 2550 1806 coactam
2581 1767 2792 1817 errare,
2825 1766 2997 1821 quam
3029 1766 3214 1803 meam
3250 1749 3583 1803 mutabilem
3615 1754 3828 1821 sponte

2113 1841 2383 1904 deviasse,
2419 1844 2473 1894 et
2495 1856 2664 1910 poena
2697 1856 2885 1893 errare
2916 1840 3230 1893 conﬁtebar
3251 1843 3288 1893 ί.

2186 1936 2272 1985 27.
2310 1932 2373 1984 Et
2403 1947 2557 1983 eram
2589 1933 2754 1983 aetate
2775 1945 3060 1982 annorum
3078 1929 3314 1982 fortasse
3345 1927 3549 1998 viginti
3579 1943 3676 1980 sex
3719 1932 3832 1980 aut

2116 2025 2355 2091 septem,
2386 2036 2514 2073 eum
2546 2019 2644 2072 illa
2691 2019 2985 2072 volumina
3023 2017 3242 2089 scripsi,
3274 2017 3503 2070 volvens
3531 2016 3681 2088 apud
3727 2033 3827 2070 me

2115 2109 2435 2180 corporalia
2462 2108 2756 2178 ﬁgmenta,
2777 2107 3166 2178 obstrepentia
3185 2105 3369 2160 cordis
3391 2107 3503 2159 mei
3535 2105 3779 2158 auribus
3809 2123 3823 2170 ;

2117 2215 2257 2270 quas
2286 2197 2676 2262 intendebam,
2707 2197 2888 2250 dulcis
2917 2196 3144 2258 veritas,
3173 2195 3234 2248 in
3265 2194 3597 2248 interiorem
3628 2194 3825 2248 melo-

2116 2287 2270 2342 diam
2299 2291 2476 2346 tuam.
2509 2285 2763 2356 cogitans
2791 2285 2859 2339 de
2888 2285 3129 2355 pulchro
3176 2289 3230 2338 et
3262 2288 3410 2354 apto,
3454 2287 3509 2337 et
3539 2286 3689 2337 stare
3721 2299 3826 2334 cu-

2117 2377 2280 2448 piens
2308 2380 2363 2429 et
2391 2375 2589 2428 audire
2623 2379 2698 2439 te,
2735 2379 2789 2428 et
2820 2374 3028 2444 gaudio
3060 2374 3309 2444 gaudere
3358 2376 3595 2443 propter
3624 2387 3826 2424 vocem

2118 2465 2312 2536 sponsi
2353 2466 2534 2532 (Joan.
2571 2482 2650 2530 in,
2680 2467 2792 2530 ‘29),
2835 2468 2891 2516 et
2922 2479 3034 2517 non
3065 2467 3359 2534 poteram:
3403 2461 3539 2532 quia
3585 2460 3827 2513 vocibus

2119 2554 2329 2608 erroris
2357 2553 2472 2606 mei
2503 2551 2768 2622 rapiebar
2796 2552 2966 2618 foras,
2995 2556 3050 2606 et
3084 2552 3332 2622 pondere
3365 2549 3648 2620 superbia:
3679 2565 3826 2603 mea:

2120 2643 2180 2697 in
2210 2643 2322 2696 ima
2353 2641 2700 2695 decidebam.
2740 2643 2864 2695 Non
2896 2641 3050 2695 enim
3080 2642 3254 2695 dabas
3283 2639 3503 2694 auditui
3538 2655 3668 2692 meo
3691 2654 3832 2710 gau-

2121 2733 2279 2786 dium
2311 2735 2366 2785 et
2391 2730 2670 2797 laetitiam,
2701 2735 2799 2784 aut
2828 2732 3190 2785 exsultabant
3219 2747 3344 2784 ossa
3375 2745 3522 2796 mea,
3555 2745 3686 2799 quae
3715 2729 3828 2781 hu-

2123 2822 2339 2876 miliata
2369 2837 2480 2875 non
2510 2825 2671 2874 erant
2699 2821 2866 2890 (Psal.
2897 2837 2936 2886 ι,
2967 2821 3067 2885 l0).

2773 2910 2997 2964 CAPUT
3026 2910 3160 2964 XVI.

2125 3001 2436 3069 Categorias
2462 2999 2777 3054 Aristotelis
2807 3003 2856 3052 et
2886 2999 3188 3052 liberalium
3217 2999 3420 3051 artium
3461 2997 3627 3051 libros
3647 3013 3752 3065 per
3782 3013 3839 3050 sc

2834 3088 3118 3140 intellexit.

2196 3182 2284 3232 ‘28.
2315 3178 2382 3231 Et
2405 3175 2546 3248 quid
2571 3174 2716 3228 mihi
2742 3175 3016 3245 proderat
3045 3175 3198 3244 quod
3243 3191 3420 3229 annos
3452 3179 3621 3228 natus
3652 3173 3841 3232 ferme

2127 3267 2351 3340 viginti,
2413 3281 2542 3320 cum
2591 3265 2650 3318 in
2701 3280 2905 3317 manus
2947 3279 3104 3318 meas
3143 3263 3431 3317 venissent
3471 3263 3844 3317 Aristotelica

2129 3356 2416 3429 quaedam,
2450 3371 2594 3424 quas
2625 3354 2914 3425 appellant
2957 3353 3154 3407 decem
3195 3352 3550 3424 Categorias;
3585 3369 3840 3422 quarum

2129 3444 2382 3510 nomine,
2415 3459 2545 3497 cum
2570 3459 2664 3496 eas
2676 3441 2870 3496 rhetor
2898 3441 3360 3512 Carthaginensis
3380 3441 3649 3512 magister
3671 3457 3843 3494 meus

2129 3534 2320 3589 buccis
2368 3533 2544 3603 typho
2585 3531 2946 3601 crepantibus
2988 3535 3482 3596 commemoraret,
3515 3535 3570 3583 et
3588 3530 3686 3584 alii
3731 3531 3843 3600 qui

2133 3624 2281 3680 docti
2307 3623 2682 3687 habebantur,
2715 3626 2990 3691 tanquam
3015 3620 3073 3674 in
3100 3619 3290 3674 nescio
3321 3620 3458 3690 quid
3483 3636 3762 3689 magnum
3784 3626 3842 3674 et

2133 3713 2389 3768 divinum
2421 3726 2725 3781 suspensus
2755 3709 3048 3763 inhiabam
3075 3725 3088 3776 ;
3131 3708 3242 3780 legi
3273 3724 3367 3760 eas
3397 3709 3550 3761 solus
3584 3712 3638 3761 et
3666 3709 3842 3761 intel-

2134 3801 2291 3856 lexi?
2313 3801 2461 3864 Quas
2501 3814 2631 3852 cum
2669 3797 3033 3851 contulissem
3059 3813 3189 3851 cum
3223 3797 3304 3850 eis
3342 3797 3439 3867 qui
3471 3813 3527 3850 se
3571 3795 3846 3849 dicebant

2136 3890 2224 3944 vix
2269 3906 2379 3952 eas,
2427 3886 2716 3958 magistris
2736 3885 3156 3952 eruditissimis,
3188 3902 3305 3939 non
3329 3885 3695 3957 loquentibus
3717 3889 3845 3937 tan-

2137 3985 2281 4043 tum,
2311 3977 2404 4031 sed
2436 3977 2612 4030 multa
2632 3975 2692 4029 iu
2714 3975 2943 4046 pulvere
2973 3974 3434 4046 depingentibus,
3466 3973 3840 4035 intellexisse;

2137 4069 2282 4124 nihil
2312 4067 2446 4121 inde
2477 4065 2632 4120 aliud
2661 4064 2804 4119 mihi
2834 4063 3020 4118 dicere
3051 4068 3385 4134 potuerunt,
3419 4078 3592 4133 quam
3619 4078 3727 4131 ego
3756 4079 3836 4115 so-

2139 4159 2226 4212 lus
2253 4156 2404 4227 apud
2426 4155 2705 4226 meipsum
2740 4155 2936 4224 legens
2966 4168 3366 4223 cognoveram,
3401 4156 3456 4205 et
3482 4151 3618 4205 satis
3647 4157 3846 4220 aperte

2140 4246 2282 4301 mihi
2312 4245 2650 4300 videbantur
2679 4244 2980 4314 loquentes
3021 4242 3091 4296 de
3143 4239 3500 4302 substantiis,
3552 4239 3720 4293 sicuti
3762 4244 3849 4292 est

2142 4337 2314 4391 homo
2343 4352 2356 4401 ;
2393 4339 2450 4388 et
2480 4350 2608 4406 quae
2640 4333 2699 4386 in
2730 4331 2844 4386 illis
2871 4336 3080 4397 essent,
3122 4329 3286 4383 sicuti
3331 4333 3413 4383 est
3442 4329 3629 4399 ﬁgura
3657 4328 3845 4382 homi-

2141 4424 2265 4490 nis;
2297 4423 2482 4495 qualis
2511 4423 2585 4476 sit
2613 4427 2670 4476 et
2698 4425 2931 4483 statura,
2966 4424 3108 4491 quot
3135 4418 3347 4490 pedum
3377 4417 3449 4472 sit
3479 4434 3493 4484 ;
3531 4423 3590 4472 et
3637 4434 3845 4488 cogna-

2142 4513 2243 4575 tio,
2267 4513 2430 4582 cujus
2446 4511 2619 4565 frater
2640 4511 2712 4564 sit
2734 4527 2747 4576 ;
2773 4515 2867 4564 aut
2890 4509 2986 4564 ubi
3010 4508 3083 4563 sit
3101 4508 3444 4562 constitutus
3467 4524 3479 4573 ;
3507 4511 3604 4560 aut
3617 4506 3847 4578 quando

2142 4607 2311 4656 natus
2336 4619 2349 4667 ;
2377 4605 2475 4655 aut
2503 4605 2630 4665 stet,
2646 4603 2744 4653 aut
2771 4599 2966 4653 sedeat
2990 4616 3004 4665 ;
3038 4603 3135 4652 aut
3164 4598 3445 4652 calceatus
3473 4597 3561 4650 vel
3595 4601 3848 4649 armatus

2147 4691 2259 4759 sit;
2290 4696 2388 4746 aut
2418 4667 2635 4761 aliquid
2654 4688 2858 4754 faciat;
2891 4693 2991 4742 aut
3019 4687 3268 4758 patiatur
3297 4685 3510 4756 aliquid
3537 4706 3548 4739 :
3585 4690 3641 4739 et
3689 4701 3847 4755 qure-

2146 4795 2390 4851 cumque
2412 4780 2470 4833 in
2493 4779 2581 4832 his
2603 4793 2808 4832 novem
2829 4777 3154 4848 generibus,
3181 4792 3427 4846 quorum
3449 4774 3698 4845 exempli
3720 4789 3847 4844 gra-

2146 4871 2224 4925 tia
2251 4869 2512 4940 quaedam
2557 4867 2746 4938 posui,
2781 4867 2867 4920 vel
2899 4865 2958 4919 in
2998 4865 3120 4935 ipso
3155 4863 3486 4918 substantiae
3520 4879 3730 4935 genere
3761 4861 3847 4915 in—

2148 4957 2529 5014 numerabilia
2560 4955 2953 5026 reperiuntur.

2218 5052 2307 5104 29.
2329 5047 2474 5112 Quid
2496 5048 2604 5101 hoc
2622 5045 2766 5100 mihi
2791 5043 3086 5116 proderat,
3115 5042 3350 5114 quando
3382 5047 3436 5096 et
3452 5042 3652 5095 oberat
3671 5042 3700 5094 ‘?
3726 5055 3851 5093 cum

2149 5139 2320 5193 etiam
2341 5142 2416 5204 te,
2463 5138 2609 5191 Deus
2642 5151 2803 5188 meus
2835 5131 3176 5188 mirabiliter
3213 5130 3529 5202 simplicem
3558 5136 3730 5200 atque
3760 5128 3850 5181 iu—

2149 5226 2638 5291 commutabilem,
2688 5222 2800 5278 illis
2867 5222 3063 5277 decem
3120 5219 3582 5292 praedicamentis
3650 5223 3853 5289 putans

2151 5317 2434 5388 quidquid
2466 5318 2613 5368 esset
2639 5312 2873 5368 omnino
2903 5311 3404 5382 comprehensum,
3429 5309 3510 5362 sic
3536 5307 3849 5376 intelligere

2221 5444 2230 5474 ι
2262 5440 2412 5498 Edd.,
2435 5452 2569 5501 pene
2592 5451 2781 5488 errare
2813 5434 3110 5499 conﬁtebar,
3157 5434 3435 5484 manifesto
3470 5433 3635 5495 lapsu.
