4022 6176
143 343 246 391 Π)ῖί

143 481 409 535 conarer,
442 464 608 535 quasi
644 467 700 518 et
727 466 786 517 tu
817 461 1100 532 subjectus
1130 477 1281 516 esses
1318 461 1705 532 magnitudini
1732 468 1847 518 tuae

146 560 251 610 aut
280 554 709 627 pulchritudini,
743 557 808 607 ut
833 551 928 606 illa
967 556 1158 605 essent
1188 550 1248 605 in
1279 555 1332 605 te
1364 552 1527 623 quasi
1563 552 1622 606 in
1663 554 1853 623 subje-

151 650 266 710 cto,
293 645 432 698 sicut
458 643 519 696 in
549 656 817 712 corpore;
856 656 988 694 cum
1020 645 1120 694 tua
1151 641 1490 711 magnitudo
1520 646 1576 696 et
1602 646 1699 695 tua
1729 645 1854 713 pul-

147 733 414 786 chritudo
444 737 502 785 tu
536 731 656 802 ipse
678 729 782 784 sis:
809 747 1012 801 corpus
1044 735 1234 785 autem
1257 747 1370 784 non
1402 748 1466 784 eo
1490 731 1562 784 sit
1582 748 1856 802 magnum

143 826 204 876 et
229 822 536 892 pulchrum
569 836 682 891 quo
704 836 909 891 corpus
939 825 1054 886 est;
1082 819 1217 890 quia
1243 820 1349 872 etsi
1371 819 1560 874 minus
1584 838 1858 892 magnum

143 916 206 964 et
248 911 445 964 minus
473 909 776 980 pulchrum
828 913 996 977 esset,
1041 908 1422 962 nihilominus
1458 925 1662 981 corpus
1688 916 1854 964 esset.

145 1000 391 1054 Falsitas
423 998 575 1053 enim
593 1003 714 1052 erat
731 1014 904 1069 quam
934 998 1002 1052 de
1025 1001 1080 1050 te
1102 997 1446 1068 cogitabam,
1487 1016 1604 1053 non
1630 999 1854 1065 veritas;

141 1093 206 1144 et
228 1089 508 1158 ﬁgmenta
535 1086 780 1140 miserias
811 1101 974 1151 mete,
1006 1103 1124 1139 non
1157 1087 1524 1142 ﬁrmamenta
1554 1088 1856 1142 beatitudi-

142 1178 242 1232 nis
274 1184 411 1232 tum.
450 1177 703 1230 Jusseras
742 1175 920 1240 enim,
953 1179 1012 1228 et
1052 1174 1131 1226 ita
1157 1174 1328 1227 ﬁebat
1356 1174 1416 1228 in
1450 1191 1562 1240 me,
1599 1181 1660 1229 ut
1710 1181 1862 1228 terra

140 1267 350 1338 spinas
377 1271 433 1320 et
462 1265 698 1318 tribulos
719 1269 948 1334 pareret
987 1263 1150 1326 mihi,
1185 1268 1239 1317 et
1272 1280 1402 1317 cum
1437 1264 1630 1318 labore
1655 1280 1858 1335 perve-

141 1357 342 1410 nirem
373 1354 440 1408 ad
471 1368 679 1424 panem
710 1369 904 1406 meum
936 1353 1083 1420 (Gen.
1120 1369 1201 1418 ιη,
1238 1355 1322 1418 18,
1358 1356 1469 1421 19).

226 1447 318 1500 30.
342 1443 406 1497 Et
432 1443 570 1513 quid
591 1441 735 1495 mihi
761 1441 1033 1510 proderat
1054 1441 1209 1511 quod
1228 1457 1426 1494 omnes
1447 1441 1623 1495 libros
1653 1442 1861 1496 artium

143 1548 300 1603 quas
329 1532 592 1586 liberales
620 1536 844 1588 vocant,
875 1535 1011 1584 tunc
1052 1531 1436 1602 nequissimus
1463 1533 1742 1586 malarum
1765 1549 1862 1585 cu-

142 1622 465 1692 piditatum
496 1637 691 1675 servus
720 1635 822 1690 per
846 1619 1127 1690 meipsum
1159 1619 1269 1690 legi
1300 1625 1358 1673 et
1384 1620 1657 1688 intellexi,
1689 1637 1863 1690 quos-

140 1726 404 1781 cumque
437 1711 624 1780 legere
655 1708 854 1780 potui?
886 1709 948 1762 Et
979 1709 1300 1778 gaudebam
1334 1709 1393 1761 in
1420 1708 1521 1774 eis,
1557 1713 1613 1761 et
1649 1709 1866 1762 nescie-

145 1799 290 1853 bam
320 1799 471 1853 unde
511 1803 656 1852 esset
694 1797 977 1868 quidquid
1008 1796 1088 1850 ibi
1117 1813 1316 1850 verum
1347 1801 1403 1850 et
1445 1802 1664 1850 certum
1697 1801 1861 1851 esset.

147 1890 406 1942 Dorsum
440 1887 595 1941 enim
618 1887 897 1940 habebam
930 1886 998 1938 ad
1023 1887 1237 1951 lumen,
1287 1888 1342 1938 et
1370 1885 1443 1938 ad
1470 1902 1535 1938 ea
1574 1902 1702 1956 qum
1734 1886 1867 1938 illu-

147 1976 478 2041 minantur,
511 1974 744 2029 faciem:
780 1975 936 2028 unde
968 1973 1090 2044 ipsa
1111 1973 1283 2027 facies
1311 1989 1457 2038 mea,
1504 1990 1618 2044 qua
1651 1974 1862 2028 illumi-

141 2070 294 2118 nata
322 2064 644 2118 cernebam.
678 2079 794 2116 non
831 2063 1286 2116 illuminabatur.
1324 2062 1611 2132 Quidquid
1643 2062 1710 2116 de
1743 2068 1863 2116 arte

155 2153 438 2224 loquendi
486 2156 542 2206 et
585 2151 920 2216 disserendi,
973 2151 1254 2222 quidquid
1301 2150 1370 2204 de
1412 2141 1868 2205 dimensionibus

161 2243 504 2312 figurarum,
537 2246 592 2295 et
633 2241 701 2295 de
732 2240 964 2294 musicis
1010 2245 1069 2294 et
1098 2242 1166 2294 de
1197 2239 1476 2305 numeris,
1511 2239 1631 2294 sine
1663 2257 1871 2311 magna

159 2332 520 2396 difﬁcultate,
546 2331 703 2384 nullo
734 2330 1036 2384 hominum
1058 2330 1316 2384 tradente
1349 2329 1623 2396 intellexi,
1659 2330 1762 2382 scis
1784 2336 1865 2394 tu,

156 2421 405 2476 Domine
446 2421 596 2474 Deus
625 2436 819 2484 meus;
853 2419 989 2490 quia
1015 2423 1073 2472 et
1099 2419 1359 2472 celeritas
1389 2418 1768 2489 intelligendi,
1817 2424 1872 2472 et

151 2510 509 2580 dispiciendi
530 2525 770 2563 acumen
799 2510 838 2574 ¹,
874 2509 1091 2562 donum
1117 2513 1281 2562 tuum
1314 2511 1397 2561 est
1421 2508 1564 2561 :-sed
1594 2524 1708 2560 non
1738 2507 1869 2562 inde

151 2599 555 2654 sacriﬁcabam
587 2598 709 2651 tibi.
755 2599 950 2667 ltaque
1001 2596 1145 2650 mihi
1176 2613 1290 2650 non
1339 2597 1409 2650 ad
1449 2613 1637 2658 usum,
1673 2596 1768 2650 sed
1805 2597 1871 2650 ad

148 2687 476 2759 perniciem
499 2687 681 2757 magis
707 2686 946 2744 valebat,
968 2686 1104 2756 quia
1126 2691 1244 2738 tam
1266 2685 1475 2738 bonam
1500 2691 1720 2755 partem
1746 2685 1874 2738 sub-

153 2776 388 2828 stantias.
429 2790 571 2828 mea:
602 2773 783 2844 sategi
813 2774 1023 2827 habere
1054 2773 1112 2825 in
1154 2777 1459 2842 potestate:
1495 2777 1550 2825 et
1589 2771 1876 2825 fortitudi-

153 2880 298 2918 nem
322 2879 512 2916 meam
533 2879 649 2916 non
673 2863 743 2916 ad
768 2867 821 2915 te
845 2862 1233 2916 custodiebam
1255 2861 1422 2934 (Psal.
1450 2876 1598 2926 Lvnl,
1636 2861 1752 2930 {0);
1779 2861 1875 2914 sed

153 2955 452 3024 profectus
473 2968 600 3005 sum
633 2951 730 3005 abs
771 2956 824 3005 te
857 2951 918 3004 in
949 2950 1326 3021 longinquam
1345 2949 1880 3018 regionem,uteam

154 3042 508 3111 dissiparem
530 3040 591 3094 in
623 3040 948 3094 meretrices
979 3037 1354 3110 cupiditates2
1375 3038 1530 3106 (Luc.
1556 3055 1646 3103 xv,
1677 3036 1760 3106 1⁵2,
1789 3041 1874 3103 13,

227 3152 242 3183 ¹
273 3151 336 3197 In
353 3149 742 3212 antiquioribus
763 3148 1104 3212 editionibus.
1121 3146 1372 3212 discendi.
1393 3147 1514 3195 Lov.
1541 3150 1592 3194 et
1609 3147 1752 3201 Arn.,
1773 3145 1878 3194 dis-

161 3213 424 3275 putandi.
449 3210 512 3260 At
537 3212 591 3275 in
609 3213 728 3259 Mss.
752 3210 1348 3273 pluribus,diSp£cie-ndi
1368 3223 1606 3268 acumen,
1630 3222 1748 3272 qua:
1771 3221 1881 3269 ger-

168 3274 335 3322 mana
366 3275 520 3322 lectio
544 3274 652 3321 visa
688 3279 782 3322 est.

234 3337 256 3370 ³
289 3337 414 3384 Lov.
439 3350 559 3384 cum
588 3336 975 3398 antiquioribus
999 3331 1883 3396 editionibus,meretriciascupidi-

1228 3578 1745 3701 LIBER
1848 3576 2623 3715 QUINTUS.

1601 341 1807 396 LIBER
1883 341 2219 407 QUINTUS.

3570 352 3670 401 70ιὶ

1965 466 2074 534 30).
2102 465 2241 517 Nam
2262 462 2397 534 quid
2415 462 2552 516 mihi
2567 463 2830 533 proderat
2850 464 2998 518 bona
3013 480 3124 534 res,
3143 483 3257 520 non
3281 468 3467 521 utenti
3489 468 3674 524 bene?

1966 554 2087 607 Non
2119 553 2272 607 enim
2304 552 2621 606 sentiebam
2653 553 2777 606 illas
2819 560 2964 608 artes
3008 555 3182 608 etiam
3215 555 3283 609 ab
3321 556 3589 610 studiosis
3620 562 3678 611 et

1964 642 2272 712 ingeniosis
2298 641 2626 695 difﬁcillime
2667 641 2932 713 intelligi,
2985 643 3096 697 nisi
3145 661 3274 698 cum
3313 643 3395 698 eis
3445 646 3672 699 easdem

1967 732 2211 785 conabar
2267 747 2578 800 exponere;
2640 735 2696 784 et
2753 736 2872 785 erat
2921 733 3014 786 ille
3067 734 3575 788 excellentissimus
3616 735 3674 788 in

1967 821 2068 878 eis.
2103 820 2201 891 qui
2232 837 2322 874 me
2354 834 2734 890 exponentem
2756 837 2870 874 non
2901 821 3114 876 tardius
3146 828 3499 894 sequeretur.

2041 913 2126 963 3t.
2169 909 2271 963 Sed
2305 909 2445 980 quid
2483 909 2624 963 mihi
2654 909 2758 963 hoc
2789 911 3076 980 proderat,
3125 911 3353 980 putanti
3404 912 3554 982 quod
3589 917 3671 975 tu,

1971 1001 2210 1055 Domine
2245 1003 2391 1054 Deus
2421 1001 2646 1067 veritas,
2666 1017 2871 1071 corpus
2892 1019 3039 1056 esses
3065 1001 3315 1056 lucidum
3343 1007 3399 1056 et
3427 1002 3671 1058 immen-

1970 1105 2117 1153 sum,
2153 1094 2209 1143 et
2237 1106 2341 1158 ego
2371 1089 2615 1142 frustum
2643 1091 2709 1143 de
2744 1090 2840 1143 illo
2872 1091 3142 1160 corpore?
3178 1091 3359 1145 Nimia
3388 1092 3673 1162 perversi-

1968 1177 2082 1229 tas!
2127 1178 2221 1230 sed
2247 1178 2322 1229 sic
2353 1193 2528 1231 eram.
2576 1179 2687 1231 Nec
2730 1180 3019 1245 erubesco,
3075 1181 3220 1233 Deus
3265 1161 3673 1240 meus,°couﬁ-

1970 1266 2079 1319 teri
2108 1265 2210 1320 tibi
2241 1266 2296 1319 in
2332 1282 2420 1319 me
2461 1267 2875 1320 misericordias
2917 1274 3060 1333 tuas,
3093 1274 3149 1321 et
3179 1268 3438 1322 invocare
3470 1274 3545 1338 te,
3572 1269 3671 1340 qui

1972 1371 2089 1408 non
2110 1355 2313 1407 erubui
2332 1359 2462 1407 tunc
2480 1355 2739 1424 proﬁteri
2761 1355 3482 1426 hominibusblasphemias
3499 1373 3676 1424 meas,

1973 1449 2027 1497 et
2056 1445 2257 1496 latrare
2289 1443 2590 1497 adversum
2621 1449 2694 1496 te.
2729 1444 2874 1508 Quid
2908 1461 3044 1514 ergo
3078 1444 3217 1498 mihi
3248 1450 3382 1498 tunc
3411 1446 3683 1514 proderat
3763 1499 3768 1506 ,

1972 1531 2267 1601 ingenium
2291 1533 2534 1601 perillas
2557 1532 2840 1586 doctrinas
2867 1534 3038 1603 agile,
3071 1538 3125 1586 et
3150 1533 3304 1587 nullo
3333 1534 3680 1587 adminiculo

1974 1621 2213 1674 humani
2253 1621 2565 1690 magisterii
2605 1626 2686 1675 tot
2717 1621 3083 1676 nodosissimi
3108 1622 3237 1675 libri
3268 1621 3515 1685 enodati,
3551 1638 3680 1676 cum

1975 1711 2309 1765 deformiter
2331 1715 2385 1763 et
2407 1713 2678 1781 sacrilega
2702 1711 3059 1782 turpitudine
3080 1711 3137 1765 in
3166 1712 3423 1765 doctrina
3453 1711 3682 1781 pietatis

1975 1801 2264 1853 errarem?
2295 1801 2408 1852 Aut
2438 1799 2576 1870 quid
2609 1805 2830 1853 tantum
2862 1801 3059 1854 oberat
3087 1800 3338 1870 parvulis
3367 1799 3478 1853 tuis
3511 1801 3680 1869 longe

1976 1887 2190 1942 tardius
2233 1887 2552 1957 ingenium,
2600 1905 2732 1942 cum
2755 1906 2786 1942 a
2815 1894 2868 1942 te
2897 1889 3060 1959 longe
3095 1905 3204 1941 non
3237 1889 3589 1957 recederent,
3621 1893 3684 1941 ut

1977 1976 2036 2029 in
2076 1976 2210 2030 nido
2247 1976 2503 2030 Ecclesiae
2544 1981 2654 2029 tua:
2697 1977 2805 2030 tuti
2847 1977 3287 2047 plumescerent,
3322 1982 3379 2030 et
3406 1977 3522 2030 alas
3551 1978 3683 2030 cha-

1977 2065 2154 2119 ritatis
2187 2065 2456 2118 aﬁmento
2487 2082 2639 2118 same
2665 2065 2798 2118 ﬁdei
2829 2064 3151 2118 nutrirent?
3183 2066 3224 2120 Ο
3251 2065 3508 2126 Domine,
3539 2067 3686 2119 Deus

1978 2158 2190 2218 noster,
2225 2153 2283 2206 in
2317 2153 2632 2207 velamento
2664 2155 2887 2206 alarum
2919 2159 3146 2208 tuarum
3179 2170 3473 2223 speremus
3501 2154 3676 2222 (Psal.

1980 2259 2109 2307 LXII,
2141 2245 2224 2311 8);
2259 2246 2314 2294 et
2345 2247 2579 2312 protege
2619 2258 2741 2307 nos,
2789 2246 2845 2296 et
2873 2247 3033 2312 porta
3080 2259 3198 2296 nos.
3233 2243 3313 2295 Tu
3347 2243 3599 2312 portabis
3633 2248 3690 2296 et

1979 2331 2266 2402 parvulos,
2294 2335 2347 2383 et
2383 2347 2559 2401 usque
2578 2331 2647 2385 ad
2676 2347 2848 2384 canos
2881 2338 2940 2383 tu
2974 2330 3217 2401 portabis
3249 2332 3398 2397 (lsai.
3432 2347 3574 2394 XLVi,
3600 2331 3685 2400 4):

1981 2418 2256 2490 quoniam
2287 2419 2526 2472 ﬁrmitas
2554 2425 2746 2473 nostra
2773 2419 3002 2490 quando
3037 2425 3092 2472 tu
3129 2436 3206 2488 es,
3233 2423 3369 2472 tunc
3399 2424 3483 2473 est
3513 2419 3690 2472 ﬁrmi-

1980 2512 2092 2573 tas;
2127 2524 2256 2561 cum
2288 2513 2476 2561 autem
2504 2512 2694 2561 nostra
2715 2513 2817 2574 est,
2860 2507 3163 2562 inﬁrmitas
3204 2513 3303 2562 est.
3345 2508 3488 2561 Vivit
3525 2507 3684 2578 apud

1982 2601 2034 2650 te
2062 2612 2286 2666 semper
2305 2597 2525 2650 bonum
2552 2604 2838 2663 nostrum;
2871 2602 2926 2649 et
2947 2598 3081 2667 quia
3113 2597 3242 2650 inde
3267 2598 3448 2651 aversi
3471 2614 3688 2663 sumus,

1983 2685 2232 2755 perversi
2250 2701 2466 2738 sumus.
2493 2686 3021 2755 Revertamurjam,
3046 2686 3304 2753 Domine,
3325 2691 3386 2739 ut
3409 2703 3522 2740 non
3541 2702 3692 2739 ever-

1984 2780 2204 2832 tamur;
2247 2773 2382 2840 quia
2413 2773 2548 2828 vivit
2574 2774 2725 2844 apud
2758 2779 2811 2827 te
2843 2774 2964 2826 sine
2995 2775 3152 2827 nullo
3200 2773 3423 2826 defectu
3474 2775 3690 2828 bonum

1986 2868 2266 2927 nostrum,
2318 2862 2473 2932 quod
2501 2866 2564 2915 tu
2597 2863 2716 2931 ipse
2747 2878 2804 2914 es
2829 2867 2931 2936 :let
2961 2879 3072 2915 non
3105 2861 3409 2914 timemus‘
3461 2878 3534 2916 ne
3579 2879 3694 2915 non

1987 2949 2061 3002 sit
2085 2967 2198 3020 quo
2230 2951 2549 3015 redeamus,
2576 2951 2706 3020 quia
2736 2967 2841 3004 nos
2863 2949 2997 3003 inde
3028 2949 3277 3016 ruimus;
3309 2949 3470 3003 nobis
3500 2955 3693 3004 autem

1989 3039 2316 3093 absentibus
2349 3054 2463 3092 non
2493 3039 2607 3092 ruit
2634 3040 2836 3093 domus
2866 3043 3061 3092 nostra
3091 3040 3379 3093 aeternitas
3402 3043 3519 3095 tua.

1989 3147 2142 3196 (at-es.
2166 3145 2231 3193 At
2246 3145 2365 3193 Mss.
2385 3159 2504 3194 cum
2527 3145 2669 3202 Arn.,
2691 3147 3026 3194 meretrices:
3051 3145 3192 3207 quod
3216 3145 3527 3194 vocabulum
3548 3159 3697 3194 usur-

1990 3208 2480 3271 pavit_AugI1stinus
2511 3211 2575 3256 ab
2602 3221 2663 3256 eo
2695 3208 2810 3256 loco
2837 3208 3125 3271 Evangelii,
3153 3208 3217 3255 ad
3249 3221 3405 3269 quem
3430 3208 3633 3257 alludit.

2055 3273 2067 3303 ¹
2094 3269 2433 3324 Timcbimus.
2462 3269 2612 3332 juxta
2642 3272 2839 3318 Sounn.
2873 3269 3149 3320 LovIArn.
3183 3271 3332 3318 Mart.
3364 3284 3484 3319 eum
3515 3273 3542 3318 Ἰ
3575 3271 3696 3320 Mss.

1992 3337 2044 3381 et
2069 3333 2238 3380 ltond.
2271 3347 2392 3380 cum
2425 3337 2480 3380 13
2509 3335 2636 3381 Mss.
2675 3333 2744 3380 Μ.

1921 3461 2146 3469 __-————

2667 3463 2732 3471 υ..-
2743 3463 3690 3473 Ψ---Μ---ς--ήσ-*φ--η

236 3771 455 3818 Annum
488 3768 657 3817 aetatis
690 3781 800 3815 sua}.
829 3765 1040 3815 exhibet
1064 3765 1376 3829 vigesimum
1419 3778 1640 3818 nonum.
1673 3777 1778 3826 quo
1814 3764 2030 3819 scilicet,
2047 3767 2312 3824 comperta
2346 3763 2502 3812 fausti
2537 3763 2811 3812 Manicbrei
2845 3763 3123 3827 imperitia,
3155 3765 3486 3829 prepositum
3512 3763 3570 3813 in
3604 3765 3698 3813 illa

171 3845 328 3889 secta
358 3837 665 3902 proﬁciendi
694 3837 912 3900 abjecit;
944 3851 1049 3899 quo
1077 3838 1235 3887 etiam
1264 3838 1448 3895 Roma,
1475 3836 1565 3884 ubi
1609 3839 1735 3883 tunc
1765 3834 2076 3883 rhetoricam
2107 3833 2466 3895 proﬁtebatur,
2497 3834 2688 3882 missus
2734 3833 3089 3882 Mediolanum
3140 3839 3199 3882 ut
3239 3835 3477 3884 eamdem
3525 3840 3690 3884 artem

171 3910 408 3962 doceret.
436 3909 594 3971 coepit
617 3908 796 3957 audito
821 3907 1097 3956 Ambrosio
1130 3907 1448 3970 resipiscere.
1489 3910 1541 3954 et
1579 3906 1643 3955 de
1678 3903 2076 3954 Manichasismo
2111 3903 2406 3952 abdicando
2434 3916 2642 3953 necnon
2685 3903 2748 3952 de
2793 3905 3077 3966 repetendo
3129 3906 3566 3956 catechumenatu
3602 3907 3693 3956 de-

189 3991 435 4029 cernere.

1784 4099 2096 4109 m—

754 4201 979 4256 CAPUT
1008 4199 1304 4254 PRIMUM.

444 4293 666 4347 Excitat
696 4296 920 4344 mentem
945 4290 1019 4343 ad
1046 4292 1212 4342 Deum
1235 4287 1594 4342 laudandum.

264 4386 311 4436 l.
369 4382 572 4452 Accipe
630 4379 968 4434 sacriﬁcium
1024 4377 1444 4431 confessionum
1500 4391 1758 4429 mearum
1816 4375 1885 4428 de

184 4486 362 4524 manu
405 4470 616 4539 linguae
660 4485 824 4533 mem,
872 4484 1045 4538 quam
1090 4466 1348 4520 formasti
1395 4468 1451 4518 et
1497 4462 1768 4531 excitasti,
1825 4466 1888 4515 ut

182 4560 530 4613 conﬁteatur
565 4557 787 4611 nomini
831 4561 963 4620 tuo;
1007 4559 1062 4608 et
1093 4570 1230 4607 sana
1259 4553 1453 4608 omnia
1496 4569 1623 4606 ossa
1651 4569 1798 4618 mea,
1832 4556 1889 4604 et

185 4650 415 4702 dicant:
465 4647 719 4714 Domine,
775 4646 903 4717 quis
934 4644 1135 4698 similis
1186 4643 1331 4698 tibi?
1357 4643 1530 4714 (Psal.
1562 4659 1746 4706 xxxxv,
1783 4642 1886 4707 10.)

187 4740 388 4808 Neque
420 4737 574 4790 enim
603 4737 764 4790 docet
801 4742 854 4788 te
882 4733 1022 4804 quid
1047 4733 1109 4786 in
1157 4749 1216 4786 se
1243 4737 1443 4803 agatur
1463 4731 1559 4802 qui
1582 4731 1688 4785 tibi
1718 4730 1891 4784 conli-

183 4831 369 4886 tetur:
397 4827 532 4896 quia
575 4826 804 4879 oculum
831 4827 997 4878 tuum
1028 4837 1143 4876 non
1193 4821 1442 4874 excludit
1485 4837 1582 4874 cor
1613 4821 1887 4886 clausum,

187 4931 292 4969 nec
321 4930 555 4968 manum
588 4918 744 4966 tuam
771 4912 1006 4981 repellit
1048 4908 1258 4964 duritia
1288 4908 1616 4962 hominum:
1651 4908 1750 4962 sed
1780 4909 1890 4961 sol-

185 5004 270 5057 vis
310 5019 458 5067 eam,
501 5018 631 5056 cum
663 5002 837 5066 voles,
891 5004 989 5054 aut
1033 4999 1309 5052 miserans
1339 5003 1437 5052 aut
1472 4997 1792 5066 vindicans;
1836 5001 1894 5051 et

186 5109 304 5146 non
344 5097 430 5145 est
459 5091 558 5163 qui
608 5107 666 5144 se
697 5089 1008 5144 abscondat
1049 5105 1081 5142 a
1109 5089 1296 5142 calore
1327 5093 1446 5141 tuo.
1480 5085 1587 5140 Sed
1617 5090 1672 5138 te
1702 5083 1894 5138 laudet

186 5181 382 5234 anima
410 5197 558 5248 mea,
598 5185 665 5233 ut
694 5184 845 5232 amet
871 5182 956 5243 te;
1005 5182 1062 5231 et
1090 5177 1428 5230 conﬁteatur
1457 5173 1558 5228 tibi
1582 5172 1894 5226 miseratio-

188 5285 289 5324 nes
338 5275 486 5334 tuas,
547 5273 611 5322 ut
662 5268 856 5322 laudet
885 5271 959 5320 te.
1018 5267 1142 5319 Non
1174 5270 1356 5319 cessat
1383 5279 1488 5318 nec
1529 5267 1678 5317 tacet
1704 5262 1867 5316 laude

187 5364 314 5414 tuas
343 5359 612 5412 universa
636 5361 897 5411 creatura
924 5359 1052 5420 tua;
1097 5371 1201 5408 nec
1228 5353 1464 5424 spiritus
1496 5350 1683 5406 omnis
1712 5347 1896 5403 homi-

191 5449 278 5504 nis
309 5464 413 5517 per
443 5463 503 5499 os
541 5461 881 5500 conversum
908 5443 975 5497 ad
1008 5447 1085 5513 te,
1116 5459 1220 5497 nec
1249 5442 1522 5497 animalia
1560 5456 1663 5494 nec
1693 5453 1895 5508 corpo-

192 5537 334 5590 ralia
364 5552 468 5606 per
511 5551 574 5589 os
624 5533 1111 5588 considerantium
1140 5548 1240 5598 ea;
1286 5535 1352 5584 ut
1381 5533 1646 5599 exsurgat
1692 5526 1748 5580 in
1786 5532 1840 5579 te
1867 5542 1900 5580 a

191 5618 528 5680 lassitudine
561 5623 753 5678 anima
790 5627 1006 5688 nostra,
1052 5622 1304 5676 innitens
1333 5618 1413 5676 eis
1451 5635 1576 5691 quae
1604 5616 1809 5682 fecisti,
1843 5619 1897 5667 et

1995 4197 2280 4252 transiens
2305 4197 2375 4251 ad
2401 4201 2454 4250 te
2485 4196 2584 4267 qui
2618 4195 2798 4250 fecisti
2827 4195 2946 4251 haec
2971 4195 3348 4250 mirabiliter:
3393 4200 3448 4250 et
3501 4196 3576 4248 ibi
3609 4212 3696 4249 re-

1996 4287 2164 4341 fectio
2199 4291 2253 4340 et
2276 4302 2410 4341 vera
2435 4284 2730 4339 fortitudo.

2687 4374 2913 4428 CAPUT
2953 4375 3020 4429 ΙΙ.

1998 4466 2094 4518 Dei
2114 4465 2453 4534 prmscntiam
2478 4465 2692 4531 iniquos
2723 4479 2825 4516 non
2854 4463 3116 4531 effugere:
3153 4465 3336 4530 itaque
3356 4461 3430 4515 ad
3459 4477 3574 4515 eum
3609 4461 3700 4513 de-

2650 4553 2768 4606 bere
2793 4554 3047 4606 converti.

2067 4642 2119 4694 2.
2164 4642 2304 4696 Eant
2349 4645 2407 4696 et
2453 4640 2677 4712 fugiant
2719 4645 2829 4694 ate
2880 4638 3126 4708 inquieti
3169 4642 3225 4692 et
3265 4638 3488 4710 iniqui:
3539 4645 3597 4694 et
3645 4644 3702 4693 tu

1998 4729 2154 4784 vides
2184 4746 2300 4798 eos,
2327 4735 2382 4784 et
2411 4730 2711 4800 distinguis
2746 4728 3004 4792 umbras;
3046 4733 3103 4781 et
3137 4743 3260 4780 ecce
3298 4729 3538 4798 pulchra
3569 4734 3704 4782 sunt

2001 4834 2131 4872 cum
2157 4819 2238 4872 eis
2269 4819 2481 4885 omnia,
2514 4823 2570 4871 et
2599 4818 2706 4888 ipsi
2747 4821 2940 4887 turpes
2995 4821 3148 4871 sunt.
3193 4818 3259 4870 Et
3303 4817 3441 4888 quid
3491 4835 3701 4872 nocue-

1999 4911 2135 4960 runt
2163 4907 2306 4961 tibi?
2332 4911 2430 4961 aut
2477 4906 2536 4959 in
2581 4922 2693 4976 quo
2733 4903 3040 4974 imperium
3085 4911 3249 4959 tuum
3296 4906 3708 4961 dehonestave-

2002 5000 2154 5060 runt,
2188 5012 2218 5048 a
2248 4995 2400 5049 coslis
2427 5009 2608 5064 usque
2640 4993 2698 5046 in
2721 4992 3025 5046 novissima
3045 4993 3268 5064 justum
3289 4999 3344 5048 et
3373 4995 3704 5064 integrum?

2004 5082 2126 5146 Quo
2175 5083 2330 5136 enim
2378 5083 2667 5152 fugerunt,
2718 5097 2847 5134 cum
2888 5081 3152 5152 fugerent
3201 5099 3232 5136 a
3263 5083 3402 5137 faeie
3445 5084 3580 5136 tua?
3610 5087 3709 5137 aut

2003 5173 2100 5225 ubi
2130 5177 2192 5226 tu
2218 5189 2334 5225 non
2382 5170 2601 5224 invenis
2630 5172 2770 5225 eos?
2799 5171 2907 5225 Sed
2953 5173 3245 5242 fugerunt,
3298 5179 3362 5228 ut
3402 5189 3517 5225 non
3551 5172 3706 5225 vide-

2004 5266 2132 5315 rent
2161 5264 2212 5314 te
2241 5260 2527 5315 videntem
2556 5277 2635 5325 se,
2655 5265 2822 5330 atque
2846 5260 3109 5314 exczecati
3140 5262 3197 5315 in
3229 5266 3281 5315 te
3313 5261 3668 5315 offenderent
3693 5278 3705 5328 ;

2005 5350 2140 5420 quia
2168 5366 2283 5402 non
2317 5348 2529 5403 deseris
2559 5350 2774 5420 aliquid
2804 5365 3005 5404 eorum
3037 5367 3166 5421 qua:
3199 5348 3378 5402 fecisti
3403 5366 3414 5401 :
3449 5349 3507 5401 in
3536 5353 3590 5401 te
3620 5349 3709 5402 of-

2004 5437 2303 5491 fenderent
2333 5437 2548 5508 injusti,
2596 5443 2651 5492 et
2687 5440 2839 5510 juste
2870 5439 3276 5504 vexarentur‘;
3310 5436 3709 5493 subtrahentes

2072 5558 2334 5625 ilta__Cdd.
2362 5559 2619 5625 plerique,
2640 5564 2691 5625 et
2713 5561 3006 5625 elegantius
3031 5560 3253 5625 videtur,
3280 5573 3438 5625 quam
3460 5561 3522 5619 si,
3554 5566 3710 5624 rupto

2005 5621 2206 5686 periodi
2225 5621 2381 5681 nexu,
2413 5621 2550 5672 nova
2579 5621 3193 5686 incipiat‘sententiahoc
3211 5621 3370 5670 modo
3395 5625 3485 5674 εἰη
3509 5627 3554 5672 te
3568 5621 3710 5689 o/icn
