4022 6176
194 321 296 372 ’ῖο9

191 441 398 499 cubitis
441 442 554 497 alta
584 441 677 509 sit,
719 441 802 496 vel
836 444 1051 513 quanta
1091 442 1395 499 latitudine
1436 444 1668 514 diffusa;
1720 464 1895 520 quam

196 534 295 588 ille
327 532 424 604 qui
455 548 583 586 eam
612 531 867 599 metitur,
895 536 949 586 et
987 548 1186 586 omnes
1219 549 1409 588 ramos
1447 536 1569 606 ejus
1609 542 1895 606 numerat,

198 627 258 676 et
297 637 480 691 neque
507 620 760 691 possidet
788 636 940 685 eam,
975 638 1164 693 neque
1213 629 1528 679 creatorem
1584 625 1708 695 ejus
1746 627 1900 681 novit

195 715 299 764 aut
324 709 545 780 diligit:
578 708 656 763 sic
686 708 869 764 ﬁdelis
899 711 1098 778 homo,
1131 712 1296 782 cujus
1328 718 1476 767 totus
1507 714 1757 769 mundus
1810 715 1896 769 di~

191 798 465 854 vitiarum
495 802 597 865 est,
643 804 699 852 et
730 799 892 870 quasi
931 800 1073 853 nihil
1111 801 1349 869 habens,
1383 803 1575 858 omnia
1621 805 1895 874 possidet,

186 886 531 942 inhaerendo
556 886 662 942 tibi
692 888 783 942 cui
823 888 1077 943 serviunt
1106 890 1318 956 omnia,
1352 891 1611 962 quamvis
1649 909 1753 947 nec
1783 895 1897 948 sal-

186 979 314 1029 tem
334 975 795 1045 septentrionum
840 992 1014 1047 gyros
1058 977 1311 1045 noverit;
1350 979 1612 1035 dubitare
1661 981 1895 1036 stultum

185 1067 282 1119 est
304 1065 446 1135 quin
476 1064 674 1136 utique
704 1065 907 1120 melior
935 1065 1011 1121 sit
1056 1082 1230 1138 quam
1262 1083 1490 1125 mensor
1524 1069 1671 1137 cmli,
1705 1074 1762 1125 et
1792 1086 1895 1125 nu-

182 1158 449 1208 meratur
492 1154 768 1224 siderum,
809 1158 865 1208 et
901 1172 1114 1225 pensor
1142 1157 1576 1224 elementorum,
1633 1163 1689 1213 et
1722 1160 1894 1230 negli-

181 1257 337 1313 gens
366 1243 451 1297 tui
475 1243 575 1314 qui
604 1242 798 1297 omnia
827 1242 887 1297 in
920 1260 1187 1299 mensura
1218 1249 1275 1300 et
1293 1261 1535 1301 numero
1560 1250 1616 1302 et
1642 1247 1897 1318 pondere

182 1330 528 1402 disposuisti
550 1331 701 1402 (Sap.
735 1348 814 1398 χι,
845 1333 955 1401 21).

889 1421 1114 1477 CAPUT
1146 1423 1207 1476 ν.

182 1510 487 1565 Manichaei
506 1510 571 1565 de
607 1512 776 1566 astris
805 1513 1085 1581 imperitia
1108 1512 1396 1581 indignum
1426 1529 1544 1568 eum
1566 1513 1674 1583 ﬁde
1712 1517 1769 1570 in
1797 1530 1895 1570 ca?-

831 1602 958 1655 teris
995 1602 1253 1667 faciebat.

268 1690 328 1742 8.
387 1688 492 1742 Sed
540 1692 731 1743 tamen
770 1689 898 1760 quis
949 1691 1241 1761 quaerebat
1284 1691 1659 1746 Manichaeum
1709 1694 1897 1747 nescio

181 1793 370 1849 quem
391 1777 562 1832 etiam
593 1778 700 1832 ista
724 1779 992 1846 scribere,
1027 1780 1148 1833 sine
1179 1796 1427 1850 quorum
1469 1782 1678 1851 peritia
1717 1781 1898 1853 pietas

180 1867 337 1922 disci
375 1867 633 1938 poterat?
666 1866 864 1922 Dixisti
894 1869 1049 1923 enim
1084 1870 1328 1937 homini,
1360 1874 1495 1925 Ecce
1518 1874 1699 1941 pietas
1728 1877 1777 1927 et
1806 1888 1895 1928 sa-

178 1958 405 2025 pientia
432 1956 548 2026 (Job
582 1972 773 2023 xxvm,
805 1959 895 2023 28,
937 1973 1039 2012 sec.
1074 1959 1251 2028 LXX);
1286 1976 1461 2030 quam
1487 1960 1582 2014 ille
1632 1961 1897 2031 ignorare

179 2049 407 2115 posset,
442 2045 614 2100 etiam
662 2045 709 2099 si
752 2045 859 2100 ista
887 2046 1135 2116 perfecte
1185 2053 1406 2103 nosset:
1458 2048 1563 2103 ista
1597 2066 1732 2104 vero
1762 2050 1901 2121 quia

182 2149 315 2187 non
360 2140 613 2199 noverat,
638 2134 1133 2204 impudentissime
1192 2137 1407 2191 audens
1458 2138 1680 2205 docere,
1729 2155 1897 2209 pror—

182 2239 293 2276 sus
328 2222 487 2276 illam
519 2239 684 2276 nosse
716 2239 832 2277 non
882 2229 1093 2294 posset.
1125 2226 1352 2280 Vanitas
1397 2232 1484 2282 est
1511 2228 1666 2282 enim
1722 2228 1897 2283 mun—

183 2312 349 2367 dana
378 2312 485 2365 ista
515 2311 687 2366 etiam
712 2316 845 2366 nota
883 2312 1159 2383 proﬁteri,
1201 2314 1383 2385 pietas
1414 2332 1607 2371 autem
1636 2317 1739 2371 tibi
1765 2333 1899 2372 con-

180 2400 375 2455 ﬁteri.
410 2400 569 2454 Unde
598 2400 693 2455 ille
722 2401 937 2468 devius,
969 2402 1038 2456 ad
1072 2402 1177 2457 hoc
1212 2404 1223 2435 ¹
1268 2403 1375 2459 ista
1403 2407 1648 2460 multum
1676 2408 1898 2460 locutus

181 2494 303 2554 est,
334 2493 401 2542 ut
428 2489 719 2544 convictus
749 2489 819 2544 ab
847 2490 929 2545 eis
955 2490 1055 2561 qui
1081 2491 1189 2546 ista
1222 2509 1351 2547 vere
1392 2494 1738 2562 didicissent,
1770 2495 1900 2566 quis

180 2582 347 2631 esset
370 2576 493 2647 ejus
524 2594 722 2631 sensus
748 2576 809 2631 in
838 2580 1057 2633 caeteris
1087 2596 1215 2648 quae
1237 2582 1520 2636 abditiora
1539 2589 1691 2649 sunt,
1714 2584 1898 2638 mani-

182 2665 337 2720 feste
379 2675 838 2737 cognosceretur.
896 2669 1014 2722 Non
1055 2670 1211 2724 enim
1255 2671 1414 2742 parvi
1473 2672 1784 2727 existimari
1842 2690 1899 2729 se

184 2754 395 2821 voluit,
428 2756 523 2809 sed
554 2754 831 2826 Spiritum
861 2763 1123 2813 sanctum
1152 2761 1567 2815 consolatorem
1600 2767 1657 2816 et
1687 2762 1899 2816 dilato-

184 2860 320 2897 rem
352 2843 610 2898 ﬁdelium
640 2849 898 2913 tuorum,
933 2848 1267 2903 auctoritate
1297 2850 1555 2918 plenaria
1584 2851 1898 2920 personali-

181 2937 283 2986 ter
309 2933 371 2985 in
400 2949 459 2986 se
485 2949 606 2987 esse
627 2935 973 3004 persuadere
1004 2941 1237 2991 conatus
1268 2941 1369 2991 est.
1406 2938 1624 3009 Itaque,
1663 2954 1794 2993 cum
1832 2939 1900 2993 de

184 3022 341 3076 caelo
383 3038 447 3075 ac
502 3023 703 3092 stellis,
752 3028 808 3077 et
854 3023 923 3078 de
970 3025 1104 3078 solis
1151 3042 1215 3080 ac
1273 3027 1425 3080 luna:
1468 3027 1718 3081 motibus
1762 3027 1901 3082 falsa

190 3111 413 3166 dixisse
442 3111 983 3183 deprehenderetur,
1011 3113 1270 3185 quamvis
1300 3115 1369 3169 ad
1400 3115 1717 3169 doctrinam
1767 3116 1900 3170 reli-

191 3199 390 3267 gionis
422 3200 530 3254 ista
558 3217 675 3254 non
704 3202 1047 3271 pertineant,
1082 3207 1274 3257 tamen
1320 3220 1493 3258 ausus
1522 3205 1645 3275 ejus
1674 3205 1900 3259 sacrile-

191 3306 307 3359 gos
339 3288 510 3343 fuisse
539 3289 673 3344 satis
695 3289 974 3345 emineret
999 3308 1013 3358 ;
1037 3308 1167 3347 cum
1189 3308 1255 3346 ea
1278 3308 1394 3346 non
1411 3294 1594 3347 solum
1618 3293 1900 3365 ignorata,

193 3377 300 3431 sed
325 3377 499 3431 etiam
520 3378 680 3444 falsa,
704 3384 819 3433 tam
838 3382 860 3415 ²
881 3396 1087 3434 vesana
1102 3381 1385 3450 superbia
1408 3381 1652 3435 vanitate
1668 3382 1901 3450 diceret,

192 3472 267 3522 ut
295 3484 364 3522 ea
393 3472 667 3539 tanquam
687 3468 894 3522 divinae
920 3486 1181 3541 personae
1202 3470 1454 3524 tribuere
1475 3470 1582 3525 sibi
1599 3471 1898 3526 niteretur.

271 3559 326 3612 9.
363 3557 503 3611 Cum
534 3557 688 3612 enim
739 3557 913 3612 audio
953 3558 1328 3613 christianum
1361 3560 1613 3630 aliquem
1643 3560 1899 3627 fratrem,

194 3646 347 3700 ilum
377 3650 478 3700 aut
527 3647 714 3714 illum,
762 3647 869 3702 ista
914 3647 1287 3716 nescientem,
1335 3653 1390 3702 et
1435 3649 1589 3702 aliud
1636 3664 1738 3718 pro
1788 3649 1900 3704 alio

194 3734 565 3802 sentientem,
613 3737 897 3806 patienter
943 3737 1174 3793 intueor
1198 3738 1530 3809 opinantem
1572 3736 1900 3801 hominem;

198 3840 309 3879 nec
346 3825 431 3878 illi
473 3825 669 3879 obesse
707 3826 894 3893 video,
945 3843 1075 3881 cum
1141 3828 1210 3882 de
1260 3832 1336 3895 te,
1385 3826 1627 3882 Domine
1677 3832 1904 3882 creator

196 3913 486 3980 omnium,
528 3930 647 3968 non
684 3915 877 3969 credat
905 3916 1163 3986 indigna,
1201 3917 1247 3970 si
1276 3917 1420 3971 forte
1461 3917 1603 3972 situs
1652 3921 1709 3971 et
1738 3917 1902 3971 habi-

196 4007 298 4055 tus
326 4010 600 4056 creatures
629 4004 938 4073 corporalis
986 4004 1233 4074 ignoret.
1266 4004 1437 4059 Obest
1465 4010 1656 4060 autem
1704 4005 1751 4058 si
1800 4006 1905 4059 hoc

197 4089 273 4144 ad
300 4088 484 4160 ipsam
508 4091 782 4146 doctrina:
810 4091 1039 4163 pietatis
1069 4092 1315 4147 formam
1344 4093 1632 4164 pertinere
1662 4093 1902 4148 arbitre-

195 4183 317 4245 tur,
352 4184 410 4233 et
463 4179 805 4250 pertinacius
854 4180 1139 4235 afﬁrmare
1188 4181 1394 4236 audeat
1448 4181 1605 4252 quod
1651 4181 1900 4252 ignorat.

199 4266 311 4322 Sed
337 4267 508 4322 etiam
528 4268 655 4322 talis
683 4269 986 4324 inﬁrmitas
1011 4270 1071 4324 in
1103 4270 1236 4324 ﬁdei
1253 4269 1549 4324 cunabulis
1577 4286 1611 4322 a
1632 4270 1905 4324 charitate

199 4361 388 4411 matre
413 4356 744 4425 sustinetur,
764 4358 944 4412 donec
961 4362 1220 4429 assurgat
1238 4375 1416 4413 novus
1446 4360 1619 4413 homo
1638 4358 1698 4413 in
1720 4358 1906 4414 virum

198 4446 541 4517 perfectum,
562 4451 618 4501 et
636 4446 989 4502 circumferri
1006 4465 1121 4502 non
1140 4449 1317 4520 possit
1335 4448 1494 4503 omni
1518 4453 1684 4503 vento
1698 4447 1905 4503 doctri-

200 4552 296 4590 ne
328 4538 542 4605 (Ephes.
576 4539 754 4603 1v,l3,
778 4538 885 4607 14).
908 4537 1088 4591 Iuillo
1111 4542 1303 4591 autem
1334 4537 1662 4608 quidoctor,
1687 4538 1906 4609 quiau—

201 4630 348 4687 ctor,
380 4625 480 4695 qui
504 4625 617 4679 dux
640 4629 698 4679 et
724 4625 989 4696 princeps
1016 4642 1216 4680 eorum
1255 4626 1466 4697 quibus
1495 4626 1594 4680 illa
1619 4627 1904 4691 suaderet,

201 4714 285 4768 ita
313 4713 437 4767 ﬁeri
469 4729 640 4767 ausus
673 4718 777 4780 est,
796 4719 858 4768 ut
876 4714 974 4784 qui
997 4730 1129 4768 eum
1152 4719 1549 4784 sequerentur,
1575 4730 1688 4769 non
1715 4731 1908 4786 quem-

202 4803 345 4856 libet
376 4801 692 4867 hominem,
723 4802 821 4855 sed
845 4801 1121 4873 Spiritum
1152 4808 1315 4857 tuum
1341 4808 1597 4858 sanctum
1640 4819 1697 4857 se
1745 4803 1907 4874 sequi

204 4890 656 4957 arbitrarentur;
690 4890 833 4961 quis
860 4896 1080 4945 tantam
1123 4892 1495 4959 dementiam,
1540 4891 1723 4947 sicubi
1768 4892 1908 4946 falsa

201 4978 409 5033 dixisse
480 4978 929 5045 convinceretur,
987 4996 1103 5035 non
1162 4981 1553 5036 detestandam
1621 4982 1906 5053 longeque

204 5068 591 5140 abjiciendam
627 5084 747 5122 esse
780 5069 1108 5139 judicaret?
1137 5071 1243 5125 Sed
1284 5055 1477 5126 tamen
1531 5071 1792 5125 nondum
1840 5070 1907 5123 li-

204 5158 379 5229 quido
408 5171 798 5227 compereram
822 5162 1013 5212 utrum
1036 5158 1209 5213 etiam
1229 5160 1543 5214 secundum
1572 5159 1695 5229 ejus
1715 5159 1905 5225 verba,

200 5245 623 5301 vicissitudines
652 5245 982 5317 longiorum
1012 5252 1068 5303 et
1110 5248 1434 5303 breviorum
1473 5248 1697 5302 dierum
1733 5252 1906 5318 atque

204 5334 481 5397 noctium,
502 5338 559 5388 et
580 5332 758 5404 ipsius
777 5336 959 5390 noctis
990 5340 1045 5391 et
1070 5337 1205 5404 diei,
1234 5343 1291 5392 et
1312 5336 1566 5409 deliquia
1595 5336 1905 5404 luminum,

272 5484 287 5516 ¹
311 5480 454 5539 Haec,
475 5476 632 5541 juxta
659 5476 741 5525 Er-
774 5476 941 5542 Lugd.
970 5478 1099 5528 Ven.
1126 5480 1251 5530 Lov.
1274 5480 1411 5529 Flor.
1446 5480 1513 5529 Μ.

266 5547 287 5580 2
315 5544 402 5592 Sic
421 5548 651 5604 quatuor
675 5542 960 5606 Mss.Angl.
976 5543 1430 5606 [Ealsqtamesana
1442 5553 1571 5606 sape

208 5611 261 5658 et
281 5606 458 5657 Bond.
485 5619 609 5657 cum
639 5608 759 5662 Mss,
793 5604 1087 5659 nonnullis,
1112 5604 1255 5669 falsa
1288 5608 1417 5655 tam.
1449 5605 1521 5654 M.

1574 5540 1696 5591 rbia'
1724 5540 1904 5591 lMart.

1720 5594 1734 5603 4

1658 322 1870 382 LIBER
1909 322 2236 392 QUINTUS.

3607 346 3713 396 7m

2008 453 2065 505 et
2092 450 2136 504 si
2168 450 2306 523 quid
2345 451 2627 522 ejusmodi
2665 453 2727 508 in
2748 453 2871 508 aliis
2902 454 3061 509 libris
3092 454 3367 527 legeram,
3390 465 3586 529 posset
3607 478 3708 517 ex-

2006 539 2175 609 poni;
2210 545 2290 606 ut,
2323 541 2369 593 si
2390 540 2534 594 forte
2571 547 2785 612 posset,
2817 542 3099 598 incertum
3124 545 3357 616 quidem
3380 547 3525 602 mihi
3548 550 3712 605 ﬁeret

2005 632 2202 683 utrum
2243 629 2321 683 ita
2362 646 2420 683 se
2471 646 2557 684 res
2589 631 2846 701 haberet,
2892 648 2964 686 an
2995 649 3108 688 non
3145 634 3252 699 ita;
3286 635 3388 690 sed
3421 637 3491 691 ad
3530 638 3703 693 tidem

2008 733 2195 771 meam
2242 717 2396 772 illius
2441 718 2857 791 auctoritatem,
2905 728 3136 793 propter
3176 725 3446 780 creditam
3503 727 3713 781 sancti-

2006 810 2202 873 tatem,
2234 823 2660 879 praeponerem.

2684 900 2906 955 CAPUT
2940 902 3026 955 VI.

2011 984 2236 1037 Faustus
2270 985 2536 1053 eloquens,
2568 986 2663 1039 sed
2709 987 3012 1041 liberalium
3039 988 3463 1058 disciplinarum
3493 1008 3708 1061 expers.

2084 1073 2164 1125 l0.
2203 1073 2267 1125 Et
2293 1089 2396 1142 per
2439 1089 2618 1127 annos
2654 1073 2829 1129 ferme
2885 1076 3035 1145 ipsos
3093 1092 3316 1145 novem,
3369 1080 3581 1150 quibus
3611 1097 3708 1134 eos

2006 1158 2197 1212 animo
2227 1160 2594 1231 vagabundus
2652 1162 2861 1227 audivi,
2906 1163 3080 1217 nimis
3126 1170 3357 1220 extento
3414 1168 3700 1223 desiderio

2004 1253 2309 1301 venturum
2353 1249 2748 1318 exspectabam
2775 1250 2949 1304 istum
2984 1252 3271 1308 Faustum.
3305 1255 3512 1309 Casteri
3543 1257 3698 1310 enim

2006 1350 2229 1396 eorum,
2272 1335 2332 1388 in
2378 1353 2519 1406 quos
2548 1337 2693 1390 forte
2728 1337 3116 1405 incurrissem,
3150 1341 3251 1409 qui
3282 1343 3481 1397 talium
3512 1360 3705 1400 rerum

2007 1424 2418 1494 quaestionibus
2448 1442 2478 1477 a
2527 1440 2619 1479 me
2666 1424 2901 1495 objectis
2957 1426 3318 1493 deﬁciebant,
3369 1430 3531 1485 illum
3565 1434 3706 1487 mihi

2006 1512 2437 1583 promittebant,
2469 1514 2631 1583 cujus
2680 1513 2921 1567 adventu
2952 1516 3273 1586 collatoque
3311 1519 3596 1589 colloquio
3626 1521 3711 1574 fa-

2007 1600 2216 1655 cillime
2266 1601 2409 1655 mihi
2445 1603 2582 1667 hare,
2625 1607 2682 1655 et
2711 1602 2757 1655 si
2787 1618 2900 1673 qua
2942 1603 3087 1657 forte
3118 1605 3335 1674 majora
3366 1622 3708 1676 quaererem,

2006 1689 2409 1743 enodatissime
2444 1690 2871 1760 expedirentur.
2907 1693 3051 1763 Ergo
3095 1694 3196 1748 ubi
3237 1696 3413 1764 venit,
3445 1703 3712 1767 expertus

2007 1794 2133 1831 sum
2160 1778 2452 1832 hominem
2479 1785 2709 1849 gratum
2749 1780 3145 1851 etjucundum
3169 1784 3374 1845 verbis,
3408 1790 3465 1839 et
3494 1802 3562 1839 ea
3588 1787 3711 1857 ipsa

2008 1883 2135 1937 quae.
2164 1866 2247 1920 illi
2268 1868 2453 1921 solent
2490 1868 2701 1935 dicere,
2754 1870 2934 1924 multo
2967 1871 3196 1925 suavius
3217 1878 3565 1942 garrentem.
3592 1875 3707 1929 Sed

2008 1956 2146 2027 quid
2177 1956 2247 2010 ad
2279 1972 2463 2011 meam
2494 1958 2647 2011 sitim
2688 1958 3092 2027 pretiosiorum
3126 1963 3466 2031 poculorum
3498 1963 3704 2018 decen-

2008 2044 2259 2098 tissimus
2292 2045 2684 2100 ministrator‘?
2710 2048 2835 2101 Jam
2864 2049 3033 2102 rebus
3064 2050 3270 2104 talibus
3306 2051 3522 2104 satietas
3546 2057 3709 2107 erant

2009 2150 2176 2187 aures
2208 2150 2379 2200 meae;
2430 2151 2533 2189 nec
2563 2135 2692 2190 ideo
2721 2137 2865 2190 mihi
2903 2139 3143 2192 meliora
3179 2138 3537 2207 videbantur,
3577 2142 3711 2213 quia

2008 2223 2215 2277 melius
2244 2224 2605 2292 dicebantur;
2657 2242 2760 2279 nec
2813 2226 2941 2279 ideo
2997 2243 3129 2281 vera
3172 2228 3307 2298 quia
3338 2229 3575 2296 diserta;
3608 2246 3713 2285 nec

2007 2311 2137 2366 ideo
2188 2312 2415 2382 sapiens
2455 2313 2666 2380 anima,
2727 2314 2860 2384 quia
2887 2315 3080 2368 vultus
3127 2332 3415 2387 congruus
3445 2322 3501 2372 et
3538 2319 3708 2373 deco-

2010 2416 2139 2454 ram
2169 2401 2482 2473 eloquium.
2508 2404 2593 2456 illi
2616 2408 2804 2457 autem
2834 2403 2934 2474 qui
2956 2420 3086 2458 eum
3113 2404 3253 2459 mihi
3278 2407 3709 2477 promittebant,

2009 2507 2127 2545 non
2156 2490 2294 2544 boni
2339 2508 2535 2545 rerum
2567 2492 2982 2548 existimatores
3009 2499 3208 2559 erant;
3241 2502 3298 2549 et
3329 2495 3457 2549 ideo
3487 2496 3598 2551 illis
3628 2497 3711 2550 vi-

2011 2579 2251 2633 debatur
2297 2581 2548 2650 prudens
2600 2586 2656 2634 et
2693 2582 2942 2651 sapiens,
2990 2582 3124 2652 quia
3155 2582 3474 2639 delectabat
3505 2600 3599 2638 eos
3625 2586 3708 2639 lo-

2012 2684 2211 2740 quens.
2249 2668 2410 2723 Sensi
2449 2674 2645 2722 autem
2687 2669 2841 2723 aliud
2871 2685 3052 2739 genus
3076 2670 3377 2725 hominum
3409 2673 3579 2727 etiam
3611 2690 3711 2727 ve-

2009 2757 2237 2811 ritatem
2286 2756 2496 2811 habere
2526 2764 2867 2827 suspectam,
2925 2761 2980 2810 et
3009 2757 3061 2810 ei
3093 2759 3245 2811 nolle
3275 2761 3634 2829 acquiescere
3666 2763 3712 2816 si

2010 2851 2238 2917 compto
2272 2851 2442 2916 atque
2474 2845 2635 2899 uberi
2684 2860 2946 2899 sermone
2979 2852 3357 2915 promeretur.
3394 2848 3475 2901 Me
3519 2855 3708 2904 autem

2003 2935 2124 3006 jam
2156 2935 2448 3000 docueras,
2481 2936 2627 2988 Deus
2649 2949 2830 2998 meus,
2867 2924 3026 2986 miris
3057 2938 3113 2987 et
3144 2934 3376 2988 occultis
3406 2936 3619 3003 modis;
3654 2944 3711 2992 et

2008 3028 2313 3094 propterea
2335 3022 2503 3076 credo
2530 3021 2681 3093 quod
2709 3027 2770 3075 tu
2794 3038 2883 3076 me
2906 3021 3187 3089 docueris,
3213 3022 3487 3093 quoniam
3508 3039 3707 3077 verum

2012 3117 2115 3177 est,
2165 3126 2269 3165 nec
2315 3111 2618 3181 quisquam
2669 3114 2879 3178 praeter
2906 3114 2961 3164 te
3013 3109 3159 3164 alius
3212 3116 3298 3165 est
3344 3111 3543 3165 doctor
3570 3113 3709 3176 veri,

2012 3201 2360 3270 ubicumque
2390 3205 2446 3253 et
2472 3198 2877 3270 undecumque
2909 3199 3198 3254 claruerit.
3225 3200 3348 3254 Jam
3378 3216 3512 3271 ergo
3533 3199 3633 3253 abs
3658 3205 3714 3253 et

2014 3289 2345 3355 didiceram,
2392 3304 2497 3343 nec
2530 3304 2597 3341 eo
2644 3287 2849 3341 debere
2880 3286 3071 3341 videri.
3103 3288 3320 3358 aliquid
3350 3305 3548 3343 verum
3578 3288 3710 3353 dici,

2012 3379 2148 3450 quia
2174 3378 2509 3449 eloquenter
2537 3376 2776 3442 dicitur;
2811 3392 2913 3430 nec
2962 3392 3029 3431 eo
3058 3376 3290 3444 falsum,
3330 3377 3467 3449 quia
3495 3378 3715 3432 incom-

2012 3468 2192 3540 posite
2229 3472 2433 3522 sonant
2462 3468 2625 3538 signa
2654 3467 2969 3521 labiorum:
3028 3482 3246 3533 rursus,
3306 3483 3412 3521 nec
3465 3468 3594 3522 ideo
3624 3484 3713 3522 ve-

2014 3574 2165 3626 rum,
2194 3556 2331 3628 quia
2355 3556 2613 3626 impolite
2638 3555 2987 3620 enuntiatur,
3022 3569 3126 3608 nec
3154 3554 3285 3609 ideo
3314 3554 3540 3622 falsum,
3577 3555 3713 3626 quia

2014 3646 2345 3718 splendidus
2376 3660 2564 3699 sermo
2591 3649 2704 3697 est:
2739 3642 2837 3697 sed
2869 3642 3106 3713 perinde
3141 3659 3262 3697 esse
3292 3643 3633 3713 sapientiam
3656 3648 3713 3698 et

2014 3735 2348 3801 stultitiam,
2384 3734 2534 3788 sicut
2578 3737 2713 3787 sunt
2758 3731 2870 3786 cibi
2918 3732 3083 3786 utiles
3133 3737 3186 3786 et
3232 3731 3492 3797 inutiles;
3528 3733 3715 3787 verbis

2013 3830 2204 3879 autem
2237 3824 2449 3878 ornatis
2476 3827 2531 3877 et
2548 3820 2826 3876 inornatis
2854 3821 3002 3875 sicut
3022 3821 3168 3875 vasis
3208 3821 3441 3877 urbanis
3468 3826 3526 3877 et
3543 3823 3710 3877 rusti-

2014 3914 2166 3968 canis
2196 3918 2467 3983 utrosque
2498 3911 2652 3965 cibos
2676 3926 2845 3981 posse
2869 3909 3202 3965 ministrari.

2087 4007 2172 4058 ll.
2214 4004 2396 4075 Igitur
2434 4001 2671 4056 aviditas
2718 4017 2867 4069 mea,
2905 4016 3019 4071 qua
3064 3999 3230 4055 illum
3266 4004 3423 4057 tanto
3455 4005 3713 4072 tempore

2014 4098 2472 4163 exspectaveram
2502 4088 2820 4158 hominem,
2853 4088 3238 4143 delectabatur
3286 4090 3519 4160 quidem
3557 4095 3711 4144 motu

2016 4180 2335 4251 atiectuque
2370 4177 2730 4250 disputantis,
2764 4181 2821 4230 et
2849 4177 3033 4231 verbis
3054 4179 3518 4248 congruentibus,
3545 4183 3715 4248 atque.

2016 4270 2085 4323 ad
2112 4268 2427 4323 vestiendas
2457 4267 2770 4320 sententias
2799 4266 2962 4319 facile
2993 4266 3437 4320 occurrentibus.
3472 4267 3717 4321 Delecta-

2014 4358 2118 4411 bar
2143 4362 2335 4411 autem
2364 4360 2420 4411 et
2449 4371 2579 4409 cum
2602 4353 2816 4421 multis,
2840 4355 2930 4408 vel
2950 4354 3121 4409 etiam
3146 4370 3263 4424 pra:
3295 4354 3490 4407 multis
3519 4354 3718 4408 lauda-

2013 4446 2147 4501 bam
2197 4463 2260 4501 ac
2302 4445 2640 4511 eﬁerebam;
2687 4442 2786 4498 sed
2836 4444 3071 4497 moleste
3118 4443 3399 4497 habebam
3448 4443 3600 4515 quod
3656 4444 3715 4497 in

2015 4540 2164 4591 coetu
2189 4534 2548 4591 audientium
2596 4550 2716 4588 non
2742 4532 2959 4585 sinerer
2984 4531 3069 4585 illi
3099 4531 3383 4602 ingerere,
3416 4536 3473 4587 et
3512 4532 3718 4603 partiri

2016 4640 2146 4679 cum
2176 4640 2242 4679 eo
2272 4639 2435 4678 curas
2466 4620 2853 4693 quaestionum
2876 4634 3157 4684 mearum,
3181 4618 3526 4674 conferendo
3547 4619 3714 4674 fami-
3760 4658 3769 4663 .

2014 4713 2253 4780 liariter,
2285 4717 2342 4768 et
2386 4710 2713 4783 accipiendo
2743 4723 2806 4761 ac
2836 4705 3125 4760 reddendo
3173 4722 3515 4763 sermonem.
3553 4709 3716 4774 Quod

2015 4803 2114 4858 ubi
2168 4802 2350 4874 potui,
2397 4806 2452 4856 et
2494 4807 2659 4854 aures
2704 4796 2825 4865 ejus
2873 4809 3004 4847 cum
3035 4795 3413 4851 familiaribus
3442 4799 3585 4853 meis
3614 4816 3713 4852 eo-

2017 4891 2172 4963 que‘
2221 4898 2481 4962 tempore
2528 4900 2802 4957 occupare
2858 4882 3024 4954 ccepi,
3076 4901 3188 4955 quo
3243 4902 3360 4940 non
3418 4887 3713 4942 dedeceret

2017 4982 2248 5037 alternis
2280 4981 2577 5043 disserere,
2625 4980 2681 5029 et
2708 4970 2922 5045 protuli
2967 4974 3231 5044 quaedam
3285 4992 3414 5047 quae
3467 4992 3557 5030 me
3588 4991 3712 5029 mo-

2016 5071 2253 5137 vebant;
2291 5073 2550 5139 expertus
2582 5082 2705 5120 sum
2740 5062 2902 5135 prius
2926 5062 3222 5119 hominem
3254 5069 3543 5136 expertem
3574 5064 3713 5118 libe-

2017 5158 2225 5213 ralium
2272 5156 2724 5227 disciplinarum,
2784 5158 2894 5211 nisi
2925 5154 3331 5228 grammaticae,
3388 5158 3557 5224 atque
3593 5154 3715 5221 ejus

2017 5248 2196 5319 ipsius
2226 5247 2433 5302 usitato
2462 5245 2651 5299 modo.
2683 5247 2745 5300 Et
2774 5247 2909 5318 quia
2938 5248 3157 5317 legerat
3184 5245 3403 5315 aliquas
3432 5240 3718 5296 Tullianas

2017 5336 2324 5404 orationes,
2368 5338 2423 5389 et
2462 5334 2831 5405 paucissimos
2861 5336 3085 5391 Senecae
3127 5334 3320 5398 libros,
3352 5335 3408 5385 et
3438 5330 3717 5383 nonnulla

2015 5429 2338 5497 poetarum,
2373 5428 2429 5478 et
2457 5439 2573 5478 sua:
2617 5428 2783 5479 sectas
2811 5424 2858 5479 si
2888 5441 3002 5496 qua
3027 5421 3315 5478 volumina
3342 5419 3517 5473 latine
3548 5423 3717 5490 atque

2017 5512 2331 5583 composite
2364 5513 2683 5585 conscripta
2712 5519 2894 5581 erant,
2929 5511 3137 5584 etquia
3163 5508 3359 5563 aderat
3382 5506 3716 5579 quotidiana

2084 5606 2095 5636 ¹
2135 5605 2208 5653 Eo
2231 5614 2459 5667 quoque.
2476 5602 2631 5666 juxta
2663 5603 2747 5653 Er.
2780 5603 2946 5665 Lugd.
2978 5601 3107 5648 Ven.
3140 5598 3263 5646 Lov.
3290 5598 3357 5646 Μ.
