4058 6174
452 306 545 357 7n
1638 287 2184 347 CONFESSIONUM
2252 293 2305 343 s.
2364 287 2768 344 Al'GlIS'l‘lNl.
3764 311 3839 361 τη

453 420 877 478 sermocinandi
901 418 1265 476 exercitatio:
1298 417 1430 473 inde
1456 415 1796 488 suppetebat
1834 415 2149 486 eloquium,

454 512 607 585 quod
638 510 810 566 ﬁebat
836 508 1119 580 acceptius
1147 506 1444 580 magisque
1470 503 1856 560 seductorium
1886 502 2149 558 modera-

453 601 609 656 mine
638 599 877 672 iugenii,
911 604 967 654 et
995 597 1242 670 quodam
1272 598 1466 666 lepore
1487 592 1754 648 naturali.
1782 593 1939 647 Itane
1970 597 2056 647 est
2087 597 2152 647 ut

450 689 917 757 recolo,Domine
940 689 1086 743 Deus
1125 701 1308 751 meus,
1338 683 1552 738 arbiter
1573 677 1935 735 conscientia
1968 677 2149 732 mea?

452 780 656 835 Coram
684 782 741 833 te
766 793 862 831 cor
886 792 1081 831 meum
1122 778 1178 829 et
1206 772 1521 828 recordatio
1551 787 1700 838 mea,
1731 768 1830 841 qui
1876 784 1966 822 me
2013 771 2151 821 tunc

449 867 658 937 agebas
683 865 873 920 abdito
915 867 1130 918 secreto
1160 860 1536 933 providentia
1565 864 1701 927 tua,
1734 863 1789 913 et
1818 857 2149 913 inhonestos

450 969 674 1010 errores
702 969 859 1008 meos
880 952 1003 1023 jam
1026 950 1394 1006 convertehas
1423 953 1554 1005 ante
1584 947 1789 1004 faciem
1819 961 2030 1013 meam,
2083 948 2150 999 ut

445 1044 698 1098 viderem
728 1046 786 1097 et
813 1042 1078 1107 odissem,

1116 1130 1342 1185 CAPUT
1372 1130 1439 1183 Vl
1448 1130 1491 1183 Ι.

802 1222 1095 1277 Alienatur
1118 1235 1151 1273 a
1185 1224 1329 1274 secta
1348 1218 1787 1273 Manichaorum.

520 1313 607 1367 t2.
646 1312 788 1366 Nam
835 1314 1214 1380 posteaquam
1260 1307 1357 1362 ille
1404 1306 1548 1360 mihi
1603 1304 1905 1376 imperitus
1950 1318 2147 1358 earum

446 1399 685 1465 artium,
718 1398 929 1470 quibus
970 1413 1103 1452 eum
1144 1397 1419 1451 excellere
1457 1398 1810 1466 putaveram,
1859 1392 1994 1447 satis
2038 1407 2146 1462 ap-

444 1487 657 1557 paruit,
696 1487 1001 1556 desperare
1041 1485 1185 1556 capi
1215 1501 1381 1556 posse
1414 1500 1547 1538 eum
1576 1482 1719 1538 mihi
1748 1483 1847 1537 illa
1887 1497 2027 1553 qua;
2056 1497 2147 1535 me

446 1575 753 1630 movebant
780 1575 1002 1647 aperire
1030 1580 1202 1646 atque
1234 1574 1580 1639 dissolvere;
1626 1588 1874 1644 quorum
1911 1571 2144 1643 quidem

442 1665 674 1736 ignarus
702 1668 892 1735 posset
940 1664 1239 1719 veritatem
1280 1668 1474 1718 tenere
1513 1661 1761 1734 pietatis,
1794 1661 1890 1716 sed
1938 1660 1985 1714 si
2023 1676 2145 1715 ma-

444 1754 698 1808 nichaus
736 1769 851 1807 non
892 1757 1059 1807 esset.
1113 1752 1266 1807 Libri
1318 1753 1534 1824 quippe
1582 1766 1780 1806 eorum
1825 1748 1984 1821 pleni
2014 1753 2147 1804 sunt

443 1842 792 1914 longissimis
839 1841 1068 1904 fabulis,
1114 1841 1184 1896 de
1235 1841 1374 1895 calo
1410 1845 1466 1895 et
1507 1838 1808 1905 sideribus,
1831 1840 1905 1890 ’δι
1944 1834 2059 1889 sole
2091 1839 2146 1889 et

444 1931 617 1986 luna:
648 1946 776 2001 qua
806 1931 949 1984 mihi
980 1946 1134 1996 eum,
1168 1929 1323 2001 quod
1351 1929 1551 2001 utique
1572 1927 1893 1998 cupiebam,
1922 1924 2144 1981 collatis

442 2035 819 2075 numerorum
885 2019 1224 2087 rationibus,
1299 2035 1441 2090 quas
1496 2017 1633 2072 alibi
1697 2032 1803 2087 ego
1867 2016 2140 2086 legeram,

440 2113 635 2163 utrum
666 2108 859 2179 potius
901 2108 982 2162 ita
1024 2111 1215 2163 essent
1242 2112 1307 2162 ut
1353 2106 1647 2162 Manichai
1677 2104 1839 2161 libris
1880 2104 2143 2159 contine—

440 2198 667 2265 bantur,
701 2213 770 2251 an
804 2202 955 2251 certe
982 2197 1069 2250 vel
1126 2212 1233 2267 par
1284 2195 1458 2249 etiam
1508 2194 1643 2249 inde
1690 2191 1837 2246 ratio
1879 2188 2144 2243 reddere—

440 2290 552 2351 tur,
614 2285 901 2340 subtiliter
940 2284 1222 2355 explicare
1274 2298 1444 2354 posse
1468 2283 1590 2354 jam
1635 2297 1757 2335 non
1803 2275 2137 2333 arbitrabar.

442 2374 578 2438 Qua
610 2378 802 2429 tamen
833 2373 935 2428 ubi
972 2372 1383 2428 consideranda
1409 2376 1467 2425 et
1510 2369 1864 2425 discutienda
1902 2365 2139 2439 protuli,

442 2463 698 2519 modeste
729 2479 861 2517 sane
903 2462 998 2517 ille
1027 2478 1132 2517 nec
1176 2478 1348 2516 ausus
1378 2464 1464 2515 est
1515 2460 1706 2513 subire
1748 2457 1933 2529 ipsam
1971 2454 2139 2509 sarci-

441 2568 597 2608 nam.
635 2553 880 2606 Noverat
909 2551 1065 2606 enim
1094 2567 1152 2605 se
1172 2550 1279 2604 ista
1296 2566 1413 2604 non
1444 2565 1630 2619 nosse,
1657 2563 1760 2602 nec
1786 2561 1919 2601 eum
1934 2543 2143 2616 puduit

440 2642 715 2697 conﬁteri.
747 2642 872 2696 Non
902 2646 1026 2697 erat
1053 2641 1122 2696 de
1157 2639 1365 2695 talibus
1393 2640 1590 2711 quales
1619 2639 1832 2693 multos
1874 2637 2139 2707 loquaces

437 2747 638 2802 passus
669 2747 846 2798 eram,
880 2735 1154 2785 conantes
1183 2745 1249 2783 ea
1277 2746 1367 2783 me
1400 2728 1626 2794 docere,
1659 2732 1716 2783 et
1760 2727 2012 2782 dicentes
2051 2724 2138 2778 ni-

437 2818 541 2875 hil.
572 2821 680 2875 Iste
710 2836 844 2874 vero
872 2835 970 2874 cor
998 2819 1263 2885 habebat,
1292 2818 1396 2873 etsi
1426 2832 1540 2872 non
1568 2820 1786 2872 rectum
1826 2816 1898 2870 ad
1926 2819 2003 2881 te,
2034 2830 2139 2868 nec

435 2919 627 2969 tamen
651 2912 824 2968 nimis
849 2912 1143 2968 incautum
1173 2913 1244 2967 ad
1275 2912 1546 2982 seipsum.
1571 2912 1693 2966 Non
1724 2923 2137 2981 usquequaque

434 3003 737 3074 imperitus
771 3007 894 3057 erat
941 3002 1248 3073 imperitia
1301 3018 1441 3070 sua,
1489 3004 1545 3056 et
1590 2999 1778 3054 noluit
1821 3014 1879 3053 se
1921 3004 2137 3052 temere

435 3090 783 3162 disputando
814 3091 876 3145 in
919 3107 985 3144 ea
1016 3091 1309 3158 coarctari,
1345 3094 1497 3145 unde
1527 3106 1631 3144 nec
1661 3088 1841 3143 exitus
1870 3087 1923 3142 ei
1964 3087 2132 3151 ullus,

432 3195 539 3234 nec
576 3179 755 3234 facilis
802 3183 950 3232 esset
999 3180 1260 3234 reditus:
1307 3180 1479 3235 etiam
1527 3178 1659 3232 hinc
1698 3176 1840 3231 mihi
1889 3175 2135 3246 amplius

430 3267 665 3338 placuit.
713 3267 1010 3321 Pulchrior
1063 3271 1148 3321 est
1202 3266 1355 3322 enim
1393 3265 1773 3337 temperantia
1812 3263 2135 3319 conﬁtentis

434 3356 634 3423 animi,
690 3372 865 3427 quam
895 3354 992 3409 illa
1046 3372 1175 3427 qua
1227 3372 1394 3410 nosse
1423 3355 1761 3426 cupiebam;
1807 3359 1862 3409 et
1902 3369 2035 3408 eum
2073 3352 2134 3407 in

430 3444 699 3500 omnibus
727 3442 1147 3498 difﬁcilioribus
1177 3447 1233 3498 et
1280 3443 1676 3498 subtilioribus
1719 3441 2134 3514 quastionibus

426 3535 600 3588 talem
626 3531 1008 3587 inveniebam.

498 3622 587 3676 23.
631 3619 889 3674 Retracto
947 3619 1143 3691 itaque
1186 3618 1373 3674 studio
1422 3617 1625 3690 quod!
1667 3618 2024 3673 intenderam
2073 3617 2131 3671 in

430 3706 726 3763 Manichai
776 3708 1012 3775 litteras,
1068 3708 1366 3778 magisque
1431 3707 1739 3777 desperans
1796 3705 1865 3760 de
1912 3707 2133 3761 cateris

430 3812 629 3851 eorum
670 3796 1019 3865 doctoribus,
1050 3796 1280 3867 quando
1313 3796 1373 3849 in
1405 3796 1600 3849 multis
1627 3812 1757 3867 qua
1806 3811 1897 3849 me
1940 3811 2130 3848 move-

429 3885 590 3953 bant,
621 3883 701 3938 ita
729 3883 823 3959 ille
857 3884 1183 3938 nominatus
1223 3884 1524 3955 apparuit;
1573 3884 1720 3954 coepi
1752 3900 1881 3939 eum
1929 3900 1997 3938 eo
2026 3899 2130 3955 pro

431 3972 620 4028 studio
650 3972 772 4042 ejus
801 3988 971 4043 agere
1001 3971 1198 4038 vitam,
1226 3988 1341 4043 quo
1371 3972 1492 4044 ipse
1524 3972 1801 4042 flagrabat
1830 3972 1886 4026 in
1914 3989 2009 4027 eas
2039 3971 2130 4027 lit-

428 4066 599 4125 teras,
630 4076 771 4133 quas
811 4066 948 4116 tunc
973 4061 1091 4132 jam
1134 4061 1333 4115 rhetor
1370 4060 1700 4132 Carthagini
1746 4061 2132 4115 adolescentes

426 4150 696 4206 docebam
720 4168 734 4217 ;
768 4155 824 4205 et
853 4151 1041 4221 legere
1063 4165 1192 4204 cum
1220 4166 1306 4216 eo,
1346 4149 1462 4204 sive
1492 4165 1622 4221 qua
1642 4149 1737 4204 ille
1766 4149 1957 4207 audita
1982 4149 2130 4204 desi-

429 4240 675 4306 deraret,
709 4239 824 4293 sive
864 4255 993 4310 qua
1032 4238 1151 4309 ipse
1180 4238 1281 4293 tali
1306 4237 1538 4309 ingenio
1569 4242 1701 4310 apta
1722 4238 2126 4294 existimarem.

431 4330 709 4383 Caterum
760 4332 996 4382 conatus
1035 4326 1221 4381 omnis
1269 4342 1450 4394 meus,
1488 4343 1603 4398 quo
1634 4327 1910 4397 proﬁcere
1942 4327 2003 4381 in
2032 4326 2131 4381 illa

430 4420 582 4471 secta
606 4420 937 4483 statueram,
970 4415 1069 4470 illo
1106 4414 1338 4470 homine
1369 4416 1599 4487 cognito
1628 4432 1857 4486 prorsus
1898 4415 2129 4470 interci-

431 4506 554 4560 dit:
584 4520 701 4559 non
736 4508 803 4560 ut
828 4505 899 4559 ab
931 4504 1012 4560 eis
1042 4505 1280 4560 omnino
1313 4520 1632 4576 separarer,
1666 4506 1761 4560 sed
1804 4505 1967 4576 quasi
2009 4521 2128 4560 me-

426 4594 537 4648 lius
565 4592 882 4665 quidquam
935 4610 1053 4649 non
1107 4592 1423 4659 inveniens,
1473 4609 1541 4647 eo
1588 4610 1701 4665 quo
1737 4594 1859 4664 jam
1898 4611 2128 4667 quoque

430 4681 601 4737 modo
629 4680 929 4750 irrueram,
963 4686 1264 4737 contentus
1310 4682 1544 4737 interim
1590 4698 1711 4737 esse
1744 4682 2124 4743 decreveram.

430 4770 543 4827 nisi
569 4770 786 4842 aliquid
823 4771 969 4827 forte
1000 4772 1154 4844 quod
1184 4771 1367 4844 magis
1397 4771 1726 4844 eligendum
1757 4777 1902 4828 esset
1942 4773 2126 4828 eluce-

427 4864 536 4916 ret.
569 4860 653 4915 Ita
682 4859 777 4915 ille
808 4861 1071 4930 Faustus,
1100 4861 1201 4933 qui
1231 4861 1429 4917 multis
1458 4861 1695 4932 laqueus
1734 4861 1932 4916 mortis
1962 4861 2127 4915 exsti-

428 4949 520 5017 tit,
564 4964 759 5004 meum
810 4966 924 5021 quo
975 4954 1171 5020 captus
1214 4966 1367 5005 eram
1417 4951 1671 5005 relaxare
1700 4950 1820 5019 jam
1857 4954 2124 5020 caperet,

429 5054 535 5094 nec
565 5039 761 5093 volens
790 5054 896 5093 nec
925 5038 1126 5094 sciens.
1160 5039 1357 5093 Manus
1386 5038 1539 5093 enim
1577 5042 1712 5104 tua,
1766 5038 1911 5091 Deus
1941 5053 2121 5100 meus,

424 5128 488 5183 in
512 5127 706 5183 abdito
736 5127 1111 5199 providentia
1159 5130 1293 5194 tua,
1339 5144 1453 5182 non
1496 5126 1832 5182 deserebant
1873 5125 2126 5183 animam

430 5233 619 5273 meam
643 5234 657 5285 ;
682 5222 739 5273 et
768 5217 838 5273 de
864 5216 1144 5288 sanguine
1170 5216 1357 5271 cordis
1385 5214 1586 5270 matris
1613 5231 1780 5280 mea,
1811 5231 1915 5286 per
1942 5215 2125 5288 lacry-

425 5322 551 5361 mas
579 5306 702 5377 ejus
747 5306 948 5361 diebus
1003 5321 1067 5359 ac
1112 5304 1375 5360 noctibus
1416 5320 1522 5375 pro
1564 5320 1657 5359 me
1704 5303 2126 5360 sacriﬁcabatur

424 5395 570 5464 tibi;
605 5400 662 5450 et
690 5394 854 5467 egisti
885 5410 1111 5450 mecum
1148 5393 1311 5449 miris
1340 5392 1526 5448 modis
1563 5396 1605 5448 ³.
1637 5394 1721 5448 Tu
1749 5393 1892 5450 illud
1934 5392 2123 5465 egisti,

486 5505 509 5598 ἔ
537 5501 1353 5627 ἓῗβὶἐὲιχέἓσέιῗῗεόὴιοάἒέίῇιικιο.
1369 5560 1567 5612 Somm.
1586 5562 1711 5613 Arn.
1725 5575 1847 5613 cum
1866 5565 1894 5613 Ἰ
1913 5563 2055 5623 Mss,
2070 5567 2121 5611 et

426 5624 597 5674 Rond.
630 5637 750 5674 cum
783 5626 971 5676 “Mss.
1016 5626 1085 5674 M.

2264 414 2413 467 Deus
2444 428 2627 468 meus.
2679 413 2825 467 Nam
2851 429 2885 467 a
2910 410 3151 468 Domino
3172 428 3397 484 gressus
3414 415 3626 474 hominis
3654 423 3848 497 dirigun-

2260 506 2388 571 tur;
2441 506 2498 557 et
2542 502 2694 557 viam
2732 501 2854 572 ejus
2900 502 3052 556 volet
3088 502 3262 571 (Psal.
3296 519 3466 570 xxxvr,
3493 508 3593 577 23).
3628 512 3723 566 Aut
3751 530 3845 585 qua

2260 590 2586 662 procuratio
2615 590 2836 658 salutis,
2863 589 3093 662 prater
3120 606 3357 647 manum
3391 597 3546 663 tuam,
3579 598 3849 658 reﬁcientem

2261 694 2389 750 qua
2426 678 2609 734 fecisti
2624 681 2652 733 ?

2889 770 3116 825 CAPUT
3155 771 3302 826 VIII.

2388 859 2760 928 Proﬁciscitur
2785 861 3009 915 Romam
3042 865 3230 916 contra
3258 864 3444 917 matris
3465 864 3758 922 voluntatem.

2333 948 2419 1000 14.
2466 945 2644 1017 Egisti
2675 963 2814 1017 ergo
2860 962 3087 1003 mecum
3118 953 3181 1003 ut
3204 948 3349 1003 mihi
3385 952 3765 1021 persuaderetur
3782 956 3857 1011 llo-

2259 1049 2414 1088 mam
2440 1051 2702 1106 pergere.
2736 1040 2793 1091 et
2810 1036 3001 1107 potius
3021 1037 3102 1092 ibi
3118 1037 3319 1092 docere
3344 1040 3485 1109 quod
3510 1039 3742 1095 docebam
3760 1041 3855 1097 Car-

2256 1123 2509 1194 thagine.
2540 1125 2606 1179 Et
2626 1125 2731 1180 hoc
2758 1126 2913 1181 unde
2934 1125 3081 1181 mihi
3105 1142 3436 1197 persuasum
3460 1133 3537 1182 est
3559 1126 3599 1191 ί,
3627 1146 3726 1183 non
3747 1146 3855 1201 pra-

2256 1211 2444 1267 teribo
2472 1211 2734 1268 conﬁteri
2761 1212 2900 1280 tibi;
2950 1214 3223 1285 quoniam
3253 1219 3309 1269 et
3336 1215 3395 1269 in
3420 1215 3506 1270 his
3547 1217 3769 1273 altissimi
3801 1220 3858 1273 tui

2258 1316 2530 1369 recessus,
2563 1306 2620 1356 et
2646 1302 3093 1373 praseutissima
3113 1302 3172 1358 in
3197 1319 3303 1358 nos
3325 1303 3681 1360 misericordia
3701 1311 3779 1361 tua
3798 1323 3857 1361 co-

2256 1396 2489 1467 gitanda
2518 1402 2575 1452 et
2602 1398 2964 1469 praedicanda
3004 1404 3112 1454 est.
3159 1400 3280 1453 Non
3304 1399 3427 1454 ideo
3454 1401 3668 1455 Romam
3685 1416 3858 1471 pergere

2254 1486 2428 1553 volui,
2462 1486 2619 1558 quod
2645 1487 2890 1557 majores
2911 1491 3184 1558 quastus,
3207 1488 3501 1559 majorque
3523 1488 3648 1543 mihi
3673 1489 3856 1558 dignitas

2254 1575 2325 1629 ab
2356 1575 2573 1645 amicis,
2608 1576 2707 1647 qui
2738 1576 2846 1631 hoc
2879 1576 3216 1642 suadebant,
3248 1577 3689 1648 promittebatur;
3731 1593 3860 1648 quan-

2257 1679 2430 1735 quam
2461 1668 2517 1719 et
2553 1664 2664 1719 ista
2688 1664 2973 1720 ducebant
3001 1664 3259 1720 animum
3308 1671 3443 1720 tunc
3468 1681 3668 1720 meum:
3691 1666 3768 1719 sed
3794 1665 3859 1718 illi

2255 1757 2377 1808 erat
2405 1769 2573 1808 causa
2587 1754 2835 1808 maxima
2860 1759 2916 1808 et
2935 1769 3083 1824 pene
3113 1755 3252 1817 sola,
3280 1754 3431 1826 quod
3461 1754 3731 1809 audiebam
3749 1753 3861 1824 quie-

2254 1842 2367 1897 tius
2389 1842 2467 1897 ibi
2490 1842 2720 1898 studere
2751 1842 3158 1912 adolescentes,
3193 1847 3250 1897 et
3278 1843 3605 1897 ordinatiore
3624 1841 3860 1913 disciplina

2254 1930 2596 1985 coercitione
2643 1931 2848 1997 sedari,
2873 1947 2947 1985 ne
2976 1930 3036 1986 in
3084 1932 3208 2001 ejus
3233 1932 3481 1986 scholam
3512 1947 3619 2004 quo
3658 1929 3863 2000 magistro

2253 2036 2371 2074 non
2402 2023 2665 2087 utuntur,
2691 2020 2902 2091 passim
2935 2024 2992 2075 et
3017 2025 3284 2091 proterve
3309 2020 3559 2087 irruant;
3585 2035 3675 2073 nec
3695 2033 3772 2073 eos
3793 2016 3861 2070 ad-

2252 2108 2407 2163 mitti
2437 2107 2695 2178 omnino,
2724 2108 2837 2163 nisi
2865 2109 2961 2162 ille
2991 2108 3339 2179 permiserit.
3375 2110 3596 2177 Contra,
3624 2106 3752 2178 apud
3772 2105 3863 2159 Car-

2253 2196 2549 2268 thaginem
2576 2197 2720 2251 fada
2765 2200 2850 2251 est
2877 2203 2936 2251 et
2962 2196 3357 2268 intemperans
3386 2197 3604 2252 licentia
3642 2192 3863 2249 scholasti-

2252 2302 2467 2340 corum.
2497 2287 2831 2357 lrrumpunt
2851 2285 3238 2357 impudenter,
3258 2292 3318 2341 et
3332 2303 3508 2358 prope
3523 2284 3712 2341 furiosa
3732 2282 3863 2337 fronte

2250 2374 2592 2444 perturbant
2621 2374 2902 2440 ordinem,
2940 2391 3110 2446 quem
3140 2376 3388 2446 quisque
3419 2372 3686 2445 discipulis
3709 2371 3862 2441 adprc

2249 2463 2554 2518 ticiendum
2587 2463 2914 2519 instituerit.
2949 2464 3120 2519 Multa
3146 2464 3428 2535 injuriosa
3456 2463 3653 2517 faciunt
3667 2460 3784 2515 mira
3797 2459 3860 2512 lie-

2251 2552 2546 2619 betudine,
2599 2557 2656 2607 et
2687 2553 2980 2625 punienda
3033 2552 3283 2623 legibus,
3316 2552 3429 2608 nisi
3469 2549 3775 2607 consuetudo
3804 2562 3866 2616 pa-

2248 2644 2418 2694 trona
2473 2641 2577 2707 sit;
2620 2640 2728 2695 hoc
2782 2640 3110 2695 miseriores
3161 2656 3261 2695 eos
3321 2639 3633 2699 ostendens,
3661 2651 3755 2708 quo
3780 2634 3863 2703 jam

2250 2729 2413 2801 quasi
2462 2729 2650 2795 liceat,
2691 2728 2911 2784 faciunt
2948 2730 3099 2801 quod
3127 2744 3231 2799 per
3267 2732 3432 2784 tuam
3462 2733 3712 2782 aternam
3734 2724 3866 2791 legem

2249 2834 2545 2890 nunquam
2570 2818 2792 2885 licebit;
2825 2823 2883 2873 et
2902 2818 3141 2888 impune
3157 2834 3215 2872 se
3231 2818 3423 2889 facere
3438 2816 3765 2875 arbitrantur,
3776 2823 3865 2863 cum

2246 2907 2374 2977 ipsa
2400 2906 2645 2961 faciendi
2675 2906 2925 2961 cacitate
2958 2906 3298 2978 puniantur,
3344 2912 3401 2960 et
3428 2897 3868 2974 incomparabilitet

2247 2995 2540 3067 patiantur
2559 2996 2773 3068 pejora,
2796 3012 2968 3067 quam
2991 2995 3225 3049 faciunt.
3257 2997 3409 3066 Ergo
3432 3010 3571 3066 quos
3583 3006 3762 3055 mores,
3778 2999 3864 3040 cum

2247 3084 2536 3139 studerem
2567 3100 2728 3139 meos
2755 3101 2876 3139 esse
2906 3084 3064 3140 nolui
3092 3088 3147 3146 ²;
3182 3101 3301 3153 eos,
3322 3100 3454 3138 cum
3475 3083 3731 3142 docerem,
3750 3088 3868 3144 coge-

2244 3172 2349 3227 bar
2377 3174 2601 3245 perpeti
2632 3173 2879 3228 alienos:
2913 3177 2969 3228 et
2990 3173 3118 3228 ideo
3141 3174 3411 3244 placebat
3441 3173 3523 3226 ire
3551 3169 3645 3225 ubi
3665 3165 3776 3222 talia
3789 3177 3867 3216 non

2244 3261 2391 3329 ﬁeri,
2425 3279 2623 3316 omnes
2647 3262 2748 3334 qui
2794 3266 3089 3330 noverant,
3124 3262 3477 3318 indicabant.
3511 3262 3703 3316 Verum
3734 3256 3869 3309 autem

2243 3355 2327 3414 tu,
2358 3366 2486 3422 spes
2517 3367 2645 3405 mea
2674 3356 2732 3406 et
2759 3352 2945 3423 portio
2975 3367 3104 3406 mea
3134 3350 3193 3405 in
3227 3356 3389 3406 terra
3417 3348 3711 3404 viventium
3754 3339 3867 3408 (P501.

2243 3456 2381 3507 chr,
2412 3439 2489 3511 6),
2520 3441 2591 3495 ad
2618 3439 2959 3494 mutandum
2978 3444 3265 3495 terrarum
3286 3441 3480 3494 locum
3504 3453 3603 3509 pro
3623 3434 3775 3488 salute
3786 3425 3868 3482 ani-

2242 3544 2353 3583 ma
2385 3544 2549 3595 mea,
2580 3533 2638 3582 et
2665 3528 2997 3599 Carthagini
3035 3528 3304 3583 stimulos
3334 3527 3547 3600 quibus
3575 3522 3698 3579 inde
3727 3515 3871 3573 avelle-

2241 3632 2356 3683 rer,
2402 3615 2763 3684 admovebas,
2796 3620 2854 3671 et
2898 3618 3093 3671 Roma
3121 3616 3426 3672 illecebras
3468 3612 3664 3685 quibus
3688 3602 3868 3662 attrahe

2242 3722 2353 3769 rer,
2383 3705 2742 3777 proponebas
2772 3704 2917 3759 mihi
2946 3722 3050 3775 per
3079 3705 3353 3760 homines
3398 3704 3501 3776 qui
3539 3687 3870 3783 diligunt

2240 3799 2358 3849 tam
2391 3799 2697 3861 mortuam,
2730 3793 2864 3848 hinc
2892 3794 3092 3848 insana
3118 3792 3420 3862 facientes,
3451 3790 3583 3846 inde
3607 3800 3735 3841 vana
3757 3778 3871 3871 pollr

2242 3888 2460 3950 centes;
2520 3887 2579 3938 et
2628 3882 2698 3937 ad
2746 3882 3113 3954 corrigendos
3183 3899 3423 3954 gressus
3472 3894 3625 3935 meos
3684 3870 3874 3957 utebare

2241 3974 2457 4027 occulte
2506 3977 2563 4027 et
2593 3972 2825 4027 illorum
2853 3978 2910 4027 et
2937 3988 3065 4027 mea
3100 3973 3503 4043 perversitate.
3548 3968 3681 4022 Nam
3725 3964 3772 4013 et
3806 3967 3871 4023 tl“1

2240 4062 2653 4133 perturbabant
2691 4060 2898 4116 otium'
2928 4077 3144 4129 meum,
3188 4061 3346 4117 fada
3384 4058 3545 4115 rabie
3590 4050 3711 4109 caci
3735 4045 3873 4103 erant:

2241 4154 2299 4205 et
2322 4151 2424 4222 qui
2462 4151 2781 4206 invitabant
2808 4151 2878 4205 ad
2898 4150 3079 4219 aliud,
3103 4154 3320 4205 terram
3353 4146 3659 4220 sapiebant.
3688 4139 3781 4206 Ego
3803 4144 3872 4183 au-

2239 4246 2359 4297 tem
2385 4242 2485 4314 qui
2513 4242 2835 4297 detestabar
2865 4241 2958 4295 hic
2994 4256 3188 4295 veram
3229 4238 3554 4299 miseriam,
3583 4231 3692 4288 illic
3728 4224 3874 4283 falsam

2238 4331 2565 4387 felicitatem
2592 4330 2953 4403 appetebam.
3820 4398 3829 4407 .

2314 4425 2397 4475 15.
2431 4420 2539 4495 Sed
2570 4436 2748 4492 quare
2774 4419 2910 4474 hinc
2942 4418 3181 4485 abirem,
3213 4422 3275 4473 et
3294 4418 3439 4473 illuc
3487 4414 3649 4479 irem,
3688 4412 3742 4464 tu
3775 4413 3875 4455 εωθ·

2237 4510 2359 4581 bas,
2385 4511 2556 4577 Deus;
2593 4525 2697 4564 nec
2710 4508 3003 4563 indicabas
3030 4507 3175 4563 mihi
3203 4524 3314 4563 nec
3326 4504 3522 4569 matri,
3546 4516 3668 4573 qua!
3691 4509 3769 4550 me
3782 4503 3877 4581 ll"?

2236 4578 2451 4655 fectum
2475 4599 2743 4654 atrociter
2768 4598 3009 4670 planxit,
3040 4602 3098 4653 et
3124 4613 3314 4669 usque
3346 4596 3422 4652 ad
3445 4606 3601 4650 mare
3629 4586 3795 4643 secuta
3806 4578 3875 4631 est

2237 4689 2345 4746 Sed
2375 4688 2551 4744 fefelli
2580 4704 2709 4744 eam
2755 4688 3037 4743 violenter
3064 4702 3159 4741 me
3202 4690 3528 4747 tenentem,
3563 4683 3623 4734 ut
3648 4676 3737 4731 aut
3765 4678 3881 4723 rew'

2237 4782 2407 4844 caret,
2444 4781 2544 4833 aut
2574 4793 2800 4833 mecum
2820 4780 3127 4849 pergeret;
3160 4780 3219 4830 et
3234 4774 3381 4829 ﬁnxi
3404 4788 3501 4828 me
3526 4766 3752 4824 amicum
3768 4752 3879 4854 nam

2237 4869 2521 4933 deserere,
2572 4866 2753 4921 donec
2788 4848 2963 4931 vento
3004 4865 3152 4920 facto
3195 4863 3530 4934 navigaret.
3570 4859 3634 4913 Et
3670 4848 3881 4936 mentitus

2237 4972 2365 5010 sum
2395 4930 2588 5023 matri,
2628 4954 2791 5009 etilli
2821 4954 3012 5022 matri,
3057 4957 3114 5008 et
3135 4952 3321 5008 evasi:
3342 4930 3505 5024 wquia
3544 4950 3600 5001 et
3634 4943 3727 4998 hoc
3747 4941 3796 4990 tu
3816 4930 3878 4985 di-

2234 5043 2444 5100 misisti
2472 5043 2616 5099 mihi
2636 5044 3102 5111 misericorditer,
3134 5058 3373 5098 servans
3403 5056 3500 5096 me
3526 5037 3596 5092 ab
3635 5028 3778 5102 aquis
3794 5035 3881 5077 ω’

2235 5134 2333 5196 ris,
2379 5135 2618 5205 plenum
2679 5132 3040 5188 exsecrandis
3085 5132 3378 5194 sordibus,
3410 5141 3594 5200 usque
3632 5120 3695 5176 ad
3720 5121 3876 5205 aqua!!!

2235 5203 2436 5295 gratia
2465 5226 2602 5289 tua,
2635 5238 2749 5294 qua
2767 5238 2860 5277 me
2877 5222 3070 5277 abluto
3095 5222 3454 5276 siccarentur
3481 5212 3708 5273 ﬂumina
3723 5203 3879 5295 male}:

2300 5315 2313 5347 ι
2329 5282 2694 5375 ,ςὶι,]ιικςιέεί·.
2716 5310 2860 5375 Lugd
2871 5348 2884 5360 .
2896 5309 3315 5375 Ven.Lov._Duq.
3330 5308 3482 5356 Mart.
3490 5282 3875 5375 Elopgﬂﬂfﬂ;

2298 5356 2691 5423 samem;
2706 5356 2884 5423 $5665
2916 5356 3249 5423 Eae—sam;
3269 5356 3876 5429 Consentitﬁallica'jtff?

2235 5414 2515 5495 Αωῗῖξὲἑῑ
2524 5414 2787 5491 αἷῆ’ἇὲι”ἀῖζ
2802 5414 3197 5495 ἒῖἷαιῖἶλῖιιῐξῖιῖ
3205 5414 3387 5495 ὶὲιιῖᾖὸ
3394 5414 3545 5495 iam.
3558 5414 3875 5495 habentfd’gj

2234 5471 2507 5562 ἂίῗέίῇἕέζ
2520 5471 3195 5562 ἕὶἱιὶιῖἴὲὲῐιίέἰῖἧὶἱὲῖᾀῆἔ
3206 5471 3453 5562 ἐξὲἕὲνᾶ
3465 5484 3778 5562 angustiam,
3806 5471 3876 5518 rm:

2234 5556 3066 5686 lassatam-aram:
3244 5556 3563 5668 mea
3583 5613 3631 5660 ει
3657 5598 3799 5657 nm.
