4022 6176
75 274 181 325 713

76 410 290 448 norum
320 394 639 463 oculorum,
681 394 889 466 quibus
910 411 1015 466 pro
1050 412 1140 451 me
1164 397 1418 468 quotidie
1432 398 1535 454 tibi
1562 402 1789 473 rigabat

76 488 297 537 terram
320 483 425 536 sub
454 484 613 536 vultu
635 499 758 537 suo.
795 485 1069 538 Ettamen
1108 487 1393 541 recusanti
1425 486 1550 543 sine
1583 506 1672 545 me
1704 508 1794 545 re-

76 571 227 638 dire,
278 572 366 626 vix
395 572 650 642 persuasi
702 578 761 625 ut
809 573 1040 639 inloco,
1090 572 1189 644 qui
1243 575 1535 644 proximus
1570 584 1784 633 nostra:

78 660 217 714 navi
254 666 392 722 erat,
425 660 702 714 memoria
732 660 883 715 beati
913 662 1201 733 Cypriani,
1227 669 1484 719 maneret
1513 682 1580 720 ea
1603 672 1790 722 nocte.

76 748 193 803 Sed
216 766 283 803 ea
311 754 473 803 nocte
494 750 751 803 clanculo
770 766 875 820 ego
900 751 1185 820 profectus
1198 769 1325 806 sum
1348 769 1361 807 :
1386 751 1485 808 illa
1505 759 1696 809 autem
1712 772 1795 810 re-
1844 752 1851 755 “

74 838 295 891 mansit
323 836 339 870 ⁴
368 838 585 892 orando
616 843 670 891 et
700 839 909 893 ﬂendo.
948 840 1012 893 Et
1042 839 1181 910 quid
1216 856 1247 893 a
1278 844 1332 893 te
1362 842 1614 911 petebat,
1648 844 1793 897 Deus

72 942 267 989 meus,
304 926 475 980 tantis
506 926 792 997 lacrymis,
824 926 934 981 nisi
964 932 1029 981 ut
1074 927 1341 998 navigare
1370 944 1460 983 me
1493 946 1607 983 non
1640 929 1791 985 siue-

72 1030 169 1067 res
190 1015 221 1067 ?
251 1014 363 1069 Sed
392 1018 449 1067 tu
480 1014 589 1068 alte
619 1016 944 1082 consulens,
967 1019 1021 1069 et
1051 1016 1356 1070 exaudiens
1386 1017 1677 1072 cardinem
1701 1019 1794 1074 de-

73 1102 281 1156 siderii
313 1103 457 1173 ejus,
489 1119 605 1156 non
644 1103 852 1157 curasti
883 1104 1037 1175 quod
1068 1108 1202 1158 tunc
1232 1105 1481 1175 petebat,
1512 1110 1576 1161 ut
1604 1106 1666 1160 in
1694 1123 1788 1163 me

71 1191 299 1245 faceres
323 1194 345 1227 ²
377 1192 527 1262 quod
568 1208 794 1263 semper
838 1192 1083 1263 petebat.
1120 1193 1294 1247 Flavit
1333 1200 1555 1262 ventus,
1590 1199 1646 1250 et
1674 1194 1787 1250 im-

73 1278 265 1350 plevit
290 1279 413 1335 vela
442 1283 657 1340 nostra,
711 1285 767 1335 et
807 1280 963 1334 littus
993 1281 1275 1336 subtraxit
1313 1282 1637 1353 aspectibus
1686 1299 1787 1337 no—

70 1367 213 1421 stris
234 1384 248 1421 :
278 1367 336 1421 in
358 1384 471 1438 quo
492 1384 658 1422 mane
681 1368 777 1422 illa
790 1368 1111 1423 insaniebat
1131 1370 1348 1437 dolore,
1368 1375 1424 1425 et
1442 1370 1709 1441 querelis,
1728 1388 1792 1425 ac

73 1454 307 1524 gemitu
338 1454 613 1525 implebat
642 1471 809 1508 aures
838 1459 964 1509 tuas
989 1455 1406 1510 contemnentis
1436 1455 1545 1510 ista
1574 1461 1629 1523 3;
1661 1474 1792 1511 cum

72 1547 137 1595 et
191 1558 287 1595 me
319 1542 726 1613 cupiditatibus
761 1543 902 1598 meis
951 1560 1177 1615 raperes
1224 1544 1294 1598 ad
1334 1543 1611 1598 finiendas
1640 1544 1791 1615 ipsas

71 1630 447 1699 cupiditates,
497 1635 553 1685 et
598 1631 752 1705 illius
796 1632 1019 1687 carnale
1055 1631 1400 1686 desiderium
1441 1633 1597 1703 justo
1630 1633 1791 1687 dolo-

70 1734 214 1772 rum
232 1718 459 1790 ﬂagello
474 1720 1037 1790 vapularet.Amabat
1052 1720 1205 1774 enim
1218 1736 1407 1775 secum
1422 1722 1794 1792 praesentiam

70 1823 275 1861 meam
300 1824 456 1862 more
472 1812 741 1875 matrum,
766 1808 863 1863 sed
888 1808 1082 1863 multis
1098 1808 1275 1863 multo
1299 1808 1548 1880 amplius
1571 1826 1583 1877 ;
1610 1814 1665 1864 et
1686 1827 1789 1865 ne-

69 1894 300 1948 sciebat
329 1894 466 1966 quid
489 1899 550 1948 tu
578 1894 663 1948 illi
686 1895 1028 1965 gaudiorum
1047 1896 1297 1949 facturus
1323 1912 1474 1951 esses
1505 1896 1573 1950 de
1596 1896 1797 1951 absen-

68 1984 162 2036 tia
192 2000 343 2038 mea.
373 1983 688 2050 Nesciebat,
720 1984 847 2047 ideo
878 1984 1047 2039 ﬂebat
1067 1988 1124 2039 et
1153 1984 1423 2054 ejulabat,
1467 1989 1639 2055 atque
1681 1985 1794 2039 illis

68 2071 423 2125 cruciatibus
453 2072 800 2141 arguebatur
818 2070 879 2126 in
901 2088 965 2126 ea
1008 2072 1408 2143 reliquiarium
1443 2074 1567 2127 Evze
1593 2076 1632 2139 ⁸,
1662 2090 1793 2127 cum

70 2162 305 2231 gemitu
337 2177 600 2232 quaerens
632 2161 787 2232 quod
823 2178 953 2215 cum
992 2161 1206 2231 gemitu
1239 2164 1559 2232 pepererat.
1596 2162 1661 2215 Et
1708 2166 1791 2215 ta-

70 2265 221 2303 men
269 2253 401 2319 post
452 2248 871 2303 accusationem
929 2248 1284 2303 fallaciarum
1335 2251 1391 2301 et
1440 2247 1795 2302 crudelitatis

70 2352 255 2407 meas,
288 2352 561 2391 conversa
604 2353 802 2391 rursus
843 2336 915 2391 ad
969 2336 1399 2407 deprecandum
1449 2339 1503 2391 te
1538 2352 1643 2407 pro
1677 2352 1792 2405 me,

74 2426 222 2479 abiit
249 2426 323 2480 ad
355 2424 541 2493 solita,
569 2430 624 2480 et
653 2442 759 2497 ego
786 2427 1044 2480 Romam.

768 2532 991 2588 CAPUT
1030 2532 1116 2586 IX.

419 2621 577 2676 Febri
611 2625 888 2690 correptus
917 2622 1211 2690 periculose
1241 2619 1464 2674 laborat.

142 2711 232 2765 16.
274 2710 345 2764 Et
375 2724 501 2763 ecce
527 2708 781 2780 excipior
809 2708 889 2763 ibi
922 2708 1149 2779 ﬂagello
1181 2706 1539 2778 aegritudinis
1593 2724 1793 2779 corpo-

74 2800 240 2868 ralis,
274 2803 335 2853 et
376 2798 535 2853 ibam
578 2798 651 2853 ad
695 2797 926 2865 inferos,
960 2802 1191 2869 portans
1241 2797 1435 2851 omnia
1483 2796 1632 2850 mala
1668 2813 1796 2867 qua":

72 2888 488 2941 commiseram
516 2892 571 2941 et
593 2886 652 2940 in
692 2890 769 2951 te,
803 2889 859 2940 et
895 2886 953 2939 in
985 2902 1095 2952 me,
1128 2888 1183 2939 et
1213 2884 1271 2938 in
1314 2883 1478 2950 alios,
1508 2884 1687 2938 multa
1742 2887 1799 2937 et

70 2975 297 3046 gravia,
332 2991 509 3046 super
539 2973 832 3046 originalis
861 2972 1077 3044 peccati
1116 2973 1409 3026 vinculum
1442 2988 1554 3042 quo
1597 2987 1797 3025 omnes

75 3064 129 3117 in
167 3064 362 3120 Adam
392 3064 695 3119 morimur.
735 3064 858 3118 Non
888 3063 1039 3116 enim
1072 3062 1392 3133 quidquam
1427 3076 1627 3114 eorum
1656 3059 1798 3113 mihi

72 3152 396 3208 donaveras
428 3152 487 3207 in
516 3151 738 3207 Christo
764 3172 778 3220 ;
811 3168 914 3206 nec
943 3152 1189 3205 solverat
1216 3150 1311 3204 ille
1345 3149 1407 3202 in
1439 3164 1604 3204 cruce
1635 3164 1735 3201 sua
1773 3148 1796 3181 ⁸

74 3241 413 3296 inimicitias
456 3257 598 3309 quas
652 3244 845 3295 tecum
885 3243 1280 3294 contraxeram
1329 3236 1577 3308 peccatis
1631 3235 1793 3289 meis.

73 3329 381 3394 Quomodo
438 3328 590 3383 enim
617 3344 711 3383 eas
762 3329 1007 3382 solveret
1050 3326 1110 3380 in
1148 3341 1313 3381 cruce
1352 3324 1793 3395 phantasmatis,

76 3419 233 3490 quod
266 3419 341 3473 de
361 3418 459 3471 illo
487 3416 845 3471 credideram
864 3418 892 3470 ?
921 3418 1104 3480 Quam
1130 3430 1264 3485 ergo
1294 3414 1439 3469 falsa
1468 3411 1612 3466 mihi
1640 3412 1794 3466 vide-

73 3507 243 3562 batur
274 3522 434 3561 mors
471 3504 658 3559 carnis
688 3506 833 3575 ejus,
866 3508 984 3559 tam
1024 3520 1157 3558 vera
1189 3506 1312 3558 erat
1362 3501 1571 3555 animus
1619 3515 1793 3554 mem:

76 3601 130 3651 et
149 3612 339 3668 quam
369 3611 499 3649 vera
528 3597 649 3649 erat
670 3610 824 3648 mors
844 3592 1029 3647 carnis
1046 3592 1191 3663 ejus,
1222 3595 1344 3645 tam
1376 3590 1532 3644 falsa
1557 3588 1669 3643 vita
1686 3588 1800 3642 ani-

80 3701 188 3739 mus
234 3700 403 3751 mere,
438 3699 566 3754 qua:
604 3682 661 3737 id
689 3699 806 3737 non
835 3681 1121 3742 credebat,
1158 3680 1225 3734 Et
1264 3676 1801 3749 ingravescentibus

82 3772 484 3841 febribusjam
508 3771 662 3825 ibam
693 3776 749 3825 et
770 3770 1049 3840 peribam.
1079 3769 1201 3833 Quo
1224 3766 1566 3832 enimirem,
1598 3765 1645 3819 si
1667 3770 1801 3819 tunc

81 3862 219 3916 hinc
250 3860 495 3927 abirem,
528 3860 637 3912 nisi
668 3859 728 3913 in
758 3858 955 3929 ignem
984 3861 1154 3927 atque
1194 3860 1487 3909 tormenta
1520 3854 1691 3924 digna
1720 3853 1801 3907 fa-

78 3952 181 4005 ctis
216 3948 444 4003 meisin
464 3947 701 4002 veritate
733 3946 953 4001 ordinis
988 3945 1111 3999 tui?
1141 3945 1206 3998 Et
1234 3944 1329 3997 illa
1360 3942 1469 3997 hoc
1496 3942 1800 4008 nesciebat,

83 4044 137 4093 et
152 4044 360 4092 tamen
390 4052 494 4106 pro
519 4052 610 4090 me
635 4034 832 4089 orabat
858 4034 1081 4089 absens.
1106 4033 1187 4086 Tu
1210 4036 1403 4086 autem
1427 4031 1642 4101 ubique
1663 4046 1805 4101 prte-

82 4143 239 4193 sens,
272 4124 379 4181 ubi
410 4128 532 4179 erat
578 4122 917 4177 exaudiebas
950 4137 1111 4190 eam;
1145 4124 1201 4174 et
1253 4119 1350 4175 ubi
1381 4135 1539 4173 eram
1569 4118 1802 4173 misere-

146 4236 161 4268 ί
180 4232 516 4292 Mss.magno
529 4242 792 4277 consensu
812 4227 994 4292 ferunt
1014 4239 1132 4292 :uon
1158 4227 1368 4292 mansti.
1384 4224 1567 4292 Yerior
1584 4224 1805 4273 forsitan

88 4295 244 4343 lectio
263 4296 367 4351 est,
392 4287 495 4353 q'ua
512 4291 676 4339 ﬁlium
694 4295 860 4340 mater
895 4288 1223 4353 signiﬁcatur
1248 4288 1358 4336 suis
1382 4287 1589 4335 ﬂetibus
1605 4300 1665 4335 ac
1695 4300 1806 4349 pre-

90 4358 242 4405 cibus
274 4357 578 4418 prosecuta.

148 4424 168 4453 ι
193 4415 328 4470 Mss.
358 4418 423 4466 ut
450 4429 532 4464 me
550 4415 781 4479 faceres.

146 4471 590 4588 δϐοῗῖιρηέηεὶιῖὁε
613 4480 733 4537 ista,
756 4477 906 4539 iuxta
931 4472 1094 4537 Lugd.
1125 4472 1253 4522 Ven.
1280 4472 1404 4521 Lov.
1431 4471 1627 4521 Somm.
1653 4472 1803 4521 Mart.

150 4557 228 4588 01⁵.
314 4554 383 4588 ΟΠ
429 4576 440 4588 .
533 4574 543 4585 .

95 4541 228 4591 Flor.
262 4541 440 4588 Rond.
476 4541 543 4588 M.

152 4609 172 4639 ι
184 4604 277 4652 Sic
293 4601 620 4649 restituimus
638 4614 700 4649 ex
714 4599 994 4649 veterrimo
1007 4597 1185 4646 codice
1200 4596 1375 4653 Corb.,
1394 4609 1516 4644 nam
1534 4598 1805 4658 peccatum

95 4671 171 4715 est
195 4666 253 4713 in
284 4664 405 4711 aliis
423 4663 683 4725 plerisque
704 4663 825 4711 Mss.
840 4660 1160 4725 quibabent,
1176 4657 1579 4725 argue_bat_ur_in
1604 4670 1664 4707 ea
1680 4657 1807 4725 reli-

128 4731 362 4777 uiarum
383 4719 520 4775 Euan
536 4719 678 4782 Quos
691 4719 984 4786 sequuntur
998 4721 1122 4786 Bad.
1137 4719 1254 4786 Am.
1266 4721 1409 4769 etEr.
1424 4719 1523 4768 Alii
1538 4733 1668 4786 vero
1680 4720 1803 4767 dum

128 4742 362 4777 uiarum
383 4742 420 4774 β
432 4742 520 4775 υἱΓ-
536 4742 678 4782 uuos
691 4742 984 4786 sequuntur
1000 4742 1122 4769 οδω.
1137 4742 1250 4769 Alli.
1266 4742 1409 4769 mur.
1424 4742 1523 4768 mu
1543 4742 1663 4767 veru
1680 4742 1803 4767 υυιυ

96 4742 278 4837 ῗοοιιω
310 4786 668 4852 emaculatum
682 4786 969 4852 __cupiu_n_t,_
992 4784 1338 4852 substituunt,
1369 4794 1481 4852 req,
1516 4795 1627 4843 pro,
1654 4784 1709 4851 in.
1721 4795 1805 4852 ea,

100 4852 218 4899 Mss.
240 4853 387 4898 certe
410 4844 817 4907 refragantibus.
835 4844 1131 4907 Nihildubii
1151 4845 1372 4907 estquin
1392 4844 1621 4906 primum
1662 4844 1808 4907 vitia-

97 4918 178 4961 tus
196 4912 365 4961 fuerit
378 4911 524 4958 locus
539 4905 605 4956 ab
627 4909 691 4957 iis
708 4908 900 4969 quibus
918 4906 1149 4955 insolens
1165 4911 1216 4954 et
1232 4905 1411 4969 ignota
1424 4908 1534 4953 erat
1549 4918 1665 4969 vos,
1680 4905 1807 4953 reli-

97 4966 1431 5045 guiarium.Inqualibrariirursumpeccaruntlibrol
1445 4966 1807 5022 Quaestionum

98 5051 149 5084 in
184 5035 453 5084 Genesim.
479 5036 774 5084 outestxone
804 5033 911 5084 U18.
935 5031 1024 5078 ubi
1049 5029 1255 5077 codices
1273 5041 1503 5076 veriores
1525 5026 1811 5084 praeferunt

98 5042 149 5084 in
184 5042 453 5090 Genesim,
479 5042 774 5096 quaestione
804 5042 911 5085 ωδ.
935 5042 1024 5078 um
1049 5042 1255 5077 conices
1273 5042 1503 5076 veriores
1525 5042 1809 5097 praeierunt

98 5115 122 5143 α
139 5096 380 5146 enutrirc
405 5098 637 5161 vestrum
652 5090 1324 5161 reliquiarium_,j.uxtanL3§X
1341 5090 1678 5161 cgta!e1ps_m:
1701 5102 1809 5161 non

98 5160 479 5221 reliquias,aut
500 5150 952 5221 reliquiarum_ut
976 5150 1509 5221 alii._—Codex_Corb.
1534 5150 1812 5199 roboratur

102 5213 419 5269 auctoritate
450 5213 678 5265 duorum
710 5217 834 5265 Mss.
865 5214 1305 5263 Florentinorum.
1333 5213 1394 5262 Μ.

159 5288 180 5318 5
206 5283 295 5331 Sic
317 5279 602 5343 legendum
619 5292 739 5327 cum
753 5278 874 5343 Mss.
893 5290 1012 5343 cum
1030 5276 1210 5343 Badet
1224 5275 1394 5343 etAr.,
1410 5274 1594 5343 nonut
1606 5271 1810 5343 Amir.

106 5348 157 5392 et
182 5345 329 5399 ιον..
349 5334 408 5391 ﬁt
424 5354 606 5399 carne;
620 5339 825 5388 tametsi
848 5338 947 5386 hoc
966 5337 1156 5385 habeat
1170 5336 1315 5399 locus
1330 5334 1563 5399 Apostoli
1581 5334 1644 5382 ad
1658 5347 1814 5399 quem

100 5395 791 5475 alluditAugustinusNam
809 5395 1407 5475 hicldicereimaluit,ine'c_
1418 5395 1642 5475 spicari!
1652 5395 1817 5475 ξζςε-ἑῖι

101 5480 298 5525 cruce;
329 5457 457 5529 quia
492 5464 573 5512 sui
602 5463 975 5529 recordabatur
1007 5460 1197 5529 erroris
1214 5474 1318 5529 quo
1348 5462 1633 5529 anteacum
1650 5457 1816 5508 Mani-

101 5521 407 5579 chzeis'non
444 5539 675 5584 crucem,
712 5524 800 5573 sed
833 5536 1043 5571 carnem
1075 5521 1263 5571 Christi
1289 5522 1585 5585 negaverat.

476 5606 751 5673 PATROL.
801 5603 1050 5672 XXXII.

1552 278 1759 336 LIBER
1800 278 2123 349 QUINTUS.

3492 299 3595 354 714

1906 407 2058 462 baris
2090 409 2225 476 mei,
2251 414 2314 464 ut
2346 426 2737 481 recuperarem
2768 414 3007 468 salutem
3040 415 3291 485 corporis
3322 418 3455 484 mei,
3496 420 3595 474 ad-

1902 496 2014 551 huc
2036 497 2269 552 insanus
2294 499 2463 553 corde
2495 501 2793 572 sacrilego.
2821 504 3012 574 Neque
3030 504 3182 557 enim
3206 504 3597 560 desiderabam

1901 584 1961 637 in
1984 585 2085 639 illo
2106 590 2263 641 tanto
2288 587 2539 657 periculo
2552 588 2902 659 baptismum
2926 596 3082 645 tuum
3110 609 3123 659 ;
3148 597 3201 645 et
3220 593 3423 647 melior
3444 610 3597 649 eram

1911 690 2074 743 puer,
2109 676 2597 745 quandoillumde
2631 682 2887 732 materna
2913 679 3123 749 pietate
3155 680 3425 752 ﬂagitavi,
3456 683 3601 738 sicut

1896 761 2020 832 jam
2062 764 2388 818 recordatus
2415 769 2585 835 atque
2615 766 2905 819 confessus
2936 784 3081 821 sum.
3113 769 3219 823 Sed
3254 770 3313 823 in
3361 771 3601 826 dedecus

1905 866 2099 905 meum
2143 869 2451 922 creveram,
2505 858 2560 907 et
2598 842 2833 908 consilia
2877 856 3171 910 medicina:
3212 862 3325 911 tute
3367 859 3602 913 demens

1901 937 2233 1008 irridebam,
2277 941 2375 1011 qui
2421 958 2511 995 me
2541 959 2655 997 non
2711 943 2888 997 sivisti
2927 945 3099 998 talem
3146 945 3234 1000 bis
3271 947 3437 1001 mori.
3481 949 3602 1012 Quo

1893 1028 2134 1083 vulnere
2150 1030 2195 1083 si
2208 1030 2473 1084 feriretur
2494 1047 2588 1085 cor
2604 1032 2820 1099 matris,
2837 1049 3130 1104 nunquam
3146 1040 3451 1090 sanaretur.
3478 1038 3603 1090 Non

1902 1116 2057 1171 enim
2088 1117 2225 1171 satis
2257 1118 2495 1189 eloquor
2542 1119 2679 1189 quid
2728 1136 2863 1191 erga
2909 1138 2999 1175 me
3048 1122 3294 1178 habebat
3324 1124 3515 1186 animi,
3550 1128 3606 1179 et

1906 1210 2125 1276 quanto
2158 1207 2372 1277 majore
2426 1206 2807 1262 sollicitudine
2852 1225 2944 1264 me
2998 1211 3349 1280 parturiebat
3378 1212 3601 1285 spiritu,

1906 1310 2080 1365 quam
2106 1310 2276 1348 carne
2314 1298 2639 1364 pepererat.

1980 1386 2061 1438 l7.
2100 1383 2229 1436 Non
2260 1382 2451 1453 itaque
2487 1383 2649 1437 video
2709 1384 2995 1454 quomodo
3030 1390 3341 1451 sanaretur,
3398 1386 3445 1441 si
3478 1405 3605 1442 mea

1905 1469 2029 1523 talis
2057 1470 2154 1524 illa
2172 1487 2325 1523 mors
2345 1470 2856 1525 transverberasset
2878 1471 3088 1526 viscera
3111 1473 3430 1527 dilectionis
3460 1476 3599 1545 ejus.

1905 1559 1970 1612 Et
2002 1557 2105 1612 ubi
2136 1562 2324 1613 essent
2354 1562 2523 1612 tantos
2562 1575 2759 1629 preces
2790 1564 2846 1613 et
2874 1564 2989 1614 tam
3021 1561 3234 1615 crebrae
3274 1561 3393 1615 sine
3431 1562 3603 1616 inter-

1902 1644 2221 1700 missione?
2248 1648 2540 1718 Nusquam
2562 1647 2755 1702 nisiad
2775 1652 2844 1701 te.
2883 1650 2968 1701 An
3003 1665 3133 1702 vero
3164 1652 3244 1716 tu,
3282 1648 3605 1703 Deusmise-

1903 1734 2303 1805 ricordiarum,
2336 1752 2633 1806 sperneres
2663 1752 2761 1790 cor
2808 1736 3115 1791 contritum
3148 1742 3203 1791 et
3239 1736 3604 1791 humiliatum

1902 1823 2085 1877 viduae
2126 1827 2290 1878 castae
2336 1841 2399 1878 ac
2450 1824 2673 1891 sobrize,
2728 1824 3143 1895 frequentantis
3191 1826 3603 1896 eleemosynas,

1905 1910 2271 1982 obsequentis
2300 1916 2468 1979 atque
2492 1912 2788 1967 servientis
2811 1914 3016 1967 sanctis
3038 1913 3171 1979 tuis,
3200 1914 3423 1968 nullum
3454 1914 3602 1968 diem

1906 2001 2395 2072 prietermittentis
2444 2001 2792 2057 oblationem
2847 2002 2914 2055 ad
2947 2002 3122 2055 altare
3168 2007 3369 2072 tuum;
3412 2003 3499 2057 bis
3544 2002 3601 2057 in

1904 2090 2017 2159 die,
2042 2107 2211 2145 mane
2246 2094 2301 2145 et
2330 2107 2586 2162 vespere,
2618 2091 2686 2144 ad
2712 2090 3004 2145 ecclesiam
3036 2095 3195 2143 tuam
3227 2089 3347 2145 sine
3374 2091 3491 2145 ulla
3519 2090 3604 2144 in-

1902 2178 2265 2233 termissione
2301 2178 2603 2246 venientis,
2638 2195 2751 2233 non
2791 2178 2860 2233 ad
2888 2194 3059 2231 vanas
3089 2177 3308 2231 fabulas
3341 2182 3396 2231 et
3426 2178 3603 2231 aniles

1901 2265 2297 2338 loquacitates,
2332 2266 2429 2321 sed
2460 2270 2523 2320 ut
2561 2272 2616 2320 te
2648 2266 2871 2321 audiret
2900 2265 2959 2319 in
2986 2265 3099 2320 tuis
3129 2265 3507 2333 sermonibus,
3547 2271 3605 2320 et

1901 2359 1964 2410 tu
1994 2355 2150 2411 illam
2179 2355 2237 2408 in
2262 2354 2377 2408 suis
2395 2354 2765 2409 orationibus.
2793 2353 3043 2423 Hujusne
3066 2356 3127 2407 tu
3148 2354 3444 2423 lacrymas,
3474 2354 3601 2425 qui-

1901 2444 2004 2499 bus
2036 2461 2155 2498 non
2176 2461 2204 2497 a
2236 2448 2291 2498 te
2323 2460 2527 2498 aurum
2559 2447 2616 2497 et
2637 2446 2935 2513 argentum
2966 2441 3213 2513 petebat,
3246 2458 3347 2495 nec
3371 2442 3602 2512 aliquod

1902 2534 2159 2589 nutabile
2192 2538 2291 2588 aut
2320 2533 2568 2588 volubile
2600 2532 2837 2599 bonum,
2870 2532 2966 2587 sed
2994 2534 3234 2587 salutem
3265 2532 3472 2587 anima:
3496 2532 3600 2588 filii

1900 2623 2025 2689 sui;
2058 2628 2121 2677 tu
2152 2624 2313 2694 cujus
2336 2638 2574 2676 munere
2604 2621 2730 2675 talis
2745 2624 2880 2685 erat,
2918 2626 3310 2675 contemneres
3341 2627 3397 2676 et
3415 2622 3599 2693 repel-

1900 2711 2047 2765 leres
2073 2711 2145 2765 ab
2177 2710 2389 2764 auxilio
2424 2714 2521 2763 tuo
2542 2709 2569 2761 ‘l
2598 2710 2990 2780 Nequaquam,
3024 2708 3284 2763 Domine.
3314 2711 3435 2763 Imo
3466 2726 3599 2764 vero

1902 2800 2125 2869 aderas,
2157 2802 2214 2853 et
2243 2797 2603 2863 exaudiebas,
2637 2802 2692 2851 et
2722 2796 2964 2851 faciebas
2995 2796 3193 2851 ordine
3232 2813 3345 2867 quo
3375 2799 3597 2868 prcede-

1904 2888 2218 2943 stinaveras
2246 2903 2364 2940 esse
2394 2885 2735 2939 faciendum.
2760 2884 2922 2939 Absit
2946 2889 3009 2939 ut
3038 2888 3098 2939 tu
3130 2885 3354 2939 falleres
3382 2902 3506 2939 eam
3537 2886 3597 2941 in

1904 2976 2019 3031 illis
2048 2975 2361 3029 visionibus
2390 2979 2447 3028 et
2476 2973 2760 3043 responsis
2789 2974 2922 3040 tuis,
2955 2990 3082 3045 qua:
3093 2974 3216 3044 jam
3248 2990 3597 3029 commemo-

1906 3064 2049 3126 ravi.
2084 3068 2139 3118 et
2167 3080 2297 3135 quze
2322 3079 2439 3118 non
2462 3062 2921 3129 commemoravi,
2938 3078 3065 3133 quae
3084 3062 3180 3116 illa
3200 3062 3351 3117 fideli
3370 3067 3597 3134 pectore

1904 3153 2171 3220 tenebat;
2200 3156 2257 3205 et
2286 3167 2512 3221 semper
2555 3167 2741 3213 orans,
2776 3154 3051 3221 tanquam
3093 3150 3474 3222 chirographa
3500 3155 3599 3207 tua

1905 3241 2205 3312 ingerebat
2230 3240 2354 3294 tibi.
2387 3238 2653 3310 Dignaris
2682 3240 2856 3306 enim,
2903 3238 3178 3309 quoniam
3223 3240 3284 3293 in
3328 3242 3598 3295 saeculum

1904 3329 2296 3385 misericordia
2348 3332 2462 3389 tua,
2504 3327 2583 3381 eis
2624 3327 2835 3399 quibus
2881 3326 3077 3381 omnia
3107 3327 3303 3383 debita
3335 3328 3597 3392 dimittis,

1908 3419 2079 3474 etiam
2097 3416 2577 3489 promissionibus
2604 3415 2717 3469 tuis
2747 3414 2970 3469 debitor
2991 3414 3136 3470 ﬂeri.

2603 3504 2825 3559 CAPUT
2854 3504 2915 3556 Χ.

2052 3598 2275 3650 Errores
2318 3598 2445 3649 ante
2473 3596 2774 3661 susceptam
2804 3592 3092 3657 Evangelii
3134 3590 3456 3648 doctrinam.

1982 3685 2067 3739 18.
2102 3681 2387 3737 Recreasti
2435 3696 2571 3751 ergo
2615 3695 2707 3733 me
2755 3678 2825 3733 ab
2855 3678 2952 3733 illa
2995 3678 3353 3750 azgritudine,
3404 3685 3461 3736 et
3489 3681 3595 3735 sal-

1909 3789 2040 3826 vum
2064 3770 2243 3826 fecisti
2263 3770 2444 3823 tilium
2466 3768 2685 3823 ancillae
2706 3771 2839 3834 tuae,
2863 3771 2997 3822 tunc
3017 3767 3246 3822 interim
3266 3785 3521 3841 corpore,
3537 3776 3598 3824 ut

1910 3864 2056 3915 esset
2084 3858 2174 3913 cui
2199 3860 2440 3913 salutem
2468 3857 2768 3912 meliorem
2799 3861 2969 3928 atque
2998 3856 3297 3912 certiorem
3320 3859 3499 3913 dares.
3536 3861 3601 3913 Et

1904 3948 2190 4020 jungebar
2214 3946 2385 4001 etiam
2406 3951 2539 4000 tunc
2561 3947 2757 3999 Romae
2780 3944 2934 3998 falsis
2955 3944 3064 3998 illis
3085 3950 3254 4017 atque
3273 3946 3601 4003 fallentibus

1911 4037 2145 4092 sanctis:
2172 4052 2283 4090 non
2300 4036 2454 4090 enim
2475 4038 2699 4089 tantum
2723 4033 3078 4089 auditoribus
3102 4051 3321 4102 eorum,
3352 4052 3600 4107 quorum

1911 4144 1940 4183 e
1971 4142 2212 4181 numero
2254 4128 2376 4179 erat
2422 4123 2591 4177 etiam
2622 4123 2669 4177 is
2698 4123 2759 4177 in
2789 4123 2948 4193 cujus
2976 4123 3144 4178 domo
3194 4128 3601 4194 aegrotaveram

1912 4221 1970 4270 et
2005 4214 2431 4279 convalueram;
2482 4212 2581 4265 sed
2611 4211 2692 4264 eis
2735 4210 2907 4266 etiam
2958 4228 3101 4283 quos
3144 4212 3349 4266 electos
3379 4217 3600 4281 vocant,

1913 4304 2101 4359 adhuc
2130 4300 2286 4355 enim
2316 4299 2460 4355 mihi
2486 4298 2785 4353 videbatur
2827 4314 2943 4353 non
2993 4315 3112 4353 esse
3140 4315 3241 4353 nos
3272 4299 3372 4369 qui
3398 4316 3599 4370 pecca-

1914 4405 2060 4456 mus,
2093 4388 2190 4442 sed
2223 4387 2410 4441 nescio
2459 4402 2634 4457 quam
2676 4386 2847 4441 aliam
2873 4387 2932 4441 in
2962 4387 3129 4441 nobis
3158 4402 3390 4457 peccare
3431 4391 3599 4441 natu-

1912 4490 2066 4546 ram;
2096 4480 2152 4531 et
2198 4476 2512 4531 delectabat
2558 4474 2886 4546 superbiam
2936 4491 3122 4529 meam
3174 4479 3332 4528 extra
3375 4476 3601 4546 culpam

1914 4582 2067 4633 esse;
2100 4568 2155 4619 et
2183 4580 2314 4618 cum
2344 4564 2556 4635 aliquid
2578 4563 2714 4618 mali
2742 4564 3018 4630 fecissem,
3067 4578 3184 4616 non
3223 4563 3479 4618 confiteri
3510 4582 3601 4620 me

1913 4655 2126 4716 fecisse,
2157 4656 2219 4707 ut
2249 4670 2477 4707 sanares
2513 4653 2764 4707 animam
2796 4667 3002 4717 meam,
3036 4650 3307 4721 quoniam
3338 4654 3605 4723 peccabat

1913 4744 2047 4809 tibi;
2091 4742 2189 4796 sed
2220 4758 2486 4796 excusare
2515 4757 2639 4795 eam
2670 4737 2979 4806 amabam',
3012 4743 3068 4793 et
3111 4755 3373 4795 accusare
3411 4742 3603 4797 nescio

1914 4831 2055 4903 quid
2084 4830 2257 4898 aliud,
2285 4830 2441 4901 quod
2470 4845 2693 4883 mecum
2713 4831 2876 4893 esset,
2909 4831 2966 4881 et
2994 4842 3098 4897 ego
3124 4843 3241 4881 non
3270 4845 3471 4886 essem.
3503 4833 3607 4887 Ve-

1916 4936 2044 4974 rum
2077 4922 2269 4973 autem
2300 4923 2480 4973 totum
2512 4932 2617 4987 ego
2661 4931 2838 4981 eram,
2873 4918 2928 4969 et
2955 4914 3257 4970 adversum
3286 4933 3376 4972 me
3401 4918 3603 4991 impie-

1917 5012 2001 5063 tas
2044 5022 2172 5060 mea
2218 5022 2309 5059 me
2342 5004 2632 5059 diviserat:
2668 5006 2723 5056 et
2756 5002 2813 5056 id
2846 5006 2967 5055 erat
2994 5008 3289 5074 peccatum
3319 5006 3604 5061 insanabi-

1915 5095 2046 5161 lius,
2078 5110 2191 5165 quo
2231 5109 2321 5147 me
2351 5096 2703 5163 peccatorem
2730 5107 2847 5145 non
2871 5108 2991 5146 esse
3022 5092 3362 5161 arbitrabar;
3388 5100 3607 5149 etexse-

1918 5182 2143 5239 crabilis
2156 5180 2425 5252 iniquitas
2440 5184 2514 5247 te,
2542 5181 2689 5234 Deus
2716 5178 3098 5249 omnipotens,
3120 5184 3174 5234 te
3190 5180 3250 5235 in
3271 5181 3474 5236 me’ad
3488 5198 3611 5253 per.

1985 5274 1996 5305 ι
2015 5268 2290 5319 ltavetusti
2304 5267 2431 5315 Cdd.
2446 5267 2535 5315 ubi
2550 5268 2743 5315 Lovan.
2758 5266 2973 5316 habent:
2992 5270 3211 5318 Peccavi
3224 5268 3333 5327 (ibi;
3347 5269 3435 5318 sed
3447 5284 3612 5321 excu-

1920 5346 2037 5382 sare
2054 5330 2407 5381 meamabam.
2424 5355 2481 5364 —
2498 5329 3122 5391 Peccabam.juxtaSom.
3140 5330 3288 5379 Mart.
3304 5332 3608 5383 etltond.M.

1985 5398 2005 5428 3
2027 5394 2154 5441 Lov.
2188 5396 2239 5439 et
2267 5391 2497 5453 antiquae
2523 5391 2779 5439 editiones
2801 5400 2850 5440 Ie
2870 5403 2906 5440 α
2935 5405 3036 5441 me.
3059 5391 3244 5439 Melius
3269 5405 3390 5440 vero
3411 5393 3530 5442 Mss.
3561 5400 3613 5444 et

1924 5455 2137 5517 Arn.,te
2152 5456 2211 5517 in
2232 5466 2330 5517 me,
2345 5452 2497 5514 juxta
2508 5453 3175 5517 Manichteorumerrorem,
3194 5452 3283 5513 qui
3304 5454 3394 5517 Dei
3415 5457 3610 5517 portio-

1928 5530 2046 5567 nem
2070 5516 2125 5565 iu
2152 5514 2361 5565 homine
2388 5528 2507 5565 cum
2539 5520 2727 5566 natura
2753 5515 2876 5565 mali
2896 5514 3195 5577 depugnare
3219 5514 3517 5567 credebant.

2793 5599 2815 5677 (
2834 5592 3263 5680 Vingt-trois.)
