4058 6174
504 262 606 315 715

499 404 707 460 niciem
728 418 938 470 meam,
963 417 1138 475 quam
1154 416 1281 456 mea
1295 403 1346 456 te
1369 401 1440 456 ad
1459 401 1701 456 salutem
1718 401 1886 456 malle
1899 403 2160 474 superari
2179 443 2196 472 ,

500 493 767 548 Nondum
799 509 935 563 ergo
965 507 1235 562 posueras
1257 491 1570 546 custodiam
1601 490 1688 544 ori
1718 507 1869 555 meo,
1901 496 1957 546 et
1983 492 2194 547 ostium

501 582 864 638 continentiae
892 582 1106 637 circum
1134 581 1285 634 labia
1314 596 1460 643 mea,
1505 585 1568 633 ut
1599 597 1712 634 non
1750 580 2061 634 declinaret
2100 598 2196 635 cor

499 687 696 726 meum
724 670 786 725 in
813 671 985 725 verba
1013 670 1282 739 maligna,
1306 670 1376 722 ad
1415 669 1766 723 excusandas
1795 669 2194 724 excusationes

498 755 558 810 in
571 756 810 828 peccatis
827 773 957 811 cum
977 756 1307 811 hominibus
1329 757 1698 826 operantibus
1722 757 2115 828 iniquitatem;
2140 761 2196 811 et

497 844 625 900 ideo
653 846 837 900 adhuc
886 844 1284 902 combinabam
1337 861 1468 899 cum
1507 845 1697 900 electis
1751 847 1998 901 eorum1
2043 847 2191 901 Psal.

499 935 689 1001 cx1,'3,
720 933 795 1004 4).

571 1024 656 1076 l9.
688 1021 798 1076 Sed
823 1024 1017 1076 tamen
1041 1020 1160 1092 jam
1192 1021 1502 1092 desperans
1547 1021 1609 1077 in
1638 1039 1704 1077 ea
1749 1023 1890 1078 falsa
1935 1022 2197 1078 doctrina

493 1122 588 1164 me
614 1125 779 1179 posse
799 1109 1074 1180 proﬁcere
1100 1129 1114 1176 ;
1136 1125 1315 1181 eaque
1345 1111 1468 1181 ipsa
1495 1110 1702 1181 quibus
1745 1110 1792 1164 si
1822 1109 1963 1164 nihil
1992 1111 2196 1165 melius

493 1197 831 1268 reperirem,
863 1203 1163 1252 contentus
1186 1213 1308 1254 esse
1334 1200 1716 1266 decreveram,
1751 1199 1870 1270 jam
1901 1199 2195 1254 remissius

493 1285 998 1357 negligentiusque
1027 1287 1365 1342 retinebam.
1400 1286 1622 1341 Etenim
1644 1288 1877 1341 suborta
1907 1292 1991 1342 est
2021 1287 2194 1342 etiam

493 1374 636 1428 mihi
665 1374 954 1445 cogitatio,
982 1375 1380 1446 prudentiores
1405 1376 1625 1430 caeteris
1653 1375 1826 1430 fuisse
1857 1375 1986 1430 illos
2012 1377 2196 1447 philo-

494 1463 725 1534 sophos,
751 1479 892 1535 quos
913 1463 1281 1518 Academicos
1310 1464 1623 1535 appellant,
1653 1464 1808 1535 quod
1829 1464 1898 1519 de
1928 1465 2194 1520 omnibus

495 1550 876 1605 dubitandum
906 1566 1027 1606 esse
1057 1555 1416 1620 censuerant,
1450 1567 1554 1606 nec
1583 1552 1801 1623 aliquid
1833 1552 1949 1606 veri
1979 1553 2048 1608 ab
2086 1553 2192 1608 ho-

495 1639 652 1694 mine
697 1638 1106 1710 comprehendi
1153 1656 1321 1710 posse
1375 1640 1762 1695 decreverant.
1821 1642 1904 1694 Ita
1954 1640 2110 1695 enim
2137 1646 2194 1696 et

493 1726 639 1782 mihi
669 1725 889 1798 liquido
921 1726 1163 1782 sensisse
1189 1727 1550 1795 videbantur,
1579 1732 1644 1783 ut
1681 1729 1852 1798 vulgo
1885 1729 2190 1799 habentur,

493 1815 668 1870 etiam
711 1815 946 1870 illorum
977 1815 1357 1870 intentionem
1386 1817 1641 1871 nondum
1672 1816 2038 1886 intelligenti.
2081 1819 2192 1872 Nec

492 1903 842 1959 dissimulavi
897 1904 1164 1959 eumdem
1184 1904 1471 1976 hospitem
1501 1920 1695 1958 meum
1719 1904 2033 1975 reprimere
2054 1922 2085 1959 a
2106 1905 2192 1960 ni-

491 1994 609 2050 mia
635 1994 863 2062 ﬁducia,
899 2011 1072 2067 quam
1097 1995 1249 2049 sensi
1279 2011 1412 2050 eum
1433 1995 1643 2050 habere
1674 1995 1742 2050 de
1773 1995 1941 2049 rebus
1971 1995 2189 2051 fabulo-

492 2081 587 2149 sis,
620 2082 827 2152 quibus
857 2081 1160 2136 manichaei
1188 2083 1321 2138 libri
1348 2084 1506 2154 pleni
1527 2087 1680 2138 sunt.
1711 2083 1974 2138 Amicitia
1999 2089 2189 2139 tamen

491 2185 692 2224 eorum
709 2169 1044 2226 familiarius
1063 2170 1281 2235 utebar,
1312 2187 1487 2242 quam
1526 2177 1865 2226 caeterorum
1887 2172 2191 2228 hominum

492 2256 594 2327 qui
621 2256 682 2310 in
702 2257 800 2312 illa
826 2259 1031 2312 haeresi
1059 2275 1177 2313 non
1203 2259 1460 2314 fuissent.
1515 2261 1627 2314 Nec
1657 2276 1782 2314 eam
1814 2261 2189 2316 defendebam

490 2344 736 2417 pristina
779 2346 1138 2402 animositate
1167 2365 1180 2414 ;
1224 2348 1323 2402 sed
1353 2352 1546 2402 tamen
1584 2348 1943 2403 familiaritas
1969 2364 2186 2417 eorum,

490 2432 688 2503 plures
715 2433 871 2488 enim
901 2450 995 2488 eos
1029 2436 1211 2490 Roma
1256 2436 1520 2505 occultat,
1549 2435 1770 2506 pigrius
1820 2453 1908 2490 me
1949 2437 2192 2491 faciebat

491 2520 650 2576 aliud
693 2538 985 2594 quaerere;
1034 2525 1351 2594 praesertim
1397 2524 1797 2595 desperantem
1839 2525 1898 2578 in
1948 2525 2191 2580 Ecclesia

488 2614 611 2677 tua,
645 2611 883 2666 Domine
908 2613 1034 2666 coeli
1056 2616 1112 2667 et
1140 2617 1327 2680 terrae,
1352 2619 1576 2668 creator
1593 2613 1852 2667 omnium
1877 2612 2188 2668 visibilium

490 2700 548 2751 et
574 2696 967 2768 invisibilium,
998 2715 1163 2769 posse
1199 2698 1445 2753 inveniri
1492 2716 1712 2762 verum,
1760 2700 1911 2754 unde
1955 2715 2048 2754 me
2103 2691 2190 2754 illi

489 2789 812 2840 averterant
833 2802 847 2841 :
874 2783 1235 2859 multumque
1261 2787 1402 2842 mihi
1429 2793 1596 2860 turpe
1621 2788 1940 2853 videbatur,
1961 2788 2188 2842 credere

487 2872 734 2943 ﬁguram
762 2877 816 2928 te
846 2874 1056 2930 habere
1101 2875 1370 2930 humana:
1422 2877 1628 2943 carnis,
1690 2880 1746 2931 et
1793 2877 2189 2931 membrorum

486 2964 816 3016 nostrorum
836 2962 1195 3018 lineamentis
1212 2964 1604 3035 corporalibus
1622 2963 1941 3018 terminari.
1968 2965 2031 3018 Et
2051 2980 2188 3034 quo-

489 3046 647 3102 niam
677 3065 808 3104 cum
839 3050 908 3104 de
939 3051 1053 3104 Deo
1082 3067 1212 3106 meo
1241 3051 1493 3122 cogitare
1541 3052 1764 3117 vellem,
1798 3050 2047 3121 cogitare
2079 3049 2188 3104 nisi

489 3137 671 3190 moles
702 3153 1005 3208 corporum
1031 3155 1146 3193 non
1168 3155 1462 3208 noveram,
1495 3155 1681 3211 neque
1703 3139 1858 3193 enim
1890 3139 2190 3194 videbatur

493 3224 638 3278 mihi
668 3241 788 3279 esse
806 3225 1121 3298 quidquam
1144 3227 1299 3298 quod
1328 3229 1439 3282 tale
1471 3244 1582 3282 non
1615 3231 1778 3294 esset,
1829 3244 1896 3282 ea
1937 3227 2188 3283 maxima

493 3315 551 3368 et
577 3329 760 3384 prope
790 3315 913 3369 sola
940 3331 1108 3370 causa
1130 3320 1254 3370 erat
1279 3315 1621 3370 inevitabilis
1651 3315 1860 3370 erroris
1883 3315 2017 3373 mei.

561 3404 650 3458 20.
683 3402 824 3457 llinc
841 3402 996 3458 enim
1027 3407 1084 3458 et
1096 3403 1230 3457 mali
1259 3404 1632 3459 substantiam
1651 3404 1962 3475 quamdam
1992 3405 2187 3460 crede-

415 3542 419 3546 .
490 3489 624 3545 bam
653 3505 774 3544 esse
804 3491 996 3559 talem,
1027 3494 1084 3545 et
1125 3491 1336 3545 habere
1393 3508 1556 3546 suam
1613 3493 1829 3547 molem
1879 3496 2088 3546 tetram
2131 3496 2188 3546 et

490 3577 848 3646 deformem;
882 3578 996 3634 sive
1026 3595 1294 3647 crassam,
1326 3596 1499 3651 quam
1525 3586 1736 3634 terram
1766 3580 2048 3648 dicebant,
2071 3579 2186 3635 sive

489 3671 724 3721 tenuem
754 3670 923 3738 atque
952 3667 1239 3737 subtilem,
1279 3668 1525 3723 sicutest
1552 3669 1696 3723 aeris
1726 3685 1931 3739 corpus
1956 3685 1969 3735 ;
2011 3685 2184 3739 quam

489 3754 804 3824 malignam
848 3759 1100 3810 mentem
1132 3773 1237 3827 per
1263 3756 1422 3811 illam
1459 3762 1670 3812 terram
1717 3761 2012 3828 repentem
2043 3758 2185 3811 ima-

490 3841 782 3913 ginantur.
833 3843 900 3896 Et.
962 3843 1097 3913 quia
1153 3845 1335 3899 Deum
1389 3845 1607 3899 bonum
1656 3845 1876 3898 nullam
1919 3850 2186 3900 naturam

489 3945 730 3999 creasse,
781 3929 1210 4002 qualiscumque
1262 3933 1444 4002 pietas
1503 3949 1593 3987 me
1637 3934 1864 3988 credere
1910 3934 2182 4005 cogebat;

489 4017 909 4072 constituebam
938 4035 1004 4073 ex
1026 4020 1264 4074 adverso
1299 4021 1407 4075 sibi
1454 4021 1594 4076 duas
1632 4023 1833 4084 moles,
1882 4027 2186 4094 utramque

487 4105 793 4173 inﬁnitam,
822 4107 921 4161 sed
950 4108 1161 4162 malam
1202 4109 1519 4180 angustius,
1551 4111 1762 4164 bonam
1793 4110 2085 4181 grandius.
2123 4113 2187 4166 Et

487 4210 557 4248 ex
580 4195 690 4249 hoc
716 4194 882 4249 initio
908 4189 1299 4266 pestilentioso
1323 4214 1414 4252 me
1442 4203 1644 4253 caetera
1670 4200 1968 4270 sacrilegia
1986 4215 2186 4271 seque—

485 4281 716 4336 bantur.
753 4283 894 4337 Cum
920 4284 1076 4338 enim
1115 4291 1416 4341 conaretur
1440 4288 1667 4343 animus
1700 4304 1861 4344 meus
1891 4304 2184 4344 recurrere

485 4369 551 4425 in
605 4372 941 4426 catholicam
997 4372 1191 4441 ﬁdem,
1236 4377 1682 4446 repercutiebar,
1728 4377 1865 4449 quia
1905 4395 2021 4433 non
2063 4384 2186 4433 erat

487 4459 761 4514 catholica
793 4461 935 4516 ﬁdes
963 4478 1137 4534 quam
1191 4479 1310 4516 esse
1338 4465 1672 4520 arbitrabar.
1725 4468 1791 4521 Et
1829 4467 2014 4538 magis
2055 4467 2183 4540 pius

485 4547 632 4602 mihi
661 4547 910 4618 videbar,
939 4551 984 4604 si
1016 4555 1091 4615 te,
1125 4553 1272 4606 Deus
1303 4568 1483 4620 meus,
1514 4553 1605 4607 cui
1624 4555 1967 4610 conﬁtentur
1993 4573 2059 4610 ex
2090 4574 2182 4611 me

485 4635 878 4694 miserationes
920 4643 1058 4710 tuae,
1104 4641 1193 4696 vel
1238 4657 1306 4696 ex
1347 4642 1565 4696 caeteris
1598 4643 1856 4713 partibus
1884 4642 2181 4699 inﬁnitum

487 4723 796 4792 crederem,
829 4728 1086 4797 quamvis
1115 4745 1183 4783 ex
1210 4745 1328 4784 una
1354 4745 1467 4800 qua
1495 4729 1600 4784 tibi
1642 4731 1817 4784 moles
1847 4732 1982 4786 mali
2007 4749 2183 4804 oppo-

486 4810 752 4882 nebatur,
781 4828 1014 4885 cogerer
1041 4816 1271 4872 ﬁnitum
1308 4817 1496 4886 fateri,
1539 4834 1711 4890 quam
1742 4819 1789 4872 si
1819 4836 1882 4874 ex
1913 4821 2180 4876 omnibus

484 4897 743 4970 partibus
771 4900 830 4955 in
859 4905 1115 4973 corporis
1142 4906 1382 4962 humani
1406 4907 1590 4962 forma
1621 4912 1673 4962 te
1704 4907 1972 4978 opinarer
2000 4909 2174 4966 ﬁniri.

487 4988 555 5043 Et
602 4987 804 5042 melius
843 4989 986 5044 mihi
1036 4992 1270 5048 videbar
1317 4995 1546 5051 credere
1590 4997 1812 5051 nullum
1860 4998 2076 5052 malum
2123 5003 2179 5054 te

485 5091 740 5142 creasse;
773 5077 924 5148 quod
957 5077 1101 5134 mihi
1139 5081 1410 5138 nescienti
1442 5100 1562 5139 non
1604 5085 1791 5139 solum
1823 5085 2016 5157 aliqua
2045 5087 2178 5142 sub-

485 5163 710 5231 stantia,
735 5165 835 5219 sed
857 5165 1029 5220 etiam
1050 5184 1324 5238 corporea
1355 5171 1672 5240 videbatur,
1697 5173 1831 5244 quia
1854 5179 1909 5229 et
1925 5179 2176 5231 mentem

547 5251 867 5323 *“Alluditad
889 5253 1205 5323 versiculum
1229 5258 1403 5323 4Psal.
1434 5262 1539 5323 140.
1557 5261 1860 5323 etseqnitur
1884 5261 1969 5311 hic
1984 5267 2034 5312 et
2048 5263 2177 5312 alias

484 5313 763 5382 lectionem
780 5316 1060 5382 quamdam
1075 5318 1220 5378 LXX,
1235 5334 1353 5382 qua)
1370 5320 1546 5381 habet,
1564 5313 1838 5382 suaehaso,
1855 5325 2172 5374 combinabo:

521 5380 800 5440 uapropter
809 5378 1086 5444 scribimus
1101 5393 1221 5428 cum
1234 5378 1619 5444 antiquioribus
1631 5378 1898 5434 codicibus
1909 5387 2178 5438 combina-

515 5449 602 5512 ατη
625 5451 723 5512 pro
757 5453 861 5502 quo
895 5440 947 5488 in
989 5440 1109 5512 aliis
1134 5445 1228 5512 est,
1266 5440 1630 5508 con'vivebam,
1665 5451 1757 5498 aut
1789 5448 2174 5512 eombzbebum,

484 5500 810 5560 conrtvabai'.
845 5500 1314 5556 communicabam.

1685 258 2224 318 CONFESSIONUM
2265 259 2321 318 S.
2373 261 2518 321 AUG
2533 263 2767 322 USTINI
2777 307 2786 318 .
3835 284 3914 334 7m

2309 387 2556 459 cogitare
2601 404 2716 442 non
2747 403 3038 458 noveram,
3071 386 3180 442 nisi
3209 403 3338 444 eam
3369 391 3561 448 subtile
3601 410 3780 468 corpus
3814 417 3920 473 eSSe,

2306 477 2461 549 quod
2510 482 2703 532 tamen
2752 493 2853 548 per
2901 477 3007 531 loci
3065 478 3249 548 spatia
3295 479 3921 560 ditl‘underetur‘;quam

2305 566 2533 620 credere
2567 567 2664 620 abs
2694 570 2748 619 te
2777 582 2896 620 esse
2941 567 3172 636 qualem
3211 568 3478 637 putabam
3525 578 3760 630 naturam
3799 580 3917 634 mali.

2305 655 2497 725 Ipsum
2517 670 2747 726 quoque
2767 655 3114 709 Salvatorem
3140 660 3397 710 nostrum
3422 658 3758 729 unigenitum
3778 669 3920 732 tuum,

2305 747 2579 814 tanquam
2613 743 2682 797 de
2712 759 2894 796 massa
2925 743 3289 798 lucidissima:
3323 746 3482 800 molis
3509 751 3612 802 tuae
3659 758 3922 822 porrectum

2305 833 2376 886 ad
2405 836 2655 895 nostram
2686 833 2947 897 salutem,
2979 833 3057 886 ita
3081 833 3374 903 putabam,
3392 840 3452 890 ut
3472 837 3613 892 aliud
3641 839 3702 894 de
3727 840 3810 895 illo
3837 859 3919 897 non

2307 921 2617 990 crederem,
2641 921 2750 975 nisi
2765 921 2917 992 quod
2941 938 3166 992 possem
3184 924 3428 978 vanitate
3455 928 3753 998 imaginari.
3780 932 3922 986 Talem

2304 1010 2496 1081 itaque
2532 1014 2789 1063 naturam
2823 1014 2944 1078 ejus
2976 1010 3131 1064 nasci
3163 1027 3277 1064 non
3309 1029 3470 1082 posse
3491 1015 3556 1068 de
3579 1015 3733 1069 Maria
3759 1018 3923 1088 virgine

2305 1097 2642 1164 arbitrabar,
2675 1097 2783 1151 nisi
2813 1097 2970 1151 carni
3001 1105 3457 1154 concernerctur.
3501 1102 3754 1158 Concerni
3781 1112 3923 1160 autem

2307 1189 2364 1239 et
2391 1201 2506 1239 non
2527 1184 2818 1257 inquinari
2841 1202 2955 1240 non
2979 1185 3260 1254 videbam,
3294 1189 3448 1258 quod
3479 1190 3612 1244 mihi
3638 1193 3737 1244 tale
3765 1193 3921 1263 ﬁgura-

2305 1273 2455 1329 bam.
2499 1275 2816 1329 Metuebam
2847 1275 3038 1346 itaque
3068 1275 3297 1329 credere
3338 1277 3399 1330 in
3445 1294 3605 1332 carne
3647 1283 3837 1345 natum,
3875 1299 3922 1336 ne

2304 1363 2534 1418 credere
2565 1379 2796 1433 cogerer
2824 1379 2892 1418 ex
2914 1379 3080 1417 carne
3111 1363 3500 1436 inquinatum.
3536 1367 3684 1422 Nunc
3710 1369 3921 1439 spiritua-

2305 1452 2385 1506 les
2409 1451 2492 1505 tui
2522 1452 2728 1506 blande
2759 1456 2816 1506 et
2845 1457 3101 1507 amanter
3131 1453 3399 1508 ridebunt
3424 1472 3532 1522 me,
3572 1456 3616 1509 si
3645 1458 3733 1510 has
3758 1458 3922 1512 confes-

2304 1539 2490 1595 siones
2518 1557 2674 1595 meas
2696 1540 2940 1612 legerint
2963 1557 2975 1595 :
3004 1541 3098 1596 sed
3131 1547 3325 1597 tamen
3351 1543 3479 1598 talis
3507 1561 3675 1600 eram.

2983 1632 3210 1687 CAPUT
3240 1633 3329 1686 ΧΙ.

2418 1708 2422 1712 ’
2447 1717 2694 1783 Qualiter
2720 1719 3064 1787 Augustinus
3093 1721 3378 1776 contulerit
3410 1737 3528 1776 cum
3562 1722 3822 1777 catholicis.

2372 1808 2461 1861 2t.
2497 1806 2708 1860 Deinde
2752 1823 2881 1878 quae
2908 1807 2990 1861 illi
3028 1807 3088 1862 in
3127 1808 3438 1880 Scripturis
3477 1810 3584 1864 tuis
3614 1810 3920 1881 reprehende-

2300 1899 2430 1949 rant
2456 1897 2495 1958 ²,
2524 1895 2751 1951 defendi
2768 1913 2928 1966 posse
2951 1914 3067 1952 non
3080 1897 3478 1953 existimabam
3505 1915 3518 1953 :
3554 1899 3643 1953 sed
3671 1899 3916 1970 aliquando

2302 2000 2436 2039 sane
2465 1985 2765 2055 cupiebam
2796 2002 2925 2039 cum
2953 1987 3144 2058 aliquo
3191 1987 3430 2042 illorum
3471 1989 3735 2043 librorum
3769 1987 3922 2041 doctis-

2302 2073 2448 2128 simo
2477 2075 2734 2128 conferre
2762 2075 3003 2145 singula,
3037 2081 3093 2130 et
3123 2077 3372 2147 experiri
3405 2077 3542 2149 quid
3579 2077 3701 2132 inde
3725 2077 3920 2131 sentiret.

2298 2163 2423 2217 Jam
2453 2163 2609 2217 enim
2640 2163 2885 2233 llclpidii
2915 2164 3212 2235 cujusdam
3241 2166 3510 2220 adversus
3540 2166 3750 2220 eosdem
3794 2163 3922 2219 Mani-

2303 2252 2489 2305 chceos
2521 2268 2713 2306 coram
2738 2252 3023 2323 loquentis
3045 2259 3102 2308 et
3128 2254 3463 2309 disserentis
3484 2271 3771 2320 sermones,
3798 2252 3922 2306 etiam

2300 2339 2451 2409 apud
2482 2339 2882 2410 Carthaginem
2916 2356 3142 2396 movere
3177 2358 3267 2396 me
3286 2347 3596 2413 coeperant,
3625 2341 3863 2396 cumtalia
3877 2338 3922 2390 dc

2301 2425 2604 2496 Scripturis
2633 2428 2933 2497 proferret,
2983 2430 3190 2500 quibus
3223 2429 3414 2484 resisti
3438 2431 3598 2484 facile
3637 2445 3742 2483 non
3767 2428 3922 2499 posset,

2301 2518 2359 2568 et
2394 2514 2681 2570 imbecilla
2711 2516 2854 2570 mihi
2885 2517 3182 2586 responsio
3205 2517 3511 2576 videbatur
3534 2517 3771 2572 istorum.
3792 2516 3923 2578 Quam

2299 2602 2528 2674 quidem
2554 2620 2669 2657 non
2699 2605 2861 2658 facile
2884 2605 3072 2675 palam
3099 2606 3468 2676 premebant,
3502 2606 3596 2660 sed
3625 2605 3768 2659 nobis
3792 2615 3925 2656 secre-

2299 2691 2433 2758 tius,
2465 2707 2594 2746 cum
2618 2693 2871 2747 dicerent
2901 2694 3212 2764 scripturas
3238 2695 3384 2750 Novi
3402 2693 3735 2749 Testamenti
3757 2691 3927 2746 falsatas

2297 2782 2470 2836 fuisse
2504 2799 2536 2836 a
2564 2783 2754 2837 nescio
2782 2783 3009 2854 quibus,
3043 2785 3142 2856 qui
3171 2785 3507 2840 Judazorum
3541 2786 3712 2856 legem
3738 2782 3927 2837 inserere

2298 2870 2621 2925 christiana:
2637 2871 2770 2925 ﬁdei
2788 2873 3112 2940 voluerunt,
3132 2878 3303 2945 atque
3325 2873 3439 2945 ipsi
3464 2873 3774 2942 incorrupta
3791 2881 3928 2922 exem-

2298 2958 2479 3030 plaria
2507 2960 2665 3014 nulla
2705 2960 3045 3030 proferrent.
3093 2961 3198 3016 Sed
3248 2979 3340 3017 me
3389 2962 3634 3017 maxime
3669 2963 3860 3029 captum
3891 2955 3928 3004 ει

2299 3047 2603 3102 otfocatum
2635 3049 3057 3119 quodammodo
3079 3047 3794 3121 deprimebantcorporalia
3817 3040 3928 3110 cogi-

2297 3141 2514 3191 tantem
2547 3139 2722 3192 moles
2745 3137 2876 3204 illze,
2907 3138 3010 3192 sub
3041 3139 3252 3210 quibus
3281 3140 3639 3195 anhelansin
3658 3150 3829 3192 auram
3851 3139 3928 3185 tua:

2298 3225 2837 3297 veritatisliquidam
2860 3231 2914 3280 et
2940 3226 3258 3298 simplicem
3279 3228 3562 3301 respirare
3583 3243 3692 3282 non
3708 3228 3926 3297 poteram.

2964 3317 3188 3370 CAPUT
3219 3317 3332 3371 XII.

2509 3387 2681 3440 Fraus
2706 3385 3097 3456 discipulorum
3125 3390 3303 3443 Rom
3324 3390 3391 3443 in
3415 3390 3772 3459 praeceptores.

2367 3475 2456 3528 22.
2489 3473 2697 3528 Sedulo
2727 3490 2866 3545 ergo
2898 3491 3065 3545 agere
3107 3492 3422 3547 coeperam,
3461 3481 3691 3549 propter
3719 3468 3843 3544 quod
3865 3480 3931 3519 vc-

2296 3577 2517 3629 ncram,
2551 3567 2612 3617 ut
2643 3563 2902 3617 docerem
2927 3564 3120 3618 Romae
3143 3569 3322 3619 artem
3351 3565 3714 3629 rhetoricam,
3741 3564 3788 3613 et
3812 3555 3926 3628 prius

2298 3650 2454 3705 domi
2483 3667 2828 3722 congregare
2862 3651 3106 3723 aliquos,
3159 3653 3373 3724 quibus
3423 3659 3481 3710 et
3517 3669 3617 3724 per
3655 3665 3782 3722 quos
3809 3646 3929 3699 inno-

2296 3743 2506 3795 tescere
2535 3756 2856 3811 coeperam;
2889 3745 2945 3795 et
2981 3757 3105 3795 ecce
3137 3758 3424 3813 cognosco
3468 3743 3580 3797 alia
3621 3742 3796 3796 Romze
3822 3730 3927 3794 ﬁeri.

2296 3846 2426 3902 quae
2457 3847 2576 3885 non
2609 3831 2864 3902 patiebar
2905 3831 2966 3886 in
3007 3832 3209 3886 Africa.
3257 3834 3404 3888 Nam
3456 3849 3648 3888 revera
3675 3831 3786 3885 illas
3811 3838 3930 3880 ever-

2296 3917 2482 3972 siones
2511 3934 2544 3971 a
2573 3918 2812 3989 perditis
2842 3918 3297 3974 adolescentibus
3328 3921 3412 3976 ibi
3443 3939 3555 3976 non
3605 3917 3720 3974 ﬁeri
3746 3910 3926 3970 manife-

2296 4009 2508 4060 statum
2537 4011 2620 4060 est
2645 4006 2806 4061 mihi.
2836 4006 2944 4061 Sed
2975 4006 3182 4076 subito,
3213 4007 3512 4080 inquiunt,
3572 4023 3640 4062 ne
3677 3998 3928 4058 mercedem

2295 4093 2568 4164 magistro
2602 4095 2860 4161 reddant,
2913 4095 3245 4166 conspirant
3295 4097 3468 4151 multi
3498 4095 3860 4151 adolescentes,
3891 4083 3926 4134 ei

2293 4183 2643 4237 transferunt
2672 4200 2729 4237 se
2768 4183 2839 4237 ad
2870 4183 3045 4236 alium
3077 4184 3437 4250 ;desertores
3484 4183 3637 4249 ﬁdei,
3684 4184 3734 4234 et
3773 4173 3929 4248 quibus

2294 4288 2411 4342 prae
2442 4271 2700 4342 pecuniae
2726 4271 2998 4326 charitate
3015 4273 3240 4342 justitia
3267 4274 3399 4328 vilis
3429 4278 3532 4328 est.
3568 4272 3762 4328 Oderat
3797 4263 3923 4318 etiam

2293 4359 2431 4414 istos
2461 4376 2559 4414 cor
2606 4377 2819 4428 meum,
2868 4361 3129 4432 quamvis
3177 4378 3296 4416 non
3343 4363 3600 4434 perfecto
3636 4358 3771 4414 odio.
3811 4344 3928 4416 Ουυά

2294 4448 2449 4503 enim
2479 4449 2548 4502 ab
2577 4449 2654 4502 eis
2701 4465 2972 4520 passurus
3012 4466 3188 4513 eram,
3232 4452 3419 4523 magis
3473 4451 3701 4506 oderam
3729 4444 3931 4499 fortasse:

2295 4553 2467 4607 quam
2498 4554 2565 4592 eo
2596 4538 2752 4608 quod
2793 4538 3029 4594 cuilibet
3053 4539 3252 4594 illicita
3284 4541 3593 4596 faciebant.
3615 4537 3765 4593 Certe
3789 4534 3934 4584 tamen

2293 4628 2491 4694 turpes
2522 4629 2655 4678 sunt
2684 4626 2842 4693 tales,
2877 4631 2934 4680 et
2963 4627 3323 4681 fornicantur
3345 4628 3448 4682 abs
3478 4633 3555 4693 te,
3578 4620 3802 4679 amando
3826 4615 3936 4666 vola-

2291 4711 2402 4767 tica
2426 4713 2670 4768 ludibria
2699 4718 3026 4785 temporum
3057 4720 3112 4770 et
3158 4716 3384 4770 lucrum
3415 4718 3656 4781 luteum,
3676 4706 3814 4784 quod
3839 4714 3934 4756 cum

2290 4801 2756 4872 apprehenditur,
2773 4819 3007 4857 manum
3021 4803 3285 4875 inquinat
3303 4822 3316 4873 ;
3336 4809 3396 4860 et
3408 4821 3500 4859 am
3505 4799 3787 4875 plectendo
3805 4804 3933 4848 mun-

2291 4889 2429 4946 dum
2457 4889 2794 4962 fugientem,
2825 4893 3241 4948 contemnendo
3271 4897 3325 4948 te
3359 4896 3708 4956 manentem,
3737 4889 3788 4939 et
3813 4891 3932 4934 ravos

2289 4982 2536 5046 cantem,
2558 4983 2613 5033 et
2627 4979 3019 5050 ignoscentem
3040 4981 3302 5036 redeunti
3321 4982 3390 5035 ad
3407 4987 3461 5035 te
3473 4976 3751 5034 meretrici
3768 4969 3930 5026 animm

2288 5066 2576 5121 humanae.
2611 5069 2674 5121 Et
2698 5084 2853 5122 nunc
2884 5070 3022 5123 tales
3046 5067 3140 5123 odi
3169 5086 3376 5140 pravos
3399 5073 3454 5123 et
3472 5069 3753 5130 distortos,
3780 5067 3933 5130 quam‘

2287 5152 2370 5206 vis
2411 5170 2504 5208 eos
2548 5155 2910 5227 corrigendos
2952 5157 3212 5228 diligam,
3261 5165 3325 5212 ut
3367 5157 3628 5229 pecuniae
3673 5147 3934 5208 doctrinam

2286 5242 2488 5314 ipsam,
2533 5259 2702 5314 quam
2755 5245 2997 5311 discunt,
3045 5246 3376 5316 prazferant,
3425 5246 3478 5300 ei
3524 5260 3654 5299 vero
3703 5245 3754 5293 te
3789 5236 3930 5289 Deum

2349 5330 2365 5363 ι
2394 5329 2516 5377 Bad.
2531 5330 2647 5398 Am.
2665 5334 2716 5379 et
2728 5331 2833 5398 Er,
2845 5331 3239 5395 (ii/funderetur
3254 5334 3344 5384 abs
3360 5337 3426 5382 te.
3447 5334 3550 5382 Has
3568 5344 3719 5398 voces
3727 5326 3816 5398 abi
3820 5324 3933 5398 183?“

2284 5396 2593 5459 puurgerunt
2616 5386 2985 5459 Lo_vanienses,
3020 5409 3191 5459 neque
3215 5410 3311 5446 nos
3328 5401 3679 5459 prasterquam
3707 5391 3757 5438 in
3786 5386 3929 5442 Βεείο·

2285 5453 2757 5518 moutensi_codice
2792 5470 2879 5504 cas
2908 5453 3216 5518 reperimus.

2347 5515 2368 5549 2
2387 5515 2870 5579 ltrprelwndebani,
2894 5513 3048 5581 juita
3081 5520 3233 5570 Mart.
3263 5522 3314 5568 et
3344 5517 3517 5569 Rond.
3661 5513 3725 5564 Μ.
