4022 6176
133 283 245 332 71⁸7

120 405 440 462 veritatem
490 411 547 463 et
577 409 903 467 ubertatem
950 416 1090 470 certi
1120 416 1255 473 boni
1285 425 1341 476 ct
1370 438 1570 493 pacem
1608 430 1842 485 castissi-

123 510 292 549 mam
308 536 323 551 .
363 496 471 551 Sed
500 500 635 553 tunc
657 516 752 554 eos
775 502 957 574 magis
974 506 1093 576 pati
1116 508 1379 565 nolebam
1402 514 1581 569 malos
1605 523 1843 589 propter

122 597 252 652 me,
289 601 459 657 quam
491 586 618 642 fieri
646 594 881 660 propter
911 596 965 646 te
996 594 1175 649 bonos
1211 598 1490 656 volebam.

116 743 400 801 Docturus
420 680 1008 822 rhetoricamjrgggg;
1037 684 1432 826 sligiolanum;
1455 758 1523 814 ab
1548 760 1591 816 Α
1605 763 1835 820 mbrosio

820 843 1139 912 suscipitur.

192 921 290 976 23.
343 924 540 997 Itaque
587 930 962 1001 posteaquam
1011 932 1250 988 missum
1307 938 1390 990 est
1421 952 1454 990 a
1514 938 1832 996 Mediolano

113 1009 376 1066 Romam
407 1014 477 1067 ad
507 1015 844 1086 praefectum
883 1018 1062 1088 urbis,
1095 1024 1158 1076 ut
1178 1021 1263 1078 illi
1296 1023 1507 1080 civitati
1529 1027 1830 1085 rhetorica:

108 1100 400 1170 magister
423 1104 835 1174 provideretur,
877 1108 1167 1180 impertita
1201 1112 1373 1168 etiam
1405 1117 1692 1173 evectione
1725 1136 1830 1191 pu-

104 1185 270 1241 blica
303 1189 424 1261 (a);
454 1207 557 1262 ego
577 1193 695 1264 ipse
718 1195 928 1251 ambivi
945 1214 1047 1268 per
1071 1199 1300 1255 eosdem
1322 1200 1476 1273 ipsos
1499 1206 1830 1263 manichazis

103 1278 474 1335 vanitatibus
531 1282 741 1353 ebrios,
801 1286 1008 1357 quibus
1065 1292 1126 1343 ut
1180 1305 1454 1360 carerem,
1506 1294 1680 1364 ibam,
1730 1298 1828 1353 sed

104 1365 356 1438 utrique
401 1370 816 1440 nesciebamus,
851 1380 915 1429 ut
953 1375 1202 1441 dictione
1233 1381 1522 1451 pr0posita
1570 1400 1661 1439 me
1692 1402 1829 1457 pro-

105 1454 324 1511 batum
372 1460 669 1528 przel‘cctus
715 1466 853 1517 tunc
898 1464 1268 1535 Symmachus
1292 1468 1561 1526 mitteret.
1605 1474 1665 1528 Et
1692 1454 1827 1529 veni

106 1544 506 1601 Mediolanum
557 1550 629 1604 ad
677 1551 1043 1608 Ambrosium
1089 1555 1439 1628 episcopum,
1483 1559 1543 1613 in
1593 1562 1824 1632 optimis

105 1637 325 1690 notum
357 1635 482 1690 orbi
522 1641 709 1705 terrae,
740 1639 904 1711 pium
953 1644 1230 1699 cultorem
1262 1652 1459 1715 tuum;
1500 1649 1660 1719 cujus
1690 1655 1827 1706 tunc

102 1721 346 1793 eloquia
391 1729 621 1781 strenue
663 1728 1068 1786 ministrabant
1110 1733 1341 1804 adipem
1390 1735 1665 1793 frumenti
1714 1740 1821 1809 tui,

104 1814 172 1865 et
223 1812 485 1870 laetitiam
528 1816 660 1885 olei,
714 1821 772 1872 et
844 1819 1095 1875 sobriam
1156 1821 1275 1876 vini
1332 1824 1663 1881 ebrietatem
1719 1845 1823 1900 po-

101 1899 257 1970 pulo
312 1905 434 1957 tuo.
485 1904 569 1958 Ad
613 1922 745 1961 eum
796 1912 988 1964 autem
1022 1910 1271 1965 ducebar
1315 1912 1414 1967 abs
1442 1917 1497 1967 te
1539 1915 1817 1985 nesciens,

100 1992 177 2041 ut
206 2005 312 2059 per
331 2006 463 2046 eum
491 1992 564 2047 ad
594 1996 647 2048 te
669 1994 851 2050 sciens
878 1996 1137 2054 ducerer.
1184 1999 1444 2072 Suscepit
1464 2018 1555 2056 me
1581 2007 1820 2074 paterne

100 2073 208 2130 ille
242 2077 417 2133 homo
468 2080 590 2151 Dei,
645 2087 701 2137 et
730 2086 1253 2157 peregrinationem
1303 2106 1492 2145 meam
1523 2073 1658 2147 satis
1701 2094 1819 2166 epi-

98 2168 415 2239 scopaliter
444 2169 660 2226 dilexit.
695 2174 759 2227 Et
784 2191 917 2229 eum
950 2192 1143 2233 amare
1176 2179 1339 2251 coepi,
1372 2180 1559 2252 primo
1583 2182 1816 2253 quidem

98 2272 231 2309 non
271 2260 547 2329 tanquam
596 2260 886 2317 doctorem
934 2264 1072 2332 veri,
1121 2268 1276 2336 quod
1321 2266 1384 2321 in
1431 2270 1675 2325 Ecclesia
1719 2275 1819 2327 tua

97 2359 345 2414 prorsus
358 2345 753 2420 desperabam,
778 2352 874 2406 sed
890 2356 1165 2425 tanquam
1183 2356 1478 2413 hominem
1500 2359 1816 2431 benignum

98 2432 166 2487 in
196 2450 306 2489 me.
338 2436 401 2489 Et
430 2437 679 2494 studiose
709 2440 1026 2496 audiebam
1059 2443 1445 2515 disputantem
1490 2448 1551 2502 in
1580 2452 1813 2520 populo,

98 2538 228 2576 non
277 2522 595 2580 intentione
635 2545 750 2600 qua
798 2528 988 2598 debui,
1030 2533 1129 2587 sed
1155 2534 1316 2603 quasi
1364 2538 1665 2608 explorans
1694 2540 1815 2610 ejus

96 2612 458 2685 facundiam,
503 2619 698 2672 utrum
751 2621 1084 2676 conveniret
1134 2623 1301 2678 famae
1332 2641 1470 2694 suae,
1512 2643 1585 2680 an
1632 2629 1816 2699 major

96 2702 367 2757 minorve
397 2706 755 2775 :‘proﬂueret,
809 2724 982 2779 quam
1035 2712 1488 2781 praedicabatur:
1524 2718 1582 2767 et
1629 2716 1813 2770 verbis

111 2790 240 2860 ejus
268 2792 656 2863 suspendebar
700 2796 993 2864 intentus;
1026 2814 1217 2854 rerum
1252 2804 1443 2855 autem
1492 2801 1813 2859 incuriosus

106 2882 169 2933 et
228 2884 589 2951 contemptor
628 2883 910 2951 astabam;
963 2888 1020 2939 et
1044 2886 1366 2941 delectabar
1394 2888 1668 2945 suavitate
1691 2908 1811 2946 ser-

99 2968 652 3041 monis,quanquam
683 2972 1226 3040 eruditioris,minus
1251 2979 1444 3031 tamen
1474 2977 1812 3034 hilarescen—

110 3056 183 3110 tis
208 3061 385 3129 atque
415 3058 717 3115 mulcentis
756 3078 930 3133 quam
960 3064 1150 3118 Fausti
1177 3070 1316 3130 erat,
1341 3066 1495 3137 quod
1519 3067 1719 3122 attinet
1738 3069 1809 3123 ad

102 3145 335 3200 dicendi
365 3147 620 3203 modum.
656 3150 936 3205 Caeterum
968 3167 1161 3207 rerum
1186 3153 1447 3224 ipsarum
1468 3156 1628 3211 nulla
1661 3173 1813 3212 com-

101 3234 361 3305 paratio:
395 3252 529 3291 nam
558 3237 653 3291 ille
684 3255 785 3310 per
816 3240 1156 3295 manichzeas
1182 3242 1429 3297 fallacias
1473 3243 1808 3313 aberrabat;

101 3323 207 3378 iste
232 3327 428 3379 autem
476 3326 848 3382 saluberrime
900 3328 1138 3384 docebat
1175 3331 1438 3386 salutem.
1495 3332 1605 3387 Sed
1633 3332 1807 3404 longe

102 3416 185 3467 est
215 3429 248 3466 a
274 3415 672 3483 peccatoribus
712 3418 885 3485 salus,
920 3417 1105 3489 qualis
1136 3435 1241 3489 ego
1270 3423 1407 3474 tunc
1436 3420 1701 3476 aderam:
1754 3427 1807 3477 et

98 3505 299 3557 tamen
328 3503 790 3576 propinquabam
822 3507 1031 3561 sensim
1063 3511 1119 3561 et
1142 3508 1402 3563 nesciens
1436 3508 1476 3565 ί.

748 3596 972 3650 CAPUT
1022 3597 1158 3652 XIV.

166 3679 384 3735 Audito
413 3681 700 3738 Ambrosio
723 3685 996 3753 paulatim
1026 3684 1094 3739 ab
1134 3685 1406 3741 erroribus
1434 3688 1727 3757 resipiscit.

165 3769 260 3823 25.
296 3771 439 3824 Cum
468 3770 622 3825 enim
661 3788 777 3826 non
805 3776 1123 3845 satagerem
1153 3773 1369 3830 discere
1401 3792 1530 3847 qua:
1558 3777 1799 3845 dicebat,

90 3857 198 3913 sed
226 3862 455 3913 tantum
497 3861 983 3931 quemadmodum
1017 3862 1244 3918 dicebat
1288 3864 1485 3918 audire
1529 3866 1614 3934 (ea
1660 3864 1803 3919 mihi

158 3964 174 3997 ¹
210 3962 297 4012 Sic
318 3964 439 4033 Illas.
454 3963 605 4033 Angl.
621 3980 746 4033 cum;
763 3968 974 4033 nostris.
997 3968 1063 4017 At
1087 3968 1205 4019 Am.
1235 3969 1321 4019 Er.
1342 3970 1470 4019 Lov.
1484 3974 1565 4033 ,et
1584 3970 1797 4021 nescivi.

91 4025 301 4074 Somm.
335 4026 500 4083 Blas.,
532 4025 581 4076 ét
610 4031 919 4079 nesciebam.
1484 4025 1513 4055 ’⁸

158 4089 235 4147 (α)
254 4087 633 4157 E_v_ec_tio,quod
645 4091 761 4157 aliis
774 4091 1250 4157 diploma,facultas
1263 4094 1675 4157 eratusurpandi
1689 4108 1803 4144 cur-

90 4164 187 4218 sus
198 4149 429 4218 publici,
450 4149 605 4218 quem
628 4149 1071 4218 privato-cuilibet
1093 4168 1354 4218 usurpare,
1375 4149 1800 4218 haud'licuisset.

94 4212 248 4260 L'nde
269 4212 350 4259 lex
385 4213 449 4261 ab
473 4212 703 4281 lignorio
726 4215 859 4281 data
880 4215 1104 4264 ferebat:
1125 4232 1152 4262 ‹‹
1171 4212 1388 4281 Néquis
1417 4217 1518 4265 sibi
1548 4217 1798 4281 deinceps

92 4290 119 4319 α
151 4287 368 4322 consum
399 4274 668 4351 publicum
696 4276 931 4349 privatus
956 4282 1187 4351 usurpet,
1217 4274 1459 4351 nisi‘cum
1486 4283 1579 4351 aut
1597 4274 1798 4351 anubis

91 4352 118 4380 α
156 4340 425 4395 evocatur,
443 4340 535 4385 aut
550 4351 581 4385 a
599 4337 891 4387 clementiae
913 4337 1108 4388 nostra}
1134 4341 1474 4390 veneratione
1511 4341 1748 4390 discedit.
1769 4362 1793 4385 »

91 4397 831 4466 NarratJulius_Ca_pit91inus,
845 4401 898 4449 in
912 4402 1198 4466 Pertinace.
1217 4403 1358 4466 quod
1375 4402 1417 4466 is
1432 4419 1457 4449 ‹‹
1467 4406 1600 4466 tunc
1613 4403 1796 4466 praefe-

92 4478 119 4503 α
143 4464 261 4507 ctus
284 4458 532 4528 cohortis,
551 4458 605 4528 in
632 4458 1136 4528 Syriamprofectus,
1154 4458 1444 4528 T._Aurelio
1464 4458 1795 4528 imperatore,

94 4537 122 4565 α
152 4535 185 4569 a
211 4521 439 4584 prieside
471 4521 634 4585 Syriee
659 4521 782 4586 quia
809 4521 921 4573 sine
946 4525 1321 4588 diplomatibus
1342 4521 1556 4575 cursum
1581 4521 1798 4590 usurpa;

1636 303 1849 366 LIBER
1889 307 2180 372 SEXTUS.

3548 350 3651 403 ’718

1953 437 2168 510 quippe
2185 439 2303 511 jam
2328 442 2652 513 dcsperanti
2674 448 2745 503 ad
2760 452 2812 503 te
2826 449 2973 505 viam
2985 457 3181 523 patere
3202 456 3444 531 homini,
3468 465 3653 519 inanis

1951 543 2086 581 cura
2122 534 2512 601 remanserat),
2541 535 2844 593 veniebant
2872 540 2934 594 in
2964 541 3220 599 animum
3251 562 3445 604 meum
3480 551 3651 608 simul

1950 628 2081 709 cum
2103 618 2287 672 verbis
2304 636 2431 691 quas
2451 621 2779 694 diligebam,
2801 643 2888 681 res
2911 628 3084 685 etiam
3104 649 3243 703 quas
3265 638 3650 709 negligeham.

1949 701 2143 775 Neque
2170 706 2324 761 enim
2349 725 2412 763 ea
2445 710 2713 767 dirimere
2737 719 3014 785 poteram.
3052 701 3288 779 Iit—dum
3338 701 3647 799 c'orVaperi-

1947 807 2068 846 rem
2100 795 2170 848 ad
2210 796 2612 868 excipiendum
2646 799 2664 835 ⁸
2696 820 2870 874 quam
2920 807 3124 864 diserte
3159 811 3394 882 diceret,
3426 795 3645 886 pariter

1945 877 2194 972 intrabat
2226 889 2282 938 et
2310 902 2484 956 quam
2510 905 2639 944 vere
2661 891 2890 959 diceret,
2918 897 3200 965 gradatim
3220 877 3477 972 quidem.
3502 907 3644 961 Nam

1943 967 2132 1062 primo
2170 972 2342 1062 etiam
2387 974 2512 1044 ipsa
2548 978 2777 1035 defendi
2806 997 2973 1052 posse
3018 986 3163 1041 mihi
3199 967 3321 1059 jam
3353 999 3644 1062 coeperant

1943 1056 2142 1149 videri,
2175 1064 2230 1114 et
2260 1061 2431 1117 ﬁdem
2462 1065 2818 1136 catholicam,
2850 1087 2953 1141 pro
3002 1089 3117 1144 qua
3148 1056 3295 1131 nihil
3340 1056 3506 1149 posse
3535 1083 3648 1137 dici

1944 1145 2214 1202 adversus
2273 1158 2670 1224 Oppugnantes
2710 1159 3048 1215 Manichaeos
3103 1145 3457 1236 putaveram,
3514 1170 3636 1241 jam

1941 1249 2061 1288 non
2114 1236 2479 1308 impudenter
2536 1245 2711 1299 asseri
2761 1248 3185 1319 existimabam;
3241 1236 3646 1314 maxime'au-

1942 1321 2059 1377 dito
2091 1340 2203 1379 uno
2237 1330 2407 1398 atque
2437 1330 2634 1393 altero,
2666 1337 2723 1387 et
2746 1335 2955 1405 saepius
2984 1338 3288 1409 aenigmate
3337 1345 3519 1399 soluto
3565 1347 3633 1401 de

1938 1409 2175 1500 Scriptis
2205 1415 2514 1473 veteribus:
2566 1419 2682 1483 ubi,
2716 1438 2845 1477 cum
2883 1424 2956 1478 ad
2999 1426 3250 1483 litteram
3298 1432 3640 1500 acciperem,

1939 1499 2237 1555 occidebar
2297 1502 2339 1557 ².
2390 1505 2772 1574 Spiritualiter
2820 1510 3014 1583 itaque
3062 1515 3349 1587 plerisque
3405 1499 3639 1575 illorum

1934 1588 2219 1646 librorum
2250 1594 2519 1664 expositis
2544 1597 2697 1665 locis,
2718 1599 2835 1669 jam
2862 1603 3355 1672 reprehendebam
3376 1607 3636 1679 despera-

1934 1676 2152 1734 tionem
2180 1696 2392 1750 meam,
2424 1683 2580 1739 illam
2607 1686 2882 1742 duntaxat
2913 1706 3027 1760 qua
3053 1692 3411 1749 credideram
3435 1676 3642 1767 Legem

1934 1778 1991 1829 et
2020 1777 2333 1847 Prophetas
2374 1780 2785 1838 detestantibus
2821 1788 2989 1856 atque
3031 1787 3406 1846 irridentibus
3454 1793 3641 1849 resisti

1934 1863 2169 1919 omnino
2200 1883 2316 1921 non
2344 1884 2530 1939 posse.
2573 1871 2687 1925 Nec
2710 1876 2901 1927 tamen
2912 1874 3033 1944 jam
3066 1874 3194 1930 ideo
3217 1877 3360 1932 mihi
3391 1881 3637 1935 catholi-

1931 1967 2055 2006 cam
2086 1952 2234 2009 viam
2255 1957 2559 2012 tenendam
2592 1976 2715 2015 esse
2744 1962 3079 2030 sentiebam,
3114 1964 3248 2035 quia
3279 1970 3335 2020 et
3379 1966 3505 2038 ipsa
3533 1986 3634 2039 po-

1928 2043 2073 2095 terat
2092 2043 2303 2099 habere
2337 2046 2530 2101 doctos
2559 2052 2864 2103 assertores
2884 2066 3017 2105 suos
3044 2051 3144 2123 qui
3171 2053 3394 2124 copiose
3425 2061 3482 2110 et
3514 2073 3634 2113 non

1928 2130 2170 2185 absurde
2189 2132 2410 2203 objecta
2438 2135 2790 2205 refellerent;
2825 2154 2929 2193 nec
2952 2139 3082 2194 ideo
3094 2140 3217 2211 jam
3242 2143 3635 2201 damnandum

1928 2216 2073 2274 iilud
2101 2221 2253 2292 quod
2281 2223 2568 2288 tenebam,
2600 2225 2736 2296 quia
2758 2226 3079 2282 defensions
3108 2234 3299 2299 partes
3321 2233 3633 2304 aequaban-

1928 2310 2043 2362 tur.
2076 2309 2159 2363 Ita
2195 2310 2349 2365 enim
2381 2312 2671 2367 Catholica
2700 2330 2817 2368 non
2871 2315 3017 2370 mihi
3046 2316 3193 2372 victa
3219 2318 3541 2385 videbatur,
3572 2326 3635 2376 ut

1929 2396 2187 2451 nondum
2216 2398 2389 2453 etiam
2413 2399 2615 2456 victrix
2643 2407 2973 2473 appareret.

1998 2486 2086 2539 25.
2118 2486 2274 2541 Tunc
2294 2504 2426 2543 vero
2449 2489 2669 2545 fortiter
2698 2491 2921 2546 intendi
2945 2491 3220 2562 animum,
3258 2495 3306 2549 si
3324 2512 3438 2567 quo
3459 2498 3631 2555 modo

1925 2587 2151 2642 possem
2194 2575 2361 2630 certis
2390 2576 2680 2648 aliquibus
2719 2579 3076 2636 documentis
3125 2583 3459 2640 Manichzeos
3490 2604 3629 2642 con-

1923 2661 2149 2717 vincere
2169 2664 2456 2722 falsitatis.
2484 2667 2645 2731 Quod
2665 2667 2711 2721 si
2740 2685 2969 2739 possem
2990 2670 3343 2741 spiritualem
3362 2675 3629 2731 substan-

1922 2749 2063 2806 tiam
2105 2753 2376 2824 cogitare,
2426 2754 2616 2810 statim
2673 2756 3132 2812 machinamenta
3168 2759 3266 2813 illa
3289 2762 3483 2816 omnia
3511 2764 3626 2818 sol-

1922 2843 2191 2894 verentur
2218 2846 2274 2896 et
2302 2842 2686 2912 abjicerentur
2701 2860 2767 2898 ex
2793 2844 2985 2898 animo
3006 2861 3166 2912 meo;
3201 2847 3297 2900 sed
3326 2864 3437 2901 non
3461 2853 3623 2919 pote-

1919 2942 2065 2982 ram.
2127 2930 2531 2984 Verumtamen
2582 2931 2650 2985 de
2706 2931 2832 3003 ipso
2888 2933 3090 2986 mundi
3145 2934 3314 3004 hujus
3363 2952 3619 3006 corpore,

1921 3016 2191 3087 omnique
2222 3022 2425 3072 natura
2447 3035 2619 3090 quam
2652 3036 2850 3074 sensus
2872 3021 3059 3075 carnis
3081 3022 3407 3095 attingeret,
3438 3026 3625 3080 multa

1919 3104 2300 3174 probabiliora
2344 3106 2649 3179 plerosque
2699 3108 2940 3164 sensisse
2986 3110 3376 3182 philosophos,
3438 3114 3623 3185 magis

1919 3192 2217 3263 magisque
2266 3195 2628 3249 considerans
2669 3201 2839 3268 atque
2869 3214 3225 3269 comparans,
3263 3200 3617 3271 judicabam.

1917 3281 2114 3351 Itaque
2141 3282 2609 3338 Academicorum
2630 3301 2811 3352 more,
2838 3286 2983 3340 sicut
2998 3287 3419 3357 existimantur,
3450 3290 3619 3345 dubi-

1917 3372 2045 3423 tans
2073 3370 2141 3424 de
2171 3371 2434 3426 omnibus
2456 3372 2639 3443 {atque
2682 3373 2831 3428 inter
2878 3374 3073 3429 omnia
3102 3376 3404 3443 ﬂuctuans,
3439 3379 3616 3433 Mani-

1918 3457 2104 3513 cheeos
2151 3459 2385 3531 quidem
2431 3461 2838 3533 relinquendos
2884 3479 3005 3517 esse
3034 3464 3287 3519 decrevi:
3322 3482 3435 3520 non
3466 3467 3614 3522 arbi-

1918 3550 2072 3601 trans
2117 3564 2184 3602 eo
2220 3548 2341 3619 ipso
2366 3552 2623 3620 tempore
2653 3550 3025 3605 dubitationis
3055 3568 3199 3607 meae
3226 3552 3286 3605 in
3325 3553 3422 3608 illa
3459 3559 3609 3610 secta

1915 3634 2059 3689 mihi
2102 3638 2560 3707 permanendum
2621 3655 2763 3705 esse,
2818 3639 3056 3710 cuijam
3112 3641 3423 3695 nonnullos
3478 3642 3611 3713 phi-

1914 3722 2180 3795 losophos
2223 3726 2661 3796 praeponebam;
2713 3726 2921 3797 quibus
2986 3733 3177 3783 tamen
3235 3729 3611 3801 philosophis,

1902 3812 2071 3882 quod
2127 3812 2249 3867 sine
2322 3815 2555 3870 nomine
2611 3815 2844 3870 salutari
2916 3816 3127 3871 Christi
3178 3822 3385 3886 essent,
3445 3836 3609 3874 cura-

1913 3899 2131 3955 tionem
2181 3902 2475 3973 languoris
2522 3903 2728 3958 animaa
2778 3920 2922 3959 meae
2973 3905 3330 3961 committere
3380 3907 3615 3963 omnino

1912 3991 2264 4045 recusabam.
2292 3991 2475 4047 Statui
2505 4008 2642 4063 ergo
2679 3992 2902 4048 tamdiu
2932 4010 3051 4048 esse
3078 3995 3523 4050 catechumenus
3551 3994 3613 4051 in

1912 4078 2190 4133 catholica
2247 4080 2491 4135 Ecclesia
2538 4080 2683 4135 mihi
2723 4098 2756 4135 a
2798 4082 3134 4153 parentibus
3190 4085 3615 4153 commendata,

1912 4165 2091 4221 donec
2121 4166 2337 4238 aliquid
2366 4168 2505 4224 certi
2535 4170 2785 4225 eluceret
2813 4188 2927 4243 quo
2959 4187 3191 4227 cursum
3214 4172 3543 4243 dirigerem.

1972 4272 2141 4353 11.93;,
2170 4289 2555 4353 decipiendum.

1972 4352 1993 4385 ει
2026 4351 2222 4401 Somm.
2248 4351 2300 4402 et
2327 4352 2496 4403 Rond.
2528 4353 2797 4406 occidebar
2811 4355 3187 4419 spiritualiter.
3219 4358 3427 4419 Itaque.
3448 4355 3518 4406 M.

1908 4482 1936 4513 (ι
1956 4469 2120 4577 γενειιί
2134 4466 2355 4578 ρθᾱίιὲιιε
2374 4468 2439 4518 ab
2454 4468 2732 4520 Antiochia
2751 4468 2815 4519 ad
2834 4468 3147 4535 legationem
3165 4482 3314 4519 suam
3335 4470 3433 4520 iter
3442 4470 3612 4522 facere

1912 4544 1939 4575 α
1970 4542 2095 4577 coac
2123 4543 2183 4577 us
2205 4543 2260 4578 es
2294 4565 2306 4578 .
2342 4546 2369 4577 ››

1912 4544 1939 4575 α
1970 4542 2183 4577 coaetus
2205 4542 2306 4578 εει.
2342 4546 2369 4577 D

87 4615 3609 4643 mw

1200 4702 1716 4827 LIBER
1818 4703 2487 4832 SEXTUS.

158 4880 294 4933 Cum
319 4880 433 4948 jam
458 4883 705 4934 Monuica
724 4884 889 4948 ipsius
919 4888 1086 4936 mater
1113 4886 1471 4938 Mediolanum
1507 4888 1825 4957 advenisset,
1848 4888 2062 4953 ipseque
2085 4904 2284 4941 annum
2302 4892 2470 4941 astatis
2488 4892 2664 4954 ageret
2679 4888 3025 4953 trigesimum,
3056 4889 3317 4943 Ambrosii
3339 4894 3609 4948 concioni-

92 4954 193 5003 bus
218 4954 545 5007 admonitus.
576 4955 849 5005 catholicm
884 4957 1138 5006 doctrinm
1172 4954 1651 5032 veritatempqu'am
1679 4958 1954 5032 ltianichaai
1986 4960 2549 5032 falsoinsimulabant,
2566 4961 2732 5032 magis
2762 4963 3028 5026 magisque
3055 4963 3398 5029 intelligebat.
3428 4968 3603 5032 Alypii

93 5025 253 5073 amici
289 5025 373 5073 sui
407 5039 581 5074 mores
610 5027 961 5089 prosequitur.
1000 5030 1059 5076 In
1095 5028 1297 5078 diversa
1326 5030 1646 5097 rapiebatur,
1671 5030 1799 5079 dum
1821 5030 1888 5102 de
1913 5031 2022 5081 vita
2045 5031 2234 5083 melius
2264 5030 2589 5082 instituenda
2614 5025 2954 5095 deliberaret;
2986 5035 3170 5085 mortis
3198 5025 3407 5101 quoque
3436 5025 3605 5102 ac'ju-

99 5095 225 5144 dicii
252 5098 400 5145 metu
429 5096 721 5160 perculsus,
748 5097 811 5147 ad
847 5099 965 5147 vitae
993 5099 1390 5149 conversionem
1418 5099 1474 5149 in
1498 5099 1612 5149 dies
1637 5095 2045 5155 accendebatur.

1696 5204 2009 5217 ξ

668 5274 893 5330 CAPUT
937 5276 1232 5333 PRIMUM.

307 5362 654 5430 Augustinus
681 5378 775 5418 nec
794 5366 1120 5420 manichaeus
1148 5379 1242 5421 nec
1266 5363 1580 5419 catholicus.

168 5452 217 5507 i.
251 5449 397 5522 Spes
452 5466 582 5506 mea
634 5452 990 5523 ajuventute
1037 5470 1185 5522 mea,
1235 5452 1333 5508 ubi
1354 5452 1498 5507 mihi
1548 5468 1695 5517 eras,
1744 5457 1802 5510 et

93 5554 208 5609 quo
237 5538 595 5597 recesseras?
622 5541 711 5596 An
738 5555 873 5597 vero
909 5557 1027 5598 non
1051 5546 1113 5599 tu
1141 5542 1358 5602 feceras
1383 5558 1497 5613 me,
1525 5544 1581 5599 et
1599 5540 1802 5601 discre-

1907 5292 2069 5332 veras
2098 5293 2188 5331 me
2214 5293 2248 5331 a
2277 5274 2742 5348 quadrupedibus
2760 5280 2817 5332 et
2830 5276 3156 5334 volatilibus
3176 5276 3339 5334 coeli?
3367 5278 3603 5349 Sapien-

1906 5366 2113 5423 tiorem
2144 5384 2236 5421 me
2269 5366 2503 5434 feceras,
2534 5369 2591 5421 et
2618 5367 2983 5423 ambulabam
3011 5384 3113 5440 per
3134 5368 3394 5422 tenebras
3423 5371 3479 5422 et
3506 5368 3601 5424 lu-

1908 5454 2152 5526 bricum,
2175 5458 2232 5510 et
2260 5455 2658 5527 qumrebamte
2678 5456 2819 5511 foris
2844 5473 2877 5512 a
2896 5473 3008 5525 me,
3032 5460 3090 5511 et
3108 5471 3223 5510 non
3242 5455 3605 5513 inveniebam

1911 5540 2091 5601 Deum
2120 5543 2302 5601 cordis
2344 5543 2489 5616 mei;
2545 5548 2601 5602 et
2627 5561 2894 5604 veneram
2924 5545 2985 5603 in
3024 5542 3376 5618 profundum
3406 5544 3601 5616 maris,
