4058 6174
461 278 567 329 719

456 400 517 452 et
538 392 871 451 difﬁdebam
910 397 967 448 et
1003 390 1374 464 desperabam
1401 391 1470 446 de
1500 390 1829 444 inventione
1859 388 1997 445 veri.
2022 390 2147 444 Jam

461 487 693 539 venerat
718 482 792 537 ad
821 498 912 537 me
940 486 1121 537 mater
1151 479 1361 552 pietate
1389 479 1571 546 fortis,
1604 483 1755 533 terra
1771 478 2030 548 marique
2062 494 2155 532 me

459 588 725 644 sequens,
756 575 812 625 et
840 571 899 624 in
919 570 1189 641 periculis
1217 568 1483 623 omnibus
1514 568 1582 621 de
1608 570 1663 621 te
1685 582 1900 621 secura.
1941 568 2081 620 Nam
2102 570 2158 621 et

459 677 564 734 per
612 657 834 715 marina
875 657 1204 713 discrimina
1250 656 1401 727 ipsos
1422 658 1624 709 nautas
1654 655 2071 722 consolabatur,
2122 672 2156 709 a

460 748 669 820 quibus
689 747 856 801 rudes
884 745 1072 817 abyssi
1092 745 1359 811 viatores,
1383 759 1516 797 cum
1558 743 1986 813 perturbantur,
2020 759 2156 797 con-

459 834 630 891 solari
658 835 870 901 solent;
901 833 1176 904 pollicens
1206 832 1288 886 eis
1311 833 1742 902 perventionem
1774 848 1903 886 cum
1950 832 2153 896 salute,

458 924 596 997 quia
622 924 732 978 hoc
772 921 826 976 ei
860 926 924 977 tu
960 937 1064 992 per
1102 920 1288 975 visum
1323 920 1613 991 pollicitus
1644 936 1788 975 eras.
1833 922 1895 974 Et
1938 920 2157 974 invenit

456 1028 549 1067 me
576 1010 994 1083 periclitantem
1025 1009 1258 1081 quidem
1287 1010 1535 1080 graviter
1564 1008 1963 1079 desperatione
1993 1008 2151 1071 inda-

456 1099 663 1171 ganda:
693 1097 969 1153 veritatis.
1013 1097 1120 1152 Sed
1150 1102 1346 1151 tamen
1382 1095 1435 1150 ei
1463 1112 1595 1151 cum
1634 1096 1994 1163 iudicassem,
2039 1111 2153 1149 non

459 1204 552 1244 me
581 1186 817 1259 quidem
838 1186 962 1258 jam
1013 1201 1135 1240 esse
1164 1185 1567 1253 manichaeum,
1601 1185 1702 1239 sed
1744 1200 1931 1255 neque
1962 1184 2156 1238 catho-

458 1276 636 1332 licum
664 1274 1059 1344 christianum,
1093 1290 1213 1329 non
1241 1273 1405 1345 quasi
1424 1272 1789 1345 inopinatum
1816 1271 2036 1343 aliquid
2053 1287 2156 1325 au-

461 1365 653 1433 dierit,
699 1362 943 1419 exsilivit
987 1363 1212 1435 laetitia;
1259 1378 1391 1417 cum
1414 1362 1536 1433 jam
1567 1377 1765 1416 secura
1803 1360 1967 1415 ﬁeret
1995 1376 2064 1414 ex
2092 1375 2156 1414 ea

459 1459 621 1527 parte
652 1452 899 1508 miserias
922 1468 1087 1517 meae,
1105 1451 1167 1505 in
1192 1467 1307 1522 qua
1334 1467 1427 1505 me
1447 1454 1723 1522 tanquam
1746 1453 2038 1504 mortuum
2059 1448 2157 1503 sed

462 1540 916 1597 resuscitandum
943 1540 1049 1594 tibi
1078 1540 1271 1607 ﬂebat,
1314 1543 1372 1594 et
1398 1538 1605 1593 feretro
1637 1536 1991 1608 cogitationis
2021 1536 2156 1591 eﬁ‘e-

463 1632 645 1701 rebat,
673 1636 741 1686 ut
771 1629 983 1685 diceres
1007 1628 1127 1683 ﬁlio
1162 1627 1347 1683 viduas
1371 1644 1384 1681 :
1424 1629 1648 1684 Juvenis
1680 1627 1782 1681 tibi
1806 1627 1945 1694 dico,
1968 1640 2159 1694 surge;

464 1725 521 1776 et
563 1717 924 1775 revivisceret
969 1720 1026 1772 et
1057 1716 1337 1789 inciperet
1376 1715 1557 1787 loqui,
1591 1720 1647 1770 et
1684 1715 1937 1770 traderes
1994 1714 2159 1768 illum

465 1808 637 1864 matri
693 1823 810 1862 suae
831 1808 980 1877 (Luc.
1041 1823 1137 1873 vn,
1174 1808 1261 1875 14,
1306 1804 1413 1876 15).
1457 1805 1624 1859 Nulla
1665 1819 1801 1875 ergo
1831 1802 2162 1859 turbulenta

463 1896 839 1954 exsultatione
863 1894 1170 1966 trepidavit
1186 1910 1284 1949 cor
1312 1894 1455 1965 ejus,
1483 1909 1614 1948 cum
1636 1893 1888 1947 audisset
1915 1908 1984 1947 ex
2003 1896 2162 1947 tanta

462 1991 624 2059 parte
649 1986 766 2057 jam
794 1984 1005 2039 factum
1035 1983 1188 2055 quod
1215 1982 1320 2037 tibi
1349 1981 1604 2053 quotidie
1632 1981 1938 2053 plangebat
1963 1985 2030 2034 ut
2057 1980 2159 2034 ﬁe-

463 2080 583 2143 ret;
614 2074 911 2129 veritatem
934 2088 1027 2126 me
1055 2071 1313 2126 nondum
1336 2071 1632 2141 adeptum,
1663 2070 1759 2124 sed
1789 2067 2022 2124 falsitati
2039 2069 2161 2139 jam

465 2165 765 2234 ereptum:
797 2161 914 2215 imo
942 2176 1077 2215 vero
1120 2159 1256 2231 quia
1283 2163 1439 2213 certa
1467 2162 1608 2227 erat,
1655 2161 1713 2212 et
1740 2157 1896 2228 quod
1916 2157 2162 2211 restabat

466 2255 521 2305 te
573 2250 864 2315 daturum,
913 2247 1016 2319 qui
1042 2251 1227 2302 totum
1265 2246 1644 2317 promiseras;
1701 2244 2081 2316 placidissime
2107 2249 2163 2300 et

464 2341 693 2410 pectore
732 2339 903 2409 pleno
934 2336 1159 2391 ﬁduciae
1201 2334 1501 2406 respondit
1529 2334 1693 2401 mihi,
1744 2334 1974 2389 credere
2001 2333 2072 2405 {se
2101 2333 2162 2388 in

467 2426 705 2495 Christo,
739 2425 891 2497 quod
920 2424 1260 2496 priusquam
1307 2423 1376 2478 de
1405 2424 1522 2494 .hac
1550 2423 1666 2477 vita
1696 2422 2025 2493 cmigraret,
2068 2439 2161 2477 me

464 2515 657 2570 visura
676 2518 823 2570 esset
846 2513 1074 2568 ﬁdelem
1104 2511 1464 2567 catholicum.
1493 2513 1558 2566 Et
1583 2511 1689 2565 hoc
1732 2510 1969 2582 quidem
1994 2511 2159 2565 mihi.

467 2603 595 2660 Tibi
622 2606 836 2670 autem,
867 2601 996 2658 fons
1018 2599 1565 2667 misericordiarum,
1587 2615 1784 2670 preces
1812 2604 1868 2654 et
1888 2600 2165 2670 lacrymas

468 2689 760 2747 densiores
798 2689 840 2753 ‘,
877 2693 941 2743 ut
981 2688 1326 2743 accelerares
1355 2686 1709 2758 adjutorium
1730 2692 1917 2753 tuum,
1950 2692 2006 2741 et
2029 2687 2162 2742 illu-

468 2778 718 2834 minares
761 2777 1028 2837 tenebras
1072 2791 1263 2840 meas;
1297 2778 1354 2830 et
1399 2774 1712 2830 studiosius
1758 2774 1830 2829 ad
1862 2773 2165 2829 Ecclesiam

467 2880 712 2927 currere,
748 2868 806 2920 et
832 2863 896 2918 in
921 2863 1288 2918 Ambrosium
1318 2862 1342 2895 ²
1370 2879 1470 2917 ora
1507 2862 1797 2933 suspendi,
1831 2862 1902 2916 ad
1946 2863 2165 2917 fontem

469 2952 727 3009 salientis
748 2968 912 3024 aquae
931 2950 993 3006 in
1020 2951 1194 3006 vitam
1241 2956 1516 3007 aeternam
1548 2951 1736 3021 (Joam.
1764 2967 1839 3019 ιγ,
1874 2951 1981 3020 li).
2030 2948 2166 3003 Dili-

471 3042 642 3115 gebat
664 3044 854 3096 autem
879 3040 1046 3095 illum
1065 3039 1254 3095 virum
1285 3039 1429 3094 sicut
1458 3039 1728 3111 angelum
1752 3038 1871 3101 Dei,
1897 3038 2050 3109 quod
2068 3053 2169 3109 per

471 3131 637 3206 illum
663 3132 1007 3200 cognoverat
1027 3145 1118 3182 me
1147 3127 1381 3183 interim
1415 3128 1487 3182 ad
1531 3127 1690 3181 illam
1719 3126 2026 3197 ancipitem
2066 3129 2168 3180 llu-

477 3218 823 3275 ctuationem
872 3217 996 3288 jam
1025 3233 1146 3272 esse
1173 3217 1538 3287 perductum,
1566 3231 1673 3285 per
1701 3230 1874 3286 quam
1898 3213 2165 3269 transitu-

475 3323 607 3364 rum
634 3322 728 3362 me
777 3305 846 3360 ab
903 3305 1241 3377 aegritudine
1288 3304 1361 3359 ad
1391 3304 1712 3371 sanitatem,
1752 3303 2167 3358 intercurrente

475 3396 716 3452 arctiore
739 3393 995 3466 periculo
1024 3398 1067 3465 ⁸,
1097 3392 1260 3466 quasi
1296 3408 1402 3464 per
1430 3391 1810 3447 accessionem
1856 3406 2031 3463 quam
2059 3389 2167 3445 cri-

477 3484 652 3540 ticam
672 3481 877 3539 medici
905 3485 1132 3550 vocant,
1153 3483 1305 3535 certa
1332 3478 1732 3552 praesumebat.

1148 3588 1374 3643 CAPUT
1420 3586 1492 3640 II.

655 3679 842 3749 Epula:
864 3682 914 3733 et
942 3678 1172 3748 synaxis
1192 3676 1344 3746 apud
1369 3675 1620 3745 sepulcra
1666 3678 1991 3743 martyrum.

551 3767 604 3820 2.
654 3767 851 3836 Itaque
894 3781 1027 3820 cum
1073 3764 1147 3819 ad
1193 3763 1501 3818 memorias
1530 3767 1877 3830 sanctorum,
1926 3761 2072 3815 sicut
2108 3759 2169 3815 in

475 3852 665 3907 Africa
705 3852 939 3919 solebat,
970 3852 1158 3922 pultes
1202 3856 1259 3906 et
1286 3867 1493 3922 panem
1541 3854 1599 3904 et
1640 3865 1866 3904 merum
1893 3850 2171 3904 attulisset

476 3945 646 4012 atque
693 3940 763 3994 ab
813 3939 1042 3994 ostiario
1069 3939 1499 4009 prohiberetur;
1532 3938 1632 3993 ubi
1676 3938 1785 3992 hoc
1837 3938 2170 4009 episcopum

475 4028 719 4084 vetuisse
756 4028 1042 4099 cognovit,
1066 4032 1182 4083 tam
1214 4027 1308 4098 pie
1337 4031 1506 4098 atque
1536 4026 1867 4082 obedientcr
1906 4028 2169 4099 amplexa

475 4123 582 4185 est,
611 4120 677 4172 ut
707 4116 829 4187 ipse
882 4116 1122 4171 mirarer
1150 4120 1172 4153 ‘
1201 4104 1375 4187 quam
1415 4116 1581 4170 facile
1613 4115 1925 4170 accusatrix
1978 4117 2168 4187 potius

473 4204 900 4261 consuetudinis
929 4221 1045 4259 suae
1078 4205 1174 4275 (α),
1208 4220 1383 4275 quam
1412 4203 1772 4275 disceptatrix
1798 4204 1950 4259 illius
1970 4204 2166 4275 prohi-

472 4294 703 4350 bitionis
732 4293 930 4348 etfecta
966 4293 1058 4348 sit.
1093 4295 1217 4347 Non
1245 4292 1401 4347 enim
1432 4292 1730 4347 obsidebat
1758 4293 2022 4364 spiritum
2045 4294 2167 4365 ejus

471 4382 801 4445 vinolentia,
845 4397 1088 4453 eamque
1118 4382 1452 4436 stimulabat
1508 4381 1569 4435 in
1611 4381 1808 4437 odium
1859 4382 1978 4437 veri
2008 4399 2170 4437 amor

471 4472 609 4540 vini,
642 4471 786 4525 sicut
813 4470 1116 4542 plerosque
1158 4485 1345 4523 mares
1375 4474 1431 4524 et
1457 4469 1719 4536 feminas,
1763 4466 1863 4541 q'ui
1891 4470 1961 4524 ad
1988 4470 2167 4525 canti-

472 4575 604 4614 cum
650 4558 992 4627 sobrietatis,
1032 4558 1179 4613 sicut
1225 4557 1295 4612 ad
1324 4556 1621 4628 potionem
1653 4563 1923 4628 aquatam
1952 4558 2168 4614 madidi

473 4651 768 4702 nauseant.
799 4646 907 4701 Sed
934 4646 1034 4701 illa
1075 4662 1205 4700 cum
1263 4646 1545 4700 attulisset
1583 4646 1897 4701 canistrum
1924 4663 2052 4701 cum
2075 4664 2164 4703 so—

472 4733 761 4791 lemnibus
786 4734 970 4805 epulis
1012 4733 1430 4806 praegustandis
1462 4737 1633 4805 atque
1682 4734 2010 4806 largiendis,
2037 4736 2167 4807 plus

535 4861 552 4895 1
588 4859 646 4922 In
679 4858 858 4922 codice
888 4857 1004 4922 ΑΨ.
1033 4858 1262 4922 additur,
1288 4855 1529 4922 fundere.

534 4922 557 4956 2
585 4921 665 4969 Ita
686 4920 1066 4983 potioresAMss.
1093 4921 1159 4983 At
1187 4919 1314 4983 Edd.
1336 4922 1675 4983 cunerem“
1694 4922 1754 4969 in
1773 4919 2062 4970 Ambrosii.

530 4985 552 5017 τι
578 4980 789 5045 iamiam
811 4980 1249 5045 periculoLjuxta
1276 4982 1360 5030 Er.
1394 4982 1558 5045 Lugd.
1581 4982 1710 5045 ven.
1741 4986 1793 5031 et
1822 4983 1944 5045 Lov.
1970 4983 2040 5030 Μ.

527 5048 551 5081 ⁴
579 5044 662 5094 Sis
687 5043 825 5092 Mss.‘
841 5046 893 5091 et
911 5043 1026 5092 Am.
1057 5043 1141 5092 Er.
1166 5044 1291 5092 Arn.
1313 5058 1327 5102 ;
1350 5047 1403 5092 at
1420 5043 1544 5092 Bad.
1564 5048 1616 5092 et
1640 5044 1784 5104 Lov.,
1800 5043 2100 5094 miraretur.

528 5144 605 5202 (α)
624 5138 1152 5211 ϐοηεξιεωᾶίηοωρε
1171 5152 1277 5211 qua
1296 5138 1381 5187 hic
1400 5139 1590 5211 agitur,
1614 5141 1724 5187 tota
1734 5138 1857 5211 licet
1875 5139 2048 5211 Africa
2067 5142 2165 5211 p_ri-
2184 5153 2194 5161 ‘

464 5200 587 5254 dem
610 5205 892 5264 receptam,
924 5200 1252 5264 quoniamin
1276 5200 1684 5264 comessationes
1713 5204 1765 5250 et
1784 5200 2165 5252 ebrietates'de-

465 5266 701 5323 ﬂexerat,
729 5261 1030 5325 rescindere
1059 5261 1299 5325 similiter
1327 5262 1631 5325 aggreditur
1658 5263 2002 5325 Augustinus,
2033 5270 2084 5312 et
2102 5279 2163 5314 ea

470 5328 535 5376 de
560 5340 616 5375 re
641 5320 821 5375 scribit
832 5323 995 5387 Epist.
1021 5323 1187 5387 I2Lad
1211 5320 1478 5387 Aurelium
1501 5320 1981 5387 Carthaginensem.
2002 5325 2164 5382 Quin-

461 5390 622 5438 etiam
650 5384 1040 5451 llipponénsem
1072 5384 1360 5451 Ecclesiam
1381 5385 1499 5451 ipse
1516 5384 1753 5451 nonduin
1784 5388 2060 5451 episcopus
2095 5388 2161 5451 ad

457 5464 620 5561 mices
643 5446 788 5501 mo'r'e
811 5448 1022 5515 penitus
1046 5450 1274 5507 revocat,
1300 5446 1453 5497 sicuti
1471 5446 1625 5497 ﬁdem
1648 5448 1773 5498 facit
1798 5446 2069 5514 Epistf29,
2096 5450 2162 5500 ad

527 5523 721 5561 verum.

524 5523 721 5577 ypium.

1657 266 2189 325 CONFESSIONUM
2246 266 2302 322 s.
2359 250 2771 323 AUGUSTINI.
3814 275 3895 324 ne

2263 407 2438 463 etiam
2471 422 2645 479 quam
2671 421 2848 460 unum
2880 403 3150 476 pocillum
3180 405 3196 440 ¹
3226 420 3328 475 pro
3360 420 3459 460 suo
3486 407 3662 477 palato
3688 410 3807 464 satis
3827 429 3897 465 so-

2262 495 2388 549 brio
2437 499 2843 566 temperatum,
2894 494 3046 547 unde
3101 492 3488 563 dignationem
3526 502 3773 565 sumeret,
3805 515 3897 554 non

2262 583 2531 656 ponebat.
2564 584 2629 638 Et
2658 583 2706 636 si
2738 582 2931 636 multm
2962 585 3168 647 essent,
3200 596 3330 652 quae
3362 580 3453 634 illo
3484 583 3641 636 modo
3669 583 3891 639 videban-

2262 676 2357 726 tur
2389 672 2760 739 honorandze,
2795 670 3091 725 memoriae
3122 670 3543 737 defunctorum;
3574 671 3713 725 idem
3740 672 3893 744 ipsum

2264 776 2463 827 unum,
2498 761 2651 832 quod
2681 759 2894 831 ubique
2924 762 3184 829 poneret,
3206 757 3657 825 circumferebat;
3686 776 3787 830 quo
3810 761 3901 831 jam

2262 866 2381 904 non
2409 850 2593 904 solum
2622 848 3013 920 aquatissimo,
3046 846 3142 901 se'd
3189 847 3361 901 etiam
3392 846 3723 925 tepidissimo
3751 852 3770 883 ³
3794 867 3895 904 cum

2265 938 2380 993 suis
2430 939 2809 1010 praesentibus
2840 954 2945 1009 per
2982 936 3323 992 sorbitiones
3366 936 3589 1007 exiguas
3616 936 3901 1008 partiretur:
3992 992 3993 999 χ

2265 1027 2400 1100 quia
2427 1028 2699 1098 pietatem
2730 1027 2807 1081 ibi
2855 1026 3168 1096 quaerebat,
3200 1042 3316 1080 non
3346 1025 3703 1095 voluptatem.
3748 1024 3902 1095 Itaque
3992 1010 3993 1059 ἶ

2266 1116 2361 1171 ubi
2408 1115 2690 1187 comperit
2735 1132 2768 1188 a
2795 1115 3071 1186 praeclaro
3100 1114 3469 1186 praedicatore
3514 1118 3675 1183 atque
3703 1113 3906 1167 antistite

2263 1204 2515 1277 pietatis,
2547 1209 2898 1276 praeceptum
2928 1220 3047 1258 esse
3073 1202 3180 1257 ista
3206 1219 3325 1257 non
3356 1199 3500 1268 ﬁeri,
3527 1217 3626 1255 nec
3653 1200 3715 1254 ah
3744 1200 3813 1254 eis
3829 1202 3903 1271 qui

2267 1294 2458 1349 sobrie
2496 1295 2768 1362 facerent,
2800 1309 2874 1348 ne
2899 1294 3015 1347 ulla
3042 1292 3262 1348 occasio
3289 1308 3348 1346 se
3376 1290 3752 1363 ingurgitandi
3779 1290 3904 1344 dare-

2264 1387 2360 1440 tur
2401 1382 2658 1449 ebriosis,
2686 1388 2743 1436 et
2797 1382 2934 1455 quia
2971 1382 3070 1436 illa
3112 1381 3277 1454 quasi
3319 1380 3634 1452 parentalia
3681 1378 3904 1450 supersti-

2264 1470 2406 1526 tioni
2434 1470 2739 1542 gentilium
2782 1473 2968 1524 essent
3004 1468 3337 1536 simillima;
3377 1466 3645 1522 abstinuit
3673 1483 3725 1520 se
3759 1466 3903 1520 liben-

2265 1558 2514 1614 tissime:
2576 1561 2632 1613 et
2683 1573 2788 1628 pro
2843 1556 3090 1611 canistro
3156 1556 3329 1626 pleno
3370 1555 3607 1609 terrenis
3661 1552 3904 1617 fructibus,

2266 1648 2502 1719 plenum
2533 1645 2960 1718 purgatioribus
2990 1643 3135 1699 votis
3163 1648 3365 1715 pectus
3393 1643 3465 1698 ad
3492 1641 3775 1697 memorias
3796 1656 3906 1695 mar-

2267 1740 2460 1807 tyrum
2489 1736 2690 1790 alierre
2710 1734 3016 1800 didicerat;
3053 1736 3116 1787 ut
3137 1737 3194 1788 et
3222 1732 3374 1804 quod
3404 1736 3591 1803 posset
3615 1731 3759 1786 daret
3784 1745 3906 1799 egen-

2266 1824 2438 1893 tibus,
2507 1829 2562 1879 et
2607 1824 2686 1877 sic
2724 1821 3168 1877 communicatio
3217 1819 3501 1876 Dominici
3550 1818 3780 1891 corporis
3821 1816 3905 1871 illic

2268 1914 2666 1980 celebraretur,
2699 1912 2861 1982 cujus
2900 1909 3177 1982 passionis
3207 1910 3530 1964 imitatione
3581 1905 3830 1962 immolati
3867 1898 3921 1959 ρι’

2268 2001 2525 2057 coronati
2548 2004 2680 2055 sunt
2709 2007 3004 2071 martyres.
3035 1999 3144 2053 Sed
3174 2003 3372 2052 tamen
3404 1998 3625 2052 videtur
3653 1995 3799 2061 mihi,
3822 1994 3900 2048 Do-

2268 2089 2425 2144 mine
2457 2089 2603 2143 Deus
2634 2104 2814 2154 meus,
2843 2092 2900 2141 et
2925 2087 3003 2141 ita
3024 2086 3182 2141 estin
3203 2090 3513 2156 conspectu
3544 2089 3640 2140 tuo
3668 2084 3729 2138 de
3758 2083 3841 2135 hac
3864 2096 3905 2132 re

2270 2194 2367 2232 cor
2392 2193 2607 2247 meum,
2638 2192 2758 2230 non
2786 2175 2948 2230 facile
2982 2176 3216 2229 fortasse
3244 2174 3313 2229 de
3337 2175 3444 2228 hac
3469 2170 3792 2243 amputanda
3815 2185 3909 2221 cou-
3992 2190 3993 2205 ξ

2269 2264 2567 2321 suetudine
2613 2269 2856 2318 matrem
2890 2280 3074 2318 meam
3127 2263 3299 2317 fuisse
3339 2277 3644 2327 cessuram,
3674 2258 3717 2313 si
3743 2258 3802 2311 ab
3828 2256 3910 2309 alio

2268 2354 2688 2428 prohiberetur,
2738 2369 2910 2425 quem
2940 2368 3058 2407 non
3102 2351 3247 2406 sicut
3275 2349 3640 2405 Ambrosium
3670 2344 3906 2416 diligebat,

2271 2460 2442 2515 quem
2465 2447 2701 2515 propter
2733 2442 2974 2496 salutem
3004 2456 3193 2495 meam
3224 2439 3474 2493 maxime
3510 2435 3789 2507 diligebat;
3818 2445 3908 2485 eam

2271 2548 2404 2587 vero
2432 2532 2527 2586 ille
2554 2535 2791 2602 propter
2811 2530 2932 2601 ejus
2946 2528 3441 2600 religiosissimam
3456 2522 3908 2582 conversationem,
3992 2540 3993 2567 ξ

2274 2636 2389 2691 qua
2417 2620 2477 2674 in
2509 2619 2671 2674 bonis
2701 2618 2972 2690 operibus
3000 2622 3118 2672 tam
3141 2618 3369 2671 fervens
3413 2615 3617 2688 spiritu
3645 2611 3913 2682 frequenta

2280 2708 2377 2762 bat
2402 2706 2694 2762 ecclesiam
2720 2723 2733 2761 :
2767 2706 2845 2761 ita
2873 2711 2937 2761 ut
2966 2721 3116 2776 saepe
3140 2708 3499 2775 erumperet,
3533 2717 3657 2756 cum
3687 2714 3767 2754 me
3803 2693 3913 2749 vide-

2274 2800 2380 2861 ret,
2430 2795 2491 2850 in
2529 2795 2651 2866 ejus
2697 2794 3159 2866 praedicationem
3207 2798 3251 2862 ³,
3292 2793 3591 2865 gratulans
3635 2785 3764 2843 mihi
3803 2779 3916 2854 quod
3992 2779 3993 2841 ξ

2279 2884 2453 2938 talem
2487 2889 2728 2938 matrem
2764 2883 3065 2951 haberem;
3100 2882 3370 2937 nesciens
3401 2881 3627 2953 qualem
3658 2877 3746 2931 illa
3772 2889 3846 2928 me
3875 2870 3917 2922 ti-

2274 2972 2436 3040 lium,
2459 2973 2557 3044 qui
2573 2971 2905 3027 dubitabam
2930 2972 2999 3027 de
3021 2970 3132 3025 illis
3151 2970 3451 3039 omnibus,
3475 2973 3528 3025 et
3550 2962 3773 3024 inveniri
3795 2972 3917 3033 posse

2279 3061 2429 3116 viam
2458 3061 2588 3116 vita:
2617 3060 2858 3116 minime
2885 3060 3185 3132 putabam.

2948 3167 3171 3222 CAPUT
3198 3166 3296 3222 III.

2615 3257 2995 3326 Occupationes
3037 3261 3088 3312 et
3113 3256 3299 3312 studia
3328 3255 3635 3320 Ambrosii.

2349 3346 2402 3401 3.
2448 3345 2561 3400 Nec
2598 3344 2723 3416 jam
2775 3344 3223 3417 ingemiscebam
3264 3346 3489 3400 orando
3540 3347 3605 3398 ut
3650 3332 3916 3394 subvenires

2276 3433 2452 3502 mihi;
2483 3434 2582 3488 sed
2613 3433 2685 3487 ad
2704 3434 3082 3505 quaerendum
3102 3434 3382 3503 intentus,
3403 3438 3463 3489 et
3490 3432 3562 3487 ad
3586 3422 3916 3486 disserendum

2276 3521 2565 3594 inquietus
2611 3526 2734 3577 erat
2764 3522 2993 3578 animus
3021 3540 3205 3578 meus.
3251 3524 3566 3595 Ipsumque
3610 3510 3916 3573 Ambrosium

2275 3612 2498 3667 felicem
2531 3611 2839 3682 quemdam
2870 3610 3168 3666 hominem
3207 3612 3534 3666 secundum
3568 3605 3813 3664 saeculum
3837 3596 3917 3665 opi'

2276 3700 2475 3769 nabar,
2525 3716 2699 3771 quem
2732 3699 2812 3754 sic
2857 3704 3032 3754 tanta:
3078 3704 3392 3771 potestates
3431 3696 3800 3756 honorarent;
3840 3700 3917 3771 03%:

2276 3789 2489 3843 libatus
2519 3770 2745 3843 tantum
2774 3788 2897 3859 ejus
2927 3770 3095 3843 mihi
3120 3789 3446 3843 laboriosus
3484 3786 3781 3842 videbatur.
3814 3770 3917 3839 011ὶά

2279 3881 2471 3931 autem
2509 3875 2605 3931 ille
2653 3875 2774 3947 spei
2834 3881 3078 3946 gereret,
3125 3879 3180 3930 et
3228 3877 3504 3931 adversus
3557 3872 3728 3944 ipsius
3773 3860 3915 3920 excel-

2276 3964 2468 4020 lentiae
2516 3969 2870 4019 tentamenta
2922 3965 3435 4037 quiddluctaminis
3470 3963 3719 4026 haberet,
3764 3950 3917 4037 quid“:

2275 4053 2571 4109 solaminis
2622 4054 2683 4108 in
2736 4035 3007 4118 adversis,
3068 4035 3125 4109 et
3181 4057 3478 4109 occultum
3534 4069 3597 4107 os
3650 4049 3760 4119 ejus
3808 4035 3916 4111 ίῖυοδ

2275 4148 2397 4199 erat
2441 4143 2501 4197 in
2546 4142 2714 4198 corde
2762 4143 2905 4214 ejus,
2956 4159 3131 4215 quam
3179 4142 3386 4214 sapida
3443 4140 3652 4215 gaudia
3704 4136 3767 4192 de
3811 4140 3917 4202 pallc

2274 4237 2374 4287 tuo
2404 4230 2753 4299 ruminaret;
2788 4248 2893 4286 nec
2918 4232 3200 4302 conjicere
3243 4247 3544 4292 noveram,
3588 4243 3689 4283 nec
3715 4220 3919 4302 expetitis

2275 4336 2463 4375 eram:
2491 4336 2595 4375 nec
2625 4320 2719 4374 ille
2760 4320 2973 4376 sciebat
3011 4325 3180 4375 aestus
3212 4337 3392 4389 meos,
3426 4336 3533 4376 nec
3567 4317 3775 4373 foveam
3808 4300 3917 4379 peri:

2275 4408 2388 4464 culi
2419 4409 2550 4464 mei.
2584 4411 2711 4463 Non
2735 4408 2891 4464 enim
2920 4425 3178 4480 quaerere
3212 4410 3285 4463 ab
3313 4427 3383 4464 eo
3414 4414 3677 4479 poteram
3699 4396 3834 4472 quod
3855 4406 3921 4444 νιν

2274 4497 2485 4568 lebam,
2516 4497 2661 4552 sicut
2689 4498 2969 4565 volebam,
3004 4498 3436 4553 secludentibus
3465 4513 3557 4552 me
3590 4494 3657 4553 ab
3685 4493 3795 4562 ejus
3817 4492 3919 4536 an”

2276 4590 2444 4657 atque
2483 4603 2582 4641 ore
2610 4586 2850 4641 catervis
2888 4587 3312 4658 negotiosorum
3367 4586 3693 4648 hominum,
3725 4581 3921 4649 quorum

2272 4673 2706 4729 inﬁrmitatibus
2727 4675 3025 4731 serviebat.
3052 4676 3195 4731 Cum
3217 4675 3432 4746 quibus
3453 4672 3679 4747 quando
3698 4679 3800 4722 non
3814 4658 3921 4747 etab

2274 4761 2428 4833 quod
2460 4778 2561 4833 per
2581 4762 2852 4833 exiguum
2874 4763 3148 4834 temporis
3169 4745 3311 4830 erat,
3337 4768 3443 4817 aut
3463 4745 3667 4832 corpus
3690 4745 3923 4834 relicieba_l

2275 4850 2603 4914 necessariis
2652 4852 3069 4917 sustentaculis,
3114 4855 3213 4906 aut
3264 4838 3510 4906 lectione
3553 4849 3809 4904 animum.
3841 4827 3921 4889 Sed

2272 4954 2404 4992 cum
2434 4938 2677 5010 legebat,
2701 4939 2850 4994 oculi
2883 4940 3240 4995 ducebantur
3267 4955 3378 5010 per
3408 4939 3667 5010 paginas,
3695 4937 3747 4988 et
3762 4944 3843 4985 cor
3863 4926 3923 4981 ἱιιο

2271 5026 2559 5082 tellectum
2580 5027 2920 5098 rimabatur,
2948 5043 3054 5083 vox
3076 5032 3269 5083 autem
3292 5031 3349 5081 et
3368 5027 3569 5098 lingua
3585 5017 3919 5096 quiescebant.

2271 5116 2431 5187 Saepe
2460 5132 2591 5170 cum
2620 5117 2970 5183 adessemus,
3002 5132 3120 5171 non
3152 5116 3307 5171 enim
3339 5115 3642 5170 vetabatur
3668 5110 3921 5184 quisquam

2271 5201 2514 5275 ingredi,
2545 5208 2645 5259 aut
2672 5205 2725 5259 ei
2750 5205 3072 5260 venientem
3097 5203 3358 5261 nuntiari
3388 5220 3518 5259 mos
3539 5206 3657 5257 erat
3678 5216 3691 5267 ;
3727 5196 3796 5252 sic
3821 5204 3920 5249 eum

2335 5329 2349 5362 ¹
2379 5327 2493 5376 Am.
2519 5330 2570 5376 et
2599 5328 2705 5385 Er.,
2727 5328 2991 5384 petilium.

2331 5390 2352 5423 2
2365 5389 2560 5453 Summ.
2575 5390 2985 5439 Aru.Dub.Flor.
3005 5394 3057 5439 et
3070 5390 3219 5440 Rond
3230 5425 3242 5438 .
3256 5405 3267 5438 :
3283 5386 3916 5453 Quod...aquali3-$QW”';;'

2273 5451 2654 5515 tepidissimum
2672 5467 2687 5513 ;
2721 5453 2876 5515 alias:
2898 5438 3053 5515 Quod,
3064 5438 3181 5511 iam
3196 5438 3850 5515 non'solumriQualissimo.
3868 5438 3916 5487 Μ.

2333 5514 2353 5545 ³
2388 5514 2512 5563 Lov.
2545 5513 2742 5564 Somm.
2766 5513 2905 5567 Bias.
2936 5514 3168 5565 habent:
3202 5516 3266 5567 In
3299 5516 3425 5577 ejus
3437 5512 3815 5578 praedicatione.
