4058 6174
110 248 210 299 721

1580 247 1793 304 LIBER

108 370 394 440 legentem
423 368 673 422 vidimus
721 367 908 432 tacite,
944 370 1000 421 et
1040 368 1203 421 aliter
1234 382 1563 439 nunquam:
1616 370 1818 424 seden-

107 464 308 530 tesque
340 459 397 512 in
429 457 700 511 diuturno
720 456 945 509 silentio
971 455 1117 525 (quis
1149 457 1302 509 enim
1320 460 1437 510 tam
1464 457 1681 511 intento
1700 474 1819 511 esse

107 548 273 601 oneri
301 547 599 615 auderet?)
633 544 1087 606 discedebamus,
1110 549 1169 598 et
1196 545 1657 615 conjectabamus
1689 564 1818 601 eum

104 654 289 707 parvo
322 637 438 707 ipso
466 640 748 705 tempore,
780 634 934 704 quod
958 634 1291 703 reparanda:
1325 634 1503 688 menti
1535 652 1652 689 suae
1684 653 1821 689 nan-

103 726 446 789 ciscebatur,
481 723 751 777 feriatum
782 723 850 776 ab
878 723 1118 791 strepitu
1143 738 1442 776 causarum
1478 723 1817 790 alienarum,

96 815 263 869 nolle
298 814 357 867 in
398 812 551 867 aliud
588 812 838 877 avocari;
872 818 927 865 et
960 828 1155 866 cavere
1184 812 1420 865 fortasse
1454 828 1523 865 ne
1554 813 1819 867 auditore

96 918 389 972 suspenso
425 905 480 955 ct
528 901 769 966 intento,
809 900 856 953 si
898 917 1012 971 qua
1061 899 1355 953 obscurius
1402 900 1683 971 posuisset
1724 902 1819 955 ille

96 1008 285 1063 quem
341 992 573 1060 legeret,
617 989 787 1043 etiam
837 1004 1120 1059 exponere
1151 1004 1379 1041 necesse
1410 992 1591 1054 esset;
1624 992 1721 1041 aut
1750 988 1818 1041 de

96 1080 397 1151 aliquibus
420 1078 838 1133 difficilioribus
856 1077 1173 1146 disceptare
1192 1076 1623 1146 quecstionibus,
1646 1080 1818 1145 atque

94 1170 240 1223 huic
273 1168 437 1239 operi
466 1167 819 1237 temporibus
855 1165 1148 1235 impensis,
1204 1164 1393 1217 minus
1445 1180 1619 1234 quam
1653 1165 1821 1218 vellet

93 1258 471 1312 voluminum
516 1256 832 1310 evolveret:
876 1269 1204 1325 quanquam
1238 1257 1295 1306 et
1328 1268 1497 1306 causa
1527 1252 1817 1306 servandas

94 1347 278 1409 vocis,
328 1362 456 1417 qua:
506 1345 590 1399 illi
628 1344 897 1398 facillime
951 1341 1396 1409 obtundebatur,
1441 1344 1665 1411 poterat
1697 1356 1816 1394 esse

86 1435 317 1506 justior
341 1434 507 1489 tacite
534 1432 794 1504 ,legendi.
833 1431 1099 1496 Quolibet
1126 1435 1319 1485 tamen
1350 1429 1543 1483 animo
1574 1429 1629 1483 id
1676 1444 1815 1498 age—

92 1530 208 1591 ret,
236 1524 389 1577 bono
424 1522 616 1592 utique
646 1522 739 1574 ille
766 1520 853 1574 vir
884 1519 1106 1590 agebat.

169 1616 227 1669 4.
271 1613 380 1667 Sed
431 1616 580 1665 certe
623 1610 763 1665 mihi
797 1610 955 1663 nulla
1001 1610 1244 1663 dabatur
1293 1607 1456 1679 copia
1495 1606 1816 1661 sciscitandi

96 1720 235 1773 quae
269 1701 571 1772 cupiebam
609 1700 677 1753 de
712 1704 826 1752 tam
861 1702 1051 1751 sancto
1088 1697 1316 1751 oraculo
1351 1701 1447 1749 tuo
1488 1699 1714 1766 pectore
1744 1694 1813 1747 il-

98 1791 236 1857 lius,
262 1788 373 1843 nisi
394 1804 523 1842 cum
546 1786 760 1858 aliquid
790 1785 1037 1839 breviter
1066 1787 1211 1838 esset
1230 1782 1604 1837 audiendum.
1632 1784 1816 1836 .Jrlstus

95 1886 297 1933 autem
332 1878 416 1932 illi
437 1877 550 1931 mei
570 1876 815 1930 otiosum
847 1891 978 1928 eum
1010 1873 1192 1939 valde,
1225 1871 1316 1926 cui
1352 1871 1810 1936 refunderentur,

90 1967 489 2039 requirebant,
521 1981 623 2018 nec
644 1980 900 2034 unquam
922 1961 1307 2015 inveniebant.
1334 1962 1397 2013 Et
1415 1976 1548 2014 eum
1570 1958 1808 2030 quidem

96 2059 157 2111 in
198 2056 416 2126 populo
441 2053 677 2107 verbum
707 2050 958 2106 veritatis
986 2055 1137 2104 recte
1170 2052 1502 2103 tractantem
1533 2047 1691 2101 omni
1719 2047 1811 2101 die

91 2144 395 2199 dominico
445 2142 776 2207 audiebam;
826 2145 884 2195 et
928 2139 1108 2209 magis
1148 2139 1443 2209 magisque
1494 2136 1639 2191 mihi
1678 2152 1811 2189 con-

95 2234 449 2289 firmabatur
497 2246 693 2285 omnes
737 2234 1094 2284 versutarum
1138 2227 1556 2281 calumniarum
1608 2225 1813 2288 nodos,

96 2338 249 2390 quos
300 2319 386 2372 illi
425 2319 751 2389 deceptores
792 2317 975 2370 nostri
1020 2316 1284 2369 adversus
1339 2314 1560 2370 divinos
1618 2314 1810 2367 Libros

92 2408 494 2474 innectebant,
544 2421 707 2477 posse
739 2404 984 2459 dissolvi.
1034 2404 1134 2457 tibi
1164 2420 1296 2457 vero
1342 2402 1515 2456 etiam
1562 2401 1814 2471 comperi

96 2498 171 2551 ad
210 2495 527 2565 imaginem
552 2499 709 2547 tuam
739 2492 1033 2547 hominem
1065 2510 1097 2545 a
1124 2496 1175 2546 te
1206 2492 1439 2557 factum,
1473 2508 1505 2543 a
1536 2490 1804 2560 spiritua-

102 2584 258 2636 libus
291 2581 425 2635 filiis
459 2579 570 2633 tuis
602 2596 745 2650 quos
775 2579 843 2633 de
875 2582 1055 2631 matre
1096 2577 1380 2631 Catholica
1422 2592 1526 2646 per
1567 2575 1812 2646 gratiam

101 2668 485 2741 rcgeuerasti,
556 2684 669 2721 non
720 2668 799 2721 sic
862 2666 1107 2736 intelligi
1154 2669 1217 2719 ut
1265 2664 1503 2719 humani
1562 2663 1812 2733 corporis

102 2762 295 2814 forma
341 2763 395 2813 te
443 2756 813 2811 terminatum
872 2755 1168 2808 crederent
1218 2758 1385 2824 atque
1448 2752 1811 2822 cogitarent:

104 2864 447 2919 quanquam
474 2844 763 2917 quomodo
793 2861 850 2897 se
881 2844 1117 2897 haberet
1138 2841 1449 2911 spiritualis
1475 2840 1815 2907 substantia,

106 2955 180 2990 ne
211 2936 449 3007 quidem
499 2934 746 2987 tenuiter
793 2936 963 3002 atque
994 2931 1053 2983 in
1102 2929 1407 2999 mnigmate
1452 2926 1813 2997 suspicabar;

100 3032 302 3080 tamen
351 3023 605 3095 gaudens
650 3020 851 3075 erubui
891 3035 1008 3073 non
1062 3034 1152 3072 me
1201 3022 1283 3071 tot
1325 3032 1503 3070 annos
1551 3016 1815 3069 adversus

106 3112 451 3168 catholicam
484 3110 677 3171 fidem,
711 3109 808 3163 sed
832 3112 1028 3162 contra
1058 3106 1373 3161 carnalium
1404 3104 1813 3175 cogitationum

112 3206 392 3273 figmenta
442 3201 693 3253 latrasse.
744 3200 821 3251 ΕΟ
860 3197 1072 3267 quippe
1116 3194 1456 3248 temerarius
1509 3198 1564 3247 et
1607 3192 1819 3262 impius

108 3294 357 3354 fueram,
405 3288 563 3359 quod
611 3304 677 3341 ea
706 3303 833 3357 qua:
866 3284 1139 3339 debebam
1192 3283 1501 3354 quaerendo
1552 3282 1762 3336 discere
1794 3280 1811 3313 ί

110 3378 435 3434 accusando
480 3378 755 3431 dixeram.
794 3377 876 3429 'I‘u
923 3373 1099 3440 enim,
1138 3371 1409 3426 altissime
1443 3375 1498 3424 et
1537 3368 1843 3441 proximc,.

110 3465 495 3522 secretissima
535 3469 592 3519 et
628 3462 1091 3535 praesentissime,
1127 3460 1218 3514 cui
1259 3459 1515 3513 membra
1546 3474 1660 3511 non
1690 3460 1821 3509 sunt

109 3558 227 3611 alia
258 3555 478 3623 majora
529 3557 583 3607 et
615 3552 724 3606 alia
772 3551 1014 3615 minora,
1047 3549 1145 3603 sed
1192 3548 1405 3618 ubique
1452 3550 1603 3600 totus
1647 3561 1727 3607 es,
1766 3549 1820 3597 ct

106 3660 395 3715 nusquam
427 3644 678 3695 locorum
712 3657 799 3706 es;
832 3656 946 3693 non
976 3655 1031 3692 es
1070 3638 1268 3708 utique
1318 3636 1503 3690 forma
1550 3635 1657 3688 ista
1695 3649 1820 3686 cor-

109 3750 293 3806 porea
320 3750 331 3785 :
367 3736 557 3785 tamen
588 3729 771 3784 fecisti
795 3728 1090 3782 hominem
1120 3727 1188 3779 ad
1209 3724 1522 3795 imaginem
1552 3727 1736 3787 tuam;
1766 3726 1822 3775 et

109 3839 245 3879 ecce
280 3822 399 3893 ipse
430 3837 461 3873 a
488 3818 669 3890 capite
700 3834 881 3889 usque
912 3817 979 3870 ad
1002 3815 1175 3887 pedes
1205 3814 1265 3867 in
1298 3814 1420 3867 loco
1444 3816 1548 3867 est.

794 3924 1017 3977 CAPUT
1058 3922 1149 3975 IV.

196 4018 504 4071 Doctrinam
523 4014 770 4068 Ecclesiw
790 4012 1078 4066 Ambrosio
1109 4011 1451 4063 concionante
1476 4006 1751 4073 intelligit.

190 4110 243 4159 5.
291 4105 432 4158 Cum
489 4118 623 4172 ergo
684 4100 962 4154 nescirem
1020 4096 1308 4169 quomodo
1379 4096 1502 4149 haec
1554 4093 1823 4147 subsiste-

116 4200 209 4248 ret
245 4193 437 4261 imago
473 4194 589 4256 tua,
634 4190 866 4259 pulsans
896 4187 919 4219 ³
950 4200 1333 4257 proponerem
1375 4182 1662 4253 quomodo
1703 4196 1824 4234 cre-

116 4281 379 4335 dendum
411 4283 575 4345 esset,
602 4294 719 4332 non
749 4278 1026 4331 insultans
1050 4288 1405 4345 opponerem
1424 4270 1587 4342 quasi
1609 4272 1687 4323 ita
1707 4285 1828 4322 cre-

117 4371 312 4424 ditnm
352 4372 527 4421 esset:
578 4372 734 4420 tanto
766 4365 943 4435 igitur
981 4364 1164 4418 acrior
1199 4378 1335 4415 cura
1364 4360 1598 4414 rodebat
1626 4360 1829 4413 intima

120 4475 254 4513 mea
285 4456 423 4527 quid
452 4456 590 4509 certi
627 4455 955 4519 retinerem,
1002 4456 1215 4523 quanto
1246 4466 1336 4503 me
1367 4448 1549 4518 magis
1576 4448 1827 4518 pudebat

114 4557 235 4603 tam
270 4547 371 4601 diu
396 4547 626 4600 illusum
658 4549 715 4598 et
744 4544 1045 4613 deceptum
1095 4538 1475 4611 promissione
1516 4542 1824 4602 certorum,

117 4635 335 4707 puerili
358 4649 547 4687 errore
576 4638 631 4687 et
659 4632 1037 4697 animositate,
1070 4634 1189 4683 tam
1219 4629 1400 4682 multa
1422 4627 1636 4679 incerta
1664 4625 1825 4696 quasi

115 4730 279 4779 certa.
315 4722 577 4793 garrisse.
621 4721 779 4785 Quod
826 4719 980 4773 enim
1020 4719 1159 4773 falsa
1200 4720 1408 4784 essent,
1446 4719 1645 4786 postea
1691 4714 1832 4767 mihi

113 4812 351 4867 claruit.
388 4811 614 4865 Certum
645 4815 836 4862 tamen
870 4813 993 4861 erat
1036 4805 1189 4876 quod
1220 4805 1435 4858 incerta
1474 4810 1683 4869 essent,
1716 4805 1771 4854 et
1800 4818 1833 4853 a

118 4918 217 4958 me
247 4899 558 4971 aliquando
591 4914 693 4968 pro
723 4897 889 4951 certis
925 4895 1120 4949 habita
1157 4892 1414 4957 fuissent,
1457 4907 1587 4944 cum
1619 4890 1831 4944 Catho-

111 4994 292 5047 licam
320 4994 479 5041 tuam
508 4987 669 5040 caecis
691 4984 1155 5039 contentionibus
1186 4996 1534 5046 accusarem,
1566 4979 1669 5033 etsi
1699 4994 1834 5031 nou-

115 5082 265 5134 dum
294 5080 649 5145 compertam
694 5091 826 5128 vera
856 5074 1175 5137 docentem,
1214 5086 1332 5124 non
1380 5073 1571 5122 tamen
1619 5084 1686 5121 ea
1733 5066 1833 5120 do-

122 5170 353 5221 centem
388 5181 515 5233 qua:
543 5163 789 5233 graviter
819 5161 1169 5216 accusabam.
1203 5161 1399 5229 Itaque
1422 5154 1832 5219 confundebar,

120 5262 171 5312 et
197 5254 693 5310 convertebarzet
740 5250 1081 5322 gaudebam,
1129 5250 1274 5303 Deus
1323 5263 1503 5312 meus,
1555 5244 1710 5316 quod
1740 5245 1835 5298 Ec-

188 5382 198 5413 ¹
233 5378 362 5427 Mss.
388 5376 592 5425 dicere.

180 5444 201 5475 '3
224 5440 315 5490 Sic
338 5438 619 5497 legendum
641 5451 759 5485 cum
778 5438 895 5484 Mss.
920 5439 969 5483 et
991 5436 1186 5483 Seium.
1204 5432 1347 5497 Ara,
1365 5446 1470 5480 non
1486 5430 1828 5495 quemadmo-

106 5510 257 5555 ‘lum
291 5496 415 5551 Lov.
447 5505 498 5551 ct
534 5500 705 5549 caeteri
729 5499 853 5549 editi
886 5496 1462 5560 habent,pulsansque.

1867 248 2165 306 SEXTUS.

3524 258 3630 312 7'22

1933 372 2103 427 clesia
2128 372 2145 401 ¹
2181 373 2348 428 unica
2386 388 2591 443 corpus
2642 374 2798 429 Unici
2846 374 2951 443 tui,
2988 374 3050 429 in
3097 392 3210 447 qua
3254 378 3374 431 mhi
3416 393 3630 435 nomen

1932 461 2137 514 Christi
2178 461 2379 516 infanti
2421 467 2504 515 est
2540 463 2808 525 inditum,
2829 480 2946 517 non
2968 468 3191 535 saperet
3226 464 3631 520 infantilesnu-

1930 564 2059 618 gas;
2113 566 2298 619 neque
2347 551 2456 604 hoc
2503 551 2715 605 habere
2760 552 2819 605 in
2849 552 3106 606 doctrina
3139 568 3241 605 sua
3277 569 3434 621 sana,
3475 554 3626 623 quod

1928 641 1982 691 te
2008 641 2318 691 creatorem
2352 640 2609 693 omnium
2652 638 2711 692 in
2757 640 3003 708 spatium
3047 641 3154 694 loci
3186 641 3442 711 quamvis
3472 658 3631 695 sum-

1930 742 2088 779 mum
2124 731 2179 779 et
2210 728 2485 797 amplum,
2529 732 2721 781 tamen
2751 728 3006 799 undique
3044 729 3414 783 terminatum
3445 745 3631 785 mem-

1928 814 2164 868 brorum
2188 816 2573 869 humanorum
2605 816 2787 886 figura
2810 818 3190 873 contruderet.

2000 907 2049 956 6.
2094 904 2421 957 Gaudebam
2470 904 2641 958 etiam
2690 907 2842 975 quod
2874 909 3062 959 vetera
3106 906 3313 976 scripta
3359 906 3522 977 Legis
3572 915 3631 963 et

1931 992 2343 1061 Prophetarum
2366 994 2483 1062 jam
2517 1009 2633 1046 non
2656 992 2754 1046 illo
2787 994 2949 1047 oculo
2985 994 3124 1047 mihi
3154 995 3393 1064 legenda
3421 1012 3626 1065 propo-

1930 1084 2219 1145 nerentur,
2249 1097 2363 1151 quo
2387 1086 2551 1134 antea
2592 1082 2929 1136 videbantur
2970 1084 3233 1151 absurda,
3266 1100 3395 1137 cum
3426 1100 3629 1153 argue-

1927 1167 2058 1220 bam
2103 1172 2372 1238 tanquam
2423 1169 2501 1221 ita
2557 1170 2864 1223 sentientes
2917 1176 3138 1224 sanctos
3206 1175 3367 1240 tuos;
3430 1188 3630 1226 verum

1926 1260 2116 1309 autem
2146 1272 2259 1309 non
2299 1256 2379 1309 ita
2420 1257 2777 1311 sentiebant:
2812 1262 2867 1311 et
2895 1262 3171 1328 tanquam
3215 1262 3471 1328 regulam
3498 1260 3630 1315 dili-

1926 1344 2263 1414 gentissime
2292 1346 2740 1411 commendaret,
2766 1362 2915 1415 saepe
2943 1347 3001 1400 in
3024 1347 3397 1417 popularibus
3417 1365 3629 1403 sermo-

1925 1430 2093 1485 nibus
2146 1432 2264 1485 suis
2312 1432 2597 1487 dicentem
2659 1434 3024 1488 Ambrosium
3090 1436 3254 1489 laetus
3305 1437 3628 1506 audiebam,

1924 1522 2134 1574 Littera
2174 1522 2404 1587 occidit;
2438 1524 2667 1591 spiritus
2697 1527 2875 1577 autem
2906 1522 3151 1593 viviﬁcat
3174 1525 3238 1593 (II
3269 1526 3399 1579 Cor.
3428 1542 3508 1589 ιιι,
3540 1524 3625 1595 6):

1925 1623 2054 1661 cum
2088 1624 2153 1661 ea
2184 1624 2313 1679 quae
2354 1608 2426 1661 ad
2457 1609 2706 1662 litteram
2749 1608 3180 1678 perversitatem
3224 1610 3425 1663 docere
3472 1609 3629 1665 vide-

1926 1696 2153 1763 bantur,
2188 1701 2408 1750 remoto
2436 1696 2672 1766 mystico
2698 1698 3017 1751 velamento
3052 1697 3421 1768 spiritualiter
3450 1699 3631 1769 aperi-

1924 1789 2030 1851 ret,
2081 1801 2198 1838 non
2256 1784 2447 1839 dicens
2496 1785 2653 1855 quod
2700 1801 2793 1839 me
2850 1786 3181 1851 offenderet,
3246 1786 3504 1856 quamvis
3563 1803 3629 1841 ea

1926 1873 2158 1938 diceret,
2211 1888 2340 1943 quia
2392 1877 2587 1926 utrum
2626 1888 2761 1927 vera
2817 1878 3006 1927 essent
3048 1873 3235 1926 adhuc
3280 1873 3625 1943 ignorarem.

1927 1961 2215 2015 Tenebam
2248 1961 2403 2015 cnim
2433 1977 2527 2014 cor
2557 1976 2751 2014 meum
2769 1961 2838 2015 ab
2855 1960 3012 2014 omni
3042 1960 3389 2027 assensione,
3418 1962 3628 2017 timens

1925 2050 2333 2121 praecipitium;
2370 2054 2427 2104 et
2469 2039 2775 2119 suspendio
2826 2049 3009 2119 magis
3047 2050 3309 2103 necabar.
3356 2051 3629 2106 Volebam

1926 2140 2081 2194 enim
2112 2155 2310 2193 eorum
2342 2155 2469 2209 quae
2502 2154 2621 2192 non
2648 2138 2898 2192 viderem
2922 2138 3001 2192 ita
3030 2154 3121 2191 me
3143 2143 3360 2191 certum
3391 2138 3536 2205 fieri,
3565 2142 3629 2194 ut

1926 2233 2112 2282 certus
2142 2244 2323 2281 essem
2355 2227 2507 2297 quod
2539 2232 2758 2297 septem
2802 2231 2858 2280 et
2884 2226 2994 2280 tria
3031 2227 3225 2281 decem
3265 2225 3397 2281 sint.
3434 2228 3629 2298 Neque

1925 2318 2080 2371 enim
2112 2320 2228 2370 tam
2261 2316 2496 2369 insanus
2536 2330 2714 2381 eram,
2759 2319 2823 2369 ut
2860 2330 2930 2368 ne
2961 2314 3066 2368 hoc
3097 2314 3333 2385 quidem
3362 2319 3629 2385 putarem

1925 2421 2089 2476 posse
2119 2404 2557 2474 comprehendi;
2603 2404 2702 2457 sed
2746 2403 2892 2457 sicut
2928 2404 3055 2466 hoc,
3087 2402 3166 2457 ita
3202 2408 3407 2458 caetera
3428 2404 3629 2475 cupie-

1926 2496 2077 2560 bam,
2112 2494 2225 2548 sive
2258 2492 2577 2563 corporalia
2622 2508 2752 2563 quas
2789 2508 2980 2546 coram
3025 2492 3283 2546 sensibus
3328 2491 3469 2546 meis
3508 2508 3628 2547 non

1926 2573 2219 2648 adessent;
2279 2583 2392 2636 sive
2447 2581 2787 2652 spiritualia,
2840 2580 2908 2634 de
2964 2580 3172 2650 quibus
3228 2581 3476 2651 cogitare
3514 2580 3643 2634 nisi.

1925 2671 2295 2743 corporaliter
2324 2670 2665 2724 nesciebam.
2713 2671 2777 2723 Et
2807 2668 2993 2722 sanari
3026 2668 3307 2722 credendo
3333 2672 3619 2738 poteram.

1924 2766 1988 2814 ut
2007 2760 2304 2831 purgatior
2324 2758 2469 2813 acies
2491 2758 2697 2811 mentis
2713 2773 2856 2810 meae
2878 2756 3220 2827 dirigeretur
3238 2756 3431 2827 aliquo
3454 2757 3626 2811 modo

1926 2850 1987 2903 in
2030 2849 2323 2901 veritatem
2365 2851 2525 2899 tuam
2581 2860 2805 2915 semper
2844 2848 3193 2909 manentem,
3242 2848 3297 2897 et
3352 2859 3419 2897 ex
3467 2844 3626 2897 nullo

1926 2936 2305 2992 deficientem.
2341 2934 2448 2988 Sed
2477 2933 2624 2987 sicut
2666 2931 2892 2987 evenire
2933 2931 3135 2985 assolet
3168 2936 3231 2985 ut
3259 2932 3473 2985 malum
3504 2947 3625 2986 me-

1928 3026 2119 3081 dicum
2163 3027 2449 3094 expertus,
2498 3023 2669 3075 etiam
2719 3022 2869 3078 bono
2915 3020 3118 3074 timeat
3147 3036 3204 3074 se
3233 3021 3623 3083 committere;

1929 3114 2007 3167 ita
2039 3117 2156 3167 erat
2185 3111 2449 3165 valetudo
2498 3109 2706 3163 anima:
2753 3125 2916 3177 meas,
2969 3124 3096 3179 quae
3126 3108 3327 3179 utique
3372 3108 3482 3163 nisi
3508 3125 3627 3163 cre-

1928 3202 2111 3256 dendo
2144 3200 2332 3255 sanari
2362 3216 2478 3254 non
2512 3202 2749 3269 poterat,
2783 3202 2841 3251 et
2861 3215 2931 3251 ne
2961 3198 3101 3252 falsa
3133 3198 3408 3264 crederet,
3440 3199 3627 3253 curari

1929 3291 2253 3356 recusabat;
2295 3288 2563 3342 resistens
2602 3287 2867 3341 manibus
2905 3286 3040 3352 tuis,
3082 3286 3182 3357 qui
3212 3286 3629 3341 medicamenta

1930 3380 2065 3433 lidei
2094 3377 2403 3444 confecisti,
2436 3382 2493 3431 et
2522 3376 2776 3448 sparsisti
2808 3392 2977 3446 super
3007 3376 3238 3430 morbos
3269 3375 3421 3431 orbis
3448 3379 3626 3431 terra-

1931 3484 2081 3535 rum,
2109 3472 2165 3522 ct
2190 3471 2410 3523 tantam
2432 3466 2543 3520 illis
2566 3464 2960 3519 auctoritatem
2988 3463 3256 3519 tribuisti.

2616 3591 2655 3644 C
2673 3590 2841 3643 XPUT
2882 3589 2943 3642 V.

2002 3685 2075 3736 De
2096 3696 2371 3735 sacrorum
2396 3680 2681 3733 Librorum
2711 3679 3031 3732 auctoritate
3051 3680 3099 3730 ct
3118 3677 3413 3729 necessario
3433 3690 3553 3728 usu.

1999 3791 2055 3842 7.
2094 3788 2167 3840 Ex
2199 3786 2303 3839 hoc
2334 3788 2526 3837 tamen
2557 3799 2786 3853 quoque
2804 3783 2921 3853 jam
2954 3796 3293 3853 prmponens
3313 3780 3629 3834 doctrinam

1933 3874 2289 3939 catholicam,
2327 3871 2635 3925 modestius
2675 3870 2754 3925 ibi
2798 3870 3150 3941 minimeque
3182 3869 3457 3923 fallaciter
3503 3884 3630 3923 sen-

1932 3964 2141 4018 tiebam
2159 3960 2351 4032 juberi
2375 3965 2434 4014 ut
2454 3960 2780 4014 crederetur
2808 3960 2961 4030 quod
2992 3976 3104 4012 non
3135 3957 3633 4013 demonstrabatur

1935 4054 2069 4125 (sive
2120 4056 2266 4106 esset
2314 4049 2473 4121 quid,
2519 4049 2613 4103 sed
2652 4048 2744 4103 cui
2791 4050 2935 4103 forte
2987 4064 3102 4101 non
3144 4051 3320 4112 esset;
3368 4046 3481 4100 sive
3530 4062 3633 4099 nec

1935 4141 2074 4213 quid
2146 4140 2371 4209 esset),
2428 4153 2601 4209 quam
2672 4136 2787 4190 illic
2851 4135 3156 4190 temeraria
3222 4133 3633 4205 pollicitatione

1936 4229 2185 4284 scientiae
2232 4227 2624 4282 credulitatem
2670 4225 2926 4291 irrideri;
2978 4230 3033 4278 et
3060 4227 3257 4293 postea
3304 4227 3421 4275 tam
3453 4221 3635 4274 multa

1938 4317 2354 4373 fabulosissima
2386 4319 2441 4369 et
2480 4314 2906 4379 absurdissima,
2940 4313 3075 4383 quia
3104 4308 3483 4365 demonstrari
3514 4324 3633 4362 non

1936 4410 2219 4478 poterant,
2246 4403 2528 4458 credenda
2551 4402 2838 4473 imperari.
2870 4400 3084 4455 Deinde
3114 4397 3387 4469 paulatim
3410 4401 3494 4462 tu,
3522 4398 3633 4450 Do-

1941 4497 2113 4559 mine,
2141 4510 2315 4549 manu
2336 4492 2634 4547 mitissima
2657 4497 2711 4546 et
2735 4488 3261 4545 misericordissima
3284 4490 3636 4557 pertractans

1940 4591 1995 4640 et
2025 4599 2373 4654 componens
2404 4598 2502 4635 cor
2536 4596 2749 4643 meum,
2774 4573 3153 4631 consideranti
3176 4589 3347 4643 quam
3376 4572 3637 4627 innume-

1940 4673 2141 4728 rabilia
2187 4672 2473 4725 crederem
2532 4686 2659 4740 quae
2720 4683 2833 4721 non
2890 4664 3228 4732 viderem’,
3278 4678 3460 4732 neque
3505 4677 3636 4716 cum

1941 4765 2274 4835 gererentur
2321 4761 2659 4823 adfuissem;
2715 4756 2861 4809 sicut
2899 4757 3019 4807 tam
3062 4752 3243 4805 multa
3290 4750 3351 4804 in
3398 4750 3639 4805 historia

1942 4850 2219 4922 gentium,
2254 4854 2371 4902 tam
2414 4849 2594 4901 multa
2627 4846 2695 4899 de
2726 4842 2861 4896 locis
2893 4846 3063 4911 atque
3096 4840 3333 4895 urbibus
3364 4856 3493 4910 qua:
3524 4854 3639 4893 non

1942 4940 2211 5003 videram,
2245 4944 2361 4991 tam
2394 4937 2569 4990 multa
2595 4932 2811 4998 amicis,
2845 4936 2962 4985 tam
2996 4932 3175 4983 multa
3216 4928 3472 4993 medicis,
3522 4932 3640 4981 tam

1944 5028 2124 5081 multa
2153 5026 2486 5081 hominibus
2516 5023 2640 5077 aliis
2671 5026 2837 5092 atque
2860 5020 3014 5085 aliis;
3045 5035 3173 5091 qua:
3200 5017 3311 5072 nisi
3342 5017 3637 5071 crederen-

1946 5122 2055 5183 tur,
2084 5119 2318 5170 omnino
2370 5114 2430 5167 in
2472 5113 2575 5166 hac
2612 5111 2727 5163 vita
2771 5109 2911 5162 nihil
2958 5122 3288 5179 ageremus;
3326 5108 3639 5174 postremo,

1946 5222 2117 5277 quam
2149 5204 2478 5258 inconcusse
2506 5203 2681 5255 fixum
2708 5200 2817 5254 lide
2845 5198 3174 5265 retinerem,
3206 5197 3273 5251 de
3304 5192 3511 5265 quibus
3540 5206 3641 5261 pa~

2013 5369 2023 5399 ί
2045 5366 2373 5422 Postvocem,
2392 5359 2644 5418 Ecclesia,
2668 5357 2878 5408 additur
2899 5358 2953 5407 in
2970 5355 3098 5405 Edd.
3114 5357 3224 5415 tua,
3243 5363 3359 5415 qua!
3376 5362 3472 5398 vox
3494 5348 3644 5397 abest

1951 5444 1979 5476 ά
2006 5428 2326 5546 ᾖΙῗίάειίιιιι,
2354 5485 2505 5549 juxta
2534 5485 2682 5534 Mart.
2715 5484 2779 5533 Μ.
