4058 6174
409 255 527 308 723

403 377 659 436 rentibus
708 378 866 432 ortus
909 391 1112 444 essem,
1165 376 1318 448 quod
1367 374 1507 430 scire
1538 389 1658 429 non
1698 387 1950 444 possem.
1993 371 2109 427 nisi

409 467 693 524 audiendo
716 465 1112 522 credidissem:
1151 463 1484 537 persuasisti
1517 461 1685 530 mihi,
1716 476 1834 515 non
1865 459 1965 532 qui
1987 476 2107 516 cre-

409 557 608 613 derent
637 554 818 611 Libris
856 554 992 621 tuis,
1030 569 1172 625 quos
1209 556 1368 608 tanta
1393 551 1455 605 in
1487 549 1754 604 omnibus
1779 549 1898 604 fere
1928 549 2111 620 genti-

407 645 515 700 bus
545 643 880 698 auctoritate
922 641 1202 709 fundasti;
1243 640 1343 695 sed
1375 639 1474 710 qui
1503 655 1619 692 non
1657 638 1957 692 crederent
1987 653 2108 692 esse

403 733 736 805 culpandus,
765 747 868 785 nec
892 729 1209 800 audiendos
1257 744 1396 795 esse,
1426 727 1473 781 si
1494 727 1594 799 qui
1627 727 1768 782 forte
1797 726 1939 781 mihi
1961 727 2109 781 dicc-

401 827 568 877 rent:
594 820 751 874 Unde
793 818 900 872 scis
928 818 1054 872 illos
1085 818 1280 872 Libros
1321 816 1492 870 unius
1522 815 1638 870 veri
1668 820 1723 870 et
1761 814 2109 870 veracissimi

406 909 505 965 Dei
536 907 738 979 spiritu
769 922 889 960 esse
919 907 1172 960 humano
1205 904 1404 976 generi
1433 904 1819 959 ministratos?
1849 904 2109 974 Idipsum

405 997 559 1053 enim
580 995 828 1050 maxime
859 995 1207 1050 credendum
1232 998 1373 1062 erat,
1396 993 1672 1064 quoniam
1701 993 1862 1047 nulla
1889 1008 2112 1063 pugna-

405 1085 544 1140 citas
569 1083 1050 1139 calumniosarum
1075 1083 1481 1154 quaestionum,
1512 1097 1613 1153 per
1635 1085 1752 1136 tam
1780 1081 1961 1136 multa
1982 1096 2111 1151 quas

406 1173 660 1246 legeram
684 1173 834 1227 inter
865 1189 923 1226 se
952 1171 1389 1243 conﬂigentium
1410 1171 1909 1242 philosophorum,
1932 1173 2113 1224 extor-

406 1277 584 1334 quere
614 1261 760 1315 mihi
782 1260 970 1331 potuit
1001 1265 1065 1315 ut
1107 1259 1415 1331 aliquando
1436 1275 1551 1312 non
1571 1259 1882 1326 crederem,
1906 1263 1962 1314 te
1992 1273 2114 1313 esse

408 1349 692 1422 quidquid
719 1364 870 1402 esses
897 1348 1052 1418 quod
1083 1363 1189 1417 ego
1219 1346 1530 1413 nescirem;
1553 1349 1650 1400 aut
1671 1344 2113 1400 administratio-

411 1454 546 1494 nem
576 1453 769 1492 rerum
793 1437 1178 1490 humanarum
1209 1436 1278 1490 ad
1303 1439 1359 1490 te
1388 1434 1697 1505 pertinere.

481 1529 533 1581 8.
574 1526 682 1581 Sed
704 1525 764 1580 id
785 1525 1084 1579 credebam
1119 1524 1422 1596 aliquando
1449 1524 1762 1591 robustius,
1797 1522 2114 1595 aliquando

411 1613 645 1682 exilius;
686 1629 912 1685 semper
953 1617 1150 1667 tamen
1195 1612 1413 1666 credidi
1444 1616 1499 1667 et
1543 1629 1663 1666 esse
1712 1617 1790 1682 te,
1839 1616 1892 1666 et
1922 1627 2115 1666 curam

411 1701 595 1757 nostri
620 1717 850 1772 gerere;
873 1701 1099 1755 etiamsi
1119 1693 1458 1772 ignorabam
1478 1701 1562 1755 vel
1589 1700 1726 1772 quid
1753 1701 2115 1755 sentiendum

413 1791 559 1843 esset
588 1788 657 1842 de
689 1787 1007 1842 substantia
1030 1791 1149 1855 tua,
1180 1788 1267 1842 vel
1291 1803 1420 1858 quae
1446 1787 1538 1840 via
1568 1788 1804 1842 duceret
1833 1791 1931 1842 aut
1953 1787 2119 1841 redu-

413 1880 565 1932 ceret
592 1877 665 1932 ad
687 1881 761 1932 te.
788 1877 1035 1948 Ideoque
1065 1893 1196 1932 cum
1216 1892 1466 1932 essemus
1486 1875 1705 1930 infirmi
1725 1876 1795 1930 ad
1823 1876 2117 1931 invenien-

414 1966 546 2022 dam
567 1965 787 2038 liquida
814 1966 1036 2021 ratione
1065 1967 1383 2024 veritatem.
1411 1970 1468 2020 et
1517 1966 1588 2020 ob
1618 1966 1728 2020 hoc
1773 1965 1936 2020 nobis
1975 1982 2117 2036 opus

413 2059 559 2110 esset
595 2055 930 2110 auctoritate
969 2059 1294 2111 sanctarum
1333 2055 1698 2122 Litterarum,
1727 2054 1849 2125 jam
1888 2054 2116 2108 credere

413 2158 697 2213 coeperam
727 2144 885 2197 nullo
919 2143 1092 2197 modo
1124 2146 1178 2197 te
1208 2142 1380 2197 fuisse
1410 2142 1764 2197 tributurum
1787 2145 1906 2196 tam
1932 2143 2114 2196 excel-

413 2232 626 2287 lentem
645 2231 730 2286 illi
754 2231 1062 2303 Scripturze
1089 2247 1196 2302 per
1234 2247 1432 2285 omnes
1455 2231 1576 2301 jam
1606 2233 1786 2285 terras
1815 2230 2115 2285 auctorita-

415 2324 549 2385 tem,
612 2319 723 2374 nisi
756 2323 812 2374 et
850 2335 954 2390 per
995 2319 1179 2390 ipsam
1216 2318 1321 2373 tibi
1363 2318 1539 2385 credi,
1588 2323 1646 2373 et
1698 2334 1804 2390 per
1845 2318 2030 2390 ipsam
2062 2323 2117 2374 te

418 2409 599 2480 quaeri
622 2408 914 2463 voluisses.
953 2409 1077 2463 Jam
1113 2406 1269 2462 enim
1304 2407 1716 2463 absurditatem
1760 2423 1888 2479 quae
1932 2422 2026 2462 me
2055 2407 2118 2462 in

418 2497 531 2553 illis
562 2497 787 2553 Litteris
817 2497 1037 2552 solebat
1067 2496 1376 2564 offendere,
1407 2512 1538 2551 cum
1568 2496 1749 2550 multa
1778 2512 1847 2550 ex
1877 2495 1957 2550 eis
1983 2512 2118 2566 pro-

415 2585 684 2641 babiliter
721 2585 978 2657 exposita
1015 2584 1324 2655 audissem,
1366 2584 1438 2639 ad
1477 2588 1962 2640 sacramentorum
1991 2585 2118 2639 alti-

419 2675 678 2730 tudinem
707 2674 1066 2730 referebam:
1110 2690 1290 2746 eoque
1335 2672 1482 2729 mihi
1513 2673 1614 2727 illa
1651 2673 2032 2728 venerabilior
2065 2677 2121 2728 et

418 2767 776 2818 sacrosancta
801 2763 916 2818 ﬁde
955 2762 1186 2835 dignior
1224 2763 1536 2834 apparebat
1565 2762 1886 2829 auctoritas,
1919 2777 2033 2833 quo
2065 2765 2120 2816 et

419 2851 686 2906 omnibus
715 2851 783 2906 ad
817 2851 1126 2922 legendum
1148 2855 1292 2905 esset
1319 2850 1379 2905 in
1411 2854 1706 2922 promptu,
1734 2855 1791 2904 et
1809 2849 2008 2905 secreti
2030 2849 2119 2903 sui

422 2940 761 3012 dignitatem
791 2939 852 2994 in
879 2941 1170 2995 intellectu
1206 2939 1581 3011 profundiore
1621 2943 1898 3006 servaret;
1929 2937 2119 2993 verbis

420 3027 794 3099 apertissimis
823 3031 880 3083 et
907 3028 1232 3083 humillimo
1255 3044 1463 3098 genere
1493 3027 1770 3098 loquendi
1809 3043 1866 3081 se
1901 3026 2120 3081 cunctis

419 3117 703 3188 praebens,
756 3121 814 3171 et
863 3132 1130 3172 exercens
1171 3116 1551 3172 intentionem
1599 3132 1816 3183 eorum,
1855 3115 1955 3187 qui
2003 3131 2120 3170 non

422 3208 559 3258 sunt
596 3205 745 3259 leves
788 3205 991 3259 corde:
1032 3209 1094 3259 ut
1141 3205 1426 3276 exciperet
1447 3221 1644 3259 omnes
1669 3203 1936 3275 populari
1965 3203 2116 3270 sinu,

422 3296 481 3346 et
507 3307 611 3363 per
633 3295 873 3363 angusta
893 3292 1179 3346 foramina
1196 3309 1407 3362 paucos
1427 3293 1496 3347 ad
1519 3297 1573 3348 te
1603 3293 1910 3363 trajiceret,
1939 3293 2119 3346 multo

424 3384 619 3435 tamen
661 3381 878 3451 plures,
928 3396 1100 3451 quam
1145 3379 1193 3434 si
1237 3395 1344 3435 nec
1382 3383 1541 3435 tanto
1583 3380 1742 3450 apice
1770 3379 2121 3434 auctoritatis

422 3469 720 3536 emineret,
755 3485 858 3524 nec
888 3469 1084 3523 turbas
1118 3469 1337 3540 gremio
1367 3474 1576 3524 sanctas
1610 3468 1948 3523 humilitatis
1977 3468 2120 3523 hau-

419 3557 580 3612 riret.
611 3557 940 3629 Cogitabam
964 3558 1106 3621 haec,
1139 3561 1196 3612 et
1224 3557 1422 3612 aderas
1445 3557 1620 3625 mihi;
1653 3557 2031 3630 suspirabam,
2066 3562 2123 3613 et

419 3646 691 3702 audiebas
718 3662 848 3700 me:
898 3645 1266 3714 ﬂuctuabam,
1312 3649 1368 3702 et
1410 3646 1769 3718 gubernabas
1810 3662 1933 3716 me;
1963 3646 2120 3703 ibam

419 3750 525 3805 per
555 3733 708 3789 viam
734 3734 928 3790 saeculi
956 3736 1154 3804 latam,
1183 3750 1286 3789 nec
1312 3734 1630 3791 deserebas.

490 3905 563 3959 De
591 3903 813 3958 miseria
833 3824 1523 4038 αγηὸὶιὶοεὲγὲνὲιῐῖξᾴἷίξίοιο
1551 3903 1790 3973 exemplo
1819 3903 2052 3959 mendici

1231 3999 1300 4037 an
1320 3997 1398 4038 is.

1231 3997 1398 4038 anns.

489 4073 540 4126 9:
581 4069 879 4125 Inhiabam
910 4070 1248 4140 honoribus,
1276 4069 1472 4138 lucris,
1504 4069 1802 4140 conjugio;
1833 4073 1890 4124 et
1913 4073 1973 4125 tu
1997 4071 2122 4126 irri-

421 4159 612 4215 debas.
638 4158 900 4214 Patiebar
928 4157 989 4213 in
1015 4158 1098 4213 eis
1141 4159 1547 4230 cupiditatibus
1586 4157 1968 4214 amarissimas
2009 4159 2119 4215 dif-

417 4250 718 4316 ﬁcultates,
766 4253 822 4304 te
870 4248 1120 4321 propitio
1183 4252 1341 4303 tanto
1391 4247 1595 4320 magis,
1648 4251 1864 4320 quanto
1925 4248 2119 4304 minus

417 4338 642 4394 sinebas
673 4337 817 4393 mihi
861 4337 1184 4392 dulcescere
1227 4337 1384 4408 quod
1411 4353 1528 4392 non
1578 4353 1702 4393 eras
1732 4341 1814 4392 tu.
1858 4337 1994 4393 Vide
2021 4355 2120 4394 cor

419 4443 634 4495 meum,
681 4425 945 4489 Domine,
997 4425 1099 4496 qui
1135 4425 1366 4480 voluisti
1417 4429 1485 4480 ut
1529 4425 1639 4480 hoc
1674 4425 2008 4481 recordarer
2062 4430 2120 4482 et

418 4516 724 4570 conﬁterer
744 4513 872 4570 tibi.
905 4515 1065 4570 Nunc
1095 4513 1200 4569 tibi
1228 4513 1509 4568 inhaereat
1544 4514 1735 4569 anima
1763 4531 1906 4583 mea,
1942 4532 2116 4588 quam

419 4603 488 4658 de
510 4604 661 4658 visco
691 4607 810 4658 tam
838 4603 1024 4659 tenaci
1046 4603 1249 4660 mortis
1272 4601 1492 4658 exuisti.
1524 4602 1705 4667 Quam
1735 4603 1942 4659 misera
1965 4604 2111 4660 erat!

416 4695 473 4747 et
501 4707 733 4746 sensum
770 4691 1021 4748 vulneris
1059 4697 1120 4748 tu
1150 4691 1468 4764 pungebas,
1500 4695 1565 4745 ut
1597 4690 1810 4746 relictis
1850 4693 2117 4748 omnibus

416 4783 841 4835 converteretur
888 4781 959 4836 ad
1004 4785 1061 4836 te
1092 4779 1194 4852 qui
1224 4795 1282 4836 es
1309 4795 1482 4850 super
1514 4779 1726 4847 omnia,
1761 4783 1816 4834 et
1844 4780 1964 4836 sine
2000 4798 2115 4853 quo

415 4866 576 4920 nulla
595 4870 783 4922 essent
801 4868 1021 4937 omnia;
1047 4871 1492 4936 converteretur,
1517 4871 1572 4923 et
1592 4871 1906 4924 sanaretur.
1933 4869 2114 4935 Quam

409 4971 548 5026 ergo
577 4955 752 5009 miser
780 4972 956 5025 eram,
987 4961 1043 5012 et
1068 4958 1354 5030 quomodo
1397 4956 1564 5030 egisti
1599 4960 1663 5012 ut
1703 4957 1976 5012 sentirem
2004 4958 2114 5013 mi-

409 5043 622 5114 seriam
655 5060 864 5109 meam,
888 5046 977 5101 die
1007 5046 1106 5100 illo
1135 5063 1248 5119 quo
1279 5063 1408 5102 cum
1436 5063 1700 5119 pararem
1734 5047 1971 5102 recitare
1992 5049 2111 5103 Im-

412 5133 665 5205 peratori
713 5133 905 5188 laudes
948 5133 1040 5203 (a),
1083 5135 1288 5206 quibus
1317 5137 1482 5207 plura
1518 5136 1810 5202 mentirer,
1862 5139 1920 5190 et
1949 5153 2111 5190 men-

470 5223 535 5286 (_a)
550 5221 772 5286 fortean
785 5220 1373 5286 Valentinianominori,
1391 5223 1512 5286 quia
1524 5223 1638 5286 ejus
1652 5222 1958 5286 «comitatus
1972 5223 2110 5285 apud

411 5282 857 5347 «Mediolanum,»
881 5297 946 5331 ex
968 5283 1204 5347 Possidio
1235 5298 1348 5347 cap.
1363 5282 1452 5343 ⁷1,’‹‹
1467 5282 1579 5334 tum
1602 5289 1712 5334 erat
1735 5282 2110 5342 constitutus,»

411 5358 537 5414 cum
554 5345 628 5393 ibi
653 5345 968 5414 rbetpricam
985 5345 1719 5414 profitebaturAugustinus;
1746 5347 1834 5409 qui
1858 5349 2113 5414 prwterea

409 5405 498 5470 lib.
513 5409 736 5470 3contra
758 5405 1013 5457 Petiliani'
1030 5407 1170 5470 Litt.,
1196 5421 1307 5470 cap.
1333 5412 1410 5461 25,
1432 5405 1611 5458 scribit
1629 5423 1684 5458 se
1705 5405 1959 5458 ineadem
1984 5410 2111 5459 urbe

409 5486 432 5510 «
451 5467 675 5536 Bautoni
691 5470 897 5536 consuli
910 5467 1384 5536 calendisjanuarii
1397 5471 1606 5522 laudem
1630 5485 1722 5536 pro
1742 5485 1837 5522 sua
1853 5477 1978 5522 tunc
1993 5471 2111 5522 rhe-

403 5547 429 5574 α
454 5531 616 5581 torica
635 5532 958 5596 professione
982 5531 1246 5584 recitasse.
1263 5550 1288 5575 υ

1619 246 2160 306 CONFESSIONUM
2199 245 2255 304 S.
2313 243 2722 304 AUGUSTINI.
3790 248 3881 304 72$

2214 371 2382 428 tienti
2421 371 2706 427 faveretur
2745 368 2817 425 ab
2850 366 3183 436 scientibus,
3222 381 3430 439 easque
3478 381 3637 424 curas
3680 368 3882 424 anhela.

2215 465 2303 516 ret
2331 477 2430 517 cor
2467 476 2685 528 meum,
2731 462 2787 514 et
2817 457 3233 530 cogitationum
3271 456 3623 513 tabiﬁcarum
3659 458 3882 515 febribus

2217 553 2510 617 mstuaret;
2547 548 2830 603 transiens
2859 563 2965 619 per
2995 547 3304 618 quemdam
3327 545 3512 602 vicum
3533 546 3880 602 Mediolanen-

2217 656 2357 707 sem,
2409 636 2784 694 animadverti
2832 651 3143 709 pauperem
3188 634 3536 700 mendicum,
3578 636 3697 707 jam
3734 635 3878 691 credo

2217 733 2494 794 saturum,
2529 727 2820 798 jocantem
2859 729 3031 796 atque
3079 725 3409 779 laetantem:
3457 727 3513 780 et
3552 724 3812 796 ingemui,
3836 730 3881 781 et

2217 818 2438 872 locutus
2481 832 2605 870 sum
2650 831 2781 870 cum
2825 814 3023 868 amicis
3070 813 3170 886 qui
3206 829 3432 868 mecum
3477 817 3655 881 erant,
3700 814 3879 868 multos

2217 907 2437 961 dolores
2458 905 2811 960 insaniarum
2841 908 3187 973 nostrarum,
3237 902 3373 974 quia
3413 902 3677 957 omnibus
3703 903 3879 958 talibus

2218 995 2509 1049 conatibus
2551 993 2776 1053 nostris,
2822 992 3086 1064 qualibus
3132 996 3269 1047 tunc
3299 991 3650 1057 laborabam,
3681 991 3776 1046 sub
3801 991 3878 1046 sti-

2218 1083 2390 1138 mulis
2418 1081 2794 1154 cupiditatum
2809 1081 3042 1136 trahens
3058 1079 3411 1135 infelicitatis
3435 1095 3584 1134 meas
3615 1079 3878 1146 sarcinam,

2220 1177 2276 1228 et
2305 1171 2584 1228 trahendo
2618 1186 2988 1242 exaggerans,
3026 1169 3170 1224 nihil
3213 1170 3491 1224 vellemus
3533 1168 3685 1223 aliud
3711 1168 3805 1222 nisi
3826 1170 3880 1224 ad

2221 1277 2478 1317 securam
2522 1259 2782 1315 laetitiam
2823 1258 3144 1331 pervenire,
3183 1274 3298 1331 quo
3340 1274 3446 1312 nos
3494 1257 3774 1312 mendicus
3804 1257 3879 1314 ille

2214 1350 2337 1422 jam
2365 1349 2761 1421 praecessisset,
2812 1363 3110 1419 nunquam
3148 1347 3394 1402 fortasse
3441 1346 3577 1400 illuc
3614 1347 3874 1401 venturos!

2223 1438 2386 1505 Quod
2409 1437 2564 1492 enim
2587 1437 2708 1508 jam
2730 1436 2824 1490 ille
2843 1435 3099 1507 pauculis
3128 1437 3184 1490 et
3212 1433 3582 1489 emendicatis
3609 1433 3878 1488 nummulis

2224 1528 2462 1600 adeptus
2509 1529 2646 1588 erat,
2677 1525 2747 1580 ad
2772 1525 2878 1579 hoc
2901 1540 3007 1594 ego
3056 1527 3175 1578 tam
3206 1522 3550 1578 aerumnosis
3579 1518 3878 1577 anfractibus

2225 1621 2282 1671 et
2308 1615 2636 1670 circuitibus
2665 1613 3008 1680 ambiebam,
3027 1612 3097 1667 ad
3127 1611 3384 1667 laztitiam
3406 1611 3617 1665 scilicet
3640 1615 3878 1682 tempora-

2224 1706 2292 1760 lis
2321 1704 2625 1760 felicitatis.
2660 1705 2782 1758 Non
2809 1702 2964 1757 enim
2992 1717 3193 1756 verum
3217 1701 3496 1772 gaudium
3524 1700 3773 1766 habebat,
3801 1700 3875 1753 sed

2225 1799 2279 1850 et
2308 1810 2414 1865 ego
2444 1793 2555 1848 illis
2578 1791 2987 1847 ambitionibus
3017 1792 3199 1846 multo
3235 1789 3438 1846 falsius
3478 1789 3800 1862 quaerebam.
3828 1789 3875 1843 Et

2224 1889 2373 1938 certe
2411 1882 2507 1937 ille
2544 1881 2861 1943 laetabatur,
2905 1896 3012 1951 ego
3054 1880 3257 1934 anxius
3305 1894 3502 1945 eram;
3539 1894 3756 1932 securus
3783 1877 3872 1946 ille,

2226 1988 2330 2044 ego
2360 1971 2632 2042 trepidus.
2661 1971 2728 2025 Et
2747 1968 2795 2024 si
2814 1969 3113 2041 quisquam
3137 1970 3575 2040 percontaretur
3593 1982 3698 2033 me,
3719 1970 3873 2019 utrum

2225 2061 2456 2116 mallem
2501 2060 2783 2114 exsultare
2824 2075 2896 2112 an
2925 2060 3231 2124 metuere;
3257 2055 3679 2127 responderem,
3717 2054 3874 2110 Exsul-

2225 2154 2365 2205 tare.
2399 2151 2615 2204 Rursus
2644 2148 2692 2202 si
2721 2147 3124 2218 interrogaret,
3141 2149 3339 2200 utrum
3371 2160 3463 2199 me
3493 2144 3660 2199 talem
3687 2143 3875 2198 mallem

2227 2238 2410 2310 qualis
2447 2237 2564 2303 ille,
2595 2253 2667 2292 an
2699 2236 2880 2309 qualis
2911 2251 3014 2308 ego
3053 2239 3191 2290 tunc
3225 2250 3445 2301 essem;
3469 2232 3736 2304 meipsum
3761 2230 3875 2287 curis

2225 2327 2644 2398 timoribusque
2678 2324 3000 2380 confectum
3036 2323 3348 2394 eligerem:
3398 2322 3498 2377 sed
3536 2321 3873 2394 perversitate;

2226 2415 2512 2488 numquid
2539 2413 2814 2470 veritate?
2845 2414 3040 2485 Neque
3070 2412 3227 2467 enim
3257 2429 3324 2467 eo
3347 2429 3446 2467 me
3480 2425 3791 2483 praeponere
3813 2405 3875 2462 illi

2227 2505 2505 2560 debebam
2534 2545 2548 2570 ,
2581 2519 2695 2576 quo
2726 2502 2944 2558 doctior
2973 2517 3149 2570 eram,
3178 2500 3458 2572 quoniam
3485 2517 3598 2556 non
3625 2499 3875 2570 indagan-

2226 2595 2450 2659 dcbam,
2484 2592 2582 2648 sed
2609 2593 2833 2664 placere
2874 2591 3007 2645 inde
3047 2590 3378 2664 quaerebam
3416 2588 3753 2655 hominibus;
3785 2599 3874 2639 non

2226 2687 2291 2738 ut
2332 2699 2428 2737 eos
2461 2682 2744 2747 docerem,
2787 2681 2887 2736 sed
2920 2683 3145 2734 tantum
3175 2683 3238 2733 ut
3266 2679 3576 2750 placerem.
3615 2679 3873 2747 Propterea

2227 2775 2284 2826 et
2313 2774 2375 2825 ut
2403 2769 2601 2825 baculo
2622 2768 2939 2840 disciplinae
2964 2771 3078 2822 tua:
3108 2767 3510 2839 confringebas
3533 2782 3651 2821 ossa
3678 2779 3802 2819 mea.

2302 2861 2384 2914 l0.
2426 2855 2714 2913 Recedant
2764 2872 2900 2927 ergo
2942 2855 3020 2922 al;
3060 2855 3250 2910 anima
3299 2871 3432 2910 mea
3470 2855 3569 2927 qui
3609 2854 3782 2909 dicunt
3804 2849 3868 2905 ei:

2228 2949 2469 3003 Interest
2505 2947 2653 3002 unde
2695 2938 2821 3018 quis
2861 2945 3121 3017 gaudeat.
3166 2945 3463 3001 Gaudebat
3498 2943 3768 2999 mendicus
3798 2940 3869 2994 ille

2226 3035 2566 3102 vinolentia;
2595 3039 2657 3090 tu
2704 3034 2954 3105 gaudere
3001 3032 3272 3104 cupiebas
3319 3033 3524 3104 gloria.
3573 3033 3684 3098 Qua
3710 3027 3869 3101 gloria,

2231 3125 2509 3180 Domine?
2534 3125 2671 3189 Quae
2704 3139 2822 3178 non
2860 3126 2942 3178 est
2969 3122 3030 3177 in
3057 3127 3132 3177 te.
3180 3123 3324 3177 Nam
3365 3122 3510 3177 sicut
3545 3120 3678 3176 illud
3713 3131 3866 3172 verum

2229 3213 2502 3284 gaudium
2532 3229 2649 3267 non
2678 3216 2817 3279 erat,
2839 3211 2916 3266 ita
2946 3227 3051 3266 ncc
3080 3210 3178 3265 illa
3204 3227 3342 3265 vera
3370 3211 3578 3283 gloria;
3605 3214 3655 3263 et
3673 3204 3868 3276 amplius

2228 3303 2484 3357 vertebat
2512 3305 2762 3356 mentem
2793 3317 3002 3356 meam.
3037 3301 3102 3356 Et
3129 3300 3225 3355 ille
3253 3300 3382 3371 ipsa
3420 3303 3582 3355 nocte
3603 3298 3868 3369 digesturus

2229 3394 2352 3445 erat
2395 3389 2731 3445 ebrietatem
2779 3404 2973 3456 suam;
3015 3403 3121 3459 ego
3161 3403 3290 3442 cum
3336 3404 3466 3443 mea
3507 3384 3808 3442 dormieram
3829 3383 3869 3434 et

2230 3494 2611 3546 surrexeram,
2643 3482 2700 3533 et
2728 3477 3082 3533 dormiturus
3111 3481 3168 3531 et
3196 3481 3555 3532 surrecturus
3583 3488 3748 3537 eram;
3775 3467 3868 3523 vide

2231 3571 2370 3639 quot
2397 3566 2618 3622 diebus.
2669 3567 2909 3620 Interest
2933 3581 3067 3620 vero
3111 3566 3264 3621 unde
3311 3567 3445 3638 quis
3493 3564 3736 3636 gaudeat,
3762 3556 3864 3620 scio,

2230 3660 2286 3711 et
2307 3655 2582 3727 gaudium
2611 3654 2732 3726 spei
2757 3653 2940 3710 fidelis
2972 3653 3500 3726 incomparabiliter
3529 3653 3686 3708 distat
3719 3648 3778 3702 ab
3795 3645 3868 3699 illa

2228 3745 2514 3812 vanitate;
2559 3744 2656 3798 sed
2706 3747 2762 3798 et
2805 3747 2940 3798 tunc
2986 3743 3229 3798 distabat
3274 3743 3428 3798 inter
3475 3758 3593 3797 nos.
3638 3736 3866 3795 Nimirum

2229 3833 2444 3906 quippe
2475 3833 2569 3887 ille
2599 3831 2819 3887 felicior
2856 3835 2996 3898 erat,
3035 3848 3154 3886 non
3184 3819 3414 3887 tantum
3454 3830 3600 3903 quod
3636 3825 3866 3884 hilaritate

2227 3922 2696 3994 perfundebatur,
2745 3937 2875 3976 cum
2925 3936 3032 3992 ego
3087 3920 3239 3975 curis
3290 3921 3655 3985 eviscerarer;
3711 3924 3864 3968 verum

2229 4011 2420 4080 etiam,
2453 4011 2608 4082 quod
2654 4010 2750 4064 ille
2793 4010 2939 4064 bene
2986 4009 3236 4081 optando
3281 4009 3652 4081 acquisiverat
3691 4003 3862 4063 vinum,

2227 4115 2332 4170 ego
2371 4097 2700 4154 mentiendo
2741 4098 3069 4170 quaerebam
3106 4097 3373 4170 typhum.
3416 4096 3536 4152 Dixi
3565 4101 3692 4150 tunc
3724 4087 3864 4145 multa

2227 4189 2287 4242 in
2312 4188 2416 4243 hac
2442 4187 2722 4242 sententia
2762 4186 2947 4241 charis
2983 4186 3144 4254 meis,
3192 4189 3250 4241 et
3279 4202 3432 4258 saepe
3473 4171 3861 4239 advertebamin

2227 4277 2314 4333 bis
2344 4277 2630 4350 quomodo
2669 4276 2813 4331 mihi
2852 4279 3024 4342 esset;
3058 4280 3116 4330 et
3163 4274 3525 4330 inveniabam
3578 4269 3712 4325 male
3753 4257 3864 4350 milli

2227 4348 2380 4433 esse;
2396 4369 2453 4420 et
2497 4364 2760 4420 dolebam
2803 4367 2861 4418 et
2904 4362 3382 4433 condnplicabam
3426 4363 3609 4433 ipsum
3650 4353 3792 4410 male.
3817 4348 3864 4402 Et

2226 4453 2273 4508 si
2303 4453 2441 4526 quid
2479 4452 2759 4508 arrisisset
2797 4467 3156 4524 prosperum,
3193 4451 3443 4506 taedebat
3469 4441 3858 4521 apprehendere.

2226 4543 2362 4616 quia
2388 4558 2535 4616 pene
2556 4542 2892 4615 priusquam
2921 4545 3235 4610 teneretur,
3266 4539 3544 4596 avolabat.

2883 4631 3109 4686 CAPUT
3147 4630 3264 4684 VII.

2451 4720 2716 4791 Alypium
2743 4736 2778 4775 a
2807 4721 3143 4774 Circensium
3165 4719 3386 4774 insania
3415 4714 3676 4772 convertit.

2299 4813 2387 4866 ll.
2426 4809 2991 4881 Congemiscebamus
3019 4807 3081 4863 in
3111 4807 3181 4862 iis
3211 4806 3311 4879 qui
3353 4805 3522 4860 simul
3550 4799 3714 4857 amice
3739 4793 3858 4849 vive-

2222 4900 2445 4967 bamus,
2468 4903 2525 4955 et
2561 4898 2806 4953 maxime
2854 4914 2919 4952 ac
2947 4895 3389 4952 familiarissime
3436 4910 3563 4950 cum
3603 4885 3780 4961 Alypio
3817 4881 3860 4932 εί

2222 4988 2491 5045 Nebridio
2519 4987 2628 5043 ista
2655 4986 3044 5060 colloquebar;
3072 5001 3320 5057 quorum
3339 4983 3570 5057 Alypius
3591 4995 3653 5034 ex
3676 4973 3856 5066 coclea},

2219 5094 2334 5148 quo
2374 5094 2504 5149 ego,
2553 5081 2710 5132 ortus
2739 5081 2860 5132 erat
2897 5075 3234 5146 municipio,
3285 5072 3605 5146 parentibus
3641 5063 3856 5139 primati-

2219 5167 2324 5222 bus
2353 5166 2815 5238 municipalibus,
2858 5181 2950 5220 me
2990 5164 3181 5218 minor
3216 5168 3374 5218 natu.
3415 5163 3551 5217 Nam
3583 5163 3635 5213 et
3665 5150 3855 5238 studuef

2220 5260 2308 5310 rat
2333 5256 2483 5327 apud
2516 5236 2630 5325 me,
2663 5272 2792 5310 cum
2821 5253 2883 5309 in
2912 5257 3105 5308 nostro
3155 5253 3355 5308 docere
3401 5249 3539 5322 coepi
3583 5241 3789 5330 oppido.
3813 5236 3857 5330 εξ

2219 5349 2413 5416 postea
2454 5344 2782 5416 Carthagini
2809 5361 2822 5399 :
2855 5347 2912 5398 et
2943 5343 3216 5413 diligebat
3255 5358 3346 5398 me
3371 5341 3621 5402 multum,
3651 5327 3780 5404 quod
3816 5327 3855 5375 ei

2218 5435 2400 5490 bonus
2431 5437 2488 5489 et
2517 5433 2714 5488 doctus
2755 5432 3013 5499 viderer;
3067 5436 3123 5487 et
3165 5448 3272 5504 ego
3317 5429 3500 5496 illum,
3524 5426 3738 5497 propter
3761 5427 3854 5510 ma-

2218 5539 2390 5596 gnam
2419 5522 2645 5580 virtutis
2672 5522 2947 5591 indolem,
2970 5538 3100 5595 qua:
3129 5521 3189 5578 in
3208 5536 3324 5578 non
3354 5533 3554 5589 magna
3575 5512 3723 5569 aetate
3748 5504 3832 5559 sati
