4022 6176
73 270 187 323 725

54 391 388 447 eminebat.
442 390 662 460 Gurges
710 391 910 444 tamen
948 401 1178 442 morum
1225 386 1781 460 Carthagincnsium,

58 481 285 552 quibus
358 477 661 550 nugatoria
726 478 954 532 fervent
1009 477 1349 547 spectacula,
1413 477 1785 533 absorbucrat

58 587 203 624 eum
239 570 303 624 in
348 568 633 623 insaniam
667 566 1051 621 Circensium:
1086 566 1181 620 sed
1214 582 1345 620 cum
1392 566 1453 620 in
1500 582 1566 620 eo
1608 565 1782 619 mise-

58 659 338 713 rabiliter
366 658 706 724 volveretur,
742 672 847 725 ego
885 660 1075 708 autem
1130 655 1474 709 rhetoricam
1520 655 1598 708 ibi
1642 670 1779 724 pro—

58 748 256 802 fessus
280 746 508 817 publica
539 746 727 799 schola
756 749 972 810 uterer,
1006 744 1257 797 nondum
1292 760 1381 797 me
1415 743 1679 797 audiebat
1722 746 1782 795 ut

61 836 440 906 magistrum,
477 838 710 905 propter
739 833 1049 903 quamdam
1093 832 1445 886 simultatem
1477 848 1605 903 quae
1634 832 1783 884 inter

58 941 157 979 me
183 930 245 979 et
273 930 499 996 patrem
530 925 651 994 ejus
673 925 794 977 erat
823 925 1039 987 exorta,
1083 924 1139 975 et
1195 936 1591 990 compereram
1629 920 1780 990 quod

58 1015 293 1069 circum
353 1011 714 1067 exitiabilitor
784 1014 1021 1076 amaret,
1078 1013 1132 1063 et
1198 1009 1445 1080 graviter
1510 1009 1776 1078 angebar,

58 1102 225 1173 quod
260 1107 477 1156 tantam
511 1116 671 1171 spem
726 1098 1075 1170 perditurus,
1118 1098 1205 1152 vel
1254 1098 1427 1152 etiam
1469 1097 1780 1169 perdidisse

59 1191 214 1245 mihi
246 1191 571 1245 videbatur.
606 1187 717 1243 Sed
744 1187 1016 1241 monendi
1067 1203 1197 1241 eum
1246 1191 1301 1241 et
1339 1187 1531 1257 aliqua
1571 1185 1780 1240 coerci-

54 1281 226 1334 tione
257 1278 561 1334 revocandi
588 1278 747 1331 nulla
778 1280 897 1331 erat
928 1276 1113 1347 copia,
1156 1276 1244 1329 vel
1291 1275 1562 1330 amicitia:
1606 1274 1780 1329 benc-

58 1369 351 1435 volentia,
382 1369 469 1422 vel
495 1368 624 1439 jure
655 1364 984 1436 magisterii.
1020 1364 1297 1419 Putabam
1346 1364 1500 1418 enim
1541 1380 1671 1418 eum
1712 1363 1781 1417 de

54 1474 156 1512 me
190 1474 329 1512 cum
348 1461 509 1529 patre
539 1455 749 1510 sentire
776 1472 789 1521 ;
814 1454 909 1508 ille
942 1470 1074 1508 vero
1105 1470 1222 1507 non
1276 1453 1354 1507 sic
1386 1457 1533 1507 erat.
1584 1454 1781 1523 Itaque

55 1546 395 1619 postposita
448 1546 508 1600 in
541 1545 646 1599 hac
688 1560 747 1597 re
804 1543 982 1614 patris
1037 1543 1349 1612 voluntate,
1398 1542 1642 1596 salutare
1691 1557 1781 1595 me

55 1639 346 1706 cceperat,
378 1634 614 1689 veniens
643 1632 704 1687 in
735 1630 1089 1687 auditorium
1124 1646 1336 1698 meum,
1364 1634 1419 1687 et
1450 1629 1647 1686 audire
1676 1629 1779 1683 ali-

59 1725 217 1797 quid
256 1728 427 1794 atque
456 1722 633 1776 abire.

146 1816 245 1869 12.
285 1813 393 1867 Sed
421 1811 576 1866 enim
610 1811 677 1865 de
705 1807 983 1863 memoria
1016 1806 1157 1861 mihi
1187 1807 1414 1878 lapsum
1452 1810 1574 1861 erat
1613 1823 1780 1877 agere

58 1918 208 1955 cum
240 1900 365 1969 illo,
394 1915 465 1954 ne
496 1914 772 1952 vanorum
793 1898 1063 1951 ludorum
1094 1913 1241 1950 caeco
1273 1900 1328 1950 et
1357 1894 1637 1966 praecipiti
1669 1899 1781 1949 stu-

57 1991 168 2044 dio
200 1994 317 2044 tam
342 1989 559 2043 bonum
597 1986 953 2040 interimeret
989 1985 1305 2057 ingenium.
1332 1986 1539 2037 Verum
1567 1987 1777 2050 autem,

59 2080 340 2144 Domine,
382 2081 438 2131 tu
490 2075 591 2147 qui
622 2074 891 2147 praesides
931 2072 1330 2144 gubernaculis
1362 2072 1621 2126 omnium
1654 2087 1781 2141 quae

55 2165 302 2231 creasti,
336 2182 453 2219 non
480 2180 611 2218 eum
644 2163 853 2217 oblitus
884 2178 1007 2216 eras
1025 2162 1282 2216 futurum
1308 2160 1459 2213 inter
1481 2158 1626 2213 ﬁlios
1652 2164 1780 2212 tuos

54 2255 392 2310 antistitem
423 2252 765 2307 sacramenti
797 2250 916 2318 tui;
957 2254 1012 2305 et
1040 2254 1104 2303 ut
1130 2253 1324 2319 aperte
1363 2247 1469 2301 tibi
1496 2247 1778 2301 tribuere-

54 2349 168 2399 tur
219 2344 345 2413 ejus
400 2341 695 2411 correctio,
752 2357 855 2412 per
909 2355 1001 2393 me
1058 2338 1288 2409 quidem
1319 2336 1501 2404 illam,
1548 2336 1644 2389 sed
1676 2352 1779 2388 ne-

57 2434 351 2488 scientem
376 2435 644 2503 operatus
679 2448 762 2485 es.
803 2431 943 2484 Nam
975 2428 1221 2499 quodam
1255 2426 1343 2480 die
1368 2441 1494 2478 cum
1522 2425 1780 2478 sederem

56 2526 198 2579 loco
230 2521 424 2589 solito,
475 2524 532 2574 et
582 2535 775 2574 coram
822 2534 913 2573 me
960 2516 1224 2571 adessent
1276 2513 1561 2584 discipuli,
1602 2512 1777 2581 venit,

54 2606 355 2671 salutavit,
406 2605 572 2671 sedit,
623 2608 797 2675 atque
833 2604 892 2657 in
925 2619 991 2656 ea
1023 2617 1151 2673 quae
1184 2600 1497 2671 agebantur
1518 2598 1778 2653 animum

58 2704 350 2759 intendit:
385 2707 442 2757 et
470 2702 615 2756 forte
646 2701 810 2755 lectio
840 2700 899 2754 in
930 2698 1192 2752 manibus
1221 2700 1361 2764 erat,
1417 2712 1591 2766 quam
1640 2694 1777 2747 dum

57 2808 440 2863 exponerem,
481 2795 535 2845 et
575 2794 897 2861 opportune
946 2786 1089 2841 mihi
1135 2784 1457 2840 adhibenda
1492 2783 1779 2837 videretur

58 2879 387 2934 similitudo
416 2878 787 2943 Circensium,
811 2893 924 2947 quo
964 2876 1105 2929 illud
1133 2874 1286 2945 quod
1325 2872 1688 2927 insinuabam
1722 2874 1778 2924 ct

56 2967 383 3038 jucundius
431 2971 485 3021 et
538 2965 766 3037 planius
822 2966 1005 3032 ﬁeret,
1036 2980 1167 3017 cum
1213 2962 1475 3016 irrisione
1522 2957 1775 3014 mordaci

62 3073 267 3111 eorum
304 3072 451 3127 quos
496 3055 594 3109 illa
641 3054 978 3125 captivasset
1024 3051 1276 3106 insania:
1340 3053 1403 3103 tu
1451 3047 1580 3115 scis,
1632 3049 1776 3100 Deus

63 3151 281 3214 noster,
335 3146 483 3215 quod
534 3149 671 3199 tunc
720 3144 788 3197 de
827 3141 1028 3213 Alypio
1077 3141 1146 3195 ab
1201 3140 1297 3194 illa
1335 3141 1491 3209 peste
1523 3135 1774 3190 sanando

66 3252 181 3289 non
223 3232 620 3303 cogitaverim.
666 3235 738 3287 At
782 3233 880 3286 1110
924 3232 984 3285 111
1025 3247 1083 3284 se
1130 3228 1340 3299 rapuit,
1393 3242 1599 3297 meque
1630 3224 1772 3279 illud

67 3340 182 3379 non
212 3322 336 3377 nisi
380 3327 620 3394 propter
667 3339 725 3376 se
766 3320 974 3376 dixisse
1017 3318 1276 3374 credidit.
1327 3318 1390 3370 Et
1424 3316 1580 3386 quod
1632 3314 1776 3369 alius

64 3412 357 3482 acciperet
405 3411 476 3464 ad
534 3409 984 3465 succensendum
1040 3406 1203 3473 mihi,
1244 3404 1461 3475 accepit
1503 3405 1776 3458 honestus

66 3502 405 3555 adolescens
437 3499 509 3553 ad
540 3499 986 3553 succensendum
1016 3496 1144 3563 sibi,
1186 3499 1241 3549 et
1265 3495 1335 3548 ad
1364 3510 1452 3549 me
1484 3492 1777 3547 ardentius

62 3587 449 3659 diligendum.
479 3588 709 3642 Dixeras
739 3586 893 3641 enim
922 3590 980 3640 tu
1008 3585 1131 3656 jam
1162 3584 1319 3650 olim,
1348 3587 1404 3636 et
1430 3582 1770 3635 innexueras

68 3676 301 3731 Litteris
342 3677 455 3730 tuis
480 3694 493 3731 :
523 3679 744 3747 Corripe
769 3677 1083 3745 sapientem,
1126 3678 1174 3727 et
1203 3673 1409 3726 amabit
1430 3674 1477 3725 te
1504 3673 1674 3739 (Prov.
1702 3684 1772 3735 111,

66 3772 137 3837 8).
172 3768 259 3826 At
291 3783 399 3839 ego
434 3767 597 3823 illum
622 3768 742 3837 jam
780 3782 896 3819 non
936 3764 1361 3834 corripueram;
1392 3760 1491 3814 sed
1521 3763 1685 3813 utens
1717 3762 1775 3811 tu

67 3861 368 3926 omnibus,
411 3860 465 3910 et
511 3855 819 3910 scientibus
861 3858 917 3908 et
964 3851 1376 3917 nescientibus,
1420 3848 1618 3902 ordine
1663 3862 1776 3916 quo

68 3950 243 4012 nosti,
277 3953 337 4001 et
364 3947 459 4000 ille
492 3945 839 4015 ordojustus
871 3946 976 4011 est,
1009 3942 1077 3996 de
1128 3940 1295 3994 corde
1325 3941 1381 3992 et
1423 3937 1619 4007 lingua
1655 3950 1778 3987 mea

68 4040 356 4093 carbones
386 4035 647 4089 ardentes
678 4036 946 4103 operatus
984 4046 1062 4094 es,
1108 4028 1315 4099 quibus
1356 4030 1608 4081 mentem
1655 4023 1778 4093 spei

70 4130 245 4182 bonae
279 4125 546 4179 adureres
576 4124 981 4186 tabescentem,
1028 4134 1091 4172 ac
1122 4132 1370 4171 sanares.
1412 4115 1614 4167 Taceat
1654 4112 1780 4165 lau-

71 4218 172 4271 des
210 4220 344 4269 tuas
377 4212 474 4284 qui
505 4210 901 4265 miserationes
952 4213 1077 4262 tuas
1108 4223 1223 4260 non
1271 4202 1605 4261 considerat,
1652 4214 1781 4269 quae

68 4306 176 4359 tibi
213 4305 288 4358 de
321 4302 588 4357 medullis
606 4301 750 4355 meis
775 4298 1136 4353 conﬁtentur.
1164 4292 1388 4349 Etenim
1414 4291 1508 4344 ille
1536 4291 1667 4359 post
1688 4287 1784 4341 illa

70 4396 250 4449 verba
283 4391 581 4463 proripuit
611 4406 668 4444 se
709 4406 775 4443 ex
817 4388 978 4442 fovea
1020 4390 1136 4440 tam
1190 4383 1321 4447 alta,
1379 4396 1493 4451 qua
1544 4377 1785 4430 libenter
1829 4387 1833 4391 ‘

75 4482 545 4551 demergebatur,
577 4484 633 4533 et
661 4494 791 4532 cum
819 4473 1133 4530 miserabili
1162 4472 1451 4542 voluptate
1483 4465 1501 4499 ¹
1533 4465 1782 4521 01000110-

75 4578 170 4627 tnr
200 4591 215 4639 ;
249 4577 307 4624 et
338 4568 586 4624 excussit
616 4568 871 4621 animum
901 4562 1033 4619 forti
1070 4556 1469 4630 temperantia,
1502 4558 1557 4609 et
1585 4553 1785 4608 resilu-

76 4666 256 4716 erunt
286 4675 489 4714 omncs
544 4655 891 4711 Circensium
942 4652 1137 4707 sordes
1177 4650 1246 4703 ab
1295 4664 1386 4716 eo,
1428 4643 1787 4714 ampliusque

75 4753 218 4806 illuc
250 4766 365 4803 non
398 4746 648 4802 accessit.
684 4743 898 4799 Deinde
920 4746 1139 4814 patrem
1170 4737 1574 4793 recluctantem
1597 4732 1785 4797 evicit,

81 4846 136 4894 ut
169 4856 271 4895 me
306 4836 580 4905 magistro
614 4837 908 4897 uteretur;
956 4829 1126 4885 cessit
1167 4828 1262 4881 ille
1293 4830 1465 4896 atque
1496 4821 1787 4877 concessit.

83 4932 144 4984 Et
176 4927 385 4983 audire
416 4941 509 4979 me
551 4940 749 4979 rursus
796 4920 1097 4991 incipiens,
1130 4918 1226 4972 illa
1257 4930 1481 4970 mecum
1520 4910 1791 4981 supersti-

80 5021 238 5073 tione
274 5016 573 5071 involutus
625 5017 729 5078 est,
778 5026 976 5064 amans
1024 5008 1084 5062 in
1135 5002 1457 5062 Manichaeis
1501 4997 1791 5054 ostentati-

80 5124 254 5163 onem
290 5101 663 5159 continentiae
700 5116 874 5171 quam
911 5113 1098 5152 veram
1148 5099 1203 5149 et
1250 5105 1584 5164 germanam
1633 5094 1796 5157 puta-

83 5198 195 5252 bat.
248 5197 387 5251 Erat
434 5196 626 5246 autem
676 5190 774 5244 illa
813 5203 1007 5241 vecors
1040 5189 1095 5240 et
1137 5180 1478 5245 seductoria,
1524 5176 1798 5249 pretiosas

84 5286 310 5339 animas
340 5285 599 5352 captans,
633 5278 890 5333 nondum
920 5273 1145 5329 virtutis
1168 5268 1529 5327 altitudinem
1558 5265 1800 5319 scientes

84 5380 344 5445 tangere,
382 5377 439 5424 et
468 5367 767 5439 superﬁcie
794 5364 977 5436 decipi
1004 5363 1215 5429 faciles,
1248 5359 1345 5414 sed
1376 5362 1567 5413 tamen
1598 5354 1797 5409 adum-

86 5465 266 5518 bratae
300 5460 708 5529 simulatasque
741 5454 985 5510 virtutis.

150 5556 161 5585 π
202 5552 331 5601 Tres
361 5550 484 5598 Mss.
533 5546 686 5608 Angt.
725 5560 734 5593 :
773 5550 905 5595 Cum
938 5543 1078 5592 mira
1113 5538 1396 5601 voluptate.

1560 262 1775 319 LIBER
1823 260 2117 320 SEXTUS.

3488 267 3593 322 726

2561 386 2787 441 CAPUT
2818 386 2930 440 VII.

1967 475 2204 546 Alypius
2234 477 2450 545 capitur
2478 476 2697 529 insania
2715 474 2964 529 ludorum
2983 473 3457 545 gladiatoriorum,
3489 491 3525 531 α

2338 565 2531 633 quibus
2564 568 2724 619 antea
2764 564 3139 618 abhorruerat.

1968 656 2051 708 13.
2110 655 2235 708 Νο11
2284 670 2416 706 sane
2455 654 2783 725 relinquens
2809 653 3156 707 incantatam
3188 653 3299 708 sibi
3328 670 3361 708 a
3390 670 3593 725 paren-

1891 743 2044 797 tibus
2104 747 2391 797 terrenam
2443 743 2610 809 viam,
2648 744 2890 797 Romam
2936 747 3327 813 praecesserat,
3389 749 3451 798 ut
3497 744 3593 813 jus

1892 832 2133 886 disceret
2160 849 2172 897 ;
2207 836 2261 885 et
2285 830 2363 884 ibi
2390 830 2711 901 gladiatorii
2740 831 3047 901 spectaculi
3076 832 3239 885 hiatu
3268 830 3593 886 incredibili

1892 924 1947 974 et
1984 919 2393 973 incredibiliter
2418 919 2685 989 abreptus
2732 922 2833 973 cst.
2868 920 3008 973 Cum
3051 920 3205 974 enim
3236 923 3594 974 aversaretur

1893 1014 1949 1064 et
1988 1009 2365 1063 detestaretur
2406 1007 2562 1076 talia,
2596 1007 2832 1077 quidam
2878 1009 3000 1078 ejus
3031 1007 3197 1062 amici
3227 1012 3282 1062 et
3311 1008 3591 1062 condisci-

1891 1096 2035 1167 puli,
2069 1113 2199 1150 cum
2245 1096 2391 1150 forte
2437 1096 2505 1149 de
2544 1096 2781 1165 prandio
2828 1097 3200 1151 redeuntibus
3239 1096 3470 1166 pervius
3500 1112 3589 1150 es-

1892 1191 1977 1241 set
2007 1188 2046 1255 ¹,
2081 1189 2438 1239 recusantem
2468 1183 2833 1237 vehementer
2889 1188 2943 1237 et
2989 1185 3372 1249 resistentem,
3422 1184 3589 1238 fami~

1891 1274 2019 1329 liari
2046 1273 2311 1327 violentia
2333 1272 2619 1326 duxerunt
2648 1271 2709 1324 in
2741 1272 3246 1342 amphitheatrum,
3271 1272 3589 1327 crudelium

1894 1368 1951 1417 et
1993 1364 2349 1417 funestorum
2378 1361 2647 1415 ludorum
2696 1358 2917 1425 diebus,
2975 1361 3096 1414 111110
3145 1360 3467 1414 dicentem:
3530 1362 3591 1416 Si

1890 1467 2080 1521 corpus
2111 1466 2284 1505 meum
2312 1453 2369 1503 in
2399 1451 2552 1503 illum
2583 1451 2752 1503 locum
2785 1448 3025 1513 trahitis,
3045 1453 3093 1502 et
3120 1449 3546 1503 ibiconstituitis
3574 1467 3590 1513 ;

1888 1540 2155 1609 numquid
2211 1542 2261 1593 et
2303 1540 2545 1592 animum
2596 1542 2645 1590 et
2694 1537 2868 1591 oculos
2899 1552 3041 1591 meos
3069 1538 3126 1590 in
3155 1537 3253 1590 illa
3281 1536 3588 1604 spectacula

1886 1631 2111 1701 potestis
2158 1626 2480 1682 intendere?
2524 1626 2705 1680 Adero
2761 1627 2945 1693 itaque
2974 1624 3185 1693 absens,
3216 1639 3277 1678 ac
3315 1626 3392 1678 sic
3421 1626 3471 1677 et
3497 1635 3593 1677 eos

1892 1725 1942 1773 et
1972 1720 2069 1773 illa
2096 1717 2381 1787 superabo.
2418 1714 2631 1780 Quibus
2662 1714 2887 1779 auditis,
2920 1714 3003 1767 illi
3033 1713 3213 1768 nihilo
3245 1712 3426 1767 secius
3456 1727 3590 1765 eum

1892 1808 2247 1863 adduxerunt
2286 1820 2498 1870 secum,
2549 1803 2799 1873 idipsum
2826 1802 2970 1857 forte
3012 1802 3307 1872 explorare
3354 1798 3588 1870 cupien-

1892 1900 1995 1961 tes,
2026 1900 2221 1950 utrum
2252 1897 2442 1964 posset
2470 1891 2712 1946 efﬁcere.
2749 1891 2870 1955 Quo
2901 1890 3001 1944 ubi
3025 1894 3258 1944 ventum
3289 1891 3391 1954 est,
3424 1891 3481 1941 et
3509 1902 3590 1940 se-

1890 1985 2055 2041 dibus
2088 1983 2296 2056 quibus
2325 1983 2637 2053 potuerunt
2684 1979 2853 2033 locati
2883 1982 3034 2045 sunt,
3066 1976 3362 2032 fervebant
3391 1974 3587 2029 omnia

1890 2072 2321 2129 immanissimis
2350 2067 2755 2140 voluptatibus.
2785 2068 2884 2121 Illc
2916 2065 3122 2121 clausis
3154 2064 3367 2118 foribus
3400 2062 3589 2117 oculo-

1890 2180 2041 2229 rum,
2073 2159 2371 2216 interdixit
2400 2158 2592 2212 animo
2619 2172 2692 2211 ne
2724 2156 2782 2209 in
2832 2159 2989 2209 tanta
3025 2154 3175 2207 mala
3212 2151 3584 2222 procederet;

1890 2256 2061 2324 atque
2102 2249 2320 2304 utinam
2354 2250 2410 2301 et
2459 2262 2626 2300 aures
2671 2242 3082 2298 obturavisset!
3140 2242 3282 2295 Nam
3338 2239 3586 2311 quodam

1889 2354 2100 2409 pugnae
2129 2352 2285 2404 casu,
2328 2351 2457 2389 cum
2490 2335 2702 2388 clamor
2750 2333 2953 2403 ingens
2981 2330 3154 2388 totius
3181 2329 3381 2399 populi
3410 2327 3587 2383 vehe-

1891 2431 2116 2483 menter
2144 2441 2275 2480 enm
2300 2424 2598 2495 pulsasset,
2633 2419 2957 2476 curiositate
2990 2418 3167 2473 victus
3196 2420 3254 2470 et
3297 2415 3458 2487 quasi
3483 2429 3585 2485 pa-

1890 2522 2043 2572 ratus
2075 2512 2350 2586 quidquid
2383 2512 2521 2566 illud
2570 2515 2738 2575 esset,
2788 2508 2962 2563 etiam
2996 2507 3182 2561 visum
3222 2509 3586 2560 contemnere

1891 2612 1947 2662 et
1971 2605 2216 2671 vincere,
2259 2600 2481 2673 aperuit
2522 2600 2746 2663 oculos;
2778 2601 2834 2652 et
2857 2612 3159 2667 percussus
3195 2597 3278 2648 est
3324 2591 3585 2663 graviore

1888 2695 2124 2749 vulnere
2178 2692 2237 2746 in
2268 2691 2478 2756 anima,
2511 2704 2684 2760 quam
2712 2686 2797 2739 illi
2845 2685 2907 2739 in
2940 2700 3202 2754 corpore,
3241 2697 3413 2753 quem
3458 2694 3585 2734 cer-

1889 2800 2025 2838 nere
2070 2778 2413 2850 concupivit,
2460 2776 2777 2846 ceciditque
2834 2771 3215 2827 miserabilius
3266 2784 3441 2840 quam
3488 2767 3582 2821 ille

1888 2890 2000 2944 quo
2032 2870 2267 2924 cadente
2291 2868 2468 2922 factus
2498 2868 2583 2919 est
2609 2864 2824 2917 clamor
2836 2861 3049 2933 quiper
3070 2860 3192 2929 ejus
3218 2872 3382 2911 auras
3408 2855 3583 2909 intra-

1888 2943 1987 3027 vit,
2016 2964 2072 3014 et
2099 2956 2371 3011 reseravit
2400 2956 2522 3024 ejus
2550 2951 2791 3018 lumina,
2838 2955 2901 3004 ut
2950 2951 3097 3003 esset
3147 2962 3261 3018 qua
3315 2943 3583 2999 feriretur

1890 3055 1944 3105 et
1973 3048 2311 3118 dejiceretur
2359 3043 2541 3097 audax
2594 3041 2777 3096 adhuc
2822 3039 3011 3110 potius
3060 3051 3233 3107 quam
3262 3031 3422 3088 fortis
3450 3032 3581 3086 ani-

1888 3156 2035 3206 mus,
2079 3139 2136 3190 et
2183 3150 2249 3188 eo
2282 3130 2567 3187 inﬁrmior
2605 3145 2717 3200 quo
2768 3129 2836 3182 de
2876 3144 2933 3181 se
2984 3126 3449 3197 praesumpserat,
3482 3119 3583 3191 qui

1886 3224 2085 3281 debuit
2112 3222 2181 3276 de
2209 3225 2283 3276 te.
2320 3222 2390 3274 Ut
2414 3217 2569 3273 enim
2606 3216 2749 3271 vidit
2777 3216 2938 3269 illum
2980 3211 3340 3284 sanguinem,
3371 3209 3576 3263 imma-

1886 3315 2125 3369 nitatem
2171 3310 2340 3365 simul
2387 3306 2583 3376 ebibit,
2633 3309 2686 3359 et
2737 3320 2856 3359 non
2912 3318 2971 3357 se
3023 3300 3245 3367 avertit,
3304 3298 3400 3352 sed
3456 3296 3580 3352 ﬁxit

1886 3406 2178 3473 aspectum
2204 3420 2218 3468 ;
2249 3402 2304 3452 et
2330 3395 2633 3452 hauriebat
2659 3393 2857 3459 furias,
2890 3395 2945 3445 et
2972 3388 3276 3455 nesciebat,
3307 3391 3364 3441 et
3417 3386 3578 3440 dele-

1886 3492 2142 3547 ctabatur
2170 3489 2380 3542 scelere
2414 3482 2759 3548 certaminis,
2799 3486 2856 3535 et
2890 3483 3126 3534 cruenta
3170 3476 3459 3546 voluptate
3490 3473 3580 3527 in-

1888 3579 2234 3636 cbriabatur.
2264 3578 2330 3631 Et
2357 3589 2476 3629 non
2502 3576 2624 3627 erat
2647 3572 2767 3642 jam
2792 3570 2887 3623 ille
2904 3566 3003 3638 qui
3022 3566 3274 3625 venerat,
3307 3561 3403 3615 sed
3433 3576 3581 3613 unus

1887 3672 1955 3725 de
2007 3668 2177 3722 turba
2224 3665 2295 3719 ad
2346 3678 2520 3733 quam
2556 3661 2810 3726 venerat,
2843 3660 2899 3710 ct
2937 3670 3103 3708 verus
3141 3666 3341 3705 eorum
3370 3648 3579 3712 socius,

1889 3772 1941 3809 a.
1963 3754 2170 3825 quibus
2200 3752 2475 3805 adductus
2522 3751 2666 3802 erat.
2704 3745 2849 3810 Quid
2893 3743 3102 3814 plura?
3132 3736 3433 3808 Spectavit,
3466 3734 3584 3788 cla—

1889 3844 2083 3907 mavit,
2144 3840 2371 3907 exarsit,
2427 3836 2659 3893 abstulit
2704 3834 2836 3888 inde
2892 3846 3084 3886 secum
3146 3824 3430 3882 insaniam
3472 3839 3586 3894 qua

1891 3933 2277 3988 stimularetur
2322 3928 2528 3993 redire,
2579 3941 2697 3980 non
2725 3928 2950 3977 tantum
2981 3935 3111 3973 cum
3158 3916 3270 3971 illis
3310 3932 3342 3969 a
3379 3912 3587 3985 quibus

1892 4016 2051 4085 prius
2102 4014 2415 4068 abstractus
2472 4014 2591 4076 est;
2627 4007 2725 4061 sed
2756 4005 2928 4059 etiam
2976 4019 3095 4074 prce
3146 3999 3280 4068 illis,
3334 4001 3390 4051 et
3432 3995 3588 4085 alios

1892 4105 2147 4159 trahens.
2188 4104 2252 4157 Et
2287 4100 2423 4155 inde
2462 4103 2652 4153 tamen
2680 4110 2855 4150 manu
2886 4089 3231 4146 validissima
3259 4091 3316 4141 ct
3367 4082 3587 4139 miseri-

1893 4192 2219 4247 cordissima
2251 4188 2448 4244 eruisti
2477 4203 2610 4240 eum
2641 4191 2724 4251 tu,
2753 4187 2809 4237 et
2827 4180 3069 4237 docuisti
3098 4193 3213 4232 non
3240 4173 3327 4229 sui
3355 4172 3583 4236 habere,

1894 4282 1991 4336 sed
2027 4281 2109 4336 tui
2141 4278 2445 4342 ﬁduciam;
2474 4276 2570 4330 sed
2602 4274 2773 4343 longe
2804 4274 3023 4342 postea.

2568 4370 2792 4426 CAPUT
2832 4368 2918 4422 IX.
2989 4377 3001 4390 '

2272 4464 2511 4532 Alypius
2545 4465 2605 4515 ut
2632 4461 2729 4527 fur
2760 4451 3207 4528 apprehenditur.

1974 4556 2069 4610 l4:
2110 4554 2512 4608 Verumtamen
2550 4551 2668 4620 jam
2715 4547 2823 4601 hoc
2867 4544 2936 4597 ad
2971 4539 3310 4595 medicinam
3341 4534 3593 4590 futuram

1899 4647 1958 4701 in
1988 4644 2108 4715 ejus
2154 4641 2432 4697 memoria
2486 4636 2891 4709 reponebatur.
2938 4632 3079 4684 Nam
3132 4631 3190 4681 et
3234 4624 3395 4715 illud,
3433 4623 3595 4715 quod

1901 4711 2033 4790 011111
2060 4732 2243 4786 adhuc
2268 4730 2519 4784 studeret
2546 4728 2666 4797 jam
2714 4739 2804 4776 me
2848 4718 3085 4774 audiens
3116 4714 3269 4786 apud
3300 4711 3598 4781 Carthagi-

1904 4840 2055 4889 nem,
2089 4825 2145 4876 et
2172 4819 2363 4875 medio
2396 4818 2486 4873 die
2522 4813 2796 4885 cogitaret
2824 4811 2883 4863 111
2915 4808 3037 4863 foro
3066 4804 3219 4876 quod
3260 4802 3599 4858 recitaturus

1904 4916 2046 4979 erat,
2096 4909 2260 4965 sicuti
2311 4904 2561 4962 exerceri
2608 4897 2926 4955 scholastici
2969 4896 3176 4961 solent,
3236 4890 3415 4947 sivisti
3466 4905 3600 4945 eum

1906 4996 2314 5069 comprehendi
2346 4995 2413 5049 ab
2462 4990 2729 5047 mditimis
2770 4988 2879 5043 fori
2917 4991 3191 5056 tanquam
3243 4982 3446 5037 furem.
3479 4980 3601 5034 Non

1908 5088 2158 5143 arbitror
2185 5087 2354 5140 aliam
2386 5084 2457 5138 ob
2484 5096 2711 5136 causam
2741 5083 2796 5133 te
2826 5073 3174 5148 permisisse,
3211 5072 3357 5125 Deus
3386 5070 3597 5130 noster,

1911 5177 2019 5231 nisi
2066 5180 2130 5229 ut
2177 5175 2272 5229 ille
2320 5173 2406 5226 vir
2434 5174 2623 5225 tantus
2653 5168 2876 5222 futurus
2903 5165 3023 5235 jam
3055 5161 3333 5231 inciperet
3366 5156 3600 5219 discere,

1912 5282 2081 5338 quam
2105 5281 2219 5318 non
2250 5262 2411 5317 facile
2441 5260 2502 5314 in
2530 5255 2927 5329 dignoscendis
2977 5251 3159 5307 causis
3194 5248 3366 5303 homo
3396 5243 3464 5297 ab
3494 5241 3602 5295 110-

1912 5356 2067 5411 mine
2096 5338 2453 5409 damnandus
2485 5351 2631 5404 esset
2660 5343 2965 5401 temeraria
3002 5336 3352 5395 credulitate.
3386 5329 3604 5400 Quippe

1980 5464 1989 5497 ι
2030 5462 2213 5511 Obvius
2237 5460 2377 5516 esset,
2391 5457 2544 5520 juxta
2563 5455 2647 5503 Er.
2671 5452 2840 5520 Lugd.
2859 5452 2989 5520 Ven.
3014 5448 3154 5520 Lov_.'
3165 5444 3311 5491 Mart.
3344 5442 3445 5490 Per
3466 5438 3605 5487 viam

1918 5506 2286 5576 ob'viusvesset.
2312 5506 2463 5579 juxta
2494 5518 2691 5569 Somm.
2724 5506 2782 5565 et,
2809 5512 2975 5563 llond.
3108 5506 3173 5555 Μ.
