4022 6176
364 277 464 330 727

365 402 494 455 ante
524 396 774 452 tribunal
806 392 1211 449 deambulabat
1239 393 1392 447 solus
1421 407 1550 446 cum
1581 392 1790 448 tabulis
1821 409 1887 448 ac
1915 392 2065 462 stilo,

365 503 495 542 cum
530 500 656 540 ecce
703 483 1028 538 adolescens
1059 481 1293 553 quidam
1323 497 1390 536 ex
1420 497 1658 535 numero
1705 482 2066 538 scholastico-

366 591 493 629 rum
523 574 614 628 fur
639 587 823 638 verus,
883 569 1128 626 securim
1155 570 1411 625 clanculo
1444 574 1775 641 apportans,
1809 572 1908 625 illo
1951 587 2068 626 non

365 662 643 718 sentiente
698 661 986 731 ingressus
1034 663 1119 714 cst
1174 659 1242 714 ad
1294 659 1572 714 cancellos
1621 659 1920 730 plumbeos
1967 658 2066 731 qui

365 751 486 806 vico
537 749 858 822 argentario
914 749 1157 820 desuper
1213 747 1581 819 praeminent,
1637 753 1694 803 et
1760 748 2068 820 prmcidere

368 840 668 911 plumbum
707 838 891 910 coepit.
927 839 1076 892 Sono
1105 842 1299 892 autem
1329 837 1539 890 securis
1568 837 1764 892 audito
1801 837 2068 892 submur-

371 932 740 983 muraverunt
782 925 1091 998 argentarii
1138 926 1239 997 qui
1266 926 1461 980 subter
1489 930 1670 993 erant,
1704 930 1760 980 et
1792 927 2071 980 miserunt

370 1016 984 1088 quiapprelieuderent
1013 1031 1182 1086 quem
1225 1013 1370 1069 forte
1408 1013 1778 1069 invenissent.
1815 1016 2070 1079 Quorum

369 1104 597 1159 vocibus
625 1103 850 1171 auditis,
903 1103 1100 1158 relicto
1139 1103 1520 1158 instrumento
1562 1102 1656 1157 ille
1687 1103 1960 1170 discessit,
2008 1103 2072 1158 ti-

374 1209 533 1249 mens
580 1209 652 1247 ne
684 1208 811 1247 cum
859 1208 924 1246 eo
969 1197 1278 1247 teneretur.
1323 1191 1558 1262 Alypius
1588 1195 1782 1246 autem
1823 1191 1923 1264 qui
1955 1208 2070 1246 non

370 1282 589 1336 viderat
617 1281 947 1347 intrantem,
980 1284 1281 1334 exeuntem
1313 1279 1510 1345 sensit,
1559 1284 1616 1334 et
1647 1279 1906 1334 celeriter
1936 1279 2075 1334 vidit

375 1371 680 1425 abeuntem
708 1385 720 1423 :
757 1373 810 1423 et
841 1384 1068 1423 causam
1098 1367 1239 1422 scire
1288 1367 1524 1438 cupiens
1553 1367 1841 1438 ingressus
1871 1372 1956 1422 est
1979 1368 2072 1422 lo-

376 1474 527 1524 cum,
558 1460 612 1511 et
635 1456 924 1511 inventam
957 1456 1199 1510 securim
1232 1459 1387 1510 stans
1416 1460 1589 1526 atque
1621 1454 1910 1510 admirans
1939 1472 2071 1510 con-

377 1545 681 1600 siderabat.
719 1546 858 1600 Cum
890 1559 1014 1599 ecce
1045 1544 1128 1598 illi
1159 1543 1257 1615 qui
1300 1543 1458 1597 missi
1501 1543 1746 1610 fuerant,
1779 1543 2077 1615 reperiunt

380 1651 510 1690 eum
541 1635 724 1688 solum
745 1635 1021 1688 ferentem
1053 1632 1264 1687 ferrum
1296 1631 1455 1702 cujus
1486 1631 1680 1686 sonitu
1717 1631 1886 1686 exciti
1913 1647 2078 1687 vene-

381 1727 544 1777 rant:
587 1726 799 1790 tenent,
834 1723 1164 1788 attrahunt;
1207 1721 1565 1792 congregatis
1611 1719 1911 1792 inquilinis
1943 1720 2072 1788 fori,

379 1815 652 1882 tanquam
678 1810 863 1864 furem
905 1809 1272 1864 manifestum
1315 1826 1374 1864 se
1415 1808 1915 1879 comprehendisse
1953 1810 2076 1880 glo-

377 1899 621 1966 riantur,
653 1902 708 1952 et
733 1897 866 1952 inde
897 1897 1221 1952 efferendus
1246 1897 1429 1967 judici
1450 1897 1784 1954 ducebatur.

454 1989 542 2040 15.
592 1985 700 2040 Sed
741 1985 1012 2040 hactenus
1045 1984 1336 2039 docendus
1366 1984 1492 2039 fuit.
1526 1984 1724 2040 Statim
1759 1983 1934 2052 enim,
1969 1986 2075 2040 Do-

377 2073 554 2138 mine,
587 2071 900 2127 subvenisti
931 2071 1272 2126 innocentia:
1300 2071 1460 2142 cujus
1488 2071 1646 2126 testis
1667 2087 1790 2125 eras
1810 2076 1874 2126 tu
1901 2073 2073 2127 solus.

379 2164 521 2217 Cum
549 2161 704 2215 enim
737 2161 1042 2214 duceretur
1068 2160 1153 2214 vel
1185 2160 1254 2214 ad
1293 2160 1635 2228 custodiam,
1654 2160 1742 2215 vel
1769 2160 1842 2215 ad
1868 2160 2080 2232 suppli-

379 2249 556 2318 cium,
587 2250 650 2302 ﬁt
676 2248 756 2303 eis
782 2248 1007 2302 obviam
1031 2247 1265 2318 quidam
1287 2247 1628 2302 architectus
1650 2249 1812 2319 cujus
1831 2249 2080 2303 maxima

384 2335 1027 2408 eratcurapublicarum
1056 2335 1423 2390 fabricarum.
1449 2336 1707 2391 Gaudent
1722 2336 1806 2391 illi
1827 2353 1956 2392 eum
1981 2353 2080 2408 po-

384 2424 669 2481 tissimum
710 2423 1037 2492 occurrisse,
1067 2422 1158 2478 cui
1197 2423 1451 2478 solebant
1480 2423 1541 2478 in
1574 2424 1956 2495 suspicionem
1985 2442 2078 2480 ve-

385 2513 508 2568 nire
541 2513 857 2568 ablatarum
883 2527 1077 2567 rerum
1105 2528 1235 2584 quae
1260 2515 1543 2582 perissent
1557 2511 1626 2567 de
1655 2513 1801 2582 foro,
1823 2518 1888 2568 ut
1917 2513 2080 2586 quasi

383 2601 614 2656 tandem
643 2601 738 2656 ille
761 2605 1128 2672 cognosceret
1155 2617 1188 2655 a
1214 2600 1423 2673 quibus
1451 2600 1573 2655 haec
1601 2601 1830 2658 ﬁerent.
1866 2603 2078 2657 Verum

385 2694 576 2744 autem
604 2689 822 2744 viderat
840 2689 1014 2743 homo
1038 2705 1190 2760 saepe
1216 2688 1484 2759 Alypium
1503 2687 1563 2742 in
1584 2689 1752 2744 domo
1783 2690 2080 2761 cujusdam

385 2777 661 2833 senatoris
691 2777 763 2832 ad
793 2792 964 2850 quem
996 2776 1360 2831 salutandum
1390 2775 1740 2831 ventitabat:
1772 2777 2081 2850 statimque

385 2866 680 2938 cognitum
717 2881 893 2920 manu
925 2865 1283 2936 apprehensa
1311 2863 1553 2918 semovit
1577 2881 1610 2919 a
1636 2864 1837 2934 turbis,
1859 2869 1915 2919 et
1939 2865 2077 2919 tanti

383 2956 764 3011 malicausam
790 2971 1075 3027 quarens,
1107 2953 1244 3025 quid
1264 2957 1488 3024 gestum
1519 2956 1664 3008 esset
1693 2953 2081 3008 audivitzom-

385 3060 598 3116 nesque
619 3044 1034 3099 tumultuantes
1058 3042 1154 3113 qui
1176 3042 1413 3096 aderant
1440 3044 1496 3095 et
1514 3041 1813 3096 minaciter
1840 3042 2083 3097 fremen-

385 3135 469 3185 tes
497 3131 663 3201 jussit
690 3130 883 3185 venire
914 3145 1126 3184 secum.
1155 3129 1219 3182 Et
1246 3133 1528 3183 venerunt
1568 3130 1638 3183 ad
1668 3129 1903 3184 domum
1929 3129 2083 3184 illius

386 3218 759 3274 adolescentis
789 3217 889 3290 qui
917 3233 1039 3271 rem
1068 3216 1448 3271 commiserat.
1482 3217 1630 3271 Puer
1659 3233 1791 3272 vero
1810 3221 2082 3273 eratante

389 3307 620 3373 ostium,
646 3311 701 3361 et
715 3311 831 3361 tam
855 3321 1062 3377 parvus
1082 3308 1292 3359 eratut
1316 3303 1458 3358 nihil
1489 3304 1694 3358 exinde
1716 3305 1948 3359 domino
1981 3322 2082 3360 suo

387 3400 668 3461 metuens,
703 3394 865 3448 facile
887 3397 1074 3464 posset
1093 3397 1275 3447 totum
1299 3392 1550 3446 indicare
1575 3408 1588 3446 :
1609 3409 1738 3446 cum
1769 3410 1836 3448 eo
1869 3393 2082 3465 quippe

387 3484 446 3539 in
476 3484 599 3539 foro
629 3483 737 3538 fuit
765 3483 1158 3554 pedissequus.
1192 3482 1373 3546 Quem
1419 3485 1793 3552 posteaquam
1841 3483 2084 3538 recoluit

387 3573 644 3644 Alypius,
675 3572 979 3627 architecto
1011 3569 1314 3625 iutimavit.
1357 3571 1429 3624 At
1449 3569 1546 3623 ille
1572 3570 1812 3624 securim
1851 3571 2084 3626 demon-

386 3661 583 3716 stravit
620 3677 816 3732 puero,
850 3676 1116 3733 quaarens
1147 3660 1215 3714 ab
1247 3675 1313 3713 eo
1341 3659 1503 3730 cujus
1547 3664 1712 3714 esset.
1748 3659 1856 3724 Qui
1888 3661 2081 3714 confe-

387 3750 536 3817 stim,
571 3751 792 3815 Nostra,
821 3749 1008 3818 inquit
1037 3764 1050 3802 :
1083 3747 1288 3802 deinde
1318 3747 1702 3818 interrogatus
1735 3749 1960 3820 aperuit
1981 3765 2086 3804 caa-

387 3843 528 3891 tera.
556 3837 644 3891 Sic
667 3836 726 3890 in
753 3835 907 3890 illam
938 3836 1174 3890 domum
1203 3835 1478 3889 translata
1498 3850 1686 3902 causa,
1718 3835 2082 3908 confusisque

387 3926 568 3980 turbis
589 3941 717 3997 qua:
747 3926 814 3980 de
845 3924 943 3979 illo
983 3924 1340 3994 triumphare
1366 3923 1487 3994 jam
1517 3929 1824 3994 coeperant,
1855 3926 2083 3980 futurus

386 4015 741 4086 dispensator
781 4012 939 4067 verbi
984 4012 1088 4080 tui,
1144 4016 1199 4066 et
1250 4011 1560 4066 multarum
1600 4012 1660 4065 in
1696 4013 1939 4068 Ecclesia
1988 4019 2085 4070 tua

386 4118 687 4160 causarum
705 4099 1070 4167 examinator,
1098 4098 1480 4173 experientior
1505 4099 1946 4175 instructiorque
1969 4102 2083 4159 dis-

387 4191 574 4249 cessit.

1082 4277 1304 4332 CAPUT
1333 4277 1396 4332 X.

597 4376 669 4428 De
700 4371 1012 4437 integritate
1038 4369 1235 4438 Alypii
1255 4372 1305 4423 et
1334 4367 1568 4424 adventu
1592 4369 1868 4427 Nebridii.

465 4465 545 4515 16.
576 4461 734 4515 llunc
763 4473 898 4529 ergo
949 4459 1147 4512 Roma:
1180 4455 1531 4523 inveneram,
1574 4460 1631 4510 et
1661 4457 1902 4512 adhaesit
1938 4458 2084 4513 mihi

384 4548 692 4604 fortissimo
720 4547 964 4612 vinculo,
998 4559 1338 4616 mecumque
1379 4543 1758 4600 Mediolanum
1799 4547 2084 4617 profectus

389 4639 493 4701 est,
520 4639 585 4688 ut
613 4650 716 4688 nec
746 4648 838 4688 me
891 4632 1192 4698 desereret,
1227 4634 1284 4684 et
1313 4629 1384 4684 de
1430 4629 1559 4700 jure
1611 4631 1765 4702 quod
1809 4631 2086 4688 didicerat

390 4721 604 4793 aliquid
623 4725 837 4792 ageret,
852 4720 1163 4776 secundum
1176 4722 1370 4774 votum
1384 4718 1565 4790 magis
1585 4723 1890 4790 parentum
1910 4737 2084 4793 quam

389 4820 577 4858 suum.
609 4805 674 4858 Et
701 4807 815 4860 ter‘
836 4805 959 4876 jam
989 4806 1272 4862 assederat
1301 4802 1552 4859 mirabili
1581 4804 1932 4861 continentia
1971 4823 2082 4861 caa-

387 4893 546 4964 teris,
576 4909 707 4948 cum
744 4893 839 4948 ille
869 4894 1049 4966 magis
1077 4894 1386 4950 miraretur
1423 4909 1519 4948 eos
1557 4892 1657 4964 qui
1676 4909 1881 4948 aurum
1911 4893 2082 4949 inno-

388 4982 590 5038 centiae
622 4989 1044 5054 praeponerent.
1072 4985 1307 5039 Tentata
1334 4987 1418 5038 est
1439 4999 1670 5055 quoque
1695 4983 1818 5053 ejus
1838 4982 2080 5051 indoles,

388 5087 509 5126 non
539 5072 726 5126 solum
757 5069 1020 5126 illecebra
1048 5072 1392 5142 cupiditatis,
1425 5071 1521 5127 sed
1554 5071 1727 5127 etiam
1756 5071 1988 5127 stimulo
2018 5071 2086 5127 ti-

454 5208 467 5241 ¹
501 5205 624 5255 Bad.
656 5204 772 5254 Am.
794 5203 878 5252 Er.
900 5206 952 5251 et
975 5203 1185 5261 Blas.,et
1207 5204 1291 5252 ibi.
1306 5204 1430 5252 Lov.
1454 5204 1673 5260 Somm.,
1697 5207 1741 5255 et
1756 5201 2086 5260 interlucent

391 5269 510 5317 Mss.
528 5266 1049 5331 plurespotioresque
1061 5279 1183 5331 cum
1203 5265 1325 5314 Arn.
1341 5266 1564 5331 habent:
1588 5269 1651 5315 Et
1667 5272 1747 5317 ter
1750 5265 1874 5331 jam
1892 5267 2087 5331 asside-

389 5335 497 5381 ναι.
512 5327 864 5389 Praetulimus;
878 5341 998 5376 nam
1017 5327 1232 5390 Alypius
1246 5328 1456 5376 tertium
1478 5333 1665 5378 unctus
1681 5327 1958 5378 ass'essoris
1971 5343 2084 5378 mu-

391 5407 513 5443 nere
533 5393 724 5444 dicitur
743 5391 899 5455 etiam
911 5389 1091 5455 postea
1112 5389 1200 5438 lib.
1233 5393 1342 5455 8,‘c.
1367 5392 1394 5455 β
1437 5391 1670 5440 :‘Mecum
1692 5395 1815 5442 erat
1835 5392 2082 5455 Alypius,

390 5455 787 5518 inquitAugust.
797 5451 1008 5515 ,otiosus
1018 5451 1082 5502 ab
1093 5451 1826 5515 operejmisperitorumpost
1838 5451 2085 5504 asséssio-

392 5527 517 5568 nem
539 5521 772 5579 tertiam,
796 5517 1102 5581 exspectans
1131 5514 1318 5577 quibus
1353 5516 1547 5565 iterum
1574 5515 1797 5566 consilia.
1818 5515 2080 5568 venderet.

760 5553 772 5579 ,
796 5552 1099 5579 νανιιυιῑιισσι-
1131 5552 1156 5577 1³
1171 5552 1316 5564 “'UWU
1353 5552 1435 5565 σιν,
1457 5552 1547 5565 κινυ
1574 5552 1797 5566 ννσννννονυ
1819 5552 1996 5568 υνσιψνι
2015 5552 2080 5567 υιό

1556 271 1689 326 CON
1702 269 2102 329 FESSIONUM
2156 271 2212 328 S.
2254 270 2664 330 AUGUSTINI.

3771 275 3868 326 728

2174 393 2370 452 moris.
2403 397 2601 450 Romae
2624 391 3114 450 assidebatcomiti
3145 392 3516 465 largitionum
3547 391 3865 448 ltaliciana-

2175 483 2362 539 rum‘.
2393 485 2522 540 Erat
2542 499 2608 537 eo
2629 486 2890 554 tempore
2913 483 3148 554 quidam
3171 482 3603 553 potentissimus
3627 486 3871 548 senator,

2178 573 2338 644 cujus
2369 577 2424 627 et
2455 572 2744 628 beneficiis
2793 571 3049 627 obstricti
3099 571 3266 626 mulli
3305 576 3364 626 et
3415 571 3628 626 terrori
3670 570 3874 626 subditi

2179 665 2358 716 erant.
2408 660 2597 716 Voluit
2635 659 2742 715 sibi
2792 660 2963 715 licere
2994 659 3183 715 nescio
3215 659 3350 732 quid
3382 676 3445 714 ex
3475 675 3641 715 more
3683 662 3879 730 poterio

2179 751 2272 804 tia:
2301 767 2438 816 suae,
2471 750 2624 821 quod
2653 754 2801 804 esset
2828 765 2930 820 per
2960 750 3113 820 leges
3142 748 3406 804 illicitum
3432 765 3446 816 ;
3512 748 3737 803 restitit
3774 750 3871 819 ΑΙ)-

2178 838 2346 910 pius;
2374 837 2718 909 promissum
2758 842 2842 892 est
2870 837 3171 909 preemium
3203 853 3216 903 ;
3249 837 3428 892 irrisit
3457 837 3656 892 animo
3684 854 3699 890 :
3741 853 3882 908 pra:-

2179 931 2352 983 tentaz.
2366 926 2566 994 minae;
2599 925 2856 980 calcavit:
2889 926 3231 980 mirantibus
3259 925 3528 980 omnibus
3554 925 3883 979 inusitatam

2183 1015 2454 1082 animam,
2487 1031 2616 1086 qua:
2658 1013 2954 1068 hominem
2997 1018 3242 1084 tantum,
3273 1017 3330 1068 et
3365 1013 3884 1069 innumerabilibus

2182 1103 2491 1176 praestandi
2519 1103 2879 1175 nocendique
2902 1103 3086 1158 modis
3109 1103 3334 1175 ingenti
3364 1102 3517 1158 fama
3533 1103 3886 1157 celebratum

2183 1195 2266 1248 vel
2284 1193 2526 1248 amicum
2554 1209 2672 1248 non
2704 1197 2948 1261 optaret,
2972 1193 3060 1246 vel
3084 1208 3198 1246 non
3211 1191 3884 1257 formidaretinimicum,

2185 1284 2308 1354 Ipse
2339 1287 2530 1336 autem
2569 1281 2768 1352 judex,
2825 1280 2915 1336 cui
2956 1280 3308 1335 consiliarius
3353 1285 3493 1348 erat,
3543 1281 3813 1352 quamvis
3839 1287 3888 1334 et

2185 1372 2305 1442 ipse
2335 1369 2461 1424 fieri
2491 1371 2685 1436 nollet,
2718 1386 2831 1424 non
2863 1373 3056 1424 tamen
3093 1371 3290 1440 aperte
3321 1369 3624 1426 recusabat
3650 1384 3664 1422 :
3704 1367 3806 1422 sed
3835 1368 3884 1421 in

2186 1461 2358 1514 istum
2388 1475 2616 1514 causam
2646 1459 3014 1526 transferens,
3044 1459 3114 1512 ab
3146 1473 3212 1512 eo
3247 1473 3304 1512 se
3351 1473 3470 1511 non
3511 1456 3785 1528 permitti
3814 1472 3886 1510 as—

2185 1549 2447 1616 serebat;
2480 1548 2616 1620 quia
2641 1551 2696 1603 et
2749 1564 2947 1602 revera
2991 1547 3033 1601 si
3065 1547 3185 1618 ipse
3217 1547 3445 1614 faceret,
3484 1547 3595 1601 iste
3644 1547 3886 1601 discede-

2187 1643 2290 1693 ret.
2320 1639 2436 1693 lloc
2473 1637 2592 1692 solo
2623 1641 2813 1692 autem
2845 1652 2990 1708 pene
3013 1637 3135 1706 jam
3161 1636 3382 1691 illectus
3429 1640 3551 1690 erat
3580 1635 3778 1689 studio
3804 1635 3884 1688 lit-

2187 1725 2421 1795 terario,
2449 1730 2514 1780 ut
2561 1726 2757 1797 pretiis
2786 1724 3144 1796 praetorianis
3188 1723 3411 1778 codices
3441 1723 3551 1777 sibi
3581 1723 3880 1779 conﬁcien-

2187 1814 2290 1870 dos
2313 1819 2535 1869 curaret
2567 1831 2579 1869 :
2613 1813 2709 1869 sed
2755 1815 3014 1868 consulta
3051 1812 3272 1885 justitia
3313 1813 3798 1867 deliberationem
3827 1812 3878 1866 in

2191 1903 2393 1958 melius
2422 1903 2586 1957 vertit
2611 1920 2625 1971 ;
2664 1903 2949 1957 utiliorem
2978 1902 3236 1974 judicans
3258 1902 3590 1973 aequitatem
3617 1918 3739 1973 qua
3766 1917 3882 1972 pro-

2189 1992 2509 2058 hibebatur,
2543 2008 2716 2064 quam
2746 1995 3085 2063 potestatem
3113 2007 3228 2062 qua
3274 1990 3595 2045 sinebatur.
3648 1992 3883 2044 Parvum

2190 2084 2275 2134 est
2302 2080 2409 2134 hoc
2435 2081 2562 2147 ;sed
2585 2079 2682 2151 qui
2701 2079 2759 2133 in
2780 2095 2952 2150 parvo
2972 2079 3154 2133 ﬁdelis
3183 2082 3281 2144 est,
3301 2084 3358 2133 et
3383 2078 3442 2133 in
3466 2095 3688 2150 magno
3718 2079 3884 2134 ﬁdelis

2190 2173 2297 2225 est.
2334 2171 2445 2224 Nec
2471 2169 2586 2224 ullo
2604 2168 2775 2222 modo
2791 2167 2899 2222 erit
2918 2168 3108 2234 inane,
3132 2167 3283 2239 quod
3298 2168 3365 2222 de
3381 2171 3492 2221 tuae
3506 2165 3784 2221 Veritatis
3802 2183 3882 2221 ore

2188 2256 2497 2328 processit:
2529 2258 2594 2311 Si
2629 2258 2686 2311 in
2715 2257 2920 2326 injuste
2968 2270 3273 2310 mammona
3299 2255 3480 2324 ﬁdeles
3508 2270 3619 2308 non
3672 2255 3882 2322 fuistis;

2192 2347 2336 2416 quod
2363 2362 2546 2401 verum
2571 2349 2667 2412 cst,
2700 2347 2820 2416 quis
2842 2345 3019 2400 credet
3045 2344 3193 2399 vobis
3211 2344 3240 2400 ?
3258 2347 3327 2398 Et
3349 2346 3400 2398 si
3426 2346 3486 2398 in
3511 2345 3693 2397 alieno
3721 2343 3885 2412 ﬁdeles

2189 2451 2295 2490 non
2319 2433 2508 2502 fuistis
2531 2450 2544 2501 ;
2566 2434 2709 2504 quod
2727 2439 2932 2488 vestum
2951 2437 3047 2500 est,
3072 2434 3194 2502 quis
3219 2431 3535 2486 dabitvobis
3555 2434 3586 2486 ?
3611 2431 3770 2502 (Luc.
3786 2448 3882 2498 xvi,

2196 2525 2401 2594 l0-l2.)
2433 2523 2582 2580 Talis
2610 2523 2703 2577 ille
2725 2527 2860 2578 tunc
2883 2521 3200 2576 inhaerebat
3228 2521 3393 2591 mihi,
3425 2537 3777 2593 mecumque
3796 2537 3884 2575 nu-

2190 2613 2345 2667 tabat
2366 2612 2424 2666 in
2441 2611 2698 2679 consilio,
2731 2611 2996 2683 quisnam
3021 2615 3171 2665 esset
3197 2610 3478 2665 tenendus
3507 2610 3644 2664 vita:
3669 2611 3882 2665 modus.

2266 2705 2351 2755 17.
2387 2699 2691 2755 Nebridius
2729 2699 2903 2754 etiam
2951 2699 3052 2771 qui
3094 2698 3291 2754 relicta
3334 2697 3522 2769 patria
3556 2698 3749 2753 vicina
3778 2699 3886 2754 Car.

2193 2787 2438 2859 thagini,
2471 2791 2643 2858 atque
2686 2786 2806 2859 ipsa
2855 2785 3196 2857 Carthagine
3244 2786 3348 2841 ubi
3391 2786 3886 2858 frequentissimus

2193 2881 2332 2944 erat,
2364 2877 2561 2932 relicto
2588 2893 2721 2931 rure
2746 2879 2983 2948 paterno
3012 2875 3253 2946 Optimo,
3275 2873 3471 2929 relicta
3497 2875 3680 2929 domo
3703 2879 3761 2930 et
3787 2891 3887 2929 non

2194 2971 2456 3020 secutura
2484 2969 2686 3031 matre,
2704 2963 2923 3018 nullam
2950 2964 3022 3018 ob
3050 2963 3218 3018 aliam
3242 2979 3470 3017 causam
3502 2963 3884 3018 Mediolanum

2192 3057 2441 3119 venerat,
2476 3053 2587 3107 nisi
2615 3057 2678 3107 ut
2701 3067 2924 3107 mecum
2954 3051 3168 3106 viveret
3210 3052 3270 3106 in
3298 3052 3757 3124 ﬂagrantissimo
3786 3056 3883 3106 stu-

2193 3143 2286 3197 dio
2317 3140 2569 3196 veritatis
2599 3143 2767 3212 atque
2798 3139 3128 3211 sapientiae:
3161 3139 3376 3210 pariter
3403 3139 3761 3211 suspirabat,
3797 3157 3885 3212 pa-

2193 3231 2445 3301 riterque
2488 3229 2818 3294 lluctuabat,
2858 3229 3037 3283 beatae
3070 3228 3200 3283 vitae
3244 3228 3550 3300 inquisitor
3584 3230 3815 3297 ardens,
3842 3236 3888 3284 et

2194 3319 2577 3390 quaestionum
2607 3316 3077 3373 difﬁcillimarum
3108 3321 3387 3371 scrutator
3427 3317 3776 3372 acerrimus.
3831 3319 3886 3372 Et

2194 3415 2358 3466 erant
2384 3427 2482 3465 ora
2510 3410 2684 3466 trium
2717 3409 3026 3480 egentium,
3059 3413 3113 3464 et
3159 3409 3414 3480 inopiam
3446 3426 3616 3464 suam
3666 3411 3886 3465 sibimet

2191 3499 2433 3554 invicem
2465 3499 2876 3562 anhelantium,
2899 3502 2956 3552 et
2978 3515 3009 3552 a
3038 3503 3091 3552 te
3122 3498 3600 3569 exspectantium,
3634 3505 3704 3554 ut
3735 3500 3884 3554 dares

2192 3589 2276 3644 eis
2306 3605 2490 3643 escam
2521 3587 2582 3643 in
2612 3592 2873 3658 tempore
2911 3591 3254 3658 opportuno.
3289 3588 3352 3641 Et
3390 3586 3450 3641 in
3490 3587 3656 3642 omni
3693 3585 3887 3642 amari-

2193 3676 2391 3731 tudine
2414 3693 2540 3748 quaa
2561 3680 2786 3730 nostros
2805 3676 3099 3729 saeculares
3115 3680 3272 3729 actus
3293 3675 3362 3729 de
3384 3675 3789 3731 misericordia
3804 3680 3888 3730 tua

2194 3764 2556 3834 sequebatur,
2585 3761 2938 3816 intuentibus
2957 3760 3122 3816 nobis
3143 3761 3316 3815 ﬁnem
3335 3777 3437 3815 cur
3460 3777 3528 3816 ea
3541 3766 3884 3832 pateremur,

2195 3852 2568 3906 occurrebant
2593 3850 2842 3905 tenebrae
2867 3869 2882 3917 ;
2913 3854 2971 3904 et
2999 3850 3402 3904 aversabamur
3430 3852 3452 3885 ³
3483 3856 3804 3921 gementes,
3841 3855 3890 3903 et

2194 3940 2519 3995 dicebamus
2543 3956 2555 3994 :
2587 3938 2874 4004 Quamdiu
2897 3938 3056 3993 haec?
3081 3940 3148 3993 Et
3175 3939 3282 3994 hoc
3304 3938 3505 3993 crebro
3533 3939 3885 3997 dicebamus;

2194 4031 2251 4082 et
2278 4027 2527 4082 dicentes
2555 4044 2672 4082 non
2700 4027 3170 4100 relinquebamus
3202 4043 3301 4094 ea;
3337 4027 3474 4099 quia
3504 4043 3627 4081 non
3649 4027 3889 4082 elucebat

2196 4120 2416 4171 certum
2445 4115 2663 4188 aliquid
2701 4116 2857 4188 quod
2894 4114 3007 4170 illis
3049 4114 3264 4170 relictis
3314 4115 3885 4187 apprehenderemus.

2868 4204 3093 4260 CAPUT
3128 4204 3214 4258 XI.

2264 4295 2484 4348 Anxius
2512 4292 2853 4361 Augustinus
2881 4292 2946 4348 de
2973 4291 3311 4349 instituenda
3367 4293 3483 4347 vita
3537 4291 3822 4347 deliberat.

2270 4385 2352 4437 l8.
2387 4383 2453 4436 Et
2490 4397 2593 4452 ego
2623 4383 2871 4437 maxime
2913 4381 3180 4448 mirabar,
3226 4385 3488 4451 satagens
3518 4385 3576 4436 et
3620 4383 3886 4450 recolens,

2195 4487 2367 4541 quam
2397 4471 2872 4543 longumtempus
2895 4471 3121 4526 essetab
3137 4469 3565 4541 undevigesimo
3584 4487 3740 4525 anno
3763 4474 3881 4525 aeta-

2194 4559 2265 4614 tis
2292 4575 2454 4629 mere,
2484 4577 2596 4631 quo
2624 4560 2840 4616 fervere
2871 4576 3154 4632 coeperam
3185 4558 3375 4613 studio
3405 4558 3706 4630 sapientiae
3732 4576 3746 4627 ;
3779 4559 3882 4614 dis-

2194 4663 2434 4719 ponens,
2467 4665 2532 4702 ea
2561 4647 2812 4715 inventa,
2837 4648 3162 4720 relinquere
3191 4663 3391 4702 omnes
3421 4663 3700 4703 venarum
3738 4646 3885 4718 cupi-

2193 4735 2437 4791 ditatum
2479 4752 2607 4807 spes
2648 4736 2846 4791 inanes
2877 4741 2938 4791 et
2958 4736 3211 4791 insanias
3257 4735 3606 4791 mendaces:
3658 4741 3716 4791 et
3771 4750 3886 4790 ecce

2189 4824 2311 4897 jam
2339 4824 2703 4880 tricenariam
2735 4829 2962 4880 aetatem
2987 4826 3276 4896 gerebam,
3311 4825 3371 4879 in
3401 4825 3608 4879 eodem
3639 4825 3756 4879 luto
3784 4825 3885 4879 haz—

2196 4913 2369 4967 sitans
2404 4913 2667 4969 aviditate
2712 4913 2941 4968 fruendi
2998 4913 3397 4985 praesentibus,
3443 4913 3797 4984 fugientibus
3838 4916 3887 4964 et

2195 5000 2598 5072 dissipantibus
2649 5018 2763 5069 me,
2819 5002 2956 5057 dum
3001 5003 3162 5057 dico:
3218 5003 3351 5057 Cras
3381 5001 3711 5069 inveniam;
3766 5017 3880 5056 ecce

2198 5091 2562 5145 manifestum
2592 5091 2908 5162 apparebit,
2935 5095 2988 5145 et
3019 5091 3256 5146 tenebo:
3289 5106 3415 5145 ecce
3448 5091 3687 5144 Faustus
3708 5088 3881 5144 veniet

2197 5183 2254 5233 et
2291 5183 2540 5250 exponet
2585 5178 2800 5234 omnia.
2841 5180 2882 5234 Ο
2913 5179 3111 5251 magni
3137 5177 3242 5232 viri
3274 5178 3625 5233 Academici!
3657 5178 3798 5233 nihil
3819 5176 3877 5231 ad

2260 5269 2273 5330 1
2290 5267 2440 5330 Apud
2455 5268 3061 5330 Lov..l!alicarum;atiu
3077 5267 3296 5317 vetustis
3318 5266 3424 5316 Cdd
3435 5267 3878 5330 ,Ιιᾳιίεἱξληιιψιιιηἶ

2199 5329 2273 5402 uti
2285 5327 2533 5402 scribitur
2550 5331 2706 5402 etiam
2727 5330 2832 5402 in_N
2840 5329 3317 5402 otitia_dignita_tum
3335 5329 3564 5402 Imperii,
3581 5333 3636 5378 et
3733 5329 3792 5378 iis
3804 5327 3880 5391 qni

2198 5391 2480 5456 deComite
2508 5392 2876 5456 largitionibus
2897 5393 2951 5456 in
2982 5391 3234 5456 faciendis
3267 5405 3375 5456 pra:
3399 5391 3536 5456 lecto
3557 5395 3742 5456 agunt.

2259 5455 2280 5489 9
2307 5455 2360 5502 lu
2383 5455 2437 5504 Β.
2457 5453 2900 5505 adversabantur.
2921 5455 3084 5503 Juxta
3107 5453 3191 5502 Er.
3215 5453 3380 5515 Lugd.
3397 5453 3529 5515 Ven.
3557 5453 3682 5502 Lov.
3699 5453 3880 5502 Somni.

2198 5516 2323 5568 Arn.
2351 5516 2482 5567 Dub.
2515 5517 2666 5567 Mart.
2703 5515 2810 5567 Fto.
2843 5520 2896 5566 et
2929 5516 3120 5576 Rond.,
3151 5514 3600 5568 adversabantur.
3699 5515 3766 5566 Μ.
