4058 6174
245 293 348 343 729

244 418 525 491 agendam
551 415 725 471 vitam
740 415 882 471 certi
909 416 1318 489 comprehendi
1339 422 1540 490 potest.
1572 421 1591 474 Ι
1601 435 1692 475 mo
1720 436 1947 492 quaera-

247 524 377 563 mus
414 504 766 576 diligentius,
816 509 878 560 et
924 522 1041 560 non
1084 506 1467 577 desperemus.
1518 510 1658 563 Ecce
1683 510 1802 580 jam
1832 525 1951 564 non

246 600 382 652 sunt
408 594 650 649 absurda
666 593 727 648 in
750 594 933 650 Libris
962 596 1349 651 ecclesiasticis
1370 615 1498 669 quae
1523 600 1766 654 absurda
1789 601 1951 656 vide-

244 685 478 752 bantur,
511 686 568 737 et
599 687 842 754 possunt
885 683 1052 737 aliter
1078 689 1249 754 atque
1279 685 1518 741 honeste
1547 687 1811 759 intelligi.
1862 689 1949 743 Fi-

242 789 381 845 gam
423 771 595 843 pedes
638 771 698 826 in
747 788 813 826 eo
853 773 1034 843 gradu
1084 772 1143 827 in
1191 790 1305 845 quo
1348 770 1492 846 puer
1539 792 1571 829 a
1619 777 1951 847 parentibus

244 862 469 933 positus
512 877 686 925 eram,
736 860 915 915 donec
978 860 1306 916 inveniatur
1354 864 1653 934 perspicua
1721 867 1946 921 veritas.

243 950 354 1005 Sed
388 948 485 1003 ubi
514 950 842 1020 quaeretur?
867 950 1097 1019 quando
1136 954 1463 1021 quaeretur?
1482 953 1604 1007 Non
1637 958 1793 1008 vacat
1819 957 1952 1009 Am-

241 1038 462 1103 brosio,
488 1053 606 1091 non
623 1040 781 1090 vacat
801 1036 1017 1106 legere.
1052 1037 1155 1091 Ubi
1180 1037 1333 1107 ipsos
1354 1039 1578 1094 codices
1599 1042 1948 1112 quaerimus?

244 1127 422 1191 unde,
454 1129 554 1180 aut
589 1124 822 1196 quando
860 1129 1302 1195 comparamus?
1335 1144 1365 1180 a
1396 1127 1603 1199 quibus
1631 1129 1950 1185 sumimus?

247 1216 606 1286 Deputentur
655 1217 937 1285 tempora,
987 1213 1398 1270 distribuantur
1439 1216 1593 1271 hora:
1631 1234 1736 1288 pro
1768 1220 1949 1275 salute

243 1303 471 1358 animm.
504 1304 705 1375 Magna
735 1318 862 1373 spes
912 1302 1113 1357 oborta
1142 1308 1254 1357 est:
1308 1320 1423 1357 non
1470 1305 1633 1359 docet
1674 1308 1949 1361 catholica

243 1393 387 1447 ﬁdes
442 1384 596 1463 quod
641 1390 1006 1462 putabamus,
1040 1395 1095 1445 et
1132 1390 1264 1445 vani
1294 1393 1731 1461 accusabamus;
1792 1396 1947 1450 nefas

242 1480 460 1536 habent
481 1478 630 1534 docti
660 1478 781 1549 ejus
808 1478 1035 1532 credere
1067 1480 1247 1533 Deum
1274 1480 1459 1549 ﬁgura
1484 1480 1725 1536 humani
1745 1499 1945 1554 corpo-

238 1567 321 1623 ris
351 1566 752 1621 terminatum:
786 1570 842 1619 et
871 1565 1198 1620 dubitamus
1225 1567 1453 1637 pulsare
1480 1584 1593 1639 quo
1615 1569 1949 1639 aperiantur

242 1659 487 1711 caetera?
533 1654 1015 1710 Antemeridianis
1070 1654 1260 1709 horis‘
1316 1655 1581 1727 discipuli
1631 1664 1943 1730 occupant:

243 1744 465 1799 caeteris
494 1743 631 1816 quid
661 1743 937 1798 facimus?
956 1759 1057 1797 cur
1079 1760 1195 1798 non
1225 1744 1280 1798 id
1301 1744 1565 1816 agimus?
1585 1746 1693 1800 Sed
1718 1749 1946 1819 quando

243 1836 559 1888 salutamus
600 1832 813 1886 amicos
862 1832 1125 1903 majores,
1175 1848 1425 1903 quorum
1477 1834 1763 1905 suffragiis
1802 1853 1945 1907 opus

242 1920 559 1977 habemus?
591 1919 821 1991 quando
842 1935 1236 1991 praeparamus
1261 1921 1412 1991 quod
1439 1926 1631 1976 emant
1656 1923 1947 1991 scholasti-

241 2010 293 2064 ci
313 2007 341 2061 ‘I
384 2009 616 2081 quando
652 2025 987 2079 reparamus
1018 2024 1121 2063 nos
1150 2008 1326 2081 ipsos,
1361 2010 1617 2065 animum
1642 2012 1947 2068 relaxando

243 2098 315 2153 ab
342 2098 663 2153 intentione
695 2098 1003 2152 curarum?

322 2191 402 2243 19.
440 2188 682 2241 Pereant
712 2186 923 2253 omnia,
949 2191 1004 2241 et
1033 2185 1390 2241 dimittamus
1417 2188 1539 2242 hmc
1559 2205 1702 2243 vana
1736 2192 1793 2244 et
1822 2188 1945 2243 ina-

240 2276 366 2331 nia:
400 2276 758 2329 conferamus
799 2290 904 2329 nos
938 2275 1010 2329 ad
1039 2276 1222 2329 solam
1262 2275 1690 2347 inquisitionem
1732 2278 1943 2332 verita-

238 2365 328 2419 tis.
372 2363 636 2417 Vitahznc
656 2362 864 2417 misera
908 2368 1021 2428 est;
1064 2379 1215 2417 mors
1255 2363 1488 2419 incerta.
1513 2365 1570 2418 Si
1597 2365 1785 2419 subito
1836 2365 1946 2420 ob—

238 2456 423 2525 repat,
451 2452 739 2524 quomodo
768 2451 904 2506 hinc
932 2452 1247 2507 exibimus?
1276 2458 1332 2507 et
1352 2453 1453 2507 ubi
1482 2453 1647 2509 nobis
1673 2453 1944 2510 discenda

237 2547 375 2598 sunt
403 2557 534 2613 quae
561 2541 654 2595 hic
684 2540 1080 2612 negleximus?
1099 2542 1186 2594 An
1214 2557 1331 2595 non
1350 2542 1542 2612 potius
1563 2542 1735 2613 hujus
1765 2542 1947 2614 negli-

236 2632 450 2704 gentia;
478 2629 759 2701 supplicia
783 2630 994 2685 luenda
1019 2629 1188 2683 sunt?
1220 2630 1387 2697 Quid,
1422 2631 1467 2684 si
1490 2648 1643 2685 mors
1674 2631 1797 2701 ipsa
1823 2647 1945 2686 om-

239 2738 374 2777 nem
409 2736 606 2775 curam
635 2735 765 2772 cum
814 2735 984 2773 sensu
1016 2719 1339 2790 amputabit
1372 2724 1429 2774 et
1453 2720 1653 2775 ﬁniet?
1692 2722 1836 2792 Ergo
1890 2726 1947 2775 et

239 2809 351 2864 hoc
377 2806 776 2879 quaerendum.
808 2807 917 2862 Sed
939 2806 1088 2861 absit
1117 2812 1181 2862 ut
1213 2808 1293 2861 ita
1322 2807 1420 2863 sit.
1460 2810 1584 2863 Non
1615 2814 1793 2876 vacat,
1827 2826 1944 2864 non

239 2902 327 2953 est
353 2897 522 2952 inane
552 2896 710 2967 quod
740 2901 857 2951 tam
888 2895 1147 2951 eminens
1177 2896 1405 2951 culmen
1426 2897 1777 2952 auctoritatis
1800 2898 1944 2952 chri’

238 2986 442 3041 stianas
472 2984 608 3040 ﬁdei
632 2988 752 3039 toto
782 2984 920 3039 orbe
951 2984 1310 3039 diffunditur.
1354 2986 1657 3057 Nunquam
1699 2990 1857 3040 tanta
1887 2990 1945 3041 et

240 3074 378 3129 talia
403 3089 509 3145 pro
549 3072 713 3128 nobis
743 3072 1016 3128 divinitus
1037 3079 1363 3143 agerentur,
1404 3074 1451 3128 si
1481 3078 1661 3129 morte
1690 3075 1942 3145 corporis

239 3163 413 3217 etiam
443 3162 559 3217 vita
585 3162 792 3217 animas
820 3167 1272 3217 consumeretur.
1294 3163 1437 3228 Quid
1468 3168 1802 3218 cunctamur
1828 3163 1940 3235 igi-

240 3256 338 3306 tur
364 3251 563 3306 relicta
591 3267 691 3322 spe
723 3251 936 3316 saeculi,
979 3252 1236 3305 conferre
1270 3269 1371 3306 nos
1401 3256 1550 3307 totos
1578 3252 1650 3307 ad
1678 3269 1940 3324 quaeren-

237 3338 378 3393 dum
414 3340 591 3393 Deum
622 3344 679 3394 et
716 3339 893 3394 vitam
918 3338 1185 3394 beatam?
1218 3340 1341 3395 Sed.
1364 3346 1657 3411 exspecta:
1684 3341 1941 3412 jucunda

237 3431 373 3481 sunt
387 3428 557 3482 etiam
576 3428 712 3495 ista;
736 3428 949 3483 habent
968 3444 1087 3483 non
1108 3444 1343 3499 parvam
1366 3429 1723 3484 dulcedinem
1745 3446 1935 3485 suam:

235 3533 357 3571 non
386 3517 550 3571 facile
579 3518 650 3572 ab
681 3516 762 3571 eis
792 3517 1151 3589 praecidenda
1188 3522 1275 3572 est
1302 3517 1573 3587 intentio,
1606 3518 1744 3589 quia
1773 3523 1938 3590 turpe

234 3609 322 3659 est
353 3605 423 3659 ad
459 3621 528 3659 ea
564 3619 794 3659 rursum
824 3605 1031 3660 redire.
1078 3606 1214 3660 Ecce
1255 3606 1378 3675 jam
1410 3612 1693 3677 quantum
1730 3614 1835 3673 est,
1880 3612 1941 3663 ut

232 3694 576 3764 impetratur
601 3693 807 3765 aliquis
838 3694 1060 3748 honor?
1092 3698 1147 3748 et
1174 3694 1309 3765 quid
1344 3694 1592 3765 amplius
1621 3695 1681 3750 in
1710 3696 1801 3751 his
1839 3697 1937 3751 de-

232 3781 647 3837 siderandum?
684 3783 950 3854 Suppetit
974 3783 1290 3837 amicorum
1319 3784 1604 3854 majorum
1625 3786 1813 3857 copia:
1866 3790 1931 3841 ut

233 3870 383 3925 nihil
408 3870 581 3938 aliud,
616 3876 672 3926 et
692 3873 937 3926 multum
959 3872 1314 3940 festinemus,
1346 3874 1431 3927 vel
1454 3873 1786 3944 prtesidatus
1816 3875 1938 3930 dari

233 3964 453 4030 potest;
482 3964 540 4013 et
569 3960 826 4015 ducenda
857 3977 997 4015 uxor
1024 3977 1156 4015 cum
1182 3960 1371 4032 aliqua
1394 3961 1657 4031 pecunia,
1684 3979 1754 4017 ne
1786 3979 1938 4019 sun:-

233 4052 401 4120 ptum
432 4053 688 4103 nostrum
714 4054 939 4119 gravet;
974 4054 1031 4104 et
1057 4050 1152 4104 ille
1190 4050 1298 4104 erit
1337 4050 1544 4104 modus
1582 4051 1933 4122 cupiditatis.

234 4137 398 4192 Multi
435 4137 630 4209 magni
660 4138 766 4192 viri
807 4146 863 4192 et
894 4137 1214 4193 imitatione
1251 4138 1597 4210 dignissimi,
1642 4140 1937 4211 sapientiae

234 4224 427 4280 studio
458 4242 588 4280 cum
617 4225 953 4297 conjugibus
983 4226 1161 4282 dediti
1183 4226 1435 4282 fuerunt.

303 4316 395 4368 20.
431 4314 571 4369 Cum
612 4315 735 4370 hmc
763 4314 1040 4382 dicebam,
1071 4320 1128 4369 et
1170 4316 1527 4370 alternabant
1580 4316 1641 4371 hi
1681 4316 1833 4371 venti
1880 4322 1937 4372 et

232 4405 733 4476 impellebanthuc
752 4409 922 4477 atque
952 4406 1086 4459 illuc
1115 4422 1212 4460 cor
1237 4407 1776 4474 meum,transibant
1796 4412 1936 4462 tem-

231 4510 398 4564 pora,
448 4498 504 4548 et
532 4493 823 4549 tardabam
853 4494 1106 4549 converti
1135 4495 1206 4549 ad
1252 4495 1580 4564 Dominum,
1621 4500 1677 4550 et
1708 4496 1931 4551 differe-

228 4584 361 4637 bam
395 4582 465 4637 de
497 4582 588 4637 die
627 4582 690 4637 in
721 4583 873 4638 diem
911 4583 1099 4638 vivere
1142 4582 1202 4638 in
1238 4588 1315 4651 te,
1348 4589 1405 4639 et
1434 4600 1551 4639 non
1594 4585 1929 4640 differebam

228 4670 490 4742 quotidie
528 4669 588 4725 in
627 4670 964 4743 memetipso
996 4671 1163 4727 mori.
1213 4674 1427 4727 Amans
1465 4673 1685 4728 beatam
1730 4674 1929 4742 vitam,

228 4760 510 4815 timebam
540 4759 698 4815 illam
726 4760 788 4816 in
816 4761 949 4816 sede
984 4778 1117 4828 sua;
1154 4766 1211 4816 et
1236 4762 1305 4815 ab
1334 4779 1399 4815 ea
1428 4762 1675 4833 fugiens,
1708 4780 1929 4835 qurere-

225 4850 363 4905 bam
396 4865 542 4905 eam.
586 4849 859 4904 Putabam
889 4849 1043 4904 enim
1082 4865 1174 4903 me
1202 4850 1477 4905 miserum
1508 4852 1629 4906 fore
1659 4851 1850 4921 nimis,
1884 4854 1930 4908 si

224 4938 462 4993 femina:
483 4938 738 5009 privarer
758 4938 1137 5010 amplexibus,
1165 4944 1221 4993 et
1240 4939 1587 4995 medicinam
1610 4941 1929 4997 misericor-

225 5027 342 5083 dia:
376 5031 490 5085 tua:
518 5028 589 5082 ad
616 5027 1286 5082 eamdeminlirmitatem
1308 5030 1619 5083 sanandam
1645 5048 1758 5084 non
1775 5032 1928 5102 cogi-

224 5116 443 5183 tabam,
478 5115 612 5187 quia
635 5122 901 5187 expertus
920 5133 1033 5171 non
1057 5133 1243 5183 eram;
1266 5123 1322 5171 et
1340 5118 1703 5189 propriarum
1725 5119 1925 5175 virium

223 5205 530 5259 credebam
559 5220 678 5260 esse
703 5205 1136 5273 continentiam,
1173 5223 1418 5277 quarum
1448 5207 1594 5262 mihi
1623 5226 1740 5262 non
1770 5224 1926 5263 eram

221 5294 509 5361 conscius,
542 5312 673 5350 cum
723 5300 839 5351 tam
871 5297 1076 5351 stultus
1115 5314 1299 5352 essem
1347 5302 1409 5352 ut
1437 5297 1737 5365 nescirem,
1787 5298 1930 5353 sicut

224 5385 507 5457 scriptum
538 5389 639 5453 est,
673 5385 965 5440 neminem
996 5403 1163 5457 posse
1207 5402 1327 5441 esse
1359 5386 1769 5453 continentem,
1816 5387 1927 5442 nisi

226 5480 285 5529 tu
323 5474 552 5529 dederis
574 5474 729 5544 (Sap.
755 5492 872 5541 νηί,
900 5479 961 5531 2t
996 5476 1035 5545 ).
1071 5475 1275 5548 Utique
1307 5475 1492 5545 dares,
1521 5475 1567 5530 si
1597 5477 1815 5546 gemitu
1844 5476 1927 5531 in-

294 5567 304 5599 ¹
330 5562 668 5628 ﬂoris.juxta
692 5564 776 5616 Er.
806 5564 969 5627 Lugd.
989 5565 1115 5615 Ven.
1134 5565 1254 5616 Lov.
1284 5566 1423 5616 Som.
1455 5563 1919 5619 Flor.etltond.1\l.

1737 295 1949 353 LIBER
2004 296 2298 355 SEXTUS.

3657 313 3762 367 730

2062 426 2228 476 terno
2248 423 2533 494 pulsarem
2566 442 2731 481 aures
2758 432 2907 499 tuas,
2952 433 3009 485 et
3037 430 3148 485 ﬁde
3180 430 3361 486 solida
3405 432 3463 486 in
3494 436 3548 487 te
3580 433 3759 505 jacta-

2063 526 2185 565 rem
2219 528 2415 567 curam
2437 530 2621 569 meam
2634 557 2647 573 .

2064 654 2345 710 Contentio
2382 658 2524 711 inter
2558 590 3301 785 Αἰῃρὶἓῗιρριξὲἒὲξλείίηυηι
3332 662 3397 717 de
3418 666 3760 721 matrimonio

2736 747 2761 784 ρ
2810 748 2921 784 eo):
2963 751 2991 784 α
3024 748 3073 785 u.

2736 747 2783 784 οι
2810 747 3073 786 C(ruoum.

2131 815 2219 866 2i.
2256 814 2596 869 Prohibebat
2627 832 2717 871 me
2749 834 2881 872 sane
2910 818 3146 890 Alypius
3180 820 3247 874 ab
3284 838 3451 876 uxore
3482 824 3756 887 ducenda,

2062 916 2297 955 causans
2334 905 2351 939 ¹
2398 905 2553 957 nullo
2585 906 2753 959 modo
2786 923 2886 959 nos
2918 924 3081 978 posse
3118 926 3313 963 securo
3346 911 3459 964 otio
3491 912 3658 966 simul
3698 912 3757 967 in

2061 1004 2254 1044 amore
2278 991 2571 1061 sapientia:
2594 992 2801 1063 vivere,
2826 995 3105 1065 sicutjam
3123 996 3221 1050 diu
3243 998 3693 1053 desideraremus
3714 1004 3755 1067 ε,

2061 1078 2103 1131 si
2138 1078 2195 1133 id
2218 1079 2498 1134 fecissem.
2533 1082 2661 1135 Erat
2690 1082 2843 1137 enim
2870 1083 2990 1153 ipse
3022 1083 3081 1137 in
3111 1101 3175 1138 ea
3205 1102 3264 1138 re
3296 1086 3467 1139 etiam
3498 1091 3632 1141 tunc
3661 1105 3753 1142 ca-

2060 1166 2359 1231 stissimus,
2392 1167 2470 1221 ita
2503 1172 2565 1221 ut
2598 1169 2811 1224 mirum
2851 1175 3025 1237 esset;
3060 1172 3193 1243 quia
3230 1173 3316 1226 vel
3348 1175 3756 1244 experientiam

2058 1256 2394 1310 concubitus
2424 1262 2654 1327 ceperat
2692 1257 2749 1311 in
2779 1257 3036 1327 ingressu
3070 1262 3460 1316 adolescentiae.
3492 1280 3629 1333 sua),
3661 1264 3759 1318 sed

2060 1360 2173 1397 non
2200 1345 2471 1409 haeserat;
2501 1345 2795 1416 magisque
2811 1347 3136 1402 dolueratet
3155 1356 3459 1420 spreverat,
3477 1357 3532 1404 et
3554 1353 3758 1406 deinde

2051 1432 2173 1503 jam
2211 1432 2698 1487 continentissime
2744 1434 2988 1488 vivebat.
3026 1438 3140 1506 Ego
3186 1442 3377 1490 autem
3422 1438 3756 1493 resistebam

2057 1519 2161 1588 illi,
2195 1521 2469 1593 exemplis
2500 1538 2700 1576 eorum
2730 1522 2828 1593 qui
2874 1524 3163 1594 conjugati
3192 1524 3495 1579 coluissent
3532 1526 3757 1596 sapien-

2056 1610 2214 1677 tiam,
2248 1614 2304 1665 et
2332 1610 2784 1681 promeruissent
2824 1613 3024 1679 Deum,
3059 1617 3113 1667 et
3141 1613 3472 1668 habuissent
3511 1615 3757 1670 ﬁdeliter

2058 1716 2121 1753 ac
2148 1700 2474 1755 dilexissent
2505 1700 2735 1755 amicos.
2770 1703 2815 1754 A
2844 1718 3088 1771 quorum
3126 1718 3231 1773 ego
3263 1702 3497 1772 quidem
3522 1704 3758 1774 grandi-

2056 1792 2170 1842 tate
2201 1788 2380 1843 animi
2410 1790 2577 1859 longe
2608 1789 2870 1843 aberam:
2894 1794 2948 1843 et
2976 1791 3258 1861 deligatus
3289 1796 3308 1827 ³
3338 1793 3539 1846 morbo
3571 1794 3757 1847 carnis

2057 1877 2351 1932 mortifera
2399 1878 2693 1943 suavitate,
2746 1878 3044 1932 trahebam
3076 1884 3335 1933 catenam
3367 1895 3576 1946 meam,
3612 1881 3753 1935 solvi

2058 1966 2288 2032 timens,
2349 1972 2406 2020 et
2444 1966 2606 2037 quasi
2655 1983 2925 2020 concusso
2975 1968 3207 2020 vulnere
3254 1968 3536 2037 repellens
3586 1969 3757 2023 verba

2058 2054 2203 2108 bene
2251 2055 2563 2124 suadentis,
2610 2058 2850 2125 tanqum
2897 2071 3131 2108 manum
3182 2055 3474 2110 solventis.
3519 2057 3758 2128 Insuper

2057 2142 2228 2197 etiam
2252 2159 2355 2213 per
2384 2160 2474 2198 me
2505 2143 2613 2214 ipsi
2639 2160 2865 2215 quoque
2897 2144 3099 2214 Alypio
3129 2144 3472 2215 loquebatur
3501 2162 3753 2217 serpens,

2057 2236 2114 2285 et
2133 2231 2459 2285 innectebat
2482 2236 2651 2303 atque
2676 2232 2981 2302 spargebat
2998 2248 3098 2303 per
3127 2232 3385 2302 linguam
3414 2249 3603 2287 meam
3634 2234 3757 2289 dul-

2058 2336 2147 2374 ces
2178 2321 2413 2391 laqueos
2442 2320 2502 2373 in
2526 2320 2616 2373 via
2646 2320 2786 2391 ejus,
2821 2320 3027 2391 quibus
3058 2320 3140 2374 illi
3168 2320 3393 2375 honesti
3422 2326 3476 2377 et
3506 2323 3755 2395 expediti

2056 2409 2230 2481 pedes
2261 2409 2711 2479 implicarentur.

2127 2501 2217 2553 22.
2247 2499 2387 2554 Cum
2409 2497 2562 2551 enim
2595 2513 2686 2552 me
2707 2496 2804 2552 ille
2833 2498 3162 2566 miraretur,
3198 2515 3373 2571 quem
3405 2516 3523 2555 non
3566 2502 3754 2573 parvi-

2057 2587 2349 2657 penderet,
2382 2585 2461 2640 ita
2489 2586 2708 2641 hterere
2735 2586 2885 2641 visco
2909 2587 3062 2641 illius
3092 2588 3424 2659 voluptatis,
3454 2593 3519 2643 ut
3548 2606 3639 2644 me
3679 2592 3758 2646 af-

2057 2676 2369 2742 lirmarem,
2395 2675 2864 2746 quotiescumque
2894 2676 3024 2730 inde
3042 2676 3192 2731 inter
3216 2693 3318 2730 nos
3342 2694 3756 2748 quaereremus,

2055 2764 2311 2817 caelibem
2359 2763 2535 2817 vitam
2580 2763 2739 2816 nullo
2780 2763 2951 2817 modo
2984 2780 3147 2833 posse
3192 2764 3429 2835 degere;
3478 2770 3647 2835 atque
3676 2766 3758 2820 ita

2053 2868 2145 2906 me
2193 2852 2577 2919 defenderem,
2623 2867 2755 2905 cum
2796 2852 2961 2905 illum
3008 2852 3313 2906 mirantem
3363 2852 3642 2919 viderem,
3691 2860 3757 2909 ut

2053 2940 2301 2993 dicerem
2318 2938 2565 2992 multum
2589 2937 2861 2991 interesse
2882 2938 3031 2991 inter
3052 2938 3194 2992 illud
3218 2938 3373 3009 quod
3396 2939 3517 3010 ipse
3544 2940 3754 3011 raptim

2053 3032 2110 3082 et
2146 3027 2345 3082 furtim
2378 3031 2640 3098 expertus
2666 3032 2831 3091 esset,
2867 3026 3019 3097 quod
3050 3043 3197 3097 pene
3221 3027 3344 3097 jam
3370 3044 3440 3081 ne
3465 3028 3757 3083 meminis-

2054 3118 2137 3170 set
2168 3115 2423 3187 quidem,
2458 3121 2626 3186 atque
2674 3114 2800 3169 ideo
2847 3115 3005 3169 nulla
3045 3117 3307 3169 molestia
3365 3116 3526 3171 facile
3558 3122 3752 3172 conte-

2053 3208 2294 3266 mneret,
2320 3208 2375 3258 et
2397 3202 2798 3258 delectationes
2820 3203 3248 3257 consuetudinis
3273 3220 3435 3271 mere,
3457 3206 3527 3259 ad
3544 3223 3685 3278 quas
3706 3207 3753 3262 si

2053 3293 2374 3348 accessisset
2420 3293 2727 3347 honestum
2773 3308 2983 3346 nomen
3032 3292 3404 3361 matrimonii,
3451 3309 3571 3348 non
3620 3310 3753 3349 eum

2053 3380 2250 3435 mirari
2279 3385 2561 3453 oportere,
2599 3398 2700 3435 cur
2728 3397 2833 3453 ego
2860 3380 3013 3435 illam
3053 3381 3227 3435 vitam
3262 3381 3563 3459 nequirem
3594 3399 3751 3454 sper-

2051 3486 2217 3524 nere:
2252 3474 2498 3541 ceeperat
2530 3474 2585 3523 et
2622 3470 2742 3540 ipse
2782 3469 3106 3524 desiderare
3143 3470 3497 3541 conjugium,
3532 3488 3749 3542 nequa-

2051 3575 2224 3629 quam
2254 3559 2433 3613 vietus
2464 3558 2699 3613 libidine
2741 3558 2867 3611 talis
2905 3557 3230 3628 voluptatis,
3267 3559 3365 3612 sed
3386 3559 3746 3613 curiositatis.

2053 3648 2281 3703 Dicebat
2324 3646 2479 3702 enim
2523 3647 2665 3701 scire
2710 3662 2768 3701 se
2812 3662 3020 3716 cupere
3068 3646 3345 3717 quidnam
3390 3651 3535 3701 esset
3585 3648 3747 3715 illud,

2048 3736 2169 3789 sine
2202 3753 2313 3807 quo
2344 3734 2458 3789 vita
2490 3751 2615 3788 mea
2644 3752 2772 3806 qua:
2793 3734 2876 3788 illi
2908 3733 2985 3787 sic
3005 3735 3280 3805 placebat,
3304 3751 3417 3788 non
3440 3735 3583 3789 mihi
3612 3736 3746 3802 vita,

2048 3826 2145 3879 sed
2176 3841 2345 3895 poena
2380 3824 2681 3878 videretur.
2718 3824 2999 3894 Stupebat
3027 3822 3181 3877 enim
3211 3823 3356 3877 liber
3394 3825 3463 3878 ab
3497 3825 3591 3878 illo
3623 3824 3745 3880 viu-

2047 3915 2174 3969 culo
2201 3914 2427 3968 animus
2457 3913 2784 3967 servitutem
2812 3929 3023 3981 meam,
3049 3916 3104 3967 et
3126 3913 3404 3985 stupende
3421 3914 3538 3969 ibat
3562 3914 3623 3969 in
3653 3932 3747 3970 ex-

2047 4002 2306 4074 periendi
2332 4002 2682 4073 cupidinem,
2710 4006 2980 4055 venturus
3012 4002 3070 4056 in
3102 4002 3286 4073 ipsam
3313 4004 3745 4075 experientiam,

2046 4097 2218 4164 atque
2248 4092 2381 4147 inde
2430 4092 2666 4146 fortasse
2724 4092 2989 4163 lapsurus
3020 4090 3078 4145 in
3118 4108 3241 4145 eam
3273 4108 3445 4162 quam
3486 4094 3750 4161 stupebat

2046 4182 2406 4248 servitutem;
2442 4181 2715 4252 quoniam
2747 4180 3116 4252 sponsionem
3142 4181 3367 4235 volebat
3394 4181 3576 4234 facere
3616 4198 3746 4235 cum

2045 4275 2261 4337 morte;
2295 4274 2351 4323 et
2380 4269 2479 4340 qui
2504 4274 2658 4323 amat
2687 4270 3031 4340 periculum,
3060 4269 3274 4323 incidet
3304 4270 3365 4322 in
3398 4268 3562 4323 illud.
3603 4270 3749 4324 Neu-

2046 4362 2198 4412 trum
2246 4358 2399 4412 enim
2434 4362 2716 4424 nostrum,
2750 4358 2797 4411 si
2841 4358 2995 4429 quod
3037 4362 3122 4411 est
3156 4357 3451 4428 conjugale
3485 4356 3653 4411 decus
3683 4356 3744 4412 in

2043 4445 2229 4500 ofﬁcio
2258 4445 2498 4516 regendi
2529 4446 2881 4500 matrimonii
2909 4451 2964 4500 et
2996 4444 3495 4515 suscipiendorum
3530 4444 3742 4499 libero-

2043 4550 2193 4602 rum,
2224 4535 2481 4601 ducebat,
2512 4534 2621 4589 nisi
2645 4535 2908 4590 tenuiter.
2939 4536 3139 4604 Magna
3170 4537 3358 4587 autem
3383 4549 3451 4587 ex
3476 4538 3639 4603 parte
3666 4537 3744 4589 at-

2044 4639 2153 4695 que
2174 4623 2539 4678 vehementer
2567 4623 2919 4678 consuetudo
2948 4621 3218 4676 satiandze
3238 4619 3577 4675 insatiabilis
3606 4638 3741 4677 con-

2042 4711 2405 4783 cupiscentize
2464 4730 2554 4768 me
2601 4718 2830 4784 captum
2897 4710 3286 4777 excruciabat;
3334 4710 3499 4765 illum
3546 4716 3742 4767 autem

2042 4802 2341 4857 admiratio
2378 4803 2719 4873 capiendum
2751 4801 3028 4856 trahebat.
3055 4800 3143 4854 Sic
3166 4816 3414 4869 eramus,
3447 4800 3628 4856 donec
3652 4806 3735 4868 tu,

2040 4890 2347 4960 Altissime,
2378 4908 2496 4944 non
2530 4890 2793 4943 deserens
2829 4889 3071 4943 humum
3111 4892 3386 4959 nostram,
3435 4892 3737 4947 miseratus

2041 4980 2300 5048 miseros,
2325 4979 2649 5034 subvenires
2680 4978 2839 5033 miris
2871 4983 2925 5032 et
2957 4978 3188 5033 occultis
3220 4980 3425 5034 modis.

2676 5068 2901 5123 CAPUT
2943 5069 3092 5122 XIII.

2501 5141 2646 5193 Uror
2662 5141 2924 5208 quaeritur
2944 5140 3271 5206 Augustino.

2110 5232 2203 5285 23.
2242 5231 2307 5284 Et
2331 5228 2648 5283 instabatur
2669 5228 2911 5299 impigre
2943 5232 3003 5281 ut
3034 5229 3299 5283 ducerem
3334 5243 3585 5282 uxorem.
3608 5228 3733 5282 iam

2104 5321 2115 5351 ¹
2147 5322 2405 5377 Cantans,
2424 5317 2577 5379 juxta
2597 5317 2720 5366 Arn.
2754 5317 2887 5365 Flor.
2910 5321 2961 5366 et
2986 5317 3135 5366 Mart.
3163 5332 3225 5366 ex
3258 5320 3284 5365 6
3307 5317 3426 5364 Mss.
3457 5316 3522 5362 Μ.

2100 5383 2119 5415 ³
2143 5380 2650 5445 Desideraveramus,
2674 5381 2827 5445 juxta
2858 5379 3054 5430 Summ.
3098 5380 3271 5429 Hond.
3313 5382 3363 5427 et
3392 5379 3544 5426 Mart.
3595 5392 3656 5427 ex
3706 5382 3733 5427 3

2039 5443 2447 5561 3135.1,0vl.“.Blas,
2481 5519 2601 5553 cum
2632 5505 2831 5569 aliquot
2850 5506 2938 5569 M.,
2970 5502 3411 5569 delicatus._$°‘}1'
3445 5501 3569 5551 Am‘
3593 5502 3729 5569 (ἔξιθ’

2036 5570 2229 5618 ctatus.
2262 5568 2414 5617 Stant
2448 5581 2567 5617 vero
2588 5582 2679 5631 pro
2711 5564 2889 5619 nostra
2920 5567 3143 5617 lectione
3169 5564 3400 5615 melioris
3431 5568 3568 5615 uotae
3603 5564 3723 5616 Mss.
