4058 6174
311 279 408 334 731

316 395 602 470 petebam,
646 393 770 466 jam
818 390 1278 465 promittebatur,
1321 387 1572 444 maxime
1625 390 1808 442 matre
1849 386 2019 440 dante

317 502 571 557 operam,
597 499 710 556 quo
746 499 836 537 me
860 483 981 553 jam
1002 481 1373 552 conjugatum
1406 477 1729 547 Baptismus
1751 474 2018 530 salutaris

315 577 592 633 ablueret.
623 591 735 646 quo
774 589 861 628 me
884 573 942 626 in
976 571 1096 625 dies
1125 569 1413 639 gaudebat
1437 567 1645 638 aptari,
1670 570 1725 620 et
1757 569 1882 619 vota
1915 581 2019 619 sua

318 681 382 720 ac
410 663 690 736 promissa
714 666 812 717 tua
832 662 890 715 in
913 676 1039 714 mea
1069 659 1179 712 fide
1203 655 1475 726 compleri
1504 654 2016 708 animadvertebat.

320 753 463 808 Cum
484 768 620 806 sane
637 755 693 805 et
717 753 916 820 rogatu
947 763 1072 800 meo
1095 750 1148 799 et
1171 743 1452 798 desiderio
1477 760 1600 808 suo,
1624 741 1755 796 forti
1778 742 2022 796 clamore

320 841 507 896 cordis
537 841 636 894 abs
677 841 733 892 te
784 837 1186 906 deprecaretur
1219 831 1496 903 quotidie,
1529 836 1591 885 ut
1618 831 1670 885 ei
1701 847 1802 902 per
1837 831 2022 885 visum

319 929 643 985 ostenderes
673 924 888 996 aliquid
919 924 988 977 de
1018 922 1210 976 futuro
1261 920 1624 975 matrimonio
1672 937 1828 984 meo;
1865 936 2014 974 nun-

319 1032 492 1090 quam
521 1013 769 1069 voluisti.
807 1013 868 1066 Et
911 1011 1138 1065 videbat
1169 1010 1433 1081 quaedam
1480 1025 1627 1062 vana
1683 1013 1740 1063 et
1778 1009 2021 1078 phanta-

320 1105 608 1176 stica,quo
632 1101 874 1173 cogebat
890 1100 1137 1170 impetus
1161 1100 1229 1153 de
1252 1099 1356 1152 hac
1378 1114 1437 1152 re
1452 1097 1762 1168 satagentis
1781 1095 2024 1151 humani

320 1192 575 1263 spiritus,
607 1194 663 1244 et
688 1189 959 1244 narrabat
987 1187 1154 1257 mihi,
1187 1204 1305 1242 non
1325 1203 1456 1241 cum
1488 1186 1696 1240 ﬂducia
1729 1203 1843 1256 qua
1876 1185 2021 1239 sole-

322 1280 439 1348 bat,
458 1295 589 1334 cum
612 1281 673 1332 tu
696 1277 1114 1332 demonstrares
1136 1276 1209 1342 ei,
1235 1276 1334 1330 sed
1354 1282 1724 1331 contemnens
1749 1290 1832 1328 ea.
1862 1273 2022 1327 Dice-

321 1366 420 1422 bat
449 1365 603 1420 enim
626 1365 946 1420 discernere
969 1380 1027 1417 se
1048 1362 1237 1417 nescio
1257 1379 1370 1433 quo
1393 1378 1615 1432 sapore,
1644 1377 1815 1433 quem
1839 1360 2025 1414 verbis

323 1455 607 1526 explicare
627 1469 744 1508 non
765 1456 1008 1524 poterat,
1029 1437 1172 1523 quid.
1188 1450 1482 1505 interesset
1506 1449 1655 1503 inter
1675 1449 2023 1503 rcvclantcm

322 1547 397 1606 te,
441 1546 497 1597 et
525 1540 780 1596 animam
809 1555 971 1594 suam
1013 1538 1416 1593 somniantem.
1451 1537 1776 1592 Instabatur
1805 1541 2020 1604 tamen,

326 1634 382 1685 et
408 1629 602 1701 puella
630 1629 951 1700 petebatur,
984 1628 1144 1698 cujus
1177 1632 1313 1681 aetas
1354 1626 1533 1680 ferme
1564 1624 1798 1680 biennio
1833 1625 2023 1679 minus

326 1735 499 1792 quam
529 1717 741 1773 nubilis
763 1719 918 1785 erat,
947 1719 1003 1770 et
1027 1715 1164 1787 quia
1185 1732 1250 1768 ea
1271 1714 1547 1785 placebat,
1572 1713 2022 1785 exspectabatur.

974 1805 1199 1860 CAPUT
1232 1805 1362 1859 XIV.

456 1897 532 1951 De
556 1896 672 1949 vita
695 1896 965 1950 communi
994 1893 1206 1962 agenda
1232 1909 1350 1948 cum
1389 1893 1578 1948 amicis
1603 1891 1886 1946 deliberat.

393 1985 482 2039 24.
527 1985 592 2038 Et
628 1983 797 2038 multi
826 1982 995 2037 amici
1041 1981 1458 2053 agitaveramus
1499 1981 1715 2048 animo,
1763 1983 1820 2034 et
1850 1980 2021 2035 collo-

324 2078 566 2146 quentes
595 2088 658 2126 ac
689 2073 1033 2127 detestantes
1063 2073 1421 2126 turbulentas
1448 2071 1716 2126 humanae
1746 2071 1875 2126 vitm
1907 2087 2026 2124 mo-

323 2162 535 2229 lestias,
568 2178 713 2232 pene
733 2161 854 2232 jam
880 2161 1314 2216 ﬁrmaveramus
1343 2160 1551 2216 remoti
1583 2177 1614 2214 a
1635 2159 1816 2214 turbis
1845 2159 2023 2213 otiose

325 2251 544 2306 vivere:
577 2250 634 2305 id
657 2250 841 2304 otium
871 2250 949 2304 sic
978 2249 1186 2317 moliti,
1218 2255 1284 2304 ut
1314 2250 1360 2303 si
1400 2249 1537 2321 quid
1578 2249 1790 2303 habere
1822 2264 2024 2318 posse-

323 2356 470 2407 mus,
505 2338 890 2394 conferremus
919 2338 980 2392 in
1011 2338 1288 2403 medium,
1318 2354 1612 2409 unamque
1637 2353 1759 2391 rem
1788 2336 2024 2391 familia-

324 2444 448 2483 rem
478 2427 856 2482 conflaremus
887 2443 955 2481 ex
985 2427 1282 2496 omnibus;
1315 2432 1375 2481 ut
1403 2443 1506 2497 per
1537 2425 1800 2479 amicitiae
1841 2426 2024 2479 since-

325 2517 556 2571 ritatem
597 2531 713 2570 non
765 2518 912 2569 esset
952 2515 1106 2569 aliud
1156 2515 1327 2586 hujus
1375 2519 1431 2569 et
1479 2514 1636 2568 aliud
1686 2513 1870 2579 illius;
1926 2513 2022 2567 sed

326 2604 475 2676 quod
496 2620 564 2658 ex
591 2603 807 2658 cunctis
827 2603 991 2657 ﬁeret
1010 2619 1214 2672 unum,
1238 2606 1293 2656 et
1315 2601 1642 2655 universum
1666 2600 2024 2672 singulorum

325 2699 491 2762 esset,
527 2698 583 2749 et
626 2693 820 2748 omnia
849 2695 1140 2748 omnium:
1179 2709 1309 2747 cum
1347 2692 1673 2746 videremur
1705 2691 1868 2746 nobis
1905 2707 2024 2746 esse

322 2800 490 2856 posse
523 2783 719 2838 decem
749 2782 927 2836 ferme
955 2782 1219 2836 homines
1247 2781 1307 2836 in
1355 2781 1555 2835 eadem
1605 2779 1890 2845 societate,
1937 2796 2027 2833 es-

325 2878 566 2943 sentque
605 2872 756 2926 inter
804 2887 910 2924 nos
943 2870 1284 2941 praedivites,
1334 2868 1725 2924 Romanianus
1777 2867 2025 2922 maxime

325 2957 754 3030 communiccps
783 2961 994 3024 noster,
1041 2973 1212 3028 quem
1243 2963 1380 3011 tunc
1418 2973 1616 3027 graves
1646 2959 1817 3010 cestus
1848 2972 2025 3026 nego-

325 3047 538 3102 tiorum
563 3063 796 3101 suorum
820 3046 891 3100 ad
919 3046 1251 3100 comitatum
1283 3050 1652 3112 attraxerant,
1685 3045 1754 3099 ab
1787 3045 2025 3099 ineunte

326 3139 493 3190 mtate
516 3134 660 3190 mihi
690 3135 1192 3199 familiarissimus;
1217 3135 1316 3206 qui
1350 3134 1594 3189 maxime
1630 3133 1872 3188 instabat
1893 3132 2027 3187 huic

327 3224 429 3289 rei,
484 3228 542 3278 et
585 3241 852 3295 magnam
896 3223 956 3277 in
988 3224 1275 3278 suadendo
1323 3223 1570 3278 habebat
1599 3222 2022 3288 auctoritatem,

325 3313 476 3383 quod
512 3313 704 3384 ampla
733 3328 823 3366 res
855 3313 976 3383 ejus
1005 3313 1252 3366 multum
1271 3311 1491 3366 caeteris
1513 3311 1795 3365 anteibat:
1829 3313 1884 3364 et
1910 3311 2028 3380 pla-

326 3405 519 3456 cuerat
545 3401 707 3456 nobis
734 3405 793 3454 ut
821 3401 941 3456 bini
959 3401 1137 3455 annui
1153 3406 1424 3472 tanquam
1447 3400 1809 3470 magistratus
1832 3399 2026 3453 omnia

325 3491 643 3546 necessaria
677 3494 956 3554 curarent,
991 3489 1210 3544 caeteris
1240 3489 1469 3561 quietis.
1503 3488 1614 3544 Sed
1645 3492 2025 3559 posteaquam

327 3579 497 3651 coepit
537 3579 777 3652 cogitari
814 3583 1006 3634 utrum
1037 3579 1146 3634 hoc
1177 3579 1532 3633 mulierculm
1579 3578 1852 3644 sinerent,
1886 3593 2027 3648 quas

326 3671 381 3722 et
410 3668 507 3722 alii
546 3674 806 3724 nostrum
831 3670 950 3740 jam
982 3669 1286 3735 habebant,
1319 3671 1374 3722 et
1401 3684 1504 3722 nos
1542 3666 1752 3721 habere
1798 3665 2026 3720 voleba-

327 3771 477 3822 mus,
507 3761 690 3812 totum
733 3758 871 3812 illud
899 3757 1172 3828 placitum
1214 3755 1366 3826 quod
1397 3755 1541 3809 bene
1571 3755 1956 3809 formabamus
1985 3753 2025 3819 ‘,

327 3843 579 3898 dissiluit
622 3845 684 3898 in
731 3845 1016 3912 manibus,
1067 3847 1238 3915 atque
1267 3843 1618 3897 confractum
1656 3846 1712 3897 et
1749 3843 2026 3913 abjectum

329 3935 430 3985 est.
480 3931 615 3985 Inde
647 3932 716 3986 ad
749 3933 992 4002 suspiria
1031 3937 1087 3986 et
1124 3932 1369 4002 gemitus
1397 3930 1441 3998 ³,
1479 3935 1536 3986 et
1564 3947 1790 4001 gressus
1825 3932 1894 3985 ad
1940 3948 2027 3984 sc-

331 4019 590 4092 quendas
637 4020 779 4074 latas
815 4024 871 4073 et
908 4019 1066 4074 tritas
1110 4020 1228 4074 vias
1277 4020 1487 4086 saeculi,
1521 4019 1793 4091 quoniam
1834 4021 2028 4074 multm

329 4108 701 4181 cogitationes
735 4111 896 4163 erant
939 4109 1001 4162 in
1033 4109 1200 4164 corde
1231 4114 1458 4174 nostro;
1497 4108 1799 4163 consilium
1839 4114 2028 4163 autem

329 4203 496 4253 tuum
519 4201 713 4252 manet
739 4196 798 4252 in
831 4203 1111 4252 mternum
1136 4196 1301 4267 (Psal.
1325 4214 1496 4264 xxxu,
1529 4199 1610 4268 '2).
1649 4199 1724 4251 Ex
1755 4213 1868 4269 quo
1892 4214 2027 4252 con-

330 4287 456 4341 silio
505 4286 803 4342 deridebas
846 4290 1055 4350 nostra,
1101 4290 1155 4339 et
1186 4290 1284 4340 tua
1313 4287 1695 4358 praeparabas,
1727 4286 1894 4340 nobis
1926 4287 2025 4341 da-

327 4379 386 4431 tu
397 4392 491 4430 rus
507 4392 690 4430 escam
707 4375 769 4429 in
783 4373 1232 4447 opportunitate,
1247 4381 1302 4428 et
1315 4381 1616 4445 aperturus
1630 4379 2029 4430 manumtuam

327 4469 494 4535 atque
525 4464 868 4536 impleturus
899 4464 1121 4519 animas
1167 4467 1388 4518 nostras
1415 4464 1815 4520 benedictione
1848 4465 2020 4535 (Paul.

329 4569 505 4622 cxmv,
533 4557 618 4622 t5,
650 4556 773 4624 16).

1007 4643 1232 4698 CAPUT
1250 4642 1355 4698 XV.

490 4731 554 4785 In
585 4729 754 4786 locum
785 4731 1108 4788 discedentia
1142 4732 1447 4787 concubina
1475 4731 1590 4786 alia
1617 4729 1870 4786 succedit.

402 4821 491 4874 25.
529 4820 754 4874 Interea
782 4825 1012 4892 peccata
1042 4838 1169 4875 mea
1197 4820 1740 4893 multiplicabantur,
1765 4823 1822 4873 et
1838 4819 2030 4874 avulsa

396 4942 754 5008 *Firmamgus
805 4943 953 5006 juxta
1000 4945 1382 4995 vetustissimas
1432 4944 1689 4994 editiones
1735 4947 1787 4993 et
1832 4943 2034 5008 aliquot

332 5007 456 5056 Mss.
495 5009 635 5057 Pcne
653 5005 1089 5068 fil-maceremus,
1117 5008 1266 5068 juxta
1299 5009 1435 5056 Flor.
1460 5009 1532 5056 Μ.

394 5071 414 5104 2
443 5068 639 5126 Codex,
661 5068 783 5134 Alb._
803 5073 854 5116 et
875 5069 1196 5132 antiquiores
1217 5070 1365 5120 Edd.:
1384 5069 1520 5121 Inde
1538 5069 1608 5121 ad
1625 5068 1862 5132 suspiria
1881 5074 1934 5121 et
1951 5082 2033 5134 ge-

331 5135 498 5181 mitus
523 5130 978 5190 convertebamur,
1006 5130 1068 5180 ’et
1094 5144 1322 5194 gressus.

1538 266 2078 325 CONFESSIONUM
2127 265 2185 323 S.
2228 265 2639 324 AUGUSTINI.
3694 281 3787 334 732

2127 401 2160 440 a
2177 385 2351 439 latere
2381 400 2510 438 meo
2531 388 2808 456 tanquam
2833 383 3247 456 impedimento
3267 388 3530 460 conjugii,
3553 407 3674 449 cum
3693 412 3793 468 qua

2129 474 2339 528 cubare
2372 473 2571 527 solitus
2603 489 2780 537 eram,
2815 490 2913 528 cor
2943 475 3040 529 ubi
3071 476 3400 532 adhaerebat
3444 482 3710 538 concisum
3747 491 3796 542 et

2124 565 2483 617 vulneratum
2517 563 2660 617 mihi
2687 566 2826 625 erat,
2862 568 2918 617 et
2950 564 3207 618 trahebat
3233 567 3580 636 sanguinem.
3625 572 3686 624 Et
3710 571 3797 628 illa

2130 652 2189 705 in
2220 651 2465 706 Africam
2499 653 2758 718 redierat,
2787 669 2998 706 vovens
3027 652 3325 707 tibialium
3355 671 3410 707 se
3431 655 3606 711 virum
3635 659 3795 713 nesei-

2128 745 2338 802 turam,
2364 741 2558 794 relicto
2606 741 2753 811 apud
2789 757 2876 794 me
2922 742 3170 795 naturali
3198 759 3267 796 ex
3298 743 3395 796 illa
3424 745 3534 797 lilio
3564 762 3700 800 meo.
3728 751 3791 801 At

2131 845 2236 900 ego
2265 829 2459 883 infelix
2477 845 2582 884 nec
2609 829 2838 884 feminae
2868 830 3142 898 imitator,
3183 831 3467 887 dilationis
3495 833 3794 904 impatiens,

2129 924 2402 990 tanquam
2441 925 2574 990 post
2617 919 2910 974 biennium
2955 925 3288 991 accepturus
3333 939 3456 976 eam
3498 939 3663 993 quam
3713 942 3800 996 pe-

2129 1009 2338 1074 tebam,
2370 1008 2505 1078 quia
2534 1024 2651 1062 non
2679 1012 2900 1062 amator
2920 1009 3174 1079 conjugii
3225 1010 3324 1064 sed
3353 1010 3601 1076 libidinis
3623 1028 3795 1068 servus

2132 1113 2321 1162 cram;
2355 1096 2654 1167 procuravi
2683 1098 2874 1166 aliam,
2923 1114 3039 1152 non
3086 1098 3286 1169 utique
3337 1099 3668 1170 conjugem;
3701 1118 3799 1172 quo

2131 1189 2406 1256 tanquam
2436 1189 2849 1240 sustentaretur
2879 1189 2930 1240 et
2952 1187 3363 1257 perduceretur
3390 1189 3477 1242 vel
3497 1188 3706 1259 integer
3727 1191 3801 1244 vel

2131 1275 2350 1329 auctior
2404 1275 2638 1329 morbus
2687 1275 2896 1330 animae
2942 1291 3107 1338 meae,
3157 1276 3425 1330 satellitio
3467 1277 3802 1347 perdurantis

2131 1363 2585 1431 consuetudinis,
2629 1363 2689 1417 in
2737 1379 2980 1433 regnum
3025 1363 3308 1419 uxorium.
3365 1366 3476 1419 Nec
3522 1367 3803 1420 sanabatur

2132 1452 2336 1505 vulnus
2382 1451 2524 1506 illud
2571 1467 2763 1506 meum
2797 1452 2948 1523 quod
2992 1452 3198 1523 prioris
3242 1453 3578 1524 prtecisione
3615 1454 3800 1509 factum

2129 1541 2339 1610 fuerat,
2369 1541 2465 1596 sed
2496 1546 2625 1612 post
2658 1542 2937 1596 fervorem
2957 1541 3329 1612 doloremque
3360 1542 3692 1597 acerrimum
3717 1559 3802 1612 pu-

2131 1631 2428 1699 trescebat,
2461 1635 2516 1686 et
2546 1630 2708 1704 quasi
2735 1629 3018 1702 frigidius,
3052 1631 3147 1686 sed
3177 1631 3534 1703 desperatius
3581 1632 3798 1687 dolebat.

2786 1801 3012 1857 CAPUT
3049 1801 3182 1858 XVI.

2308 1945 2496 2000 Mortis
2528 1947 2576 1999 et
2599 1944 2806 2015 judicii
2842 1948 3038 2001 metum
3067 1961 3347 2016 nunquam
3390 1943 3646 2016 deposuit.

2202 2069 2290 2122 26.
2330 2067 2452 2121 Tibi
2497 2068 2638 2135 laus,
2695 2068 2800 2123 tibi
2856 2069 3060 2139 gloria,
3110 2070 3233 2126 fons
3283 2069 3799 2125 misericordiarum.

2133 2157 2246 2227 Ego
2277 2156 2484 2211 ﬁebam
2515 2157 2797 2224 miserior,
2833 2163 2890 2212 et
2919 2163 2979 2213 tu
2999 2159 3405 2230 propinquior.
3440 2159 3645 2214 Aderat
3671 2159 3800 2229 jam-

2124 2246 2362 2318 jamque
2393 2248 2621 2302 dextera
2649 2251 2748 2302 tua
2766 2252 3001 2320 raptura
3025 2265 3116 2303 me
3148 2249 3217 2304 de
3252 2265 3440 2315 coeno,
3487 2253 3543 2303 et
3570 2249 3802 2304 ablutura

2133 2352 2252 2404 me;
2304 2341 2361 2392 et
2396 2337 2755 2408 ignorabam,
2803 2338 2910 2391 Nec
2937 2353 3026 2392 me
3071 2339 3373 2393 revocabat
3404 2336 3800 2408 a'profundiore

2132 2426 2489 2495 voluptatum
2537 2426 2852 2480 carnalium
2883 2427 3146 2497 'gurgite,
3187 2427 3295 2482 nisi
3324 2430 3514 2482 metus
3551 2425 3732 2480 mortis
3757 2427 3803 2479 et

2135 2513 2314 2567 futuri
2363 2514 2565 2584 judicii
2596 2514 2702 2583 tui,
2735 2515 2834 2586 qui
2863 2532 2968 2585 per
3007 2516 3189 2569 varias
3227 2516 3468 2586 quidem
3514 2514 3799 2586 opiniones,

2135 2617 2434 2672 nunquam
2493 2608 2684 2657 tamen
2710 2603 2941 2658 recessit
2969 2604 3037 2658 de
3064 2608 3292 2673 pectore
3319 2619 3473 2659 meo.
3508 2606 3569 2658 Et
3585 2603 3802 2673 disputa-

2132 2690 2260 2744 bam
2291 2707 2422 2746 cum
2472 2691 2669 2746 amicis
2700 2692 2844 2746 meis
2871 2691 3074 2762 Alypio
3107 2697 3162 2747 et
3203 2692 3478 2747 Nebridio
3508 2692 3574 2746 de
3623 2690 3803 2745 ﬁnibus

2132 2779 2419 2834 bonorum
2445 2785 2502 2835 et
2550 2781 2851 2845 malorum,
2908 2780 3214 2851 Epicurum
3242 2786 3613 2852 accepturum
3655 2778 3801 2833 fuisse

2132 2870 2385 2941 palmam
2425 2870 2486 2924 in
2547 2870 2737 2925 animo
2784 2886 2936 2936 meo,
2981 2870 3093 2924 nisi
3136 2887 3242 2941 ego
3297 2870 3659 2925 credidissem
3697 2869 3802 2938 post

2134 2964 2374 3014 mortem
2408 2963 2620 3014 restare
2651 2958 2858 3013 animm
2897 2959 3094 3024 vitam,
3129 2964 3186 3013 et
3213 2964 3435 3014 tractus
3478 2957 3801 3021 meritorum,

2134 3049 2286 3120 quod
2321 3048 2593 3119 Epicurus
2622 3048 2852 3107 credere
2882 3048 3083 3102 noluit.
3117 3049 3182 3102 Et
3207 3049 3562 3119 quaerebam,
3593 3047 3636 3100 si
3677 3060 3801 3100 essc-

2135 3155 2261 3192 mus
2285 3137 2640 3192 immortales
2671 3140 2726 3191 et
2752 3136 2812 3191 in
2827 3141 3105 3208 perpetua
3124 3137 3386 3208 corporis
3404 3137 3681 3207 voluptate
3698 3133 3800 3187 sine

2134 3227 2253 3281 ullo
2279 3225 2602 3281 amissionis
2641 3229 2857 3280 terrore
2899 3225 3236 3290 viveremus,
3281 3243 3388 3280 cur
3431 3243 3542 3280 non
3581 3237 3803 3279 essemus

2134 3315 2305 3384 beati,
2334 3319 2433 3369 aut
2461 3315 2600 3386 quid
2621 3315 2777 3370 aliud
2799 3317 3224 3386 quaereremus?
3256 3315 3524 3370 Nesciens
3571 3312 3797 3383 idipsum

2134 3404 2204 3458 ad
2234 3407 2522 3474 ,‘magnam
2553 3403 2842 3458 miseriam
2887 3403 3194 3474 pertinere,
3229 3404 3390 3474 quod
3419 3403 3498 3457 ita
3543 3401 3801 3456 demersus

2135 3498 2192 3548 ct
2224 3509 2404 3546 caecus
2465 3492 2715 3562 cogitare
2754 3508 2871 3547 non
2918 3509 3143 3564 possem
3184 3493 3386 3547 lumen
3427 3487 3722 3546 honestatis
3756 3488 3802 3538 et

2135 3581 2310 3652 gratis
2345 3581 2754 3652 amplectenda:
2803 3580 3266 3651 pulchritudinis,
3310 3595 3488 3652 quam
3520 3593 3632 3633 non
3672 3573 3802 3629 videt

2136 3671 2332 3725 oculus
2361 3669 2567 3733 carnis,
2599 3676 2656 3725 et
2682 3669 2910 3725 videtur
2935 3668 3244 3724 exintimo.
3273 3663 3799 3723 Neeconsiderabam

2137 3759 2329 3828 miser,
2389 3776 2456 3813 ex
2489 3775 2603 3830 qua
2657 3774 2801 3813 vena
2837 3758 2982 3812 mihi
3026 3760 3308 3821 manaret,
3343 3755 3496 3828 quod
3545 3753 3647 3809 ista
3680 3751 3799 3820 ipsa.

2136 3849 2283 3903 {uada
2347 3852 2540 3903 tamen
2592 3864 2723 3902 cum
2765 3847 2962 3902 amicis
3007 3845 3250 3900 dulciter
3288 3843 3672 3906 conferebam;
3716 3849 3802 3891 nec

2139 3953 2260 3991 esse
2309 3937 2429 3991 sine
2471 3937 2668 3990 amicis
2715 3939 2973 4007 poteram
3034 3935 3255 4000 beatus,
3305 3933 3484 3988 etiam
3522 3927 3802 3984 secundum

2139 4041 2369 4080 sensum
2399 4041 2567 4097 quem
2599 4028 2732 4079 tunc
2761 4024 3040 4078 habebam
3066 4023 3126 4076 in
3156 4022 3518 4094 quantalibet
3545 4013 3804 4074 afﬂuentia

2137 4115 2454 4169 carnalium
2482 4114 2855 4184 voluptatum.
2887 4113 3039 4176 Quos
3078 4111 3275 4181 utique
3297 4111 3513 4164 amicos
3542 4105 3702 4180 gratis
3727 4101 3803 4156 di-

2139 4203 2408 4273 ligebam,
2433 4202 2797 4272 vicissimque
2816 4201 2886 4257 ab
2908 4201 2990 4255 eis
3006 4216 3098 4254 me
3119 4199 3282 4269 diligi
3303 4198 3484 4270 gratis
3501 4195 3801 4251 sentiebam.

2139 4291 2181 4347 Ο
2210 4296 2496 4346 tortuosas
2523 4292 2666 4346 vias!
2702 4292 2795 4345 Va:
2826 4289 3035 4344 anima:
3062 4287 3262 4343 audaci
3291 4303 3425 4358 qum
3451 4282 3701 4357 speravit,
3722 4279 3804 4331 sia

2138 4384 2192 4435 te
2217 4379 2558 4447 recessisset,
2596 4396 2656 4434 se
2687 4377 2903 4449 aliquid
2933 4376 3137 4432 melius
3184 4373 3549 4430 habituram!
3585 4373 3737 4424 Versa
3760 4368 3806 4418 et

2139 4485 2362 4524 reversa
2385 4469 2445 4522 in
2471 4473 2720 4539 tergum,
2750 4467 2884 4522 etin
2917 4467 3113 4527 latera,
3140 4469 3197 4520 et
3227 4464 3289 4518 in
3310 4467 3588 4527 ventrem,
3612 4462 3663 4512 et
3684 4456 3805 4510 dura

2138 4562 2270 4612 sunt
2295 4557 2521 4611 omnia:
2555 4561 2612 4611 et
2639 4562 2700 4609 tu
2732 4557 2885 4611 solus
2917 4554 3166 4626 requies.
3191 4555 3256 4607 Et
3313 4568 3442 4608 ecce
3477 4550 3628 4614 ades,
3658 4551 3709 4600 et
3749 4541 3803 4596 li-

2141 4647 2306 4701 beras
2360 4663 2392 4700 a
2414 4645 2839 4700 miserabilibus
2877 4643 3185 4709 erroribus,
3219 4647 3276 4698 et
3298 4638 3600 4696 constituis
3625 4650 3718 4691 nos
3755 4629 3804 4684 in

2137 4736 2227 4790 via
2256 4743 2376 4802 tua,
2428 4739 2484 4790 et
2511 4734 2841 4800 consolaris,
2875 4738 2932 4788 et
2961 4733 3125 4789 dicis:
3176 4731 3428 4787 Currite:
3489 4744 3594 4798 ego
3631 4725 3802 4784 ieram,

2140 4828 2194 4880 et
2223 4841 2326 4895 ego
2359 4824 2686 4895 perducam,
2719 4828 2775 4878 et
2803 4823 2883 4878 ibi
2915 4838 3020 4892 ego
3051 4822 3227 4876 feram
3257 4817 3300 4876 ί.

2214 4951 2225 4983 ¹
2258 4949 2317 4998 In
2343 4949 2562 5012 Lyrensi
2595 4947 2743 5008 Cdd.,
2767 4951 2817 4998 et
2846 4947 3018 5008 εεοοίῡὶ
3038 4944 3290 4997 liberabo.
