4022 6176
148 371 152 375 θ
186 292 290 346 733

186 429 2097 456 _._...__.__..._..___.____________________

1642 299 1851 358 LIBER
1902 303 2267 361 SEPTIMUS.

2103 448 3692 476 Ἦ

1206 524 1721 653 LIBER
1821 529 2682 660 SEPTIMUS.

212 771 223 781 _
246 701 532 782 Evordium
559 716 667 782 suae
694 703 1075 782 juventutis,id
1092 712 1171 782 est
1188 723 1388 782 annum
1409 712 1579 761 aetatis
1601 713 1929 777 trigesimum
1955 716 2205 779 primum,
2224 720 2290 768 ob
2316 722 2507 770 mentis
2530 722 2711 771 oculos
2734 725 2953 774 reducit.
2981 728 3167 777 Narrat
3192 742 3245 777 se
3269 728 3357 778 illa
3382 732 3535 779 mtate
3561 729 3691 779 den-

178 774 415 865 siqribus
436 774 609 823 adhuc
632 775 946 857 ignorantiae
967 780 1203 865 tenebris
1233 781 1552 865 involutum.
1568 774 1723 863 atque
1747 774 2013 835 errantem
2039 774 2306 838 circavDei
2330 796 2592 848 naturam.
2625 807 2833 843 necnon
2857 796 2994 845 circa
3020 774 3687 865 originem—mali,i‘n'eujus

173 848 609 936 EIFBEiitiOBffti
633 848 828 936 mirum
856 848 909 936 in
935 849 1153 899 modum
1177 852 1422 915 angebat,
1448 854 1750 917 pervenisse
1781 856 1993 905 tandem
2020 858 2087 907 ad
2115 860 2474 922 cognitionem
2496 862 2587 912 Dei
2610 864 2900 926 sinceram;
2921 848 3161 930 quamvis
3180 848 3688 936 nondum'digne‘de

175 914 407 966 Domino
444 917 647 969 Christo
681 923 920 971 sentiret.

750 1150 975 1206 CAPUT
1007 1150 1308 1206 PRIMUM.

167 1240 345 1293 Deum
389 1238 590 1308 cogitat
635 1242 897 1309 tanquam
935 1239 1151 1307 aliquid
1180 1254 1492 1309 corporeum
1512 1254 1611 1311 per
1658 1242 1877 1311 inﬁnita

780 1329 963 1397 spatia
989 1328 1274 1397 diffusum.

248 1418 300 1470 i.
340 1416 464 1470 Jam
496 1418 721 1470 mortua
767 1420 886 1471 erat
915 1416 1295 1471 adolescentia
1323 1432 1451 1471 mea
1490 1418 1641 1472 mala
1678 1421 1733 1473 et
1776 1435 1874 1473 ne-

159 1502 366 1571 fanda,
414 1508 469 1559 et
505 1504 657 1559 ibam
689 1504 749 1559 in
787 1506 1171 1575 juventutem,
1221 1510 1435 1578 quanto
1467 1511 1632 1562 aetate
1664 1509 1872 1578 major,

159 1596 331 1647 tanto
363 1592 607 1648 vanitate
636 1594 880 1665 turpior.
905 1594 1011 1659 Qui
1032 1594 1284 1665 cogitare
1302 1594 1516 1667 aliquid
1539 1597 1871 1651 substantize

158 1680 283 1734 nisi
311 1682 426 1736 tale
473 1698 586 1736 non
642 1686 921 1752 poteram,
956 1683 1121 1753 quale
1155 1699 1257 1753 per
1287 1684 1389 1737 hos
1446 1685 1640 1739 oculos
1688 1684 1872 1741 videri

157 1769 348 1836 solet;
395 1786 513 1825 non
565 1776 617 1826 te
661 1771 1052 1842 cogitabam‘,
1091 1772 1237 1826 Deus
1275 1772 1332 1826 in
1382 1772 1565 1843 iigura
1617 1774 1871 1845 corporis

153 1855 428 1925 humani,
477 1873 542 1912 ex
582 1874 695 1930 quo
742 1859 938 1913 audire
986 1859 1203 1931 aliquid
1248 1860 1315 1915 de
1364 1860 1645 1931 sapientia
1690 1863 1869 1933 coepi;

154 1960 396 2017 semper
432 1946 541 2000 hoc
586 1946 736 2017 fugi:
797 1951 851 2001 et
881 1948 1201 2018 gaudebam
1234 1964 1325 2003 me
1362 1949 1471 2003 hoc
1501 1950 1778 2020 reperisse
1809 1951 1869 2005 in

151 2033 279 2088 ﬁde
300 2034 611 2106 spiritualis
640 2034 838 2089 matris
874 2039 1079 2089 nostrae
1103 2036 1397 2091 Catholicae
1426 2041 1557 2092 tuae.
1591 2038 1701 2093 Sed
1731 2039 1871 2110 quid

150 2127 212 2177 te
251 2123 406 2177 aliud
439 2123 747 2194 cogitarem
774 2140 889 2178 non
922 2125 1286 2192 occurrebat;
1348 2129 1403 2179 et
1441 2126 1690 2181 conabar
1720 2127 1868 2198 cogi-

152 2216 286 2266 tare
327 2217 381 2268 te
403 2213 597 2280 homo,
626 2217 683 2267 et
709 2214 837 2268 talis
860 2214 1048 2276 homo,
1083 2230 1373 2269 summum
1398 2218 1451 2269 et
1481 2217 1665 2270 solum
1689 2221 1745 2271 et
1776 2234 1863 2271 vc-

149 2318 293 2356 rum
330 2303 537 2357 Deum:
568 2308 625 2358 et
645 2307 699 2357 te
727 2302 1248 2375 incorruptibilem,
1280 2309 1336 2357 et
1366 2304 1778 2374 inviolabilem,
1812 2311 1869 2362 et

150 2390 715 2454 incommutabilem,
764 2390 896 2445 totis
929 2392 1191 2445 medullis
1234 2392 1567 2459 credebam;
1599 2410 1733 2465 qua,
1764 2410 1865 2449 ne-

148 2481 348 2536 sciens
395 2481 545 2536 unde
592 2486 649 2535 et
703 2482 1014 2552 quomodo,
1065 2481 1236 2552 plane
1278 2486 1469 2536 tamen
1507 2483 1768 2538 videbam
1813 2487 1868 2539 et

148 2575 351 2626 certus
380 2588 561 2640 eram,
601 2570 658 2625 id
688 2570 843 2642 quod
885 2571 1176 2641 corrumpi
1212 2574 1416 2642 potest,
1447 2571 1696 2626 deterius
1746 2588 1865 2627 esse

148 2677 227 2731 qu
240 2676 337 2714 am
368 2660 423 2714 id
456 2660 611 2732 quod
639 2676 757 2714 non
778 2662 995 2731 potest;
1023 2666 1079 2715 et
1105 2659 1258 2730 quod
1281 2659 1480 2714 violari
1506 2676 1625 2713 non
1653 2665 1862 2731 potest,

144 2746 561 2802 incunctanter
596 2747 1003 2819 praeponebam
1042 2746 1322 2813 vielabili;
1356 2751 1413 2801 et
1450 2747 1599 2818 quod
1645 2747 1863 2802 nullam

145 2835 383 2906 patitur
419 2836 820 2903 mutationem,
848 2835 1054 2889 melius
1103 2851 1223 2889 esse
1252 2851 1428 2906 quam
1454 2834 1510 2890 id
1535 2836 1685 2907 quod
1727 2852 1861 2891 mu-

145 2924 265 2979 tari
308 2929 519 2995 potest.
560 2924 855 2981 Clamabat
896 2923 1193 2991 violenter,
1236 2940 1334 2977 cor
1356 2940 1552 2978 meum
1598 2924 1864 2979 adversus

144 3012 357 3067 omnia
385 3013 785 3083 phantasmata
802 3028 950 3080 mea,
976 3016 1032 3067 et
1059 3013 1167 3067 hoc
1194 3028 1311 3066 uno
1335 3011 1449 3066 ictu
1480 3013 1726 3067 conabar
1744 3012 1861 3067 abi-

145 3118 286 3173 gere
349 3101 855 3156 circumvolantem
903 3100 1133 3155 turbam
1188 3099 1572 3155 immunditize
1625 3101 1695 3156 ab
1742 3102 1859 3156 acie

146 3190 374 3246 mentis
423 3206 594 3257 mea};
638 3196 695 3244 et
724 3190 816 3244 vix
856 3189 1075 3245 dimota
1102 3188 1164 3243 in
1193 3188 1310 3243 ictu
1350 3188 1518 3255 oculi,
1550 3205 1675 3244 ecce
1721 3206 1855 3243 con-

144 3280 389 3351 globata
416 3296 612 3334 rursus
636 3280 852 3346 aderat,
873 3283 929 3334 et
955 3278 1210 3334 irruebat
1237 3278 1295 3332 in
1317 3283 1608 3349 aspectum
1642 3294 1856 3348 meum,

144 3373 200 3424 et
234 3368 619 3424 obnubilabat
652 3385 817 3423 eum:
852 3372 914 3423 ut
943 3368 1203 3439 quamvis
1247 3384 1363 3422 non
1392 3368 1578 3421 forma
1619 3369 1859 3423 humani

142 3459 433 3531 corporis,
492 3475 831 3531 corporeum
888 3462 1084 3513 tamen
1138 3458 1355 3530 aliquid
1397 3458 1649 3529 cogitare
1688 3474 1855 3529 coge—

140 3564 237 3602 rer
275 3564 389 3619 per
430 3547 607 3618 spatia
653 3547 930 3614 locorum,
978 3547 1094 3601 sive
1142 3547 1397 3601 infusum
1446 3548 1683 3614 mundo,
1738 3546 1855 3601 sive

143 3636 329 3691 etiam
375 3640 530 3690 extra
577 3636 861 3690 mundum
912 3651 1016 3706 per
1061 3634 1288 3689 inﬁnita
1340 3634 1633 3702 diffusum,
1682 3635 1852 3690 etiam

142 3726 347 3797 ipsum
378 3724 807 3796 incorruptibile
835 3729 891 3778 et
920 3723 1247 3779 inviolabile
1278 3726 1335 3778 et
1364 3722 1851 3792 incommutabile,

144 3815 311 3887 quod
342 3814 697 3885 corruptibili
732 3819 788 3868 et
829 3812 1084 3868 violabili
1115 3818 1171 3867 et
1200 3812 1597 3867 commutabili
1622 3829 1852 3884 praepo-

140 3904 388 3968 nebam;
424 3902 697 3974 quoniam
727 3900 1005 3973 quidquid
1047 3901 1344 3973 privabam
1374 3901 1570 3971 spatiis
1618 3900 1848 3968 talibus,

140 3993 293 4047 nihil
328 3991 471 4046 mihi
499 4007 617 4046 esse
647 3990 974 4045 videbatur:
1008 3991 1106 4045 sed
1128 4007 1359 4060 prorsus
1384 3990 1547 4057 nihil,
1578 4006 1648 4044 ne
1677 3990 1850 4044 inane

139 4082 382 4153 quidem
407 4086 716 4152 ;tanquam
744 4081 791 4135 si
812 4097 1017 4151 corpus
1044 4080 1338 4133 auferatur
1368 4080 1512 4146 loco,
1544 4083 1600 4134 et
1621 4083 1848 4133 maneat

141 4172 302 4225 locus
335 4169 491 4224 omni
519 4186 753 4241 corpore
785 4173 1070 4234 vacuatus,
1107 4174 1164 4223 et
1191 4172 1420 4222 terreno
1448 4173 1503 4223 et
1532 4168 1771 4222 humido
1796 4171 1852 4221 et

140 4276 315 4315 aereo
349 4264 407 4315 et
442 4258 675 4325 cmlesti,
707 4258 803 4313 sed
833 4263 1028 4312 tamen
1055 4257 1128 4312 sit
1155 4257 1314 4312 locus
1344 4256 1532 4311 inanis
1574 4260 1849 4329 tanquam

140 4349 476 4419 spatiosum
515 4348 681 4402 nihil.

214 4442 266 4493 l.
306 4438 423 4507 Ego
453 4437 647 4506 itaque
685 4435 1025 4490 incrassatus
1078 4435 1266 4504 corde,
1321 4450 1424 4489 nec
1473 4434 1849 4506 mihimetipsi

138 4528 221 4581 vel
252 4527 380 4598 ipse
398 4526 757 4597 conspicuus,
788 4523 1064 4597 quidquid
1088 4540 1201 4578 non
1219 4539 1322 4595 per
1348 4523 1641 4593 aliquanta
1668 4524 1850 4595 spatia

140 4616 499 4681 tenderetur,
528 4615 615 4670 vel
656 4612 1093 4680 diffunderetur,
1122 4613 1210 4667 vel
1257 4612 1716 4683 conglobaretur,
1759 4614 1847 4668 vel

137 4707 415 4771 tumeret,
446 4703 533 4757 vel
571 4702 682 4757 tale
719 4702 935 4774 aliquid
978 4704 1224 4772 caperet,
1258 4706 1356 4755 aut
1381 4717 1583 4773 capere
1629 4705 1844 4771 posset,

139 4793 286 4847 nihil
318 4808 550 4864 prorsus
573 4808 691 4847 esse
722 4791 1059 4847 arbitrabar.
1094 4792 1201 4845 Per
1228 4791 1423 4862 quales
1454 4790 1608 4845 enim
1630 4791 1846 4846 formas

133 4881 215 4936 ire
247 4882 436 4936 solent
458 4880 609 4935 oculi
628 4881 760 4949 mei,
784 4897 886 4953 per
906 4881 1044 4935 tales
1061 4879 1339 4950 imagines
1362 4879 1479 4934 ibat
1500 4896 1597 4934 cor
1617 4896 1806 4935 meum
1829 4896 1841 4935 :

137 4987 244 5026 nec
292 4969 558 5025 videbam
606 4970 750 5024 hanc
802 4970 1061 5024 eamdem
1107 4968 1505 5035 intentionem,
1565 4985 1676 5041 qua
1719 4968 1845 5023 illas

135 5059 289 5130 ipsas
318 5059 604 5130 imagines
632 5059 969 5126 formabam,
993 5074 1112 5112 non
1141 5074 1261 5111 esse
1288 5057 1398 5112 tale
1430 5057 1677 5127 aliquid;
1715 5074 1844 5129 qua:

135 5152 333 5202 tamen
363 5148 516 5217 ipsas
537 5163 657 5201 non
684 5147 976 5215 formarat,
994 5145 1104 5200 nisi
1128 5149 1277 5200 esset
1294 5161 1572 5217 magnum
1602 5145 1839 5216 aliquid.

138 5236 219 5289 lta
250 5236 428 5291 etiam
459 5236 663 5304 te,vita
684 5235 812 5289 vitae
842 5235 1296 5306 mem,grandem
1326 5251 1429 5305 per
1458 5234 1684 5288 infinita
1712 5251 1845 5305 spa-

133 5326 211 5378 tia
228 5324 491 5395 undique
512 5324 833 5396 cogitabam
854 5328 1155 5393 penetrare
1176 5328 1353 5378 totam
1376 5322 1577 5377 mundi
1608 5323 1839 5391 molem,

133 5418 189 5467 et
234 5418 401 5468 extra
451 5429 577 5468 eam
608 5428 1063 5485 quaquaversum
1104 5428 1205 5484 per
1234 5411 1515 5466 immensa
1566 5411 1687 5467 sine
1729 5417 1838 5469 tcr-

200 5577 214 5612 ι
253 5574 383 5626 Bad.
415 5573 530 5626 Am.
565 5576 614 5623 et
642 5574 754 5625 Er.:
784 5574 897 5626 Non
928 5574 1109 5623 tamen
1132 5574 1180 5624 te
1203 5571 1515 5636 cogitabam.

1985 1155 2173 1223 mino;
2209 1160 2273 1211 ut
2300 1157 2535 1213 haberet
2580 1162 2633 1212 te
2663 1164 2833 1227 terra,
2878 1160 3113 1217 haberet
3142 1164 3367 1234 cmlum,
3407 1165 3685 1223 haberent

1987 1244 2198 1312 omnia,
2227 1245 2393 1300 etilla
2419 1247 2721 1302 tinirentur
2739 1248 2800 1302 in
2833 1252 2903 1315 te,
2925 1254 2985 1303 tu
3003 1254 3193 1305 autem
3224 1268 3526 1325 nusquam.
3555 1254 3673 1309 Sic-

1988 1336 2048 1385 ut
2086 1337 2276 1386 autem
2307 1333 2418 1386 luci
2463 1333 2595 1387 solis
2645 1350 2759 1387 non
2789 1334 3088 1391 obsisteret
3103 1353 3307 1407 corpus
3340 1340 3483 1394 aeris
3512 1341 3685 1412 hujus

1984 1421 2084 1491 qui
2114 1437 2285 1492 supra
2314 1426 2527 1477 terram
2553 1426 2654 1487 est,
2674 1424 2996 1494 jquominus
3027 1442 3128 1496 per
3157 1442 3289 1481 eum
3322 1429 3679 1499 trajiceretur

1982 1514 2286 1580 penetrans
2317 1527 2469 1577 eum,
2505 1528 2617 1565 non
2647 1511 3027 1584 dirumpcndo
3060 1517 3157 1568 aut
3186 1516 3555 1579 concidendo,
3578 1518 3677 1572 sed

1981 1598 2270 1669 implendo
2299 1615 2432 1653 eum
2460 1602 2676 1655 totum:
2727 1600 2805 1654 sic
2846 1601 2951 1655 tibi
3000 1603 3277 1673 putabam
3322 1620 3443 1658 non
3491 1606 3679 1660 solum

1982 1688 2107 1742 cceli
2134 1692 2190 1743 et
2218 1688 2365 1743 aeris
2413 1693 2469 1743 et
2499 1690 2689 1757 maris,
2734 1689 2831 1744 sed
2879 1691 3053 1745 etiam
3082 1696 3252 1746 terrm
3280 1709 3485 1763 corpus
3541 1710 3675 1765 per-

1980 1776 2156 1844 vium,
2208 1782 2263 1831 et
2305 1794 2369 1831 ex
2400 1778 2667 1833 omnibus
2696 1778 2963 1833 maximis
2995 1780 3364 1853 minimisque
3413 1783 3677 1853 partibus

1980 1865 2333 1935 penetrabile
2365 1866 2435 1919 ad
2464 1866 2801 1937 capiendam
2848 1870 3213 1938 praesentiam
3248 1875 3426 1938 tuam,
3460 1873 3682 1926 occulta

1979 1953 2355 2026 inspiratione
2385 1955 2726 2011 intrinsecus
2766 1962 2821 2012 et
2848 1959 3200 2013 extrinsecus
3248 1960 3681 2016 administrante

1977 2044 2169 2099 omnia
2200 2060 2329 2115 quae
2359 2046 2576 2099 creasti.
2603 2047 2682 2099 Ita
2712 2046 3059 2117 suspicabar,
3084 2048 3218 2119 quia
3247 2049 3496 2119 cogitare
3514 2050 3677 2104 aliud

1979 2151 2091 2188 non
2112 2140 2402 2204 poteram;
2441 2151 2575 2189 nam
2597 2135 2801 2190 falsum
2826 2140 2969 2193 erat.
3001 2137 3102 2191 Illo
3126 2137 3280 2191 enim
3301 2138 3473 2193 modo
3496 2139 3682 2209 major

1976 2238 2108 2293 pars
2134 2228 2300 2278 terrm
2329 2224 2609 2294 majorem
2640 2224 2724 2278 tui
2754 2229 2976 2295 partem
3003 2226 3257 2293 haberet,
3292 2231 3347 2280 et
3390 2226 3678 2282 minorem

1976 2312 2202 2367 minor:
2238 2316 2410 2384 atque
2439 2313 2518 2367 ita
2545 2316 2601 2367 te
2649 2314 2821 2384 plena
2856 2319 3043 2368 essent
3072 2315 3289 2381 omnia,
3324 2319 3386 2369 ut
3430 2316 3681 2387 amplius

1975 2401 2057 2456 tui
2079 2406 2303 2472 caperet
2331 2402 2619 2472 elephanti
2650 2418 2853 2473 corpus
2879 2419 3051 2474 quam
3075 2402 3343 2474 pasceris,
3388 2419 3501 2470 quo
3529 2408 3683 2460 esset

1974 2491 2081 2545 isto
2103 2490 2400 2563 grandius,
2423 2491 2903 2562 grandioremque
2927 2496 3232 2563 occuparet
3257 2493 3478 2561 locum;
3508 2497 3678 2564 atque

1972 2579 2051 2633 ita
2080 2579 2369 2635 frustatim
2399 2580 2658 2651 partibus
2687 2580 2905 2646 mundi,
2939 2581 3162 2651 magnis
3199 2597 3451 2651 magnas,
3488 2582 3680 2637 brevi-

1971 2667 2077 2721 bus
2110 2668 2306 2723 breves
2336 2673 2525 2738 partes
2556 2672 2681 2723 tuas
2720 2672 3028 2739 praesentes
3060 2669 3290 2723 faceres.
3331 2671 3454 2723 Non
3486 2686 3544 2724 es
3574 2687 3678 2725 au-

1972 2761 2086 2812 tem
2116 2756 2213 2811 ita.
2259 2757 2365 2811 Sed
2410 2757 2665 2811 nondum
2694 2757 3134 2826 lilluminaveras
3167 2758 3430 2812 tenebras
3479 2774 3665 2814 meas.

2647 2864 2870 2917 CAPUT
2912 2864 2983 2916 ll.

2074 2953 2379 3007 Manentsz
2414 2966 2516 3020 quo
2548 2951 2839 3009 Nebridius
2869 2952 3183 3018 cm/‘utarat
3213 2954 3563 3009 Maniehwos.

2041 3062 2091 3114 3.
2122 3058 2216 3113 Sat
2244 3062 2362 3112 erat
2410 3057 2574 3125 mihi,
2627 3048 2887 3123 Domine,
2937 3057 3205 3112 adversus
3250 3059 3514 3130 deceptos
3547 3059 3674 3115 illos

1968 3151 2026 3201 et
2054 3146 2400 3217 deceptores,
2434 3150 2489 3200 et
2521 3147 2789 3217 loquaces
2827 3150 3020 3200 mutos
3059 3143 3100 3213 ί,
3131 3147 3407 3218 quoniam
3446 3165 3561 3203 non
3605 3166 3676 3204 cx

1967 3236 2049 3290 eis
2081 3237 2318 3290 sonabat
2361 3235 2595 3290 verbum
2642 3239 2841 3289 tuum:
2884 3240 2971 3289 sat
3017 3242 3139 3289 erat
3181 3253 3316 3308 ergo
3344 3238 3487 3293 illud
3518 3239 3675 3309 quod

1962 3324 2180 3395 jamdiu
2208 3325 2278 3379 ab
2315 3340 2494 3395 usque
2535 3323 2873 3395 Carthagine
2914 3340 2947 3377 a
2992 3324 3259 3379 Nebridio
3282 3327 3530 3397 proponi
3576 3344 3672 3382 so-

1967 3415 2133 3477 lebat,
2170 3418 2225 3468 ct
2254 3430 2451 3468 omnes
2478 3414 2577 3485 qui
2606 3412 2969 3467 audieramus
2999 3412 3261 3467 concussi
3280 3430 3493 3470 sumus.
3523 3417 3672 3480 Quid

1966 3508 2088 3558 erat
2118 3503 2221 3557 tibi
2255 3503 2476 3557 factura
2503 3502 2692 3556 nescio
2726 3519 2855 3573 qua)
2897 3518 3035 3573 gens
3074 3502 3461 3570 tenebrarum,
3496 3520 3672 3575 quam

1967 3608 2031 3646 ex
2057 3590 2291 3647 adversa
2329 3591 2478 3645 mole
2519 3591 2705 3645 solent
2751 3606 3062 3661 opponere,
3107 3591 3154 3643 si
3200 3596 3263 3644 tu
3292 3605 3420 3645 cum
3451 3607 3516 3645 ea
3561 3609 3669 3663 pu-

1965 3697 2141 3753 gnare
2180 3680 2459 3734 noluisses
2517 3678 2576 3734 η
2632 3678 2691 3734 Si
2732 3680 2887 3732 enim
2935 3678 3397 3749 responderetur,
3450 3680 3670 3751 aliquid

1962 3771 2134 3825 fuisse
2156 3769 2512 3834 nocituram,
2536 3767 2817 3822 violabilis
2845 3772 2906 3821 tu
2929 3771 2984 3821 et
3003 3767 3391 3837 corruptibilis
3416 3768 3585 3822 fores.
3610 3769 3671 3824 Si

1962 3865 2155 3914 autem
2192 3858 2339 3912 nihil
2364 3874 2430 3911 ea
2465 3873 2668 3911 nocere
2698 3856 2952 3927 potuisse
2984 3856 3289 3924 diceretur,
3322 3857 3483 3911 nulla
3504 3858 3668 3913 affer-

1961 3954 2121 4003 retur
2166 3964 2337 4002 causa
2374 3947 2692 4019 pugnandi,
2724 3950 2781 4001 et
2826 3947 2903 4000 ita
2935 3945 3249 4018 pugnandi,
3291 3950 3359 4001 ut
3402 3947 3669 4017 quendam

1961 4038 2145 4109 portio
2176 4040 2275 4091 tua
2303 4040 2358 4091 et
2378 4036 2703 4091 membrum
2730 4040 2916 4102 tuum,
2950 4037 3036 4089 vel
3068 4038 3255 4106 proles
3282 4036 3352 4091 de
3382 4035 3505 4107 ipsa
3531 4038 3667 4092 sub-

1960 4126 2163 4180 stantia
2209 4131 2326 4192 tua,
2377 4124 2714 4179 misceretur
2755 4124 3003 4178 adversis
3036 4124 3413 4194 potestatibus
3446 4130 3503 4178 et
3547 4142 3666 4180 non

1960 4232 1991 4270 a
2021 4220 2075 4270 te
2121 4215 2324 4270 creatis
2357 4213 2594 4279 naturis,
2628 4217 2797 4284 atque
2830 4213 2889 4266 in
2928 4216 3153 4266 tantum
3185 4213 3254 4266 ab
3287 4212 3369 4267 eis
3402 4229 3664 4268 corrum-

1958 4308 2192 4376 peretur
2217 4308 2273 4358 et
2301 4306 2756 4357 commutaretur
2776 4301 2835 4355 in
2857 4301 3130 4368 deterius,
3155 4306 3220 4355 ut
3250 4318 3281 4354 a
3312 4302 3662 4357 beatitudine

1956 4394 2016 4447 in
2054 4392 2343 4448 miseriam
2364 4396 2699 4457 verteretur,
2733 4397 2790 4445 et
2822 4391 3108 4463 indigeret
3135 4390 3348 4445 auxilio
3388 4408 3501 4462 quo
3536 4393 3663 4447 erui

1957 4481 2305 4554 purgarique
2352 4485 2574 4551 posset:
2629 4485 2685 4535 et
2730 4481 2877 4535 hanc
2899 4497 3019 4535 esse
3064 4480 3340 4545 animam,
3390 4480 3482 4534 cui
3528 4484 3660 4537 tuus

1956 4588 2162 4639 sermo,
2210 4569 2476 4625 servienti
2506 4570 2667 4637 liber,
2695 4573 2750 4624 et
2788 4568 3190 4624 contaminata
3219 4585 3419 4640 purus,
3453 4572 3509 4623 et
3536 4586 3660 4624 cor-

1956 4665 2140 4731 ruptas
2168 4659 2393 4731 integer
2441 4658 2801 4726 subveniret;
2833 4658 2927 4711 sed
2976 4661 3031 4712 et
3076 4656 3200 4727 ipse
3250 4658 3662 4729 corruptibilis,

1956 4750 2093 4822 quia
2118 4765 2183 4804 ex
2213 4766 2330 4803 una
2350 4748 2667 4819 eademque
2698 4745 3034 4801 substantia.
3067 4747 3285 4818 Itaque,
3312 4746 3357 4801 si
3382 4751 3459 4815 te,
3493 4748 3658 4820 quid-

1956 4838 2090 4909 quid
2120 4854 2197 4904 es,
2226 4837 2285 4892 id
2315 4841 2420 4904 est,
2453 4834 2832 4890 substantiam
2866 4837 3023 4888 tuam
3055 4850 3169 4906 qua
3206 4852 3286 4903 es,
3315 4834 3661 4907 incorrupti-

1954 4926 2127 4982 bilem
2167 4926 2461 4993 dicerent;
2492 4925 2631 4979 falsa
2660 4940 2780 4978 esse
2802 4923 2900 4977 illa
2928 4923 3122 4977 omnia
3151 4928 3208 4979 et
3257 4925 3657 4981 exsecrabilia:

1954 5016 2000 5070 si
2033 5019 2223 5070 autem
2254 5014 2680 5085 corruptibilem
2702 5031 2714 5080 ;
2740 5012 2987 5084 idipsum
3008 5013 3130 5084 jam
3154 5014 3361 5069 falsum
3387 5019 3442 5070 et
3468 5014 3661 5084 prima

1954 5122 2089 5160 voce
2118 5103 2590 5159 abominandum.
2631 5102 2727 5158 Sat
2756 5119 2892 5174 ergo
2925 5107 3047 5156 erat
3081 5102 3230 5157 istud
3262 5104 3530 5158 adversus
3555 5119 3656 5157 eos

1954 5177 2284 5248 omnimodo
2309 5190 2651 5246 evomendos
2681 5208 2713 5245 a
2736 5207 3001 5261 pressura
3038 5191 3320 5261 pectoris;
3355 5190 3489 5261 quia
3538 5205 3656 5244 non

1954 5282 2241 5337 habebant
2270 5297 2382 5353 qua
2438 5279 2655 5334 exirent
2683 5280 2804 5335 sine
2836 5280 3099 5335 horribili
3140 5278 3434 5349 sacrilegio
3464 5277 3656 5333 cordis

1952 5376 2008 5425 et
2036 5371 2269 5442 linguae,
2292 5368 2589 5424 sentiendo
2623 5369 2692 5424 de
2722 5375 2775 5425 te
2807 5369 2917 5425 ista
2948 5373 3004 5424 et
3033 5367 3341 5440 loquendo.

2017 5512 2175 5561 lAm.
2210 5512 2322 5561 Er.:
2349 5514 2609 5575 Loquaces
2635 5513 2923 5575 mutos,7ct
2942 5510 3009 5575 ob
3033 5508 3129 5575 hoc
3156 5508 3643 5575 mutos,_q_uoniam.

2012 5576 2031 5612 3
2063 5576 2277 5638 Legitur
2304 5571 2557 5629 voluisses
2588 5575 2727 5639 apud
2758 5574 2882 5630 Ball.
2916 5574 2996 5622 Er.
3035 5574 3231 5622 Somm.
3272 5574 3321 5621 ct
3355 5571 3491 5627 Bias.
