4058 6174
370 290 477 345 735

1046 407 1271 464 CAPUT
1302 407 1397 461 lll.

731 497 981 552 Liberum
1008 497 1298 552 arbitrium
1323 509 1487 549 causa
1503 495 1731 564 peccati.

434 588 486 643 4.
520 587 626 643 Sed
657 589 712 642 et
741 602 846 657 ego
878 586 1081 651 adhuc,
1117 582 1377 657 quamvis
1408 581 1987 637 incontaminabilem
2019 585 2074 637 et

366 674 855 731 iuconvertibilem
880 678 937 729 et
958 674 1115 728 nulla
1144 689 1211 727 ex
1234 676 1395 743 parte
1422 670 1759 725 mutabilem
1791 670 2069 738 dicerem,

366 763 645 834 ﬁrmaque
674 762 943 817 sentirem
976 760 1283 815 Dominum
1314 764 1574 814 nostrum
1628 760 1807 813 Deum
1838 774 2066 825 verum,

367 851 469 923 qui
496 850 688 906 fecisti
714 865 830 904 non
859 850 1043 904 solum
1067 848 1286 902 animas
1318 851 1561 914 nostras,
1592 846 1690 901 sed
1724 845 1901 902 etiam
1945 862 2096 901 corn

368 954 529 1010 pora,
560 954 664 993 nec
687 940 910 993 tantum
935 936 1156 991 animas
1188 941 1408 991 nostras
1440 939 1496 991 et
1517 952 1780 1006 corpora,
1813 936 1909 990 sed
1942 951 2071 990 om-

370 1043 470 1082 nes
498 1030 555 1082 et
591 1025 817 1091 omnia;
848 1041 965 1080 non
990 1024 1256 1079 tenebam
1291 1023 1618 1095 explicitam
1679 1030 1736 1079 et
1764 1024 2073 1079 enodatam

370 1132 597 1171 causam
635 1114 805 1171 mali:
840 1128 1218 1186 quaecumque
1243 1117 1438 1168 tamen
1464 1117 1631 1180 esset,
1656 1113 1737 1168 sic
1767 1129 1894 1168 eam
1918 1129 2076 1184 quaa-

370 1205 608 1260 rendam
630 1203 914 1269 videbam,
938 1205 1131 1256 utnon
1156 1201 1432 1272 perillam
1454 1200 1875 1272 constringerer
1893 1202 2073 1256 Deum

367 1291 899 1347 incommutabilem
943 1290 1275 1345 mutabilem
1331 1290 1582 1354 credere,
1625 1306 1696 1344 ne
1725 1289 1848 1361 ipse
1874 1290 2075 1344 ﬁerem

372 1381 530 1452 quod
561 1380 911 1453 quaerebam.
963 1380 1160 1451 Itaque
1189 1394 1421 1433 securus
1450 1395 1578 1433 eam
1631 1379 1984 1450 quaerebam,
2019 1381 2076 1434 et

369 1472 557 1523 certus
585 1484 702 1523 non
732 1482 853 1522 esse
890 1482 1089 1522 verum
1136 1467 1291 1539 quod
1328 1466 1412 1521 illi
1443 1466 1718 1536 dicerent,
1768 1483 1911 1539 quos
1954 1472 2073 1523 toto

368 1554 561 1610 animo
579 1554 907 1626 fugiebam;
940 1553 1078 1625 quia
1105 1553 1389 1620 videbam,
1421 1555 1730 1626 quaerendo
1764 1555 1919 1610 unde
1946 1571 2067 1609 ma-

370 1644 513 1711 lum,
554 1645 801 1715 repletos
844 1642 1082 1708 malitia,
1131 1658 1245 1714 qua
1275 1642 1651 1712 opinarentur
1679 1645 1835 1696 tuam
1884 1642 2074 1713 potius

371 1732 749 1788 substantiam
779 1732 926 1786 male
954 1731 1096 1803 pati,
1131 1746 1304 1802 quam
1349 1747 1515 1785 suam
1546 1731 1693 1785 male
1717 1731 1930 1786 facere.

442 1824 493 1876 5.
520 1822 584 1876 Et
610 1820 974 1875 intendebam
1014 1824 1079 1874 ut
1107 1835 1405 1874 cernerem
1446 1820 1600 1891 quod
1632 1819 1961 1890 audiebam,
1995 1819 2072 1874 li-

370 1910 572 1966 berum
589 1908 897 1965 voluntatis
926 1908 1229 1964 arbitrium
1260 1925 1489 1964 causam
1506 1925 1626 1963 esse
1653 1912 1713 1963 ut
1740 1910 1888 1965 male
1913 1909 2066 1964 face-

374 2014 589 2065 remus,
618 2001 673 2052 ct
719 2001 937 2053 rectum
975 1997 1259 2069 judicium
1302 2002 1463 2053 tuum
1514 2002 1576 2052 ut
1606 2001 1968 2071 pateremur;
2020 2001 2076 2053 et

374 2102 501 2143 eam
529 2086 813 2158 liquidam
843 2088 861 2124 ί
893 2102 1126 2142 cernere
1173 2102 1291 2141 non
1320 2087 1598 2143 valebam.
1648 2088 1848 2159 Itaque
1892 2086 2069 2142 aciem

372 2174 583 2232 mentis
614 2174 683 2230 de
721 2173 1010 2246 profundo
1058 2174 1299 2230 educere
1329 2180 1585 2244 conatus,
1619 2177 1921 2248 mergebar
1968 2176 2072 2231 ite-

371 2281 499 2319 rum
525 2280 539 2331 ;
561 2266 618 2319 et
645 2279 798 2333 saepe
815 2266 1072 2330 conatus,
1095 2264 1395 2333 mergebar
1414 2263 1623 2318 iterum
1646 2268 1815 2336 atque
1839 2264 2070 2319 iterum.

373 2352 715 2410 Sublevabat
743 2352 897 2406 enim
914 2367 1006 2406 me
1026 2351 1087 2406 in
1107 2351 1293 2406 lucem
1316 2355 1474 2407 tuam
1500 2353 1656 2424 quod
1679 2358 1796 2408 tam
1819 2369 1911 2408 me
1933 2352 2074 2408 scie-

373 2442 504 2497 bam
529 2440 740 2496 habere
768 2441 1144 2508 voluntatem,
1169 2457 1344 2513 quam
1369 2458 1458 2496 me
1484 2440 1686 2496 vivere.
1723 2444 1920 2514 Itaque
1940 2459 2072 2497 cum

371 2529 591 2602 aliquid
618 2528 822 2585 vellem
854 2532 953 2583 aut
979 2530 1216 2593 nollem,
1248 2546 1361 2584 non
1392 2529 1571 2584 alium
1600 2546 1773 2601 quam
1805 2547 1895 2585 me
1930 2532 2074 2587 velle

371 2635 437 2674 ac
461 2618 617 2674 nolle
645 2617 992 2673 certissimus
1022 2634 1201 2685 eram,
1235 2623 1289 2673 et
1324 2618 1405 2673 ibi
1454 2635 1576 2674 esse
1608 2635 1833 2674 causam
1858 2620 2074 2690 peccati

372 2707 489 2762 mei
503 2707 621 2779 jam
642 2707 879 2779 jamque
899 2706 1437 2763 animadvertebam.
1460 2707 1619 2772 Quod
1643 2712 1838 2763 autem
1863 2708 2074 2764 invitus

371 2796 636 2864 facerem,
672 2795 789 2866 pati
824 2812 914 2850 me
945 2796 1141 2867 potius
1170 2812 1344 2867 quam
1371 2795 1555 2849 facere
1581 2794 1874 2864 videbam;
1924 2802 1982 2852 et
2011 2797 2069 2852 id

376 2901 495 2941 non
514 2885 763 2957 culpam,
787 2884 887 2940 sed
915 2900 1142 2956 poenam
1167 2900 1288 2939 esse
1312 2884 1659 2955 judicabam,
1692 2901 1806 2956 qua
1836 2902 1928 2940 me
1957 2902 2077 2940 non

377 2974 591 3046 injuste
621 2972 814 3044 plecti,
852 2978 907 3027 te
949 2972 1172 3044 justum
1216 2974 1491 3043 cogitans,
1534 2973 1645 3028 cito
1696 2974 1932 3029 fatebar.
1967 2974 2073 3030 Sed

374 3078 572 3117 rursus
619 3062 913 3116 dicebam:
946 3061 1082 3126 Quis
1119 3061 1251 3116 fecit
1282 3078 1373 3115 me
1398 3062 1425 3117 ?
1458 3064 1657 3118 Nonne
1707 3064 1855 3117 Deus
1892 3079 2075 3131 meus,

375 3165 493 3206 non
522 3152 745 3205 tantum
791 3150 995 3216 bonus,
1047 3150 1147 3205 sed
1189 3150 1381 3221 ipsum
1419 3151 1681 3205 bonum?
1712 3151 1870 3206 Unde
1898 3150 2079 3223 igitur

377 3237 523 3295 mihi
552 3239 700 3292 male
720 3239 862 3293 velle
894 3242 951 3293 et
978 3238 1124 3293 bene
1151 3240 1324 3308 nolle,
1345 3244 1409 3294 ut
1430 3244 1579 3307 esset
1595 3240 1861 3311 curjuste
1884 3256 2079 3312 poenas

378 3327 640 3383 luercm?
662 3326 797 3392 Quis
823 3326 881 3380 in
905 3342 998 3381 me
1025 3328 1130 3382 hoc
1150 3328 1360 3399 posuit,
1393 3332 1449 3383 et
1468 3329 1673 3384 insevit
1697 3329 1838 3383 mihi
1862 3330 2078 3400 planta-

380 3415 530 3471 rium
563 3414 983 3484 amaritudinis,
1011 3432 1142 3471 cum
1161 3420 1312 3471 totus
1338 3417 1534 3471 ﬁerem
1557 3434 1590 3471 a
1608 3417 1936 3472 dulcissimo
1966 3419 2077 3473 Deo

378 3505 550 3560 meo?
578 3504 633 3560 Si
664 3504 926 3560 diabolus
967 3510 1179 3571 auctor,
1218 3506 1368 3561 unde
1398 3505 1522 3577 ipse
1564 3507 1864 3563 diabolus?
1916 3507 2079 3577 Quod

377 3594 424 3649 si
455 3597 513 3649 et
544 3594 663 3666 ipse
693 3610 961 3666 perversa
998 3596 1288 3650 voluntate
1317 3611 1382 3650 ex
1416 3597 1569 3651 bono
1592 3597 1794 3669 angelo
1821 3596 2082 3652 diabolus

377 3680 558 3736 factus
587 3686 699 3749 est;
723 3683 878 3738 unde
909 3687 963 3737 et
994 3682 1054 3737 in
1092 3683 1214 3755 ipso
1243 3684 1505 3740 voluntas
1536 3686 1688 3740 mala
1729 3702 1842 3757 qua
1886 3685 2079 3741 diabo-

380 3771 469 3824 lus
514 3770 697 3837 ﬁeret,
740 3771 970 3842 quando
1009 3776 1161 3826 totus
1190 3774 1429 3843 angelus
1455 3790 1490 3828 a
1535 3774 1826 3830 conditore
1861 3775 2081 3846 optimo

381 3855 563 3911 factus
609 3862 757 3912 esset
781 3857 967 3912 bonus
999 3857 1064 3913 3?
1092 3858 1187 3913 His
1235 3860 1676 3932 cogitationibus
1722 3862 2080 3934 deprimebav

381 3944 589 3998 iterum
637 3949 694 3999 et
718 3945 1063 4001 sutfocabar:
1096 3947 1193 4002 sed
1223 3964 1337 4002 non
1384 3965 1567 4021 usque
1596 3950 1669 4005 ad
1700 3950 1865 4005 illum
1896 3951 2081 4006 infer-

378 4049 523 4091 num
572 4033 929 4089 subducebar
986 4037 1220 4107 erroris,
1252 4037 1349 4092 ubi
1407 4055 1574 4094 nemo
1623 4040 1925 4095 conﬁtetur
1953 4041 2079 4108 tibi,

383 4123 523 4179 dum
554 4127 616 4179 tu
645 4123 835 4195 potius
854 4125 1004 4180 mala
1029 4125 1171 4197 pati,
1199 4143 1371 4198 quam
1398 4128 1569 4183 homo
1611 4128 1795 4184 facere
1818 4133 2080 4201 putatur.

1049 4232 1276 4289 CAPUT
1315 4235 1409 4290 IV.

698 4321 863 4375 Deum
899 4321 1363 4392 incorruptz'bz’lem
1392 4339 1502 4380 esse
1538 4328 1761 4395 oportet.

453 4409 505 4462 6.
537 4406 627 4463 Sic
666 4407 821 4462 enim
863 4409 1085 4465 nitebar
1129 4416 1332 4466 caetera
1364 4412 1642 4483 invenire,
1685 4414 1881 4486 utjam
1931 4415 2086 4469 inve-

382 4510 582 4550 neram
613 4496 818 4551 melius
850 4514 969 4553 esse
999 4500 1451 4573 incorruptibile,
1479 4519 1653 4575 quam
1683 4504 2080 4575 corruptibile;

383 4586 440 4636 et
476 4582 603 4638 ideo
637 4590 713 4654 te,
743 4586 1020 4660 quidquid
1052 4606 1220 4657 esses,
1254 4606 1374 4645 esse
1404 4590 1900 4662 incorruptibilem
1944 4609 2083 4647 con-

379 4670 600 4726 ﬁtebar.
638 4673 830 4744 Neque
848 4676 1002 4731 enim
1021 4678 1136 4732 ulla
1168 4678 1361 4733 anima
1391 4696 1648 4751 unquam
1677 4680 1879 4752 potuit,
1908 4686 2076 4752 pote-

382 4758 528 4815 ritve
557 4760 807 4831 cogitare
827 4765 1043 4837 aliquid
1065 4768 1220 4839 quod
1237 4767 1310 4822 sit
1335 4772 1389 4823 te
1415 4768 1642 4835 melius,
1667 4768 1766 4841 qui
1788 4786 2079 4825 summum

385 4850 442 4902 et
472 4848 758 4920 optimum
786 4851 1004 4908 bonum
1035 4871 1120 4911 es.
1161 4856 1303 4911 Cum
1332 4862 1522 4911 autem
1555 4857 1846 4912 verissime
1906 4865 2079 4930 atque

383 4935 697 4993 certissime
722 4937 1152 5012 incorruptibile
1182 4945 1537 5016 corruptibili
1560 4950 1953 5018 prmponatur,
1981 4947 2086 5003 sic-

383 5029 451 5080 ut
470 5025 594 5097 jam
642 5042 749 5098 ego
793 5032 1222 5101 prmpouebam,
1256 5038 1517 5104 poteram
1560 5036 1679 5105 jam
1734 5036 2080 5107 cogitatione

384 5114 603 5187 aliquid
632 5116 914 5188 attingere
950 5120 1106 5191 quod
1137 5128 1287 5178 esset
1330 5123 1539 5178 melius
1573 5124 1685 5178 Deo
1717 5140 1866 5191 meo,
1892 5124 2002 5180 nisi
2026 5130 2091 5181 tu

593 5223 711 5272 Mss.
734 5224 887 5287 Angl.
910 5229 963 5275 et
978 5227 1329 5299 nostriprope
1346 5243 1531 5279 omnes
1552 5231 1674 5279 Mss.
1693 5230 1755 5280 Et
1774 5231 1931 5299 paulo
1954 5236 2088 5294 post,

385 5286 675 5355 nonetiam
691 5286 851 5355 quam
867 5301 961 5355 nte.
978 5290 1138 5350 [Eam
1152 5286 1348 5355 [ir/uide
1362 5304 1518 5342 cerne
1526 5306 1617 5341 re..
1632 5329 1643 5341 .
1658 5307 1758 5341 non
1775 5286 1927 5343 blind
1939 5286 2093 5355 ριιαυὶ

384 5348 719 5408 υιιι.]-Αι·υζ
734 5350 885 5400 Mart.
900 5348 1038 5400 Flor.
1070 5356 1119 5400 et
1152 5348 1320 5401 Itond.
1347 5367 1469 5403 eum
1506 5355 1780 5405 nonnullis
1800 5348 2091 5406 Mssa-Non

386 5408 562 5481 aliain
583 5425 748 5481 quam
773 5425 854 5481 me
984 5475 994 5481 _
1060 5414 1129 5481 lit.

386 5470 768 5582 alfistlnittitur
790 5475 956 5527 bonus
983 5475 1036 5526 iu
1067 5476 1189 5527 Mss.
1215 5477 1433 5541 Benigu.
1457 5478 1779 5530 Theoderica
1802 5484 1855 5531 et
1884 5480 2093 5545 aliquot

1573 282 2111 341 CONFESSIONUM
2153 280 2210 339 s.
2251 278 2658 339 AUGUSTlNl.
3726 241 3815 341 ias

2181 420 2335 459 esses
2372 399 2844 475 incorruptibilis.
2893 399 2996 456 Ubi
3024 399 3202 471 igitur
3237 398 3487 456 videbam
3525 402 3823 477 incorrupti-

2178 491 2295 546 bile
2325 489 2687 562 corruptibili
2710 505 2831 545 esse
2848 488 3295 561 praeferendum,
3327 488 3403 543 ibi
3419 494 3468 545 te
3493 507 3725 563 quaerere
3742 494 3823 550 de-

2181 580 2409 647 bebam,
2452 585 2621 651 atque
2676 578 2811 634 inde
2860 578 3153 633 advertere
3199 577 3351 632 unde
3381 576 3492 634 ‘sit
3527 581 3739 646 malum,
3781 583 3828 639 id

2180 674 2287 737 est,
2312 670 2462 724 unde
2487 668 2560 723 sit
2595 668 2719 739 ipsa
2740 667 3054 737 corruptio,
3072 683 3187 738 qua
3211 666 3409 721 violari
3438 668 3722 725 substantia
3746 676 3830 727 tua

2180 759 2340 813 nullo
2371 758 2542 813 modo
2571 761 2787 829 potest.
2841 758 3009 811 Nullo
3044 755 3200 810 enim
3226 772 3454 826 prorsus
3484 758 3640 813 modo
3683 759 3832 815 violat

2180 846 2470 918 corruptio
2520 848 2701 902 Deum
2741 848 3040 913 nostrum;
3080 845 3240 899 nulla
3262 845 3558 916 voluntate,
3580 848 3722 901 nulla
3746 864 3829 902 ne-

2181 936 2460 1004 cessitate,
2513 937 2672 990 nullo
2729 934 3040 1006 improviso
3088 950 3250 1000 casu;
3304 933 3563 1005 quoniam
3610 935 3718 1006 ipse
3764 942 3834 991 est

2184 1027 2350 1092 Deus,
2386 1031 2443 1079 et
2472 1025 2627 1097 quod
2674 1023 2781 1079 sibi
2811 1025 2930 1079 vult
2958 1024 3175 1078 bonum
3209 1026 3311 1089 est,
3355 1028 3411 1076 et
3437 1023 3551 1095 ipse
3592 1029 3671 1078 est
3702 1024 3828 1079 idem

2179 1113 2424 1169 bonum:
2470 1113 2758 1180 corrumpi
2780 1117 2972 1168 autem
3015 1129 3127 1167 non
3150 1114 3475 1168 estbonum.
3501 1115 3605 1169 Nec
3647 1116 3835 1185 cogeris

2182 1202 2396 1257 invitus
2440 1201 2511 1256 ad
2558 1201 2798 1273 aliquid,
2829 1201 2965 1273 quia
2990 1201 3253 1255 voluntas
3294 1206 3392 1256 tua
3424 1218 3534 1256 non
3574 1207 3652 1257 est
3682 1204 3835 1274 major

2183 1307 2359 1363 quam
2385 1285 2660 1362 potentia
2688 1295 2807 1345 tua.
2850 1292 3009 1345 Esset
3035 1293 3227 1344 autem
3263 1291 3462 1358 major,
3509 1290 3553 1345 si
3583 1295 3633 1344 te
3660 1291 3766 1361 ipso
3786 1295 3835 1346 tu

2182 1379 2307 1452 ipse
2338 1379 2524 1450 major
2559 1394 2737 1433 esses:
2768 1378 3030 1432 voluntas
3051 1377 3207 1431 enim
3237 1381 3293 1432 et
3310 1378 3557 1449 potentia
3575 1378 3685 1446 Dei,
3717 1381 3835 1435 Deus

2182 1468 2303 1540 ipse
2331 1470 2433 1523 est.
2470 1468 2534 1522 Et
2564 1466 2702 1539 quid
2735 1465 3106 1538 improvisum
3134 1464 3238 1521 tibi
3269 1466 3370 1537 qui
3398 1466 3546 1520 nosti
3579 1467 3837 1534 omnia,et

2180 1557 2338 1612 nulla
2363 1560 2569 1610 natura
2590 1560 2695 1621 est,
2716 1554 2827 1610 nisi
2856 1554 2994 1626 quia
3015 1554 3160 1608 nosti
3183 1570 3312 1609 eam
3327 1552 3355 1607 ?
3379 1556 3443 1609 Et
3462 1555 3654 1627 utquid
3686 1556 3834 1610 multa

2182 1645 2445 1713 dicimus,
2477 1661 2579 1699 cur
2596 1660 2713 1698 non
2743 1643 2815 1699 sit
2832 1642 3223 1714 corruptibilis
3251 1643 3562 1699 substantia
3583 1659 3699 1717 qua:
3719 1645 3837 1699 Dens

2183 1735 2286 1801 est,
2319 1732 2550 1805 quando
2581 1731 2630 1787 si
2650 1732 2756 1788 hoc
2782 1736 2928 1786 esset
2958 1730 3144 1786 Deus?

2862 1820 3089 1875 CAPUT
3135 1819 3204 1875 V.

2319 1910 2522 1977 Quaerit
2552 1911 2745 1964 iterum
2774 1909 2917 1964 unde
2945 1910 3173 1976 malum,
3206 1912 3255 1964 et
3285 1923 3405 1978 qum
3429 1907 3590 1963 radii:
3610 1907 3732 1977 ejus.

2250 2002 2310 2054 7.
2353 2000 2419 2053 Et
2448 1999 2773 2071 quaerebam
2802 1997 2953 2053 unde
2985 1999 3220 2067 malum,
3255 2000 3311 2052 et
3340 1997 3489 2052 male
3517 1996 3829 2068 quaerebam;

2184 2090 2239 2142 et
2267 2087 2327 2141 in
2360 2087 2484 2158 ipsa
2512 2086 2884 2159 inquisitione
2923 2102 3052 2141 mea
3098 2103 3216 2141 non
3249 2086 3504 2141 videbam
3533 2085 3746 2139 malum.
3788 2083 3839 2137 Et

2184 2175 2602 2230 constituebam
2661 2174 2727 2229 in
2782 2179 3091 2246 conspectu
3139 2174 3379 2246 spiritus
3411 2173 3520 2228 mei
3557 2172 3834 2227 universam

2184 2268 2528 2332 creaturam,
2563 2262 2849 2336 quidquid
2883 2263 2945 2317 in
2970 2279 3037 2319 ea
3064 2279 3297 2318 cernere
3329 2277 3655 2335 possumus;
3698 2258 3831 2314 sicuti

2183 2357 2270 2408 est
2306 2356 2479 2420 terra,
2511 2357 2568 2407 et
2596 2369 2774 2418 mare,
2808 2356 2864 2407 et
2893 2368 3012 2420 aer,
3046 2351 3253 2419 sidera,
3285 2356 3346 2407 et
3374 2352 3617 2415 arbores,
3656 2353 3706 2404 et
3744 2347 3836 2402 ani-

2184 2442 2359 2499 malia
2391 2441 2680 2497 mortalia:
2710 2446 2766 2496 et
2796 2440 3082 2513 quidquid
3110 2441 3175 2495 in
3201 2457 3269 2496 ea
3297 2457 3417 2517 non
3444 2439 3702 2505 videmus,
3722 2436 3837 2491 sicut

2184 2533 2612 2588 ﬁrmamentum
2641 2531 2790 2599 caeli,
2811 2531 3044 2602 insuper
3081 2535 3138 2586 et
3162 2546 3366 2585 omnes
3393 2530 3627 2600 Angelos
3655 2530 3704 2581 et
3726 2541 3837 2580 cun-

2187 2627 2276 2677 cta
2317 2621 2639 2692 spiritualia
2694 2621 2849 2691 ejus;
2907 2621 3006 2675 sed
3050 2620 3222 2674 etiam
3252 2619 3402 2691 ipsa,
3451 2617 3604 2689 quasi
3644 2629 3840 2685 corpora

2191 2715 2397 2780 essent,
2430 2710 2565 2765 locis
2597 2714 2653 2765 et
2681 2709 2822 2765 locis
2844 2708 3128 2764 ordinavit
3152 2708 3492 2780 imaginatio
3514 2721 3665 2773 mea;
3690 2701 3839 2759 etfeci

2192 2814 2369 2854 unam
2398 2814 2643 2854 massam
2686 2797 2961 2870 grandem
2992 2796 3321 2852 distinctam
3367 2796 3656 2869 generibus
3679 2806 3837 2861 corpo-

2189 2904 2319 2943 rum
2346 2892 2668 2942 creaturam
2697 2891 2857 2941 tuam
2878 2889 2928 2952 ²;
2961 2886 3077 2941 sive
3105 2902 3234 2958 quas
3262 2902 3402 2941 vera
3429 2899 3656 2956 corpora
3691 2884 3836 2942 erant,

2186 2977 2303 3031 sive
2333 2992 2461 3047 quae
2504 2974 2628 3046 ipse
2681 2991 2788 3047 pro
2841 2973 3134 3047 spiritibus
3177 2974 3487 3030 ﬁnxeram:
3520 2977 3574 3027 et
3607 2986 3718 3026 eam
3756 2966 3837 3023 feci

2187 3065 2483 3136 grandem,
2510 3080 2628 3119 non
2652 3067 2934 3135 quantum
2955 3068 3094 3131 erat,
3115 3063 3272 3134 quod
3295 3063 3444 3118 scire
3467 3078 3575 3116 non
3594 3064 3836 3132 poteram;

2188 3155 2287 3210 sed
2318 3157 2600 3226 quantum
2626 3153 2811 3222 libuit,
2835 3152 3324 3224 undiqueversum
3363 3168 3497 3207 sane
3525 3150 3742 3206 ﬁnitam.
3782 3146 3837 3199 Te

2189 3248 2401 3311 autem,
2452 3241 2710 3306 Domine,
2754 3258 2825 3297 ex
2871 3242 3030 3296 omni
3074 3246 3236 3313 parte
3281 3241 3625 3297 ambientem
3662 3251 3767 3291 eam
3798 3237 3841 3286 et

2162 3344 2175 3349 ’
2194 3336 2614 3404 penetrantem,
2635 3332 2733 3386 sed
2761 3347 3175 3403 usquequaque
3196 3331 3522 3387 inﬁnitum:
3551 3334 3786 3398 tanquam
3804 3322 3839 3375 si

2191 3437 2348 3476 mare
2379 3425 2530 3476 esset
2561 3420 2798 3492 ubique,
2827 3425 2885 3475 et
2904 3419 3281 3493 undique'per
3300 3420 3581 3476 immensa
3608 3414 3765 3487 spatia
3779 3412 3841 3466 in-

2190 3509 2419 3565 ﬁnitum
2470 3510 2654 3565 solum
2695 3525 2874 3577 mare,
2922 3514 2980 3564 et
3020 3509 3257 3564 haberet
3306 3509 3466 3564 intra
3495 3524 3553 3563 se
3590 3501 3839 3577 spongiam

2191 3598 2509 3670 quamlibet
2550 3614 2840 3668 magnam,
2889 3598 2983 3652 sed
3014 3597 3236 3653 ﬁnitam
3289 3601 3517 3665 tamen;
3548 3596 3703 3667 plena
3729 3590 3843 3645 esset

2190 3688 2393 3759 utique
2419 3686 2658 3758 spongia
2685 3686 2783 3742 illa
2811 3703 2877 3742 ex
2900 3686 3059 3740 omni
3077 3703 3179 3741 sua
3200 3691 3367 3758 parte
3390 3704 3452 3741 ex
3483 3685 3738 3740 immenso
3757 3694 3843 3731 ma-

2191 3775 2268 3831 ri:
2326 3775 2405 3830 sic
2470 3780 2794 3829 creaturam
2845 3774 3067 3829 ﬁnitam
3126 3778 3181 3829 te
3235 3774 3471 3831 inﬁnito
3524 3773 3731 3845 plenam
3761 3780 3843 3837 pu-

2190 3865 2406 3932 tabam,
2433 3871 2489 3919 et
2520 3862 2814 3919 dicebam:
2861 3865 2996 3918 Ecce
3029 3864 3199 3931 Deus,
3231 3867 3287 3918 et
3343 3880 3469 3920 ecce
3520 3877 3640 3933 qua:
3679 3852 3844 3911 creavit

2196 3955 2360 4020 Deus,
2395 3957 2451 4008 et
2497 3953 2683 4007 bonus
2728 3955 2812 4006 est
2852 3954 3018 4015 Deus,
3063 3955 3235 4023 atque
3280 3951 3371 4007 bis
3401 3946 3722 4005 validissime
3747 3942 3841 3996 lou-

2192 4041 2541 4113 gissimeque
2580 4040 2974 4111 praastantior;
3011 4040 3109 4094 sed
3135 4043 3332 4095 tamen
3364 4042 3544 4095 bonus
3574 4037 3708 4091 bona
3722 4044 3843 4085 crea-

2191 4130 2290 4197 vit,
2316 4134 2374 4185 et
2400 4145 2528 4185 ecce
2555 4128 2845 4200 quomodo
2870 4126 3060 4183 ambit
3082 4132 3256 4199 atque
3286 4128 3491 4200 implet
3518 4142 3596 4180 ea.
3624 4122 3715 4178 Ubi
3739 4130 3843 4187 ergo

2192 4220 2431 4282 malum,
2490 4222 2546 4273 et
2579 4217 2750 4283 unde,
2798 4234 2913 4290 qua
2941 4218 3054 4272 huc
3081 4215 3344 4289 irrepsit!
3380 4218 3516 4282 Quae
3560 4211 3706 4269 radix
3731 4208 3843 4277 ejus,

2197 4312 2255 4363 et
2282 4306 2439 4380 quod
2468 4322 2667 4377 semen
2699 4306 2865 4377 ejus?
2897 4307 2984 4359 An
3013 4304 3248 4360 omnino
3279 4321 3397 4359 non
3433 4305 3556 4358 est?
3600 4302 3701 4356 Cur
3741 4307 3845 4364 ergo

2192 4396 2460 4451 timemus
2495 4399 2556 4450 et
2593 4410 2857 4449 cavemus
2885 4393 3041 4465 quod
3087 4408 3205 4447 non
3236 4396 3361 4449 est?
3394 4396 3509 4448 Aut
3552 4391 3599 4446 si
3645 4384 3849 4443 inaniter

2192 4485 2479 4551 timemus,
2514 4488 2664 4539 certe
2702 4483 2788 4538 vel
2818 4482 2989 4537 timor
3022 4481 3142 4554 ipse
3173 4485 3395 4537 malum
3443 4485 3544 4547 est,
3575 4493 3678 4550 quo
3707 4474 3847 4527 incas-

2194 4590 2321 4629 sum
2350 4573 2680 4628 stimulatur
2713 4575 2771 4626 et
2800 4570 3155 4627 excruciatur
3193 4587 3318 4625 cor:
3369 4575 3426 4626 et
3471 4572 3621 4624 tanto
3661 4558 3850 4636 gravius

2195 4664 2431 4729 malum,
2451 4668 2665 4734 quanto
2680 4677 2795 4716 non
2820 4664 2908 4715 est
2928 4660 3423 4734 quodtimeamus,
3439 4664 3493 4714 et
3508 4646 3846 4712 timemus.ld-

2194 4751 2342 4807 circo
2369 4756 2469 4806 aut
2488 4755 2573 4806 est
2589 4752 2807 4805 malum
2825 4749 2983 4822 quod
3003 4749 3293 4819 timemus,
3318 4754 3418 4803 aut
3447 4748 3553 4802 boc
3575 4738 3844 4829 malumsi}

2196 4840 2331 4913 quia
2360 4840 2648 4896 timemus.
2691 4840 2849 4895 Unde
2880 4843 2966 4894 est
3015 4838 3216 4910 igitur,
3248 4836 3525 4909 quoniam
3569 4835 3706 4888 Deus
3748 4826 3851 4881 fecit

2197 4930 2318 4985 haec
2349 4928 2562 4991 omnia,
2597 4929 2783 4983 bonus
2816 4928 3004 4983 bona?
3044 4927 3220 4997 Majus
3246 4927 3482 4999 quidem
3518 4928 3572 4978 et
3606 4925 3851 4975 summum

2196 5018 2412 5073 bonum
2430 5017 2655 5072 minora
2682 5016 2813 5071 fecit
2842 5016 3010 5083 bona,
3041 5015 3141 5070 sed
3159 5020 3352 5069 tamen
3375 5019 3433 5069 et
3448 5027 3638 5067 ereans
3662 5013 3711 5062 et
3733 5016 3854 5093 cret}:

2196 5112 2255 5162 ta
2284 5108 2433 5163 bona
2462 5110 2597 5161 sunt
2620 5105 2834 5160 omnia.
2866 5105 3024 5160 Unde
3051 5109 3134 5159 est
3165 5104 3423 5158 malum?
3463 5104 3549 5155 An
3576 5095 3717 5153 unde
3743 5089 3855 5146 fecit

2199 5213 2267 5252 ea
2312 5201 2355 5263 ³,
2397 5194 2663 5251 materies
2707 5195 2899 5267 aliqua
2946 5194 3095 5249 mala
3127 5197 3269 5260 erat,
3320 5196 3378 5247 et
3414 5186 3671 5245 formavit
3717 5185 3855 5250 atque

2265 5296 2278 5329 ι
2312 5294 2372 5342 lu
2398 5294 2475 5350 B.,
2500 5292 2610 5343 ubi.
2641 5292 2882 5355 Plerique
2909 5290 3039 5339 Edd.
3066 5289 3208 5340 unde
3417 5287 3485 5336 Μ.

2262 5358 2282 5391 2
2313 5358 2549 5414 Quatuor
2572 5356 2691 5404 Mss.
2738 5357 3120 5405 creaturarum
3150 5355 3383 5402 tuarum.
3622 5409 3629 5414 ‘
3672 5406 3681 5414 _
3729 5400 3737 5409 ,

2263 5422 2284 5453 3
2317 5400 3015 5467 ἶιεῖᾗίξέίοῖἶῶΒειῖἱίθῙᾸὲιῖζ
3033 5400 3347 5477 ξαιᾸὼξΕῐι.
3363 5414 3507 5477 Lov.,
3530 5400 3855 5477 mutatainﬁlr:

2204 5456 2998 5543 [.uutii’éliéj'HEEEHE'?£¢ZEIAE12
3018 5456 3140 5533 fecit
3166 5479 3265 5528 ea?
3294 5456 3541 5526 materies
3561 5468 3727 5531 aliqua
3741 5456 3855 5510 mala

2212 5546 2347 5593 ενίιι.
