4022 6176
211 265 312 313 737
1640 260 1849 316 LIBER
1898 260 2263 318 SEPTIMUS.
3616 272 3719 325 738

200 384 485 439 ordinavit
516 400 665 450 eam,
698 382 795 437 sed
822 381 1283 453 reliquitaliquid
1318 382 1374 436 in
1410 381 1524 447 illa,
1549 384 1696 454 quod
1729 383 1788 437 in
1810 383 1910 438 bo-

202 491 345 528 num
376 490 493 527 non
524 471 921 526 converteret?
954 472 1068 525 Cur
1097 476 1152 524 et
1180 472 1323 524 hoc?
1351 474 1439 525 An
1468 472 1755 542 impotens
1783 477 1906 526 erat

202 569 382 618 totam
414 568 635 616 vertere
668 566 724 615 et
744 566 1121 629 commutare,
1146 565 1209 613 ut
1238 560 1378 613 nihil
1404 562 1537 614 mali
1562 565 1905 627 remaneret,

206 669 338 706 cum
368 652 437 704 sit
462 650 656 704 omnia
678 655 879 720 potens
900 652 927 703 ‘l
962 652 1269 715 Postremo,
1302 666 1401 703 cur
1432 649 1563 703 inde
1597 649 1814 720 aliquid
1836 650 1910 703 fa-

202 757 333 794 cere
376 738 577 805 voluit,
628 755 691 791 ac
727 754 842 792 non
876 738 1063 808 potius
1094 738 1291 791 eadem
1334 738 1751 808 omnipotentia
1779 738 1911 792 fecit

198 834 270 883 ut
296 830 455 882 nulla
476 833 621 881 esset
646 828 925 881 omnino?
952 829 1065 881 Aut
1092 844 1224 880 vero
1249 826 1490 880 existere
1522 832 1747 897 poterat
1776 842 1908 881 con-

200 920 293 970 tra
324 917 448 985 eius
478 915 874 969 voluntatem?
898 918 1010 968 Aut
1043 914 1091 967 si
1117 920 1334 967 aeterna
1365 919 1505 976 erat,
1538 931 1637 968 cur
1664 920 1779 968 tam
1811 914 1908 967 diu

192 1021 304 1075 per
334 1005 560 1058 infinita
587 1010 735 1058 retro
767 1004 945 1074 spatia
979 1008 1325 1075 temporum,
1360 1002 1438 1056 sic
1456 1020 1582 1057 eam
1606 1004 1737 1057 sivit
1764 1019 1906 1065 esse,

193 1110 264 1147 ac
294 1098 453 1147 tanto
486 1098 610 1164 post
634 1094 850 1163 placuit
876 1092 1095 1162 aliquid
1124 1109 1192 1147 ex
1222 1110 1290 1146 ea
1318 1093 1545 1147 facere?
1576 1094 1830 1163 Autjam
1862 1093 1908 1145 si

196 1182 424 1253 aliquid
450 1182 639 1235 subito
665 1181 844 1235 voluit
864 1197 1051 1251 agere,
1083 1180 1189 1235 hoc
1220 1181 1413 1251 potius
1434 1187 1625 1251 ageret
1647 1182 1908 1252 omnipo-

196 1273 351 1336 tens,
385 1274 448 1323 ut
485 1270 585 1323 illa
614 1286 731 1323 non
761 1274 928 1331 esset,
963 1275 1134 1340 atque
1190 1270 1311 1340 ipse
1346 1272 1496 1323 solus
1528 1275 1674 1325 esset
1704 1274 1906 1337 totum,

197 1375 405 1413 verum
440 1363 494 1411 et
524 1374 814 1413 summum
861 1362 916 1411 et
951 1358 1242 1412 infinitum
1291 1360 1527 1413 bonum.
1572 1361 1683 1413 Aut
1713 1359 1761 1412 si
1793 1376 1908 1412 non

201 1451 333 1501 erat
362 1448 507 1501 bene
539 1453 601 1501 ut
623 1464 741 1502 non
765 1448 982 1518 aliquid
1013 1447 1151 1501 boni
1183 1447 1355 1501 etiam
1388 1447 1755 1501 fabricaretur
1786 1446 1826 1511 ί,
1855 1452 1911 1500 et

203 1537 485 1591 conderet
523 1536 624 1607 qui
664 1537 850 1591 bonus
882 1542 1033 1606 erat;
1071 1537 1165 1590 illa
1196 1536 1417 1590 sublata
1464 1542 1518 1590 et
1548 1537 1616 1590 ad
1665 1536 1910 1589 nihilum

201 1626 440 1679 redacta
469 1626 706 1679 materia
735 1643 862 1696 qua:
887 1627 1037 1679 mala
1067 1629 1207 1695 erat,
1241 1626 1451 1679 bonam
1488 1625 1609 1695 ipse
1642 1624 1907 1679 institue-

200 1718 296 1767 ret
326 1715 481 1768 unde
513 1715 707 1768 omnia
730 1719 970 1767 crearet.
1013 1715 1137 1767 Non
1171 1713 1324 1767 enim
1347 1720 1493 1767 esset
1522 1713 1907 1783 omnipotens,

201 1802 253 1855 si
284 1804 530 1857 condere
554 1819 669 1856 non
697 1806 888 1873 posset
914 1802 1131 1873 aliquid
1160 1802 1318 1867 boni,
1344 1802 1453 1855 nisi
1484 1820 1568 1868 ea,
1597 1818 1769 1872 quam
1792 1802 1909 1872 ipse

203 1908 325 1946 non
356 1892 712 1958 condiderat,
746 1892 1111 1961 adjuvaretur
1142 1891 1397 1945 materia.
1430 1892 1588 1945 Talia
1616 1890 1911 1944 volvebam

204 1985 442 2052 pectore
493 1981 725 2049 misero,
760 1980 1115 2050 ingravidato
1164 1981 1314 2034 curis
1358 1980 1798 2034 mordacissimis
1842 1980 1910 2033 dc

204 2070 418 2123 timore
449 2070 673 2136 mortis,
715 2074 770 2122 et
800 2085 912 2121 non
948 2069 1180 2123 inventa
1210 2069 1441 2122 veritate
1471 2086 1482 2122 :
1517 2068 1792 2122 stabiliter
1820 2072 1909 2121 ta-

208 2177 346 2214 men
376 2160 633 2213 hzerebat
653 2160 713 2212 in
745 2159 909 2212 corde
935 2175 1083 2221 meo,
1119 2158 1179 2212 in
1208 2158 1484 2212 catholica
1507 2157 1749 2210 Ecclesia
1772 2157 1913 2211 fides

205 2249 422 2302 Christi
454 2249 537 2302 tui
566 2248 795 2302 Domini
827 2253 881 2302 et
902 2247 1207 2302 Salvatoris
1238 2247 1446 2313 nostri;
1476 2246 1535 2299 in
1564 2247 1756 2300 multis
1786 2246 1911 2317 qui-

205 2338 344 2391 dem
372 2338 557 2391 adhuc
578 2338 859 2404 informis,
888 2342 945 2390 et
974 2342 1184 2408 praeter
1215 2336 1483 2390 doctrinae
1503 2352 1761 2389 normam
1782 2334 1910 2388 flui-

206 2431 340 2480 tans
370 2426 414 2492 ',
446 2428 546 2480 sed
585 2432 777 2480 tamen
810 2443 935 2480 eam
969 2443 1084 2479 non
1108 2425 1484 2497 relinquebat,
1516 2426 1763 2493 animus,
1795 2424 1910 2478 imo

212 2514 270 2569 in
305 2516 427 2568 dies
455 2515 635 2587 magis
667 2516 964 2586 magisque
994 2514 1327 2569 imbibebat.

879 2622 1104 2674 CAPUT
1144 2622 1239 2675 VI.

500 2710 999 2765 Malhemalicorum
1033 2710 1395 2763 divinationes
1424 2709 1622 2777 reﬁcit.

282 2802 337 2854 8.
387 2799 510 2852 Jam
545 2798 717 2855 etiam
768 2797 1302 2852 mathematicorum
1353 2796 1577 2850 fallaces
1606 2795 1911 2850 divinatio-

210 2903 340 2954 nes,
392 2892 447 2941 et
496 2888 674 2957 impia
722 2887 1096 2942 deliramenta
1142 2886 1471 2956 rejeceram.
1524 2885 1914 2938 Confiteantur

210 2976 386 3029 etiam
412 2975 545 3029 hinc
578 2976 680 3029 tibi
712 2977 779 3030 de
815 2975 1031 3029 intimis
1062 2974 1366 3029 visceribus
1398 2972 1604 3027 animas
1634 2989 1776 3027 mea:
1807 2972 1913 3025 mi-

209 3064 527 3119 serationes
573 3069 707 3131 tuae,
760 3066 910 3119 Deus
960 3066 1235 3118 meus.’l‘u
1283 3064 1459 3129 enim,
1505 3066 1566 3116 tu
1623 3062 1859 3115 omnino
1898 3078 1909 3115 :

206 3170 346 3208 nam
378 3152 505 3223 quis
553 3154 697 3206 alius
728 3170 761 3207 a
788 3158 972 3208 morte
1025 3152 1213 3207 omnis
1252 3150 1458 3205 erroris
1518 3155 1741 3205 revocat
1788 3167 1912 3217 nos,

210 3241 327 3295 nisi
365 3242 478 3294 vita
510 3258 640 3311 quas
692 3242 841 3295 mori
887 3241 1082 3306 nescit,
1117 3245 1171 3295 et
1201 3239 1482 3311 sapientia
1513 3244 1732 3293 mentes
1764 3238 1912 3293 indi-

210 3334 412 3401 gentes
442 3330 794 3395 illuminans,
846 3331 1003 3385 nullo
1040 3330 1300 3399 indigens
1334 3328 1568 3394 lumine,
1606 3345 1717 3399 qua
1741 3345 1913 3382 mun—

210 3420 324 3473 dus
364 3418 792 3473 administratur
823 3435 1003 3489 usque
1050 3419 1117 3472 ad
1150 3418 1421 3471 arborum
1470 3417 1703 3470 volatica
1730 3416 1913 3471 folia?

209 3512 277 3561 tu
325 3508 641 3577 procurasti
692 3507 1022 3578 pervicaciae
1054 3523 1216 3573 mere,
1272 3523 1385 3577 qua
1418 3506 1738 3560 obluctatus
1788 3522 1913 3558 sum

210 3596 549 3650 Vindiciano
572 3602 737 3649 acuto
766 3596 905 3662 seni,
935 3601 989 3649 et
1016 3595 1285 3649 Nebridio
1311 3593 1656 3648 adolescenti
1688 3592 1914 3647 mirabi-

208 3686 282 3739 lis
315 3685 521 3738 animze
557 3702 570 3739 :
594 3684 1068 3751 illivehementer
1083 3683 1413 3748 affirmanti,
1439 3684 1571 3737 huic
1593 3699 1721 3735 cum
1748 3681 1913 3736 dubi-

208 3774 430 3829 tatione
466 3772 701 3843 quidem
727 3773 937 3843 aliqua,
965 3773 1061 3826 sed
1090 3777 1278 3826 tamen
1300 3773 1500 3826 crebro
1532 3770 1763 3837 dicenti,
1798 3787 1912 3823 non

208 3880 336 3917 esse
386 3863 563 3916 ullam
596 3860 619 3894 ⁵
656 3867 835 3915 artem
874 3862 1066 3916 futura
1111 3861 1468 3933 praevidendi
1511 3878 1523 3928 ;
1561 3861 1913 3931 conjecturas

209 3959 408 4007 autem
440 3951 741 4005 hominum
762 3951 970 4005 habere
1001 3968 1149 4022 saepe
1182 3951 1298 4005 vim
1331 3951 1520 4016 sortis,
1556 3954 1611 4003 et
1633 3950 1810 4003 multa
1828 3949 1913 4002 di-

206 4042 393 4095 cendo
426 4041 537 4095 dici
575 4042 849 4112 pleraque
881 4046 1138 4109 ventura,
1166 4040 1550 4094 nescientibus
1591 4039 1668 4092 eis
1695 4037 1793 4109 qui
1827 4038 1911 4091 di-

205 4134 424 4196 cerent,
462 4130 559 4183 sed
591 4130 649 4183 in
682 4147 748 4183 ea
784 4146 902 4183 non
938 4129 1173 4182 tacendo
1206 4127 1628 4181 incurrentibus
1663 4142 1674 4179 :
1706 4142 1911 4197 procu-

208 4218 345 4271 rasti
372 4235 507 4288 ergo
536 4222 595 4271 tu
640 4217 933 4271 hominem
960 4218 1229 4285 amicum,
1260 4233 1375 4269 non
1408 4216 1642 4287 quidem
1673 4230 1910 4285 segnem

207 4309 599 4361 consultorem
646 4306 1201 4375 mathematicorum,
1247 4322 1350 4359 nec
1382 4322 1473 4358 eas
1526 4305 1736 4357 litteras
1768 4304 1913 4357 bene

209 4397 542 4450 callentem:
577 4397 694 4462 sed,
729 4400 791 4449 ut
816 4395 951 4465 dixi,
982 4396 1369 4449 consultorem
1398 4392 1707 4457 curiosum,
1741 4396 1796 4445 et
1825 4398 1913 4445 ta—

212 4502 344 4539 men
380 4486 654 4539 scientem
682 4485 897 4553 aliquid
928 4485 1082 4555 quod
1111 4502 1143 4537 a
1168 4488 1326 4554 patre
1353 4499 1454 4535 suo
1483 4498 1541 4536 se
1573 4481 1795 4535 audisse
1828 4480 1913 4534 di-

209 4576 397 4642 cebat,
429 4575 582 4645 quod
614 4579 635 4610 ⁴
665 4579 944 4644 quantum
985 4573 1199 4627 valeret
1223 4572 1292 4626 ad
1334 4572 1487 4625 illius
1519 4570 1655 4625 artis
1686 4568 1913 4639 opinio—

210 4679 345 4717 nem
400 4663 764 4717 evertendam
819 4662 1138 4734 ignorabat.
1222 4662 1271 4714 ls
1326 4677 1460 4731 ergo
1533 4660 1619 4713 vir
1677 4657 1911 4712 nomine

213 4752 525 4818 Firminus,
568 4751 875 4806 liberaliter
932 4751 1229 4805 institutus
1262 4754 1317 4803 et
1364 4750 1618 4803 excultus
1658 4747 1911 4818 eloquio,

208 4856 342 4894 cum
384 4858 475 4895 me
507 4847 780 4913 tanquam
827 4841 1245 4906 charissimam,
1294 4840 1362 4893 de
1406 4837 1745 4909 quibusdam
1798 4836 1913 4889 suis

207 4930 402 4995 rebus,
434 4931 494 4984 in
540 4948 679 5002 quas
710 4930 996 4984 saecularis
1045 4946 1172 4999 spes
1204 4930 1325 4999 ejus
1358 4927 1727 4990 intumuerat,
1771 4940 1913 4977 con-

207 5018 427 5072 suleret
452 5019 589 5089 quid
614 5019 753 5072 mihi
775 5018 1087 5071 secundum
1118 5033 1267 5083 suas,
1294 5032 1433 5087 quas
1456 5013 1913 5068 constellationes

208 5108 852 5177 appellant,videretur;
875 5124 981 5177 ego
1008 5109 1220 5165 autem,
1253 5105 1351 5175 qui
1380 5105 1501 5174 jam
1533 5104 1601 5157 de
1632 5104 1737 5155 hac
1765 5118 1821 5155 re
1854 5102 1911 5154 in

210 5196 472 5250 Nebridii
505 5196 847 5250 sententiam
881 5195 1031 5249 flecti
1060 5209 1366 5265 coeperam,
1396 5209 1510 5245 non
1545 5190 1779 5261 quidem
1812 5189 1911 5243 ab-

271 5342 285 5401 ?
322 5338 640 5396 Fabricarel,
668 5338 821 5401 juxta
848 5338 955 5401 Er._
975 5337 1136 5397 Lugd.
1162 5337 1290 5385 Ven.
1324 5334 1522 5384 Somm.
1559 5336 1609 5381 et
1643 5330 1809 5380 llond.
1845 5332 1911 5380 Μ.

276 5400 293 5428 ²
334 5400 456 5447 Bad.
485 5402 597 5448 Am.
630 5399 711 5448 Er.
742 5401 887 5454 Lov.,
914 5399 1213 5459 ﬂuctuans.

274 5464 294 5495 3
326 5463 382 5509 In
417 5462 536 5510 Mss.
570 5475 680 5510 non
711 5476 815 5511 esse
836 5462 985 5509 illam
1009 5465 1198 5509 artem.

273 5526 291 5556 ι
332 5524 417 5573 Sic
443 5537 507 5573 ex
536 5525 658 5578 Mss.
682 5524 835 5586 Aug].
870 5524 1112 5583 LDIcebat
1146 5524 1414 5584 quantum
1435 5517 1691 5579 valeret”|

2019 400 2253 438 nuerem
2285 384 2564 455 conjicere
2594 401 2655 438 ac
2688 385 2874 439 dicere
2914 386 3066 456 quod
3098 387 3321 441 nutanti
3349 389 3715 455 occurrebat;

2021 475 2121 529 sed
2148 480 2336 529 tamen
2361 475 2714 544 subjicerem,
2745 476 3053 546 propejam
3074 493 3193 529 esse
3218 476 3358 530 mihi
3379 494 3717 547 persuasum

2020 563 2260 616 ridicula
2292 580 2411 617 esse
2460 565 2557 616 illa
2589 569 2644 617 ct
2690 564 2927 619 inania:
2972 569 3107 618 tunc
3154 565 3247 618 ille
3286 565 3427 619 mihi
3469 567 3721 621 narravit

2020 655 2241 721 patrem
2268 668 2433 705 suum
2475 651 2645 705 fuisse
2690 652 2968 705 librorum
3000 652 3200 706 talium
3242 653 3715 722 curiosissimum,

2020 744 2073 794 et
2124 741 2387 794 habuisse
2428 741 2672 793 amicum
2704 757 2865 811 aeque.
2916 741 3009 794 illa
3041 740 3325 811 simulque
3366 747 3712 808 sectantem;

2020 828 2119 899 qui
2150 829 2273 898 pari
2318 829 2503 882 studio
2552 834 2608 883 et
2652 829 2950 882 collatione
3005 830 3277 883 flatabant
3328 830 3388 883 in
3416 847 3508 884 eas
3538 848 3717 901 nugas

2020 916 2211 986 ignem
2258 918 2439 971 cordis
2489 918 2576 970 sui
2611 916 2649 983 ¹,
2685 918 2762 971 ita
2784 922 2846 970 ut
2887 922 3175 971 mutorum
3224 935 3453 989 quoque
3486 919 3710 973 anima-

2020 1005 2182 1071 lium,
2235 1007 2281 1059 si
2327 1023 2456 1076 quae
2494 1005 2647 1059 domi
2693 1011 2976 1075 parerent,
3023 1006 3387 1061 observarent
3426 1012 3716 1062 momenta

2020 1093 2397 1161 nascentium,
2436 1099 2605 1164 atque
2658 1094 2724 1147 ad
2756 1111 2823 1147 ea
2869 1094 3210 1164 positionem
3256 1095 3381 1149 coeli
3429 1100 3714 1165 notarent,

2020 1183 2167 1236 unde
2199 1182 2350 1235 illius
2372 1182 2535 1252 quasi
2567 1181 2701 1234 artis
2722 1182 3113 1251 experimenta
3135 1184 3488 1254 colligerent.
3518 1186 3714 1254 Itaque

2019 1270 2243 1325 dicebat
2275 1270 2500 1324 audisse
2550 1286 2607 1323 se
2640 1286 2673 1323 a
2714 1275 2871 1340 patre
2903 1287 3025 1337 suo,
3068 1272 3222 1341 quod
3267 1288 3397 1326 cum
3446 1273 3713 1327 eumdem

2026 1359 2341 1413 Firminum
2374 1357 2396 1391 ²
2415 1374 2721 1429 prmgnans
2754 1364 2933 1411 mater
2962 1365 3126 1424 esset,
3158 1360 3329 1414 etiam
3350 1360 3503 1414 illius
3523 1365 3711 1431 pater-

2022 1450 2080 1502 ni
2112 1448 2279 1503 amici
2308 1449 2520 1502 famula
2550 1448 2813 1519 quaedam
2845 1447 3057 1517 pariter
3082 1453 3245 1502 utero
3271 1449 3710 1518 grandescebat;

2020 1539 2174 1609 quod
2224 1540 2395 1591 latere
2445 1554 2560 1591 non
2593 1537 2781 1607 potuit
2813 1537 3134 1603 dominum,
3180 1537 3277 1607 qui
3307 1537 3477 1591 etiam
3508 1553 3715 1591 canum

2019 1644 2253 1681 suarum
2282 1630 2477 1697 partus
2517 1625 2999 1681 examinatissima
3030 1626 3325 1696 diligentia
3358 1642 3521 1681 nosse
3552 1642 3714 1681 cura—

2021 1716 2119 1770 bat
2152 1732 2164 1769 :
2199 1720 2369 1785 atque
2400 1716 2479 1769 ita
2508 1716 2717 1768 factum
2751 1732 2870 1769 esse
2917 1719 2979 1768 ut
3007 1731 3138 1768 cum
3168 1714 3272 1768 iste
3303 1715 3585 1786 conjugis,
3617 1716 3715 1770 ille

2020 1808 2216 1857 autem
2241 1803 2457 1856 ancillae
2493 1803 2611 1856 dies
2641 1806 2695 1856 et
2722 1803 2913 1869 horas,
2948 1802 3403 1874 minutioresquc
3442 1804 3714 1857 horarum

2020 1892 2286 1946 articulos
2318 1891 2645 1944 cautissima
2683 1890 3075 1945 observatione
3112 1896 3503 1959 numerarent,
3538 1892 3716 1947 enixae

2021 1984 2208 2034 essent
2236 1980 2420 2033 ambae
2452 1979 2651 2043 simul;
2685 1979 2764 2033 ita
2794 1985 2857 2034 ut
2887 1980 3111 2035 easdem
3137 1982 3595 2035 constellationes
3624 1998 3716 2035 us-

2023 2085 2130 2140 que
2154 2068 2225 2121 ad
2255 2068 2480 2122 easdem
2512 2067 2784 2121 minutias
2807 2068 3037 2138 utrique
3068 2069 3320 2122 nascenti
3351 2070 3534 2123 facere
3559 2085 3717 2139 coge-

2020 2163 2240 2225 rentur,
2273 2158 2375 2211 iste
2398 2157 2535 2224 filio,
2568 2157 2661 2210 ille
2691 2158 2932 2211 servulo.
2970 2159 3112 2211 Nam
3143 2174 3274 2211 cum
3296 2157 3566 2211 mulieres
3588 2174 3719 2227 par-

2023 2247 2201 2301 turire
2241 2246 2557 2315 coepissent,
2606 2245 2999 2299 indicaverunt
3028 2244 3135 2298 sibi
3166 2245 3333 2298 ambo
3364 2244 3499 2315 quid
3527 2244 3587 2297 in
3617 2261 3719 2298 sua

2023 2336 2300 2406 cujusque
2352 2335 2521 2387 domo
2570 2339 2856 2404 ageretur,
2893 2338 2949 2386 et
2987 2339 3329 2402 paraverunt
3375 2350 3517 2403 quos
3542 2333 3613 2387 ad
3661 2350 3720 2388 se

2021 2425 2265 2479 invicem
2306 2423 2619 2487 mitterent,
2652 2422 2822 2475 simul
2857 2426 2921 2476 ut
2950 2426 3150 2475 natum
3183 2422 3337 2492 quod
3362 2422 3719 2492 parturieba-

2021 2517 2116 2567 tur
2145 2517 2291 2567 esset
2324 2512 2531 2583 cuique
2561 2512 2920 2577 nuntiatum;
2954 2511 3107 2581 quod
3136 2515 3328 2565 tamen
3359 2515 3422 2564 ut
3450 2511 3719 2565 continuo

2023 2602 2405 2665 nuntiaretur,
2448 2605 2722 2670 tanquam
2749 2600 2809 2653 in
2838 2616 3015 2669 regno
3045 2616 3148 2654 suo
3193 2599 3357 2653 facile
3396 2600 3719 2655 effecerant.

2021 2693 2206 2761 Atque
2227 2690 2325 2756 ita,
2354 2688 2452 2759 qui
2482 2688 2553 2741 ab
2574 2690 2848 2741 alterutro
2881 2688 3039 2740 missi
3071 2692 3224 2753 sunt,
3257 2692 3373 2740 tam
3394 2704 3460 2741 ex
3486 2689 3720 2758 paribus

2023 2779 2329 2833 domorum
2377 2776 2685 2830 intervallis
2728 2776 2835 2829 sibi
2866 2775 3090 2830 obviam
3116 2776 3292 2829 factos
3324 2792 3444 2829 esse
3476 2776 3719 2846 dicebat,

2023 2872 2089 2923 ut
2108 2867 2277 2921 aliam
2311 2864 2655 2936 positionem
2681 2863 2951 2930 siderum,
2983 2864 3237 2934 aliasque
3257 2863 3564 2933 particulas
3594 2880 3719 2917 mo-

2027 2959 2373 3020 mentorum,
2404 2957 2626 3018 neuter,
2647 2968 2847 3005 eorum
2869 2955 3066 3005 notare
3090 2951 3374 3005 sineretur
3399 2968 3410 3005 :
3445 2956 3501 3005 et
3531 2956 3719 3005 tamen

2027 3042 2309 3096 Firminus
2352 3041 2541 3110 amplo
2588 3040 2740 3111 apud
2771 3056 2900 3093 suos
2948 3040 3070 3093 loco
3114 3045 3300 3106 natus,
3345 3039 3721 3094 dealbatiores

2024 3130 2144 3183 vias
2174 3129 2365 3183 saeculi
2398 3129 2726 3195 cursitabat,
2759 3128 3078 3199 augebatur
3106 3127 3336 3195 divitiis,
3368 3127 3721 3182 sublimaba—

2024 3223 2118 3274 tur
2161 3218 2506 3284 honoribus;
2560 3234 2751 3272 servus
2790 3222 2985 3271 autem
3037 3216 3155 3285 ille,
3204 3216 3543 3271 conditionis
3578 3217 3719 3286 jugo

2029 3308 2355 3363 nullatenus
2385 3308 2657 3374 relaxato,
2683 3306 2933 3361 dominis
2960 3305 3259 3367 serviebat,
3293 3305 3416 3377 ipso
3441 3305 3724 3360 indicante

2026 3394 2125 3463 qui
2156 3400 2392 3449 noverat
2422 3412 2575 3450 eum.

2097 3487 2148 3538 9.
2176 3484 2269 3537 llis
2299 3484 2491 3555 itaque
2519 3484 2724 3538 auditis
2760 3488 2816 3538 et
2842 3483 3087 3551 creditis,
3114 3482 3243 3538 talis
3273 3483 3486 3554 quippe
3518 3498 3722 3537 narra-

2024 3577 2203 3640 verat,
2244 3573 2431 3625 omnis
2476 3572 2573 3625 illa
2615 3573 2911 3627 reluctatio
2963 3588 3090 3626 mea
3132 3572 3382 3625 resoluta
3428 3570 3717 3625 concidit:

2025 3666 2079 3716 et
2110 3662 2298 3731 primo
2323 3663 2636 3717 Firminum
2662 3662 2851 3732 ipsum
2873 3664 3111 3715 conatus
3134 3676 3259 3714 sum
3283 3660 3351 3714 ab
3374 3659 3470 3713 illa
3490 3659 3718 3713 curiosi-

2026 3755 2138 3805 tate
2182 3767 2463 3817 revocare,
2524 3767 2653 3805 cum
2702 3750 2970 3815 dicerem,
3027 3747 3553 3803 constellationibus
3600 3749 3720 3819 ejus

2023 3839 2313 3908 inspectis,
2339 3844 2403 3893 ut
2425 3857 2552 3893 vera
2582 3838 3023 3909 pronuntiarem
3056 3842 3093 3902 ³,
3129 3836 3391 3891 debuisse
3414 3854 3503 3892 me
3527 3837 3721 3908 utique

2025 3927 2216 3981 vidcrc
2256 3927 2335 3980 ibi
2366 3933 2630 3997 parentes
2672 3927 2821 3981 inter
2859 3943 2990 3980 suos
3037 3943 3155 3980 esse
3202 3925 3526 3996 primarios,
3559 3926 3721 3981 nobi-

2025 4016 2136 4070 lem
2168 4016 2444 4070 familiam
2476 4016 2721 4087 proprize
2750 4014 3014 4081 civitatis,
3048 4016 3265 4070 natales
3293 4016 3595 4085 ingenuos,
3621 4016 3720 4070 ho-

2024 4110 2239 4159 nestam
2286 4106 2705 4170 educationem,
2757 4104 3139 4174 liberalesque
3187 4104 3492 4157 doctrinas.
3550 4106 3622 4157 At
3676 4104 3722 4156 si

2026 4211 2116 4247 me
2146 4194 2241 4248 ille
2293 4210 2486 4247 servus
2517 4210 2581 4247 ex
2629 4192 2843 4246 eisdem
2877 4191 3429 4258 constellationibus,
3485 4190 3619 4260 quia
3668 4195 3724 4244 et

2024 4282 2178 4335 illius
2208 4282 2346 4352 ipsa:
2369 4286 2573 4346 essent,
2612 4280 3009 4347 consuluisset,
3041 4284 3105 4333 ut
3129 4279 3317 4332 eidem
3341 4294 3568 4349 quoque
3590 4294 3723 4332 vera

2022 4371 2356 4441 proferrem,
2389 4369 2650 4424 debuisse
2683 4385 2773 4423 me
2806 4386 3033 4423 rursum
3066 4366 3147 4420 ibi
3182 4366 3375 4421 videre
3406 4366 3721 4436 abjectissi-

2024 4474 2178 4512 mam
2215 4458 2510 4523 familiam,
2544 4458 2930 4512 conditionem
2961 4456 3247 4522 servilem,
3280 4459 3337 4509 et
3360 4460 3565 4509 caetera
3592 4456 3719 4510 len-

2024 4564 2092 4617 ge
2114 4565 2146 4600 a
2174 4546 2457 4617 prioribus
2490 4548 2695 4613 aliena,
2730 4548 3013 4617 longeque
3035 4544 3322 4598 distantia.
3350 4543 3506 4597 Unde
3530 4548 3720 4598 autem

2024 4636 2185 4689 fieret
2213 4638 2274 4688 ut
2322 4635 2522 4689 eadem
2568 4634 2875 4704 inspiciens
2924 4632 3144 4687 diversa
3191 4630 3465 4702 dicerem,
3508 4631 3553 4685 si
3587 4647 3719 4687 vera

2022 4723 2299 4790 dicerem;
2334 4722 2381 4776 si
2424 4728 2616 4777 autem
2658 4722 2860 4775 eadem
2909 4720 3181 4788 dicerem,
3226 4720 3370 4774 falsa
3418 4721 3667 4776 dicerem
3704 4738 3716 4775 :

2023 4811 2155 4865 inde
2200 4811 2506 4865 certissime
2563 4809 2751 4879 colligi
2796 4814 2835 4876 ι,
2870 4825 2935 4862 ea
2974 4825 3103 4879 qua:
3153 4825 3303 4878 vera,
3349 4810 3717 4866 consideratis

2089 4902 2100 4933 ι
2137 4900 2194 4946 lu
2218 4899 2387 4970 editis
2436 4898 2739 4970 plerisque‘:
2768 4899 2830 4970 gl
2858 4896 3138 4970 collatione
3159 4899 3500 4970 “ﬂagrabant
3526 4899 3579 4946 in
3626 4911 3717 4949 eas

2023 4974 2189 5024 nugas
2209 4963 2328 5021 igne
2353 4958 2525 5024 cordis
2546 4958 2962 5024 sui._Cas_tigavit
2987 4961 3110 5024 Arnf
3146 4958 3355 5021 ﬂabant
3386 4965 3561 5024 ignem
3587 4974 3718 5024 ;_uos

2023 5036 2086 5069 ex
2112 5019 2240 5070 Mss:
2266 5022 2607 5085 restituimus,
2632 5019 2894 5085 ραιιψαηι
2920 5036 2945 5085 γεγ
2972 5019 3152 5085 quoin
3185 5024 3367 5077 verbo.
3391 5019 3514 5085 quia
3543 5022 3719 5085 minus

2023 5085 2277 5132 familiare
2302 5087 2431 5142 erat,
2456 5082 2583 5144 lapsi
2610 5087 2735 5146 sunt
2755 5082 2952 5131 librarii
2981 5082 3032 5132 et
3061 5083 3236 5132 locum
3267 5082 3632 5146 corruperunt.
3663 5083 3718 5130 ιιι

2024 5161 2179 5208 porro
2216 5150 2433 5208 usurpat
2459 5145 2767 5208 _Aruoliius,
2793 5146 3067 5208 adversus
3099 5150 3290 5195 (lentes
3340 5145 3475 5208 libro
3506 5148 3553 5204 2,
3580 5145 3719 5208 circa

2023 5204 2255 5256 inediam
2284 5223 2295 5254 :
2337 5204 2469 5263 Ouid
2495 5206 2760 5268 mimulos,
2785 5206 3092 5268 histriones,
3118 5211 3373 5262 cantores,
3398 5206 3537 5263 tuba,
3568 5207 3715 5266 tibia,

2022 5270 2587 5331 calamoquejlalanles
2606 5274 2631 5317 Ρ

2024 5334 2105 5441 R2
2139 5334 2211 5439 ge
2230 5332 2424 5441 laedem
2468 5333 2713 5389 Firmino,
2736 5330 2889 5394 juxta
2918 5332 3002 5388 Er.
3034 5332 3199 5395 Lugd.
3251 5332 3382 5382 Ven.
3430 5330 3627 5386 Somm,
3667 5332 3718 5377 et

2071 5406 2139 5441 on
2185 5428 2196 5440 .
2286 5429 2296 5440 .

2071 5406 2196 5441 onu.
2230 5406 2296 5441 Μ.

2086 5458 2105 5487 -ι
2132 5453 2586 5517 Ιξῖῳηιιηῑίίινειη,
2608 5454 2761 5517 juxta
2793 5457 2940 5505 Mart.
2974 5458 3099 5504 Arn.

2084 5519 2109 5586 ᾗ
2140 5516 2222 5563 Sic
2248 5516 2527 5586 legendum
2552 5513 2704 5579 ju'xta
2740 5519 2861 5586 Mss.
2888 5518 3041 5580 Angl.
3076 5518 3331 5577 inicerent
3350 5513 3514 5570 Unde
3544 5518 3718 5568 cerlis-

2046 5578 2179 5628 sime
2205 5578 2382 5640 collegi
2404 5592 2465 5629 ea
2490 5578 2605 5643 q-u’a'
2628 5584 2787 5641 rem].
