4022 6176
408 270 512 324 739

410 382 933 440 constellationibus
962 381 1306 454 dicerentur,
1328 399 1443 438 non
1473 387 1594 438 arte
1622 383 1754 452 dici,
1787 384 1888 439 scd
1919 387 2099 448 sorte;

410 488 540 542 quae
591 476 779 527 autem
835 472 993 537 falsa,
1050 488 1169 527 non
1216 472 1353 526 artis
1405 471 1713 542 imperitia,
1786 471 1884 527 sed
1941 469 2107 525 sortis

414 562 730 616 mendacio.

490 653 572 705 t0.
606 651 745 705 Hinc
774 653 967 704 autem
1018 655 1247 721 accepto
1277 649 1436 704 aditu
1472 648 1512 717 ⁸,
1543 650 1665 722 ipse
1702 665 1927 705 mecum
1974 648 2108 704 talia

413 739 778 805 ruminando,
813 756 882 793 ne
912 739 1042 810 quis
1085 739 1420 794 corumdem
1452 739 1765 794 delirorum
1797 739 1896 811 qui
1935 739 2108 793 talem

415 832 700 900 quaestum
746 832 1142 898 sequerentur,
1190 844 1336 899 quos
1377 828 1499 898 jam
1528 829 1765 900 jamque
1812 827 2100 895 invadere,

415 921 585 988 atque
621 915 818 970 irrisus
854 917 1108 972 refellere
1143 916 1461 988 cupiebam,
1501 917 1758 984 mihi_ita
1800 916 2103 982 resisteret,

413 1005 577 1077 quasi
605 1009 704 1059 aut
734 1005 1018 1060 Firminus
1048 1005 1212 1072 mihi,
1245 1011 1345 1060 aut
1373 1006 1456 1060 illi
1484 1011 1647 1076 pater
1674 1007 1815 1060 falsa
1845 1020 2106 1060 narrave-

413 1095 516 1161 rit;
541 1093 762 1149 intendi
783 1094 1295 1150 considerationcm
1315 1095 1371 1148 iu
1396 1112 1493 1150 eos
1514 1095 1612 1166 qui
1632 1094 1850 1166 gemini
1869 1111 2110 1149 nascun-

413 1187 507 1238 tur
533 1199 546 1237 :
580 1199 827 1254 quorum
856 1183 1115 1255 plerique
1144 1183 1224 1238 ita
1253 1189 1382 1254 post
1414 1184 1657 1238 invicem
1686 1184 2006 1238 funduntur
2041 1200 2110 1238 ex

413 1275 598 1338 utero,
624 1275 689 1325 ut
714 1287 955 1342 parvum
984 1272 1174 1343 ipsum
1203 1273 1480 1343 temporis
1509 1273 1896 1338 intervallum,
1922 1289 2106 1344 quan-

412 1360 673 1415 tumlibet
699 1360 815 1415 vim
843 1361 901 1415 in
922 1377 1114 1416 rerum
1143 1366 1347 1417 natura
1367 1363 1576 1418 habere
1603 1364 1973 1422 contendant,
1996 1363 2109 1417 col-

412 1448 517 1519 ligi
547 1453 739 1504 tamen
783 1451 1036 1504 humana
1066 1451 1460 1507 observatione
1489 1469 1603 1506 non
1633 1452 1830 1522 possit,
1879 1450 2108 1506 litteris-

412 1553 525 1608 que
574 1537 787 1607 signari
834 1538 1072 1593 omnino
1101 1556 1215 1594 non
1259 1540 1462 1607 valeat,
1496 1556 1637 1612 quas
1675 1539 2110 1594 mathematicus

411 1625 772 1695 inspecturus
823 1633 928 1697 est,
968 1633 1032 1684 ut
1077 1644 1211 1682 vera
1260 1629 1614 1699 pronuntiet.
1659 1631 1726 1684 Et
1773 1645 1890 1683 non
1941 1634 2112 1684 erunt

409 1728 561 1783 vera,
591 1715 726 1786 quia
771 1717 995 1771 easdem
1037 1717 1252 1772 litteras
1283 1716 1611 1788 inspiciens,
1663 1718 1865 1773 eadem
1911 1718 2110 1772 debuit

412 1802 602 1858 dicere
633 1805 700 1858 de
735 1805 879 1859 Esau
909 1809 966 1859 et
991 1806 1190 1871 Jacob;
1221 1806 1320 1860 sed
1340 1822 1457 1860 non
1481 1806 1681 1861 eadem
1711 1807 1941 1878 utrique
1963 1806 2107 1861 acci-

409 1892 636 1948 derunt.
672 1893 829 1947 Falsa
849 1911 984 1966 ergo
1001 1893 1212 1949 diceret
1234 1911 1248 1949 :
1271 1899 1370 1950 aut
1399 1895 1445 1950 si
1473 1911 1606 1950 vera
1628 1896 1861 1966 diceret,
1876 1912 1992 1950 non
2013 1912 2106 1950 ca-

412 1980 543 2036 dem
575 1980 806 2048 diceret,
837 1982 1060 2037 etiamsi
1077 1984 1276 2038 eadem
1303 1989 1325 2020 ²
1357 1983 1683 2055 inspiceret.
1719 1987 1842 2040 Non
1867 2001 2003 2056 ergo
2026 2000 2108 2040 ar-

408 2075 486 2140 te,
517 2071 612 2126 sed
645 2075 794 2126 sorte
827 2088 957 2126 vera
1010 2073 1240 2128 diceret.
1275 2075 1358 2128 Tu
1408 2073 1585 2138 enim,
1614 2074 1873 2142 Domine,
1910 2074 2102 2144 justis-

410 2160 553 2214 sime
601 2159 929 2214 moderator
971 2161 1373 2229 universitatis,
1406 2163 1831 2218 consulentibus
1875 2164 2104 2217 consul-

409 2249 598 2319 tisque
627 2247 1008 2303 nescientibus
1029 2251 1247 2304 occulto
1268 2251 1539 2306 instinctu
1561 2251 1701 2322 agis,
1727 2256 1791 2306 ut
1809 2251 1946 2306 dum
1960 2252 2109 2324 quis-

411 2353 523 2407 quc
575 2336 842 2403 consulit,
876 2337 984 2391 hoc
1033 2338 1226 2392 audiat
1255 2340 1408 2410 quod
1457 2357 1588 2394 eum
1637 2344 1865 2411 oportet
1912 2341 2108 2396 audire

411 2425 642 2479 occultis
674 2424 891 2479 meritis
923 2425 1264 2494 animarum,
1289 2443 1356 2481 ex
1377 2427 1578 2497 abysso
1601 2428 1742 2499 justi
1765 2428 1967 2499 judicii
1999 2429 2105 2497 tui,

411 2513 504 2568 cui
533 2529 650 2568 non
678 2513 827 2568 dicat
853 2513 1026 2568 homo
1061 2531 1074 2568 :
1106 2515 1253 2578 Quid
1286 2519 1372 2570 est
1399 2516 1547 2572 hoc?
1575 2516 1776 2588 utquid
1805 2516 1950 2572 hoc?
1982 2519 2106 2573 Non

416 2602 588 2671 dicat,
616 2619 734 2658 non
767 2602 944 2673 dicat;
977 2603 1150 2658 homo
1181 2609 1263 2658 est
1290 2604 1464 2659 enim.

1071 2711 1297 2765 CAPUT
1331 2712 1446 2766 VII.

586 2799 779 2854 Misere
807 2801 1086 2868 torquetur
1121 2801 1402 2868 inquirens
1432 2800 1573 2855 unde
1600 2802 1673 2856 sit
1702 2801 1925 2857 malum.

484 2889 567 2944 Η.
618 2889 743 2942 Jam
792 2887 985 2958 itaque
1042 2903 1154 2955 me,
1197 2888 1424 2958 adjutor
1480 2905 1662 2953 meus,
1706 2889 1818 2944 illis
1865 2889 2107 2944 vinculis

409 2976 678 3041 solveras,
733 2979 788 3029 et
839 2976 1167 3046 quaerebam
1227 2976 1380 3031 unde
1438 2978 1676 3042 malum,
1725 2981 1780 3032 et
1825 2994 1940 3054 non
1987 2981 2110 3032 erat

410 3063 612 3117 exitus.
655 3063 760 3117 Scd
791 3079 883 3116 me
915 3081 1029 3118 non
1075 3065 1298 3119 sinebas
1339 3064 1470 3119 ullis
1501 3065 1764 3120 ﬂuctibus
1806 3065 2105 3137 cogitatio—

410 3151 500 3204 nis
531 3150 739 3204 auferri
765 3151 834 3204 ab
867 3167 933 3205 ea
961 3151 1073 3206 tide
1099 3169 1212 3223 qua
1235 3153 1535 3208 credebam
1566 3158 1624 3209 et
1653 3171 1773 3208 esse
1797 3159 1876 3221 te,
1909 3159 1966 3210 et
1986 3171 2106 3210 esse

413 3238 942 3293 incommutabilem
968 3239 1343 3294 substantiam
1373 3245 1553 3309 tuam,
1587 3246 1641 3296 et
1671 3259 1790 3297 esse
1818 3243 1887 3297 de
1917 3243 2105 3297 homi-

415 3326 581 3381 nibus
612 3341 806 3380 cnram
835 3330 890 3380 et
913 3327 1196 3398 judicium
1223 3333 1408 3394 tuum,
1441 3334 1498 3384 et
1525 3330 1584 3384 in
1607 3329 1826 3386 Christo
1849 3331 1987 3386 Filio
2004 3335 2104 3386 tuo

413 3414 656 3469 Domino
696 3419 921 3481 nostro;
946 3419 1117 3487 atque
1157 3417 1216 3470 in
1248 3417 1556 3488 Scripturis
1578 3418 1786 3473 sanctis
1817 3436 1957 3491 quas
2007 3422 2103 3475 Ec-

413 3504 596 3560 clesia:
630 3509 743 3558 tuae
789 3505 1079 3560 catholicae
1109 3507 1537 3562 commendaret
1583 3507 1908 3576 auctoritas,
1955 3509 2104 3564 viam

410 3588 466 3640 te
497 3586 749 3657 posuisse
778 3589 978 3644 salutis
997 3591 1287 3658 humanas,
1323 3592 1394 3646 ad
1426 3608 1552 3647 eam
1580 3593 1774 3659 vitam,
1820 3609 1950 3664 qua:
1980 3599 2107 3665 post

411 3674 560 3730 hanc
587 3681 833 3732 mortem
859 3679 1048 3734 futura
1079 3684 1181 3736 est.
1216 3681 1312 3736 His
1353 3681 1544 3753 itaque
1590 3682 1778 3749 salvis,
1816 3687 1989 3754 atque
2018 3682 2104 3736 in-

411 3779 681 3820 concusse
713 3767 994 3822 roboratis
1023 3768 1082 3823 in
1109 3769 1301 3824 animo
1334 3787 1481 3832 meo,
1506 3771 1835 3842 quaerebam
1857 3775 2107 3826 aestuans

411 3852 564 3906 unde
596 3853 669 3907 sit
705 3856 940 3910 malum.
975 3857 1111 3921 Quae
1141 3857 1240 3912 illa
1277 3862 1562 3914 tormenta
1587 3859 1957 3930 parturientis
1984 3877 2105 3915 cor~

413 3937 501 3993 dis
531 3939 680 3994 mei!
715 3942 815 4012 qui
856 3944 1124 4013 gemitus,
1174 3947 1320 4000 Deus
1346 3954 1541 4002 meus!
1577 3949 1642 4002 Et
1675 3947 1756 4002 ibi
1798 3953 1959 4004 erant
2005 3966 2106 4004 au-

415 4043 506 4082 res
537 4033 672 4098 tum,
719 4029 1004 4086 nesciente
1057 4048 1166 4086 me.
1218 4035 1282 4088 Et
1333 4050 1464 4089 cum
1500 4035 1561 4090 in
1614 4034 1841 4091 silentio
1883 4036 2108 4092 fortiter

415 4131 759 4188 quaererem,
820 4134 1044 4191 magnae
1091 4137 1252 4176 voces
1317 4127 1480 4178 erant
1534 4124 1606 4179 ad
1657 4124 2106 4182 misericordiam

409 4209 591 4274 tuam,
619 4206 803 4262 tacita:
832 4208 1203 4265 contritiones
1231 4210 1408 4266 animi
1439 4213 1578 4268 mei.
1615 4215 1696 4268 Tu
1729 4213 1942 4269 sciebas
1969 4215 2104 4287 quid

411 4296 692 4367 patiebar,
735 4302 791 4352 et
836 4297 1028 4353 nullus
1081 4299 1402 4357 hominum.
1456 4302 1744 4366 Quantum
1795 4302 1948 4357 enim
1989 4307 2110 4358 erat

412 4386 568 4456 quod
616 4385 747 4442 inde
777 4386 1144 4458 digerebatur
1171 4405 1276 4460 per
1322 4390 1578 4462 linguam
1621 4408 1808 4446 meam
1852 4393 1913 4447 in
1943 4408 2108 4448 aures

411 4473 988 4542 familiarissimorum
1020 4479 1320 4533 meorum?
1345 4480 1635 4551 Numquid
1656 4485 1808 4536 totus
1828 4483 2107 4536 tumultus

415 4561 620 4617 animae
653 4579 818 4633 mem,
869 4566 960 4621 cui
997 4584 1103 4622 nec
1131 4571 1416 4638 tempora,
1458 4584 1562 4623 nec
1609 4585 1671 4623 os
1719 4585 1914 4625 meum
1949 4570 2106 4625 sufﬁ-

415 4648 620 4718 ciebat,
670 4655 908 4709 sonabat
937 4655 1066 4711 eis?
1094 4657 1301 4712 Totum
1337 4661 1530 4711 tamen
1578 4656 1699 4712 ibat
1736 4657 1797 4712 in
1844 4658 2106 4714 auditum

413 4741 600 4804 tuum,
634 4743 784 4811 quod
809 4744 1103 4814 rugiebam
1129 4761 1162 4800 a
1190 4745 1406 4817 gemitu
1427 4745 1611 4801 cordis
1641 4747 1776 4810 mei,
1804 4751 1862 4802 et
1889 4752 2018 4802 ante
2051 4752 2106 4803 te

415 4831 538 4881 erat
563 4826 910 4884 desiderium
951 4848 1166 4900 meum,
1198 4839 1254 4889 et
1280 4835 1477 4890 lumen
1518 4834 1816 4890 oculorum
1844 4852 2106 4892 meorum

413 4929 530 4969 non
579 4919 702 4970 erat
756 4933 982 4974 mecum
1038 4922 1199 4992 (Psal.
1254 4939 1459 4992 xxxv”,
1507 4923 1673 4992 9-H).
1736 4924 1893 4978 Intus
1950 4924 2102 4979 enim

415 5007 558 5075 erat,
597 5019 701 5076 ego
748 5009 937 5060 autem
966 5007 1127 5065 foris.
1168 5011 1278 5067 Nec
1309 5012 1369 5066 in
1403 5013 1528 5068 loco
1571 5011 1714 5068 illud
1747 5029 1760 5067 :
1792 5017 1850 5068 at
1882 5029 1987 5084 ego
2017 5013 2106 5069 in-

413 5093 721 5148 tendebam
751 5092 812 5148 in
842 5111 909 5148 ea
933 5111 1060 5167 qua:
1096 5098 1232 5153 locis
1261 5101 1644 5166 continentur,
1674 5106 1729 5157 et
1759 5118 1879 5157 non
1907 5102 1988 5156 ibi
2018 5102 2105 5157 in-

410 5182 714 5240 veniebam
743 5183 934 5239 locum
951 5186 1020 5240 ad
1042 5188 1506 5259 requiescendum
1529 5210 1547 5259 ;
1579 5208 1685 5249 nec
1714 5190 2067 5264 recipiebant
2086 5197 2107 5230 ³

479 5347 495 5382 ι
526 5345 652 5396 Bad.
683 5347 799 5397 Am.
822 5344 905 5396 Er.
931 5349 983 5396 et
1011 5348 1038 5396 5
1065 5347 1206 5406 Mss.,
1237 5349 1446 5401 auditu.
1775 5378 1782 5404 ι

475 5410 732 5477 9_Digeret
764 5412 808 5459 si
837 5409 1073 5477 _eudcm,_
1087 5409 1356 5477 juxtalir.
1388 5413 1548 5477 Lugd.
1581 5417 1634 5464 ct
1670 5415 1798 5467 Ven.
1839 5417 1890 5467 et
1922 5414 2106 5467 eadem

411 5468 564 5533 juxta
592 5472 790 5522 Somm.
819 5473 945 5522 Arn.
977 5468 1202 5521 etMart.
1237 5473 1302 5522 Μ.

479 5533 500 5568 ³
526 5533 699 5584 Codex
737 5535 977 5600 Beuign.,
1007 5535 1312 5599 rapiebant.

1598 261 2142 320 CONFESSIONUM
2192 261 2246 318 S.
2309 259 2712 317 AUGUSTINI.
3763 271 3836 326 740

2219 398 2310 437 me
2357 382 2466 437 ista
2494 386 2556 437 ut
2607 381 2878 443 dicerem,
2926 381 3022 438 Sat
3068 385 3166 451 est,
3217 387 3276 440 et
3321 384 3464 441 bene
3492 393 3596 456 est;
3646 407 3733 446 nec
3774 395 3835 449 di-

2213 472 2519 526 mittebant
2564 471 2769 537 redire,
2810 471 2910 526 ubi
2955 472 3096 527 mihi
3143 474 3280 527 satis
3328 479 3472 529 esset
3508 477 3656 534 bene.
3699 480 3838 552 Supe-

2215 561 2333 614 rior
2361 559 2517 614 enim
2542 575 2696 613 eram
2729 558 2871 625 istis,
2902 564 2958 613 te
2987 576 3120 614 vero
3150 560 3416 630 inferior;
3449 568 3500 618 et
3525 570 3582 619 tu
3622 569 3842 636 gaudium

2216 665 2417 703 verum
2463 647 2607 702 mihi
2638 647 2866 703 subdito
2894 648 3019 715 tibi,
3061 653 3120 703 et
3151 653 3204 703 tu
3249 650 3395 704 mihi
3423 652 3710 722 subjeceras
3745 673 3841 727 quae

2217 737 2365 792 infra
2412 754 2504 791 me
2551 737 2777 792 creasti.
2832 738 2899 791 Et
2939 737 3047 792 hoc
3089 743 3209 794 erat
3240 746 3459 795 rectum
3493 745 3845 813 temperamen-
3936 733 3937 813 ἦ

2217 831 2365 895 tum,
2396 830 2452 881 et
2513 826 2704 882 media
2746 827 2904 896 regio
2933 827 3132 882 salutis
3181 844 3350 893 meas,
3399 835 3463 884 ut
3501 846 3759 888 manerem
3795 835 3845 890 ad

2217 914 2534 986 imaginem
2564 919 2744 980 tuam,
2788 919 2842 970 et
2890 915 2994 970 tibi
3019 915 3271 972 serviens
3303 917 3616 975 dominarer
3649 923 3843 992 corpori.

2218 1003 2323 1058 Sed
2355 1019 2488 1058 cum
2540 1004 2783 1074 superbe
2831 1009 3027 1059 contra
3055 1009 3108 1060 te
3157 1022 3472 1078 surgerem,
3523 1012 3576 1062 et
3615 1025 3844 1066 currerem

2219 1094 2487 1149 adversus
2565 1093 2876 1148 Dominum
2941 1094 3002 1148 in
3062 1095 3282 1150 cervice
3344 1112 3526 1151 crassa
3585 1098 3711 1153 scuti
3764 1103 3845 1156 mei
3936 1113 3937 1130 ῖ

2221 1183 2332 1254 (Job
2357 1200 2446 1249 xv,
2479 1182 2594 1254 26),
2626 1183 2798 1238 etiam
2823 1183 2929 1237 ista
2947 1183 3146 1238 inﬁma
3178 1201 3354 1255 supra
3387 1201 3477 1240 me
3505 1186 3640 1241 facta
3664 1193 3790 1250 sunt,
3810 1195 3849 1243 et

2218 1272 2571 1344 premebant,
2606 1275 2662 1326 et
2696 1287 2980 1343 nusquam
3018 1277 3141 1327 crat
3167 1273 3556 1330 laxamentum
3583 1280 3635 1330 et
3663 1277 3847 1347 respira-

2219 1365 2498 1416 mcntum.
2530 1361 2658 1432 Ipsa
2685 1361 3056 1416 occurrebant
3082 1362 3344 1434 undique
3375 1365 3661 1419 acervatim
3687 1370 3734 1420 et
3756 1383 3848 1420 con-

2218 1449 2497 1521 globatim
2539 1449 2829 1517 cernenti;
2866 1451 3139 1522 cogitanti
3165 1456 3364 1507 autem
3410 1453 3670 1524 imagines
3695 1470 3846 1526 corpo-

2217 1555 2348 1593 rum
2374 1539 2515 1610 ipsa:
2545 1539 2985 1610 opponebantur
3029 1540 3317 1607 redeunti,
3379 1542 3538 1612 quasi
3575 1542 3842 1598 diceretur:

2221 1628 2342 1692 Quo
2389 1627 2456 1695 is,
2492 1627 2726 1700 indigne
2766 1632 2822 1683 et
2854 1628 3124 1684 sordide?
3154 1631 3218 1684 Et
3244 1629 3372 1684 haec
3427 1630 3494 1685 de
3529 1631 3735 1685 vulnere
3756 1647 3845 1686 meo

2220 1720 2534 1784 creverant,
2567 1716 2702 1788 quia
2729 1716 3046 1772 humiliasti
3088 1720 3371 1790 tanquam
3409 1719 3758 1785 vulneratum,
3781 1736 3844 1774 su-

2218 1806 2460 1878 perbum
2490 1807 2657 1877 (Psal.
2705 1822 2967 1875 vaxvm,
3004 1808 3126 1878 ll);
3163 1812 3221 1862 et
3249 1812 3478 1863 tumore
3523 1825 3644 1863 meo
3671 1825 3842 1880 separa-

2218 1895 2321 1949 bar
2372 1895 2470 1951 abs
2499 1899 2572 1965 te,
2625 1899 2682 1951 et
2727 1895 2898 1951 nimis
2952 1895 3151 1951 inﬂata
3180 1897 3354 1953 facies
3383 1897 3664 1955 claudebat
3702 1897 3844 1953 oculos

2219 1997 2395 2038 meos.

2856 2072 3080 2129 CAPUT
3121 2074 3271 2130 VIII.

2220 2160 2494 2228 Quomodo
2544 2161 2734 2217 divina
2780 2163 3156 2219 misericordia
3223 2164 3530 2219 subvenerit
3581 2163 3841 2232 Augustino.

2295 2253 2377 2304 l2.
2435 2251 2518 2304 Tu
2579 2267 2736 2318 vero,
2803 2251 3062 2320 Domine,
3125 2251 3187 2306 in
3255 2255 3536 2308 aeternum
3595 2267 3776 2317 manes,
3806 2255 3841 2304 et

2220 2354 2338 2394 non
2362 2337 2422 2392 in
2451 2342 2729 2394 aeternum
2773 2339 3032 2396 irasceris
3061 2341 3227 2396 nobis
3262 2359 3276 2397 :
3312 2341 3580 2414 quoniam
3607 2340 3840 2394 miseratus

2220 2444 2279 2484 es
2309 2431 2514 2482 terram
2571 2433 2630 2483 et
2673 2428 2944 2496 cinerem,
3001 2434 3059 2484 et
3100 2430 3320 2501 placuit
3365 2430 3428 2484 in
3469 2434 3736 2501 conspectu
3771 2433 3838 2481 tuo

2219 2516 2526 2571 reformare
2553 2517 2833 2573 deformia
2862 2533 3016 2583 mea;
3050 2524 3106 2573 et
3125 2518 3374 2573 stimulis
3393 2517 3621 2573 internis
3648 2513 3839 2586 agitabas

2218 2621 2332 2675 me,
2364 2609 2425 2660 ut
2469 2605 2774 2678 impatiens
2803 2623 3007 2675 essem,
3040 2609 3222 2663 donec
3265 2607 3412 2662 mihi
3459 2623 3557 2679 per
3580 2603 3837 2660 interiorem

2219 2700 2511 2764 aspectum
2541 2699 2726 2750 certus
2773 2712 2942 2752 esses.
2981 2698 3043 2751 Et
3090 2697 3380 2752 residebat
3421 2701 3606 2751 tumor
3644 2708 3773 2747 meus
3793 2705 3841 2744 ex

2218 2781 2434 2834 occulta
2471 2797 2646 2837 manu
2689 2783 2988 2838 medicina:
3020 2788 3155 2850 tuae,
3189 2783 3455 2856 aciesque
3500 2782 3783 2837 conturbata
3805 2780 3840 2830 et

2219 2870 2618 2925 contenebrata
2676 2871 2882 2926 mentis
2931 2888 3096 2939 mea),
3143 2873 3261 2927 acri
3324 2871 3555 2944 collyrio
3592 2868 3836 2926 salubrium

2217 2957 2481 3014 dolorum
2513 2959 2582 3014 de
2611 2959 2701 3015 die
2730 2960 2791 3015 in
2813 2960 2964 3016 diem
2989 2960 3324 3018 sanabatur.

2903 3051 3128 3104 CAPUT
3155 3052 3240 3106 IX.

2217 3137 2279 3192 In
2309 3137 2704 3193 Platonicorum
2747 3139 2902 3193 libris
2957 3139 3122 3195 Verbi
3160 3141 3356 3195 aeterni
3397 3139 3730 3206 divinitatem,
3767 3149 3837 3187 non

2593 3229 2872 3282 incantati
2900 3228 3266 3284 humilitatem
3293 3232 3528 3285 invenit.

2291 3318 2380 3371 i3.
2423 3316 2489 3370 Et
2514 3316 2704 3387 primo
2749 3317 2945 3372 volens
2975 3318 3273 3374 ostendere
3303 3318 3451 3374 mihi
3480 3333 3637 3390 quam
3669 3310 3836 3369 resistas

2216 3403 2494 3474 superbis,
2527 3404 2840 3460 humilibus
2871 3411 3062 3462 autem
3093 3407 3192 3462 des
3225 3408 3473 3480 gratiam
3504 3409 3541 3477 (Ι
3567 3408 3690 3461 Patr.
3720 3419 3760 3469 v,
3783 3399 3832 3467 5).

2217 3496 2274 3547 et
2301 3495 2513 3563 quanta
2542 3493 2929 3550 misericordia
2948 3499 3048 3552 tua
3075 3496 3466 3552 demonstrata
3484 3495 3554 3550 sit
3575 3489 3833 3548 hominibus

2214 3580 2307 3635 via
2333 3580 2692 3649 humilitatis,
2728 3585 2882 3656 quod
2914 3585 3160 3640 Verbum
3189 3590 3358 3640 tuum
3388 3601 3513 3640 caro
3557 3583 3738 3638 factum
3759 3578 3830 3637 est.

2217 3674 2275 3724 ct
2311 3669 2746 3727 habitavitiuter
2762 3673 3058 3742 homines;
3080 3675 3403 3746 procurasti
3425 3673 3561 3729 mihi
3587 3687 3678 3744 per
3693 3679 3835 3740 quem-

2218 3758 2350 3814 dam
2389 3759 2683 3816 hominem
2709 3761 3127 3819 immanissimo
3171 3765 3353 3836 typho
3382 3763 3676 3834 turgidum,
3709 3769 3830 3828 quos-

2218 3847 2352 3903 dam
2381 3848 2800 3905 Platonicorum
2840 3852 3015 3906 libros
3046 3869 3114 3908 ex
3142 3869 3332 3924 grmca
3361 3853 3552 3924 lingua
3579 3849 3633 3904 in
3658 3845 3832 3901 latinam

2216 3952 2406 3991 versos
2439 3953 2452 3992 :
2480 3941 2537 3991 et
2564 3937 2645 3992 ibi
2675 3939 2808 4011 legi,
2853 3957 2972 3996 non
3020 3941 3255 4012 quidem
3287 3942 3381 3996 his
3425 3938 3620 4003 verbis,
3663 3933 3742 3989 sed
3761 3930 3832 3984 hoc

2217 4021 2373 4078 idem
2403 4025 2644 4080 omnino
2676 4028 2869 4083 multis
2898 4033 2954 4084 et
2975 4029 3392 4101 multiplicibus
3420 4024 3631 4083 suaderi
3656 4014 3830 4078 rationi-

2218 4110 2344 4178 δας,
2379 4113 2534 4184 quod
2562 4113 2624 4168 in
2653 4115 2933 4188 principio
2982 4123 3103 4173 erat
3131 4119 3402 4187 Verbum,
3431 4122 3488 4174 et
3512 4114 3727 4170 Verbum
3749 4105 3832 4160 erat

2218 4200 2370 4270 apud
2414 4202 2616 4270 Deum,
2657 4209 2716 4258 et
2745 4206 2890 4260 Deus
2918 4211 3040 4262 erat
3067 4207 3316 4263 Verbum
3345 4225 3360 4264 :
3393 4208 3494 4263 hoc
3518 4201 3702 4261 eratin
3723 4193 3831 4268 prin-

2219 4289 2366 4360 cipio
2414 4292 2564 4362 apud
2630 4294 2841 4360 Deum;
2893 4296 3090 4352 omnia
3143 4314 3249 4369 per
3303 4299 3492 4370 ipsum
3541 4295 3669 4350 facta
3721 4284 3830 4344 διωίν

2219 4383 2274 4432 et
2301 4378 2420 4432 sine
2449 4379 2572 4450 ipso
2602 4381 2813 4437 factum
2854 4389 2939 4439 est
2967 4385 3112 4440 nihil
3160 4386 3318 4458 quod
3347 4387 3552 4442 factum
3585 4384 3659 4436 est
3684 4392 3696 4431 :
3719 4373 3766 4428 in
3785 4383 3829 4422 eo

2217 4465 2331 4520 vita
2359 4471 2461 4534 est,
2513 4471 2568 4522 et
2605 4469 2721 4525 vita
2758 4475 2879 4527 erat
2920 4473 3016 4528 lux
3063 4475 3386 4541 hominum,
3419 4478 3473 4530 et
3515 4474 3601 4528 lux
3638 4467 3689 4521 in
3711 4467 3830 4516 tene-

2216 4553 2336 4610 bris
2362 4557 2532 4623 lucet,
2567 4563 2624 4612 et
2650 4561 2903 4616 tenebras
2931 4578 3058 4618 eam
3097 4579 3216 4619 non
3241 4554 3765 4640 comprehenderint?-
3786 4545 3830 4640 ΕΡ
3864 4637 3866 4640 ν

2219 4643 2354 4716 quia
2385 4645 2635 4702 hominis
2661 4648 2857 4704 anima
2889 4652 3148 4722 quamvis
3182 4634 3564 4708 testimonium
3602 4634 3830 4718 perhibeat

2219 4733 2288 4788 de
2318 4735 2556 4804 lumine,
2596 4753 2712 4792 non
2760 4742 2845 4794 est
2883 4745 3076 4795 tamen
3105 4741 3226 4813 ipsa
3258 4742 3489 4807 lumen;
3520 4735 3610 4792 sed
3643 4726 3828 4786 Verbum

2219 4822 2339 4891 Dei,
2384 4824 2552 4892 Deus,
2580 4829 2667 4879 est
2699 4826 2896 4882 lumen
2931 4844 3130 4884 verum
3171 4831 3324 4900 quod
3363 4826 3628 4885 illuminat
3653 4822 3828 4874 omnem

2216 4910 2511 4967 hominem
2541 4913 2862 4970 venientem
2885 4915 2946 4970 in
2966 4917 3117 4972 hunc
3144 4918 3448 4974 mundum.
3479 4918 3539 4971 Et
3556 4909 3672 4984 quia
3692 4900 3827 4959 inhoc

2217 5000 2433 5056 mundo
2490 5005 2629 5070 erat,
2693 5007 2751 5058 et
2785 5005 3040 5060 mundus
3092 5023 3197 5077 per
3244 5007 3431 5078 ipsum
3470 5005 3630 5059 factus
3671 4995 3751 5055 est,
3787 4988 3825 5038 ei

2217 5091 2467 5145 mundus
2515 5106 2648 5146 eum
2696 5108 2811 5147 non
2851 5094 3139 5165 cognovit.
3170 5095 3313 5160 Quia
3361 5109 3489 5150 vero
3531 5091 3600 5159 in,
3626 5089 3826 5165 $113me

2217 5178 2344 5250 pria
2397 5179 2572 5248 venit,
2625 5185 2682 5236 et
2728 5181 2818 5235 sui
2857 5198 2990 5237 cum
3043 5199 3162 5237 non
3204 5182 3564 5254 receperunt;
3610 5161 3825 5259 Ψιοΐξρξοί

2218 5272 2411 5322 autem
2467 5274 2810 5340 receperunt
2845 5286 3001 5340 eum,
3051 5270 3211 5326 dedit
3255 5253 3351 5325 eis,
3379 5267 3681 5342 potestatem
3719 5253 3824 5344 illius

2221 5355 2322 5410 Dei
2351 5355 2498 5423 ﬁeri,
2541 5358 2904 5413 credentibus
2933 5359 2993 5413 iu
3039 5359 3272 5414 nomine
3316 5341 3435 5429 ejus
3465 5375 3478 5412 :
3513 5366 3614 5409 non
3641 5343 3706 5402 ibi
3726 5341 3819 5406 legi.

2297 5446 2378 5500 14.
2413 5446 2555 5500 Item
2585 5446 2663 5501 ibi
2695 5447 2808 5518 legi
2833 5446 2970 5518 quia
3010 5447 3159 5502 Deus
3187 5448 3441 5517 verbum,
3471 5458 3576 5500 non
3595 5452 3652 5493 ex
3677 5437 3818 5486 carne,

2219 5548 2338 5587 non
2387 5549 2452 5588 ex
2489 5535 2787 5607 sanguine,
2843 5551 2958 5592 non
2989 5551 3054 5592 ex
3093 5537 3382 5594 voluntate
3437 5531 3548 5599 viri,
3583 5534 3734 5595 neque
3772 5524 3818 5568 ⁸³
