4058 6174
226 260 324 313 741
1656 261 1867 319 LIBER

223 380 519 435 voluntate
564 380 771 449 carnis,
816 380 912 435 sed
960 396 1028 435 ex
1085 381 1199 437 Dco
1256 385 1422 437 natus
1474 386 1577 438 est.
1636 384 1743 439 Sed
1790 385 1926 456 quia

223 469 473 524 Verbum
546 485 677 523 caro
751 470 962 523 factum
1028 474 1131 532 est,
1193 475 1249 525 et
1311 471 1588 527 habitavit
1643 473 1704 527 in
1761 476 1926 529 nobis

231 559 406 629 (Joan.
443 576 481 624 1,
518 559 670 617 1-14)
697 575 709 625 ;
747 575 862 612 non
906 558 987 612 ibi
1016 560 1149 630 legi.
1184 561 1454 632 Indagavi
1485 562 1698 633 quippe
1728 563 1787 617 in
1817 565 1928 618 illis

230 647 433 702 litteris
463 646 616 701 varie
666 646 904 713 dictum,
952 653 1008 702 et
1053 649 1250 703 multis
1280 650 1486 718 modis,
1519 653 1675 723 quod
1719 652 1792 706 sit
1840 652 1927 708 Fi-

230 737 344 790 lius
390 736 450 789 in
500 736 685 790 forma
732 737 933 804 Patris,
985 754 1101 792 non
1141 738 1404 809 rapinam
1453 740 1762 794 arbitratus
1810 758 1929 796 esse

226 824 464 895 mqualis
498 826 634 887 Deo,
678 825 813 896 quia
844 826 1183 881 naturaliter
1223 828 1474 899 idipsum
1516 834 1617 883 est.
1652 831 1754 886 Sed
1796 831 1932 901 quia

224 912 609 983 semetipsum
636 913 952 969 exinanivit
982 916 1225 970 formam
1259 917 1407 971 servi
1436 917 1737 989 accipiens,
1764 919 1823 972 in
1854 918 1930 972 si-

224 1001 618 1056 militudinem
660 1002 963 1057 hominum
1006 1005 1207 1069 factus,
1253 1010 1310 1060 et
1339 1006 1535 1060 habitu
1576 1009 1840 1063 inventus
1870 1013 1933 1062 ut

224 1091 434 1155 homo;
458 1090 781 1146 humiliavit
800 1109 859 1145 se
880 1093 1055 1147 factus
1078 1094 1346 1148 obediens
1369 1112 1547 1167 usque
1570 1098 1640 1151 ad
1662 1102 1931 1165 mortem,

227 1185 479 1234 mortem
510 1185 700 1234 autem
733 1180 951 1236 crucis:
986 1187 1222 1253 propter
1253 1185 1406 1255 quod
1428 1188 1587 1239 Deus
1616 1202 1749 1241 eum
1780 1188 1931 1241 exal-

228 1268 376 1324 tavit
420 1285 455 1322 a
493 1269 754 1337 mortuis,
787 1276 844 1324 et
874 1271 1105 1325 donavit
1135 1272 1187 1325 ei
1217 1288 1427 1327 nomen
1457 1274 1612 1344 quod
1644 1280 1729 1329 est
1758 1291 1932 1346 super

229 1374 404 1412 omne
426 1374 659 1424 nomen,
688 1359 827 1412 utin
846 1359 1079 1413 nomine
1109 1360 1235 1414 Jesu
1267 1377 1437 1415 omne
1467 1379 1619 1433 genu
1648 1364 1928 1427 llectatur,

228 1447 566 1512 ccelestium,
598 1447 956 1501 terrestrium
986 1452 1043 1502 et
1083 1449 1435 1503 infcrnorum
1464 1466 1477 1515 ;
1511 1456 1566 1504 et
1594 1452 1781 1505 omnis
1820 1452 1931 1507 lin-

229 1553 349 1607 gua
367 1536 706 1590 conﬁteatur
733 1537 867 1607 quia
898 1536 1168 1591 Dominus
1195 1539 1222 1592 J
1229 1554 1355 1593 esus
1388 1539 1645 1595 Christus
1669 1540 1729 1594 in
1753 1541 1934 1611 gloria

229 1630 315 1679 est
360 1624 461 1679 Dei
507 1624 688 1679 Patris
746 1626 1005 1694 (Philipp.
1065 1642 1124 1692 ιι,
1186 1627 1369 1694 6-H);
1424 1644 1537 1681 non
1580 1628 1794 1683 habent
1847 1629 1933 1683 illi

230 1711 386 1765 libri.
431 1712 595 1776 Quod
632 1712 786 1766 enim
820 1718 950 1767 ante
984 1714 1174 1768 omnia
1206 1718 1485 1785 tempora,
1519 1722 1576 1770 et
1604 1734 1775 1787 supra
1807 1734 1929 1771 om-

230 1798 331 1851 nia
352 1804 607 1869 tempora
622 1799 1173 1856 incommutabiliter
1196 1808 1387 1858 manet
1408 1805 1737 1874 unigenitus
1759 1806 1933 1861 Filius

231 1890 368 1940 tuus
397 1892 714 1942 coaeternus
746 1889 866 1953 tibi,
901 1894 959 1945 et
982 1890 1118 1961 quia
1149 1891 1217 1945 de
1248 1892 1610 1961 plenitudine
1642 1893 1764 1963 ejus
1793 1892 1935 1947 acci-

230 1975 404 2046 piunt
438 1975 646 2030 animae
676 1981 738 2031 ut
767 1978 946 2032 beata:
978 1979 1089 2033 sint
1129 1980 1302 2051 (Joan.
1343 1999 1381 2050 1,
1418 1982 1519 2051 16),
1554 1987 1609 2036 et
1638 1983 1774 2053 quia
1804 1998 1933 2053 par-

230 2064 567 2134 ticipatione
618 2067 896 2120 manentis
944 2068 1001 2121 in
1052 2084 1111 2123 se
1155 2068 1450 2138 sapientiae
1492 2075 1841 2126 renovantur
1877 2076 1938 2126 ut

234 2153 522 2222 sapientes
551 2153 701 2218 sint;
736 2159 819 2209 est
865 2155 963 2211 ibi.
1011 2156 1171 2220 Quod
1214 2162 1407 2212 autem
1444 2160 1758 2214 secundum
1789 2165 1935 2215 tem-

235 2258 347 2313 pus
395 2258 497 2312 pro
541 2241 734 2312 impiis
777 2248 1036 2298 mortuus
1085 2250 1169 2299 est
1219 2248 1390 2315 (Rom.
1438 2264 1493 2316 v,
1535 2248 1649 2318 6.);
1702 2254 1758 2303 et
1797 2249 1936 2303 Filio

240 2330 409 2384 unico
444 2336 542 2385 tuo
568 2347 685 2385 non
718 2333 1037 2402 pepercisti,
1067 2335 1165 2389 sed
1194 2350 1298 2405 pro
1324 2336 1491 2391 nobis
1523 2337 1789 2391 omnibus
1820 2342 1934 2391 tra-

239 2418 435 2473 didisti
484 2435 617 2474 eum
666 2420 765 2490 (Id.
818 2438 937 2490 vm,
987 2422 1113 2490 32);
1152 2439 1267 2477 nou
1317 2428 1401 2478 est
1440 2424 1539 2479 ibi.
1582 2425 1938 2480 Abscondisti

239 2505 397 2561 enim
444 2506 566 2561 haec
621 2524 655 2561 a
701 2508 1072 2579 sapientibus,
1117 2516 1175 2565 et
1226 2512 1491 2566 revelasti
1537 2528 1604 2567 ea
1645 2513 1937 2583 parvulis;

238 2600 305 2651 ut
334 2595 593 2649 venirent
623 2596 692 2650 ad
723 2612 854 2651 eum
885 2598 1207 2653 laborantes
1236 2603 1291 2653 et
1322 2600 1571 2684 onerati,
1598 2607 1655 2655 et
1684 2602 1940 2656 reﬁceret

237 2702 372 2739 eos:
406 2684 682 2756 quoniam
731 2685 1002 2755 mitisLest
1039 2691 1095 2741 et
1139 2688 1372 2742 humilis
1419 2690 1606 2752 corde,
1650 2694 1706 2744 et
1743 2690 1940 2761 dirigit

239 2773 407 2828 mites
437 2774 495 2827 in
520 2774 761 2844 judicio,
789 2779 844 2829 et
870 2775 1034 2831 docet
1061 2782 1389 2832 mansuetos
1418 2777 1535 2832 vias
1562 2795 1711 2845 suas,
1742 2778 1939 2833 videns

237 2861 629 2916 humilitatem
674 2867 949 2931 nostram,
984 2869 1039 2919 et
1066 2866 1322 2920 laborem
1353 2871 1634 2935 nostrum,
1662 2871 1717 2921 et
1746 2867 1938 2922 dimit-

240 2954 366 3005 tens
413 2951 609 3005 omnia
659 2957 888 3021 peccata
940 2958 1137 3009 nostra
1187 2954 1356 3024 (Psal.
1400 2972 1549 3021 xxxv,
1594 2959 1645 3018 9,
1684 2956 1789 3026 t8).
1834 2956 1942 3020 Qui

240 3043 435 3094 autem
465 3040 745 3095 cothurno
786 3045 1064 3113 tanquam
1119 3043 1395 3098 doctrinae
1426 3043 1777 3098 sublimioris
1808 3046 1941 3100 elati

240 3144 361 3182 non
391 3128 637 3183 audiunt
672 3129 977 3197 dicentem,
1010 3133 1210 3186 Discite
1240 3149 1274 3186 a
1303 3148 1383 3187 mc
1412 3135 1544 3202 quia
1573 3135 1722 3188 mitis
1748 3149 1866 3188 sum
1892 3139 1941 3188 et

241 3217 468 3270 humilis
509 3216 667 3271 corde
712 3221 763 3271 et
808 3220 1091 3273 invmiictis
1135 3222 1373 3289 requiem
1422 3221 1710 3277 animabus
1749 3223 1942 3276 vestris

244 3305 465 3375 (Matth.
509 3322 584 3368 x1,
627 3309 716 3369 23,
762 3308 851 3372 28,
884 3310 1011 3378 29):
1061 3308 1166 3362 etsi
1204 3313 1555 3380 cognoscunt
1584 3311 1787 3379 Deum,
1828 3326 1943 3364 non

243 3394 393 3448 sicut
423 3395 603 3448 Deum
638 3395 962 3465 gloriﬁcant
990 3401 1089 3451 aut
1116 3398 1326 3468 gratias
1356 3405 1572 3468 agunt;
1608 3399 1708 3453 sed
1743 3415 1944 3453 evanc.

240 3486 411 3537 scunt
458 3482 519 3536 in
557 3483 996 3553 cogitationibus
1040 3486 1178 3552 suis,
1211 3491 1268 3541 et
1304 3486 1637 3541 obscuratur
1664 3486 1943 3557 insipiens

241 3588 343 3627 cor
372 3587 568 3626 eorum
597 3591 612 3639 ;
652 3572 901 3627 dicentes
931 3590 987 3627 se
1021 3590 1139 3627 esse
1170 3574 1474 3645 sapientes,
1506 3575 1663 3630 stulti
1694 3577 1858 3630 ﬁunt.

320 3664 408 3716 15.
457 3662 521 3714 Et
548 3660 677 3714 ideo
710 3661 965 3731 legebam
996 3662 1075 3716 ibi
1106 3662 1277 3717 etiam
1309 3664 1670 3718 immutatam
1701 3664 1945 3735 gloriam

241 3748 691 3820 incorruptionis
721 3753 835 3804 tuae
874 3750 934 3804 in
969 3750 1124 3805 idola
1157 3758 1211 3805 et
1238 3752 1391 3805 varia
1420 3752 1743 3823 simulacra,
1772 3753 1833 3807 in
1871 3752 1945 3806 si-

248 3838 637 3893 militudinem
665 3838 933 3910 imaginis
963 3840 1351 3911 corruptibilis
1386 3841 1658 3905 hominis,
1697 3846 1752 3897 et
1786 3842 1949 3896 volu-

242 3942 431 3994 crum,
476 3930 532 3979 et
575 3926 1035 3998 quadrupedum,
1085 3932 1141 3981 et
1170 3933 1499 3999 serpentum
1550 3930 1717 4000 (Rom.
1770 3946 1808 3996 1,
1855 3933 1945 3996 2t,

243 4016 377 4084 23);
426 4014 691 4069 videlicet
716 4016 1046 4087 Egyptium
1090 4016 1281 4071 cibum
1323 4017 1404 4088 (α)
1434 4034 1548 4089 quo
1589 4019 1728 4072 Esau
1763 4017 1950 4089 perdi-

244 4103 334 4159 dit
363 4102 752 4174 primogenita
785 4120 888 4159 sua
924 4102 1077 4173 (Gen.
1108 4123 1238 4171 xxv,
1272 4108 1359 4174 33,
1401 4109 1491 4175 34)
1517 4122 1528 4161 ;
1560 4106 1834 4178 quoniam
1865 4123 1951 4160 ca-

245 4197 357 4265 put
388 4192 769 4263 quadrupedis
789 4210 894 4264 pro
926 4198 978 4249 te
997 4195 1298 4250 honoravit
1320 4196 1564 4266 populus
1595 4194 1948 4266 primogeni-

243 4288 361 4351 tus,
406 4299 709 4336 conversus
740 4284 904 4337 corde
947 4284 1007 4339 in
1054 4287 1383 4356 Egyptum,
1427 4289 1485 4338 et
1529 4301 1769 4338 curvans
1807 4284 1953 4338 ima-

248 4372 451 4444 ginem
488 4375 667 4438 tuam,
718 4371 969 4427 animam
1013 4390 1176 4427 suam
1231 4378 1361 4427 ante
1418 4372 1736 4441 imaginem
1788 4373 1952 4427 vituli

242 4459 651 4515 manducantis
698 4459 894 4514 fenum
939 4461 1134 4526 (Exod.
1187 4477 1353 4530 xxx”,
1406 4463 1532 4527 l-G;
1572 4466 1622 4515 et
1664 4461 1805 4515 Psal.
1854 4478 1939 4528 ev,

248 4546 343 4613 19,
390 4542 500 4611 20),
547 4543 744 4595 Inveni
774 4544 895 4599 haec
936 4546 1035 4613 ibi,
1086 4553 1143 4601 et
1178 4564 1292 4602 non
1331 4548 1688 4603 manducavi.
1734 4549 1954 4604 Placuit

246 4633 411 4689 enim
440 4632 564 4701 tibi,
598 4633 860 4701 Domine,
894 4635 1117 4690 auferre
1149 4637 1521 4708 opprobrium
1552 4637 1951 4693 diminutionis

246 4723 324 4778 ab
371 4723 564 4790 Iacob,
618 4727 683 4777 ut
726 4726 911 4794 major
956 4724 1191 4779 serviret
1226 4726 1437 4781 minori
1485 4726 1655 4798 (Rom.
1700 4744 1774 4792 1x,
1827 4728 1950 4798 l3);

247 4817 310 4868 et
338 4812 553 4867 vocasti
595 4814 801 4867 Gentes
840 4813 903 4867 in
930 4814 1321 4870 haereditatcm
1352 4820 1529 4870 tuam.
1567 4818 1633 4870 Et
1662 4832 1768 4887 ego
1797 4816 1869 4870 ad
1897 4821 1954 4870 te

250 4918 527 4958 veneram
563 4919 631 4957 ex
660 4901 954 4969 Gentibus,
1000 4908 1056 4958 et
1094 4903 1313 4959 intendi
1355 4905 1418 4959 in
1463 4920 1668 4960 aurum
1697 4904 1847 4975 quod
1886 4904 1956 4958 ab

320 5024 398 5087 (α)
420 5025 577 5089 Juvat
599 5024 802 5073 huncce
826 5023 1001 5089 locum
1024 5038 1089 5074 ex
1112 5025 1214 5074 alio
1244 5024 1526 5089 illustrare.
1557 5027 1751 5089 Nempe
1771 5026 1955 5074 Euarr.

250 5089 311 5137 in
335 5087 473 5136 l’sal.
496 5089 573 5144 46,
593 5101 646 5135 n.
661 5090 709 5148 6,
723 5089 796 5135 sic
808 5088 1018 5136 disserit
1037 5088 1361 5150 Augustinus
1377 5103 1389 5135 :
1404 5104 1431 5134 «
1444 5087 1769 5137 Lenticulam
1783 5094 1957 5136 autem

252 5167 281 5196 (ι
310 5149 616 5198 invenimus
646 5150 820 5197 cibum
851 5164 963 5198 esse
993 5149 1374 5212 [Egyptiormm
1404 5165 1527 5199 nam
1550 5151 1620 5198 ibi
1644 5150 1880 5198 abundat
1904 5151 1956 5197 in

252 5231 281 5257 α
299 5213 530 5274 ίεωνριο
549 5212 715 5271 ,unde
729 5212 1355 5273 magnilicaturlenticulu
1368 5212 1739 5269 Alexandrina,
1755 5212 1961 5274 etvenit

251 5290 281 5320 α
308 5273 504 5345 nsque.
502 5276 566 5321 ad
586 5277 996 5345 terrasnostras,
1013 5275 1162 5345 quasi
1183 5275 1267 5345 hic
1292 5288 1400 5345 non
1422 5278 1670 5345 nascatur
1686 5273 1957 5345 lenticula,

253 5354 281 5383 α
307 5338 449 5398 Ergo
466 5336 602 5399 Esau
625 5336 971 5399 desiderando
993 5335 1167 5384 cibum
1187 5335 1745 5399 zEgypti11n1,perdidit
1774 5336 1962 5397 prima-

251 5416 280 5444 α
304 5397 439 5447 tum.
458 5397 543 5446 Sic
556 5401 608 5460 et
620 5398 1161 5460 populusJudzeoruin
1181 5400 1245 5446 de
1261 5397 1372 5460 quo
1394 5397 1697 5455 dictuniest,
1719 5400 1962 5460 Conversi

252 5480 279 5505 ιι
304 5459 605 5511 suntcorde
622 5459 681 5507 in
698 5461 1008 5522 Emptum,
1023 5459 1326 5508 lenticulam
1345 5461 1735 5522 quodammodo
1757 5459 1958 5509 deside-

257 5542 283 5568 ιι
307 5529 582 5583 raverunt,
610 5525 661 5571 et
684 5523 967 5585 primatum
996 5522 1353 5585 perdiderunt.
1380 5541 1404 5568 υ

1944 264 2311 321 SEPTIMUS.

3641 276 3745 329 742

2036 389 2274 458 Αἰεγριο
2310 388 2541 443 voluisti
2580 392 2645 443 ut
2686 389 2935 445 auferret
2962 391 3211 462 populus
3252 396 3383 447 tuus
3418 394 3613 465 (Exod.
3654 412 3738 463 111,

2034 479 2103 530 22
2128 494 2141 542 ;
2170 482 2226 531 et
2269 494 2345 544 x1,
2379 477 2454 546 2),
2485 478 2758 548 quoniam
2806 484 2969 533 tuum
3016 485 3156 548 erat,
3202 481 3552 553 ubicumque
3592 488 3729 539 erat.

2038 567 2104 620 Et
2141 566 2331 621 dixisti
2368 566 2808 622 Atheniensibus
2854 585 2959 639 per
2986 571 3328 640 Apostolum
3358 575 3541 639 tuum,
3579 574 3732 643 quod

2038 653 2101 707 in
2129 659 2185 708 te
2212 653 2453 708 vivimus
2480 660 2535 709 et
2560 672 2856 710 movemur
2881 660 2937 710 et
2969 673 3165 711 sumus
3188 674 3201 724 ;
3235 658 3379 714 sicut
3409 664 3466 713 et
3504 659 3739 731 quidam

2040 743 2352 798 secundum
2401 761 2495 798 eos
2541 744 2805 799 dixerunt
2850 747 2995 813 (Act.
3051 763 3184 811 xvu,
3239 750 3369 817 28):
3430 753 3487 802 et
3545 749 3743 819 utique

2038 831 2171 885 inde
2209 837 2371 886 erant
2417 831 2502 885 illi
2552 832 2704 888 libri.
2754 834 2819 887 Et
2862 850 2979 888 non
3023 834 3241 889 attendi
3287 836 3350 889 in
3384 835 3535 890 idola
3574 839 3742 908 Aigy-

2039 920 2292 991 ptiorum
2365 920 2571 991 quibus
2644 922 2713 975 de
2773 938 2911 976 auro
2977 926 3079 976 tuo
3145 923 3566 991 ministrabant,
3645 924 3745 995 qui

2040 1012 2566 1063 trausmutaverunt
2624 1009 2922 1063 veritatem
2971 1009 3071 1063 Dei
3126 1009 3185 1062 in
3246 1010 3635 1079 mendacium,
3691 1017 3747 1065 et

2040 1095 2360 1163 coluerunt,
2395 1101 2451 1151 et
2480 1096 2797 1152 servierunt
2829 1102 3104 1154 creaturae
3148 1099 3342 1170 potius
3372 1115 3545 1170 quam
3575 1100 3744 1154 Crea-

2041 1184 2152 1239 tori
2181 1185 2350 1256 (Rom.
2381 1202 2417 1253 1,
2450 1186 2559 1256 25).

2730 1276 2953 1331 CAPUT
2983 1277 3050 1331 X.

2247 1361 2461 1418 Clarius
2481 1363 2815 1417 innotescunt
2836 1365 2958 1432 jam
2987 1365 3296 1432 Augustino
3322 1363 3533 1419 divina.

2118 1451 2202 1503 16.
2243 1450 2305 1504 Et
2335 1450 2469 1504 inde
2516 1450 2841 1506 admonitus
2874 1453 3063 1507 redire
3089 1454 3159 1506 ad
3192 1453 3615 1522 mcmetipsum,
3658 1452 3742 1508 in-

2043 1537 2184 1591 travi
2210 1537 2270 1592 in
2300 1538 2504 1593 intima
2521 1556 2665 1605 mea,
2699 1540 2841 1595 duce
2872 1544 2961 1607 te;
2986 1547 3041 1595 et
3061 1541 3245 1611 potui,
3268 1540 3542 1611 quoniam
3561 1541 3744 1595 factus

2042 1642 2101 1680 es
2133 1627 2359 1696 adjutor
2388 1644 2565 1682 meus.
2610 1629 2840 1695 Intravi,
2891 1636 2947 1682 et
2974 1630 3088 1683 vidi
3128 1629 3535 1700 qualicumque
3576 1630 3742 1685 oculo

2043 1714 2249 1769 animae
2282 1731 2447 1783 meae,
2478 1733 2652 1785 supra
2681 1717 2947 1771 eumdem
2978 1718 3206 1771 oculum
3237 1718 3445 1771 animae
3478 1734 3622 1773 mea:
3654 1734 3746 1772 su-

2041 1819 2146 1874 pra
2175 1808 2427 1857 mentem
2475 1821 2683 1871 meam,
2737 1805 2967 1860 lucem'
3008 1806 3573 1872 incommutabilem;
3626 1823 3742 1861 non

2042 1892 2191 1946 hanc
2219 1892 2513 1962 vulgarem
2550 1896 2606 1946 et
2634 1894 2999 1964 conspicuam
3029 1894 3187 1947 omni
3221 1896 3379 1948 carni
3404 1909 3417 1946 :
3450 1908 3556 1947 nec
3581 1890 3745 1962 quasi

2044 1996 2109 2034 ex
2140 1981 2338 2035 eodem
2369 1998 2574 2051 genere
2596 1982 2870 2053 grandior
2897 1986 3036 2049 erat,
3059 1987 3331 2053 tanquam
3374 1981 3419 2035 si
3436 1981 3544 2035 ista
3564 1981 3745 2033 multo

2046 2068 2341 2139 multoque
2399 2069 2606 2123 clarius
2666 2070 3013 2137 claresceret,
3082 2074 3380 2140 totumque
3443 2071 3747 2139 occuparet

2046 2156 2460 2227 magnitudine.
2495 2159 2619 2211 Non
2640 2157 2745 2211 hoc
2769 2158 2867 2212 illa
2887 2163 3007 2211 erat
3033 2178 3047 2223 ;
3072 2158 3170 2211 sed
3190 2158 3366 2224 aliud,
3394 2157 3551 2211 aliud
3580 2156 3741 2209 valde

2044 2246 2115 2299 ab
2145 2244 2269 2299 istis
2308 2245 2593 2300 omnibus.
2649 2247 2760 2301 Nec
2789 2247 2869 2300 ita
2912 2250 3035 2301 erat
3064 2263 3237 2317 supra
3267 2249 3519 2300 mentem
3548 2259 3741 2300 meam

2046 2334 2188 2388 sicut
2217 2335 2406 2389 oleum
2438 2351 2608 2406 super
2636 2352 2867 2406 aquam,
2898 2352 3003 2390 nec
3032 2336 3176 2389 sicut
3206 2335 3411 2389 coelum
3439 2349 3610 2404 super
3637 2336 3748 2386 ter—

2047 2438 2169 2476 ram
2196 2439 2209 2487 ;
2243 2423 2338 2476 sed
2369 2422 2649 2493 superior,
2680 2423 2813 2493 quia
2844 2422 2967 2493 ipsa
2988 2422 3123 2477 fecit
3144 2438 3255 2489 me,
3280 2427 3337 2476 et
3358 2438 3462 2492 ego
3485 2418 3742 2485 inferior,

2047 2511 2183 2582 quia
2219 2512 2396 2565 factus
2440 2528 2567 2565 sum
2606 2511 2675 2565 ab
2726 2528 2811 2566 ea.
2864 2511 2972 2575 Qui
3017 2511 3175 2565 novit
3218 2512 3537 2575 veritatem,
3586 2508 3745 2563 novit

2047 2615 2173 2653 eam
2202 2619 2216 2657 ;
2248 2603 2301 2653 et
2342 2598 2441 2670 qui
2472 2599 2630 2653 novit
2670 2615 2818 2669 eam,
2858 2598 3016 2653 novit
3056 2598 3454 2652 asternitatem.
3488 2595 3743 2651 Charitas

2048 2686 2206 2740 novit
2234 2702 2382 2742 eam.
2412 2687 2454 2740 Ο
2476 2691 2688 2740 aeterna
2716 2686 2939 2750 veritas,
2974 2691 3031 2740 et
3055 2702 3187 2740 vera
3211 2686 3475 2749 charitas,
3502 2686 3746 2739 etchara

2048 2774 2369 2829 aeternitas!
2405 2778 2463 2828 tu
2488 2791 2546 2829 es
2581 2776 2725 2828 Deus
2758 2791 2917 2829 meus
2944 2792 2958 2842 ;
2984 2775 3087 2829 tibi
3118 2774 3342 2844 suspiro
3374 2774 3555 2828 die‘ac
3587 2778 3739 2826 note.

2052 2863 2113 2916 Et
2141 2879 2271 2915 cum
2299 2867 2351 2916 te
2380 2862 2635 2933 primum
2666 2864 2927 2933 cognovi,
2952 2868 3016 2917 tu
3044 2862 3405 2933 assumpsisti
3431 2877 3544 2928 me,
3574 2865 3637 2915 ut
3666 2860 3743 2913 vi-

2049 2950 2243 3004 derem
2274 2968 2393 3004 esse
2421 2952 2572 3022 quod
2604 2951 2875 3017 viderem,
2911 2958 2965 3005 et
2987 2951 3245 3005 nondum
3278 2967 3368 3005 me
3398 2966 3519 3005 esse
3545 2948 3645 3021 qui
3671 2947 3747 3002 vi-

2049 3039 2262 3093 derem.
2316 3041 2382 3094 Et
2428 3040 2801 3094 reverberasli
2851 3040 3247 3094 inﬁrmitatem
3296 3044 3554 3111 aspectus
3610 3036 3750 3108 mei,

2052 3127 2280 3182 radians
2322 3128 2381 3182 in
2428 3144 2521 3183 me
2558 3129 2944 3193 vehementer,
2996 3135 3052 3184 et
3096 3128 3417 3183 contremui
3460 3143 3653 3181 amore
3694 3130 3751 3181 et

2051 3218 2324 3284 horrore;
2361 3222 2416 3271 et
2446 3217 2642 3272 inveni
2669 3218 2841 3288 longe
2871 3234 2957 3272 me
2990 3234 3109 3273 esse
3137 3235 3169 3272 a
3198 3222 3252 3273 te
3279 3218 3338 3272 in
3367 3216 3603 3287 regione
3634 3214 3749 3270 dis-

2053 3305 2464 3372 similitudinis,
2499 3311 2772 3372 tanquam
2793 3306 3051 3362 audirem
3072 3322 3270 3362 vocem
3292 3312 3450 3361 tuam
3479 3306 3547 3361 de
3572 3306 3752 3361 excel-

2052 3411 2114 3449 so
2139 3411 2151 3448 :
2186 3394 2355 3449 Cibus
2384 3412 2511 3449 sum
2542 3396 2841 3466 grandium
2870 3412 2882 3461 ;
2916 3412 3121 3463 cresce,
3151 3401 3207 3450 et
3237 3395 3609 3450 manducabis
3635 3412 3750 3450 me.

2055 3484 2166 3538 Nec
2195 3488 2251 3538 tu
2284 3500 2377 3538 me
2409 3484 2469 3537 in
2502 3488 2551 3537 te
2581 3483 2848 3547 mutabis,
2882 3484 3025 3537 sicut
3053 3484 3243 3537 cibum
3264 3484 3449 3537 carnis
3482 3488 3624 3551 tua};
3656 3483 3755 3537 sed

2054 3577 2112 3627 tu
2144 3572 2456 3626 mutaberis
2494 3571 2555 3625 in
2588 3588 2697 3626 me.
2730 3572 2796 3625 Et
2826 3572 3062 3642 cognovi
3088 3572 3359 3643 quoniam
3392 3589 3498 3643 pro
3531 3570 3751 3643 iniqui-

2054 3665 2167 3716 tate
2205 3660 2442 3715 erudisti
2470 3660 2785 3727 hominem,
2826 3664 2882 3714 et
2910 3661 3214 3726 tabescere,
3241 3660 3426 3715 fecisti
3456 3661 3601 3715 sicut
3627 3676 3753 3714 ara-

2052 3766 2223 3805 neam
2272 3750 2525 3804 animam
2587 3766 2776 3805 meam
2834 3751 2993 3819 (Psal.
3044 3768 3272 3818 xxxviii,
3325 3752 3447 3820 l2);
3495 3754 3552 3803 et
3598 3747 3750 3804 dixi:

2057 3839 2346 3910 Numquid
2375 3838 2519 3893 nihil
2549 3844 2633 3893 est
2662 3838 2889 3908 veritas,
2917 3840 3191 3910 quoniam
3217 3831 3404 3910 neque
3432 3854 3536 3909 per
3568 3838 3752 3907 ﬁnita,

2056 3945 2243 3999 neque
2274 3944 2375 3999 per
2402 3926 2628 3982 inlinita
2646 3928 2902 3982 locorum
2933 3928 3118 3998 spatia
3148 3928 3354 3982 diﬁ‘usa
3384 3933 3469 3981 est
3488 3929 3517 3981 ἰ)
3548 3929 3613 3982 Et
3643 3928 3758 3981 cla-

2058 4018 2226 4073 masti
2249 4017 2675 4088 delongiuquo:
2698 4019 2819 4071 Imo
2846 4033 3002 4083 vero,
3026 4021 3139 4084 Ego
3166 4034 3286 4073 sum
3308 4020 3404 4086 qui
3422 4033 3541 4072 sum
3555 4016 3752 4087 (Emod.

2058 4123 2132 4169 ιιι,
2171 4109 2274 4172 14.)
2321 4109 2384 4161 Et
2421 4107 2612 4161 audivi
2646 4106 2791 4161 sicut
2821 4105 3050 4161 auditur
3078 4107 3138 4160 in
3169 4106 3361 4173 corde,
3394 4108 3452 4159 et
3490 4120 3608 4158 non
3639 4107 3761 4157 erat

2056 4213 2293 4268 prorsus
2313 4196 2465 4250 unde
2488 4195 2809 4250 dubitarem
2830 4212 2843 4260 ;
2867 4196 3203 4267 faciliusque
3231 4193 3551 4249 dubitarem
3570 4192 3758 4246 vivere

2058 4302 2171 4352 me,
2204 4302 2377 4355 quam
2410 4301 2527 4338 non
2558 4300 2679 4339 esse
2712 4284 3029 4351 veritatem,
3064 4300 3193 4355 qua)
3229 4298 3333 4353 per
3359 4297 3424 4335 ea
3457 4296 3586 4351 quae
3613 4279 3761 4334 facta

2057 4378 2208 4442 sunt,
2236 4373 2522 4428 intellecta
2549 4372 2894 4444 conspicitur
2924 4372 2947 4404 ²
2979 4373 3155 4443 (Rom.
3186 4388 3226 4438 1,
3256 4369 3370 4441 20).
3704 4374 3709 4379 ⁴

2733 4462 2958 4517 CAPUT
2998 4463 3085 4515 ΧΙ.

2364 4551 2632 4623 Quomodo
2662 4557 2921 4607 creatura:
2944 4554 3071 4604 sunt
3100 4552 3149 4603 et
3175 4563 3281 4603 non
3308 4551 3458 4603 sunt.

2134 4645 2218 4696 l7.
2262 4642 2328 4696 Et
2369 4641 2592 4712 inspexi
2622 4645 2826 4696 caetera
2868 4639 3017 4693 infra
3046 4642 3121 4705 te,
3159 4642 3215 4691 et
3243 4637 3357 4692 vidi
3387 4652 3491 4692 nec
3522 4635 3758 4692 omnino

2061 4747 2200 4798 esse,
2246 4747 2351 4786 nec
2395 4730 2628 4785 omnino
2671 4746 2786 4784 non
2836 4743 2993 4783 esse:
3041 4742 3161 4781 esse
3196 4726 3450 4798 quidem,
3483 4726 3757 4799 quoniam

2063 4820 2159 4874 abs
2189 4823 2244 4875 te
2274 4826 2444 4888 sunt;
2479 4836 2597 4874 non
2624 4835 2743 4874 esse
2766 4821 2981 4884 autem,
3010 4816 3281 4887 quoniam
3301 4816 3360 4871 id
3383 4816 3537 4888 quod
3559 4833 3617 4871 es
3642 4832 3760 4870 non

2063 4912 2217 4963 sunt.
2246 4908 2309 4962 Id
2330 4908 2484 4963 enim
2506 4923 2633 4961 vere
2655 4911 2758 4973 est,
2792 4905 2947 4977 quod
2973 4905 3522 4960 incommutabiliter
3544 4909 3758 4959 manet.
3830 4948 3833 4953 λ

2066 4996 2199 5051 Mihi
2219 5001 2412 5051 autem
2452 4996 2735 5050 inhaerere
2759 4997 2871 5050 Deo
2902 4994 3125 5049 bonum
3156 5000 3241 5048 est
3263 4996 3424 5063 (Psal.
3457 5010 3622 5059 Lxxu,
3645 4992 3758 5063 20),

2066 5085 2201 5156 quia
2231 5085 2278 5139 si
2306 5102 2426 5139 non
2446 5084 2690 5138 manebo
2723 5083 2782 5137 in
2811 5084 2934 5150 illo,
2958 5099 3063 5137 nec
3093 5082 3154 5137 in
3174 5098 3266 5137 me
3297 5087 3517 5154 potero.
3547 5081 3645 5135 Ille
3669 5096 3764 5135 au-

2064 5180 2183 5229 tem
2214 5173 2271 5227 in
2319 5190 2376 5228 se
2427 5189 2666 5227 manens
2711 5172 2945 5228 innovat
2976 5173 3169 5227 omnia
3207 5174 3364 5244 (Sep.
3406 5188 3505 5240 vn,
3553 5169 3664 5239 27).
3702 5169 3768 5222 Et

2068 5263 2345 5317 Dominus
2382 5264 2527 5316 Deus
2566 5279 2727 5316 meus
2766 5279 2844 5327 es,
2879 5262 3153 5335 quoniam
3181 5262 3468 5317 bonorum
3503 5273 3765 5314 meorum

2067 5368 2183 5408 non
2215 5368 2345 5422 eges
2378 5351 2548 5419 (Psal.
2580 5368 2670 5416 xv,
2703 5352 2777 5423 2).

2135 5460 2147 5492 ¹
2187 5459 2278 5505 llic
2307 5458 2362 5505 in
2390 5457 2517 5504 Edd.
2551 5458 2780 5518 additur,
2816 5458 3049 5518 Domini,
3080 5470 3184 5519 qua
3212 5467 3339 5503 voce
3370 5456 3550 5519 carent
3577 5453 3703 5502 Mss.

2134 5521 2155 5554 ³
2184 5520 2305 5567 Mss.
2338 5532 2531 5582 magno
2556 5534 2819 5570 consensu
2848 5521 3042 5581 ferunt,
3072 5518 3491 5580 conspiciuntur.
