4058 6174
423 231 523 282 743

1087 351 1311 405 CAPUT
1339 352 1451 406 XII.

811 449 1005 505 Omnia
1027 448 1184 518 bona,
1207 464 1550 518 quazcumque
1579 451 1723 504 sunt.

495 551 580 603 18.
632 548 696 602 Et
732 547 1157 600 manifestatum
1197 554 1282 598 est
1313 544 1454 598 mihi
1497 544 1767 614 quoniam
1808 543 1958 598 bona
1985 549 2117 598 sunt

418 651 548 706 quae.
567 640 1032 704 corrumpuntur,
1060 649 1188 703 quae
1213 648 1396 702 neque
1418 632 1462 684 si
1488 647 1712 685 summa
1733 631 1884 685 bona
1905 635 2111 695 essent,

415 739 603 794 neque
655 722 766 776 nisi
815 722 964 776 bona
1010 726 1217 786 essent,
1269 719 1557 790 corrumpi
1603 724 1865 790 possent:
1899 718 2034 790 quia
2065 719 2115 773 si

417 826 643 865 summa
673 811 824 863 bona
853 813 1060 875 essent,
1094 808 1550 879 incorruptibilia
1581 813 1800 874 essent;
1835 808 1881 861 si
1921 813 2113 862 autem

415 900 575 953 nulla
602 898 754 952 bona
782 901 984 963 essent,
1021 897 1176 967 quod
1207 896 1266 950 in
1299 897 1378 950 eis
1401 901 1865 967 corrumperetur
1890 913 2004 950 non
2026 913 2111 950 es-

415 989 518 1040 set.
555 986 728 1040 Nocet
757 984 910 1038 enim
960 983 1273 1055 corruptio,
1323 987 1378 1038 et
1412 983 1519 1037 nisi
1558 985 1773 1038 bonum
1806 983 2110 1054 minueret,

414 1092 531 1130 non
571 1080 815 1130 noceret.
866 1077 982 1129 Aut
1018 1074 1197 1146 igitur
1229 1074 1374 1128 nihil
1412 1078 1579 1128 nocet
1617 1074 1928 1143 corruptio,
1961 1074 2110 1145 quod

414 1164 541 1219 ﬁeri
571 1181 687 1218 non
731 1168 958 1234 potest:
991 1169 1110 1229 aut,
1163 1163 1320 1234 quod
1364 1162 1741 1217 certissimum
1773 1167 1879 1232 est,
1921 1163 2115 1218 omnia

412 1267 542 1322 qua:
572 1255 1042 1321 corrumpuntur,
1074 1251 1374 1320 privantur
1412 1250 1582 1304 bono.
1633 1249 1688 1304 Si
1719 1254 1909 1304 autem
1955 1249 2114 1304 omni

405 1339 560 1394 bono
589 1339 991 1410 privabuntur,
1025 1338 1260 1392 omnino
1293 1354 1409 1392 non
1439 1342 1625 1392 erunt.
1649 1337 1708 1392 Si
1737 1337 1891 1392 enim
1923 1343 2112 1408 erunt,

407 1432 464 1482 et
495 1427 791 1497 corrumpi
831 1427 950 1496 jam
992 1443 1109 1480 non
1155 1431 1442 1497 poterunt,
1488 1426 1726 1480 meliora
1754 1431 1945 1496 erunt,
1978 1426 2113 1497 quia

405 1514 924 1584 incorruptibiliter
954 1513 1394 1583 permanebunt.
1430 1513 1494 1566 Et
1519 1513 1660 1583 quid
1691 1513 2112 1566 monstruosius

410 1618 587 1672 quam
609 1618 675 1655 ea
695 1601 881 1655 dicere
905 1601 1060 1655 omni
1081 1601 1232 1655 bono
1254 1600 1462 1655 amisso
1489 1601 1630 1656 facta
1655 1601 1895 1655 meliora
1915 1601 1941 1655 ?
1965 1602 2109 1672 Ergo

409 1692 456 1745 si
488 1691 647 1745 omni
677 1691 828 1745 bono
859 1691 1254 1761 privabantur,
1289 1690 1526 1744 omnino
1557 1691 1716 1744 nulla
1740 1695 1908 1745 erunt
1937 1707 2109 1761 :ergo

409 1780 688 1852 quamdiu
719 1784 867 1844 sunt,
900 1779 1049 1833 bona
1078 1784 1238 1834 sunt:
1273 1795 1409 1849 ergo
1440 1795 1819 1850 quaecumque
1845 1784 1979 1833 sunt
2007 1779 2108 1833 bo-

405 1886 480 1924 na
505 1874 658 1924 sunt.
692 1869 1016 1939 Malumque
1044 1867 1182 1922 illud
1209 1868 1365 1938 quod
1397 1867 1727 1938 quaerebam
1759 1867 1910 1921 unde
1937 1870 2104 1934 esset,

406 1974 520 2013 non
552 1963 637 2013 est
678 1957 1031 2022 substantia;
1065 1955 1201 2026 quia
1249 1955 1295 2009 si
1339 1955 1654 2010 substantia
1692 1960 1857 2022 esset,
1890 1955 2107 2010 bonum

407 2051 570 2102 esset.
616 2050 728 2101 Aut
769 2046 920 2100 enim
957 2049 1103 2100 esset
1132 2044 1586 2116 incorruptibilis
1615 2045 1952 2110 substantia,
1984 2060 2107 2099 ma-

404 2150 584 2204 gnum
612 2134 811 2204 utique
841 2133 1059 2186 bonum
1084 2149 1097 2186 :
1132 2137 1232 2186 aut
1262 2132 1578 2186 substantia
1609 2132 1999 2203 corruptibilis
2025 2148 2108 2186 es-

405 2227 510 2292 set,
543 2238 672 2293 quae
702 2221 810 2274 nisi
840 2222 993 2275 bona
1022 2226 1191 2286 esset,
1217 2220 1508 2290 corrumpi
1529 2236 1645 2273 non
1673 2223 1874 2290 posset.
1908 2221 2108 2291 Itaque

404 2309 519 2364 vidi
549 2315 606 2364 et
634 2309 1058 2363 manifestatum
1090 2313 1173 2363 est
1201 2308 1342 2361 mihi
1373 2308 1506 2378 quia
1535 2308 1726 2362 omnia
1755 2307 1908 2362 bona
1929 2313 1992 2362 tu
2021 2309 2105 2363 feé-

403 2398 551 2466 cisti,
594 2403 650 2453 et
678 2414 913 2468 prorsus
960 2398 1136 2451 nulla:
1185 2397 1513 2451 substantia:
1545 2401 1676 2451 sunt
1706 2413 1849 2468 quas
1895 2401 1956 2452 tu
1986 2414 2103 2452 non

405 2487 606 2556 fecisti.
644 2488 708 2540 Et
747 2486 1022 2558 quoniam
1067 2502 1182 2540 non
1233 2485 1475 2556 aequalia
1508 2485 1702 2539 omnia
1740 2485 1944 2554 fecisti,
1972 2486 2103 2540 ideo

405 2579 540 2628 sunt
570 2575 798 2642 omnia;
833 2575 965 2646 quia
999 2574 1224 2645 singula
1253 2575 1406 2628 bona
1443 2577 1594 2640 sunt,
1627 2578 1681 2627 et
1707 2573 1877 2628 simul
1908 2575 2103 2628 omnia

405 2663 566 2717 valde
596 2664 778 2717 bona:
825 2663 1098 2734 quoniam
1144 2663 1275 2718 fecit
1311 2664 1457 2717 Deus
1499 2667 1691 2716 noster
1721 2663 1914 2717 omnia
1955 2664 2107 2718 bona

404 2751 570 2805 valde
606 2752 753 2821 (Gen.
789 2768 841 2818 1;
877 2757 926 2806 et
957 2753 1124 2807 Eccli.
1153 2768 1334 2818 xxxrx,
1365 2751 1478 2822 21).

1053 2859 1281 2913 CAPUT
1319 2858 1460 2912 XIII.
1629 2915 1631 2917 ,

805 2947 998 3004 Omnia
1027 2948 1246 3002 condita
1279 2946 1507 3001 laudant
1537 2949 1720 3000 Deum.

481 3039 562 3091 ti).
603 3036 668 3090 Et
697 3036 804 3090 tibi
837 3037 1073 3090 omnino
1105 3052 1219 3090 non
1251 3041 1334 3090 est
1362 3036 1732 3102 malum,non
1762 3035 1948 3090 solum
1977 3035 2098 3101 tibi,

405 3124 506 3178 sed
535 3140 636 3177 nec
668 3123 950 3177 universae
980 3128 1255 3177 creaturae
1286 3128 1438 3190 tuae;
1469 3123 1602 3193 quia
1633 3128 1791 3177 extra
1820 3124 1836 3158 ί
1870 3139 1984 3177 non
2019 3129 2105 3178 est

406 3211 626 3282 aliquid
669 3212 822 3281 quod
851 3211 1152 3281 irrumpat,
1195 3217 1251 3265 et
1279 3215 1608 3282 corrumpat
1637 3211 1900 3265 ordinem
1931 3227 2102 3282 quem

403 3300 647 3372 posuisti
689 3299 758 3353 ei.
793 3301 857 3354 In
894 3299 1151 3370 partibus
1181 3303 1371 3352 autem
1403 3299 1524 3369 ejus
1556 3299 1845 3370 qumdam,
1874 3300 2101 3370 quibus-

403 3391 535 3444 dam
575 3389 711 3460 quia
739 3405 857 3443 non
897 3388 1260 3454 conveniunt,
1293 3389 1444 3442 mala
1476 3391 1786 3458 putantur:
1816 3392 1872 3442 et
1900 3389 2101 3442 eadem

401 3477 522 3548 ipsa
553 3477 902 3531 conveniunt
947 3475 1092 3546 aliis,
1138 3480 1196 3529 et
1225 3476 1373 3530 bona
1409 3479 1561 3541 sunt,
1595 3480 1652 3529 et
1683 3475 1742 3529 in
1775 3476 2096 3547 semetipsis

400 3565 551 3621 bona
584 3571 735 3620 sunt.
790 3567 855 3620 Et
885 3564 1080 3619 omnia
1121 3565 1241 3619 haec
1271 3581 1401 3636 qua:
1437 3564 1668 3619 sibimet
1697 3563 1940 3619 invicem
1982 3581 2100 3619 non

400 3655 769 3719 conveniunt,
817 3653 1166 3708 conveniunt
1208 3651 1465 3707 inferiori
1496 3652 1640 3724 parti
1674 3669 1892 3719 rerum,
1925 3669 2100 3723 quam

399 3747 612 3796 terram
655 3741 916 3807 dicimus,
949 3742 1256 3794 habentem
1302 3741 1507 3795 ccelum
1555 3757 1723 3794 suum
1767 3739 2096 3795 nubilosam

406 3834 577 3900 atque
612 3832 911 3882 ventosum
940 3844 1260 3897 congruum
1291 3827 1416 3881 sibi.
1469 3829 1531 3880 Et
1549 3827 1695 3881 absit
1717 3827 1838 3898 jam
1864 3832 1928 3882 ut
1953 3828 2100 3882 dice-

402 3934 525 3973 rem
551 3935 563 3972 :
599 3919 723 3971 Non
765 3921 954 3971 essent
978 3917 1086 3971 ista
1109 3921 1161 3970 ²ε
1199 3917 1335 3987 quia
1364 3917 1469 3971 etsi
1501 3918 1622 3970 sola
1651 3917 1758 3970 ista
1781 3934 2097 3988 cernerem,

403 4006 787 4061 desiderarem
821 4005 1054 4076 quidem
1085 4005 1346 4074 meliora,
1379 4006 1473 4059 sed
1502 4005 1622 4075 jam
1663 4005 1835 4060 etiam
1867 4007 1935 4061 de
1964 4008 2098 4062 solis

403 4094 525 4150 istis
571 4095 804 4149 laudare
855 4099 910 4149 te
968 4094 1270 4148 deberem:
1328 4094 1604 4165 quoniam
1651 4095 1998 4150 laudandum
2026 4097 2097 4166 :te

403 4183 714 4240 ostendunt
759 4183 828 4237 de
873 4188 1025 4238 terra
1053 4183 1323 4236 dracones
1369 4187 1425 4238 et
1463 4200 1660 4238 omnes
1689 4184 1891 4256 abyssi,
1925 4184 2092 4255 ignis,

403 4273 642 4344 grando,
670 4271 785 4338 nix,
809 4270 1042 4342 glacies,
1087 4271 1318 4342 spiritus
1341 4272 1711 4344 tempestatis,
1740 4289 1868 4344 quae
1885 4272 2100 4327 faciunt

403 4362 641 4415 verbum
673 4365 876 4414 tuum:
918 4364 1139 4413 montes
1172 4364 1228 4413 et
1257 4376 1456 4414 omnes
1481 4362 1668 4428 colles,
1703 4361 1861 4431 ligna
1897 4361 2096 4415 fructi-

400 4450 521 4502 fera
551 4453 608 4503 et
637 4465 833 4502 omnes
861 4447 1048 4516 cedri;
1081 4447 1276 4502 bestia:
1307 4452 1363 4502 et
1393 4448 1587 4502 omnia
1611 4464 1838 4518 pecora,
1872 4448 2100 4519 reptilia

405 4542 462 4590 et
503 4537 752 4591 volatilia
793 4542 1081 4609 pennata;
1131 4551 1294 4607 reges
1337 4541 1502 4590 terra:
1552 4541 1608 4591 et
1647 4553 1847 4592 omnes
1877 4539 2095 4609 populi,

406 4624 694 4694 principes
723 4630 777 4679 et
805 4641 1002 4680 omnes
1025 4623 1249 4696 judices
1268 4628 1435 4678 terres
1459 4641 1472 4691 ;
1491 4624 1729 4694 juvenes
1749 4630 1806 4679 et
1827 4627 2094 4697 virgines.

404 4709 658 4765 seniores
687 4729 816 4767 cum
839 4713 1190 4784 junioribus,
1233 4713 1470 4768 laudant
1497 4729 1710 4767 nomen
1739 4717 1922 4769 tuum.
1957 4716 2098 4769 Cum

397 4813 534 4852 vero
565 4797 737 4852 etiam
783 4799 850 4852 de
881 4801 1034 4854 caelis
1062 4805 1117 4855 te
1148 4801 1400 4868 laudent,
1435 4799 1670 4855 laudent
1695 4805 1771 4867 te,
1814 4802 1960 4856 Deus
1991 4819 2098 4857 no-

397 4888 534 4952 ster,
561 4885 620 4938 in
645 4885 877 4939 excelsis
897 4903 1096 4942 omnes
1123 4889 1326 4959 Angeli
1350 4889 1456 4957 tui,
1480 4905 1678 4943 omnes
1697 4888 1936 4944 virtutes
1960 4896 2095 4958 tuae,

397 4972 480 5028 sol
524 4976 580 5028 et
623 4972 779 5042 luna,
808 4990 1005 5029 omnes
1035 4976 1212 5030 stellae
1239 4981 1296 5031 et
1325 4978 1538 5045 lumen,
1581 4977 1706 5032 coeli
1739 4979 2013 5033 caelorum
2043 4984 2100 5035 et

461 5113 477 5146 ι
494 5109 784 5178 Legebatur
797 5109 851 5178 in_
862 5110 1041 5178 [fovet
1053 5113 1438 5178 antiquioribus
1451 5114 1922 5178 editionibus,quia
1936 5119 2098 5168 extra

398 5175 449 5224 te
464 5186 565 5238 non
580 5171 658 5220 est
677 5171 903 5238 aliquid.
927 5173 989 5220 At
1004 5173 1130 5220 Arn.
1147 5171 1407 5238 eipunxit
1424 5180 1491 5232 te,
1507 5191 1624 5238 quae
1642 5191 1741 5225 vox
1761 5171 1908 5226 abest
1923 5193 1951 5226 a
1970 5179 2094 5228 Mss.

395 5240 448 5284 et
466 5236 649 5284 abesse
675 5234 849 5291 debet,
876 5247 995 5282 cum
1024 5234 1315 5293 sensussit,
1339 5237 1471 5285 nihil
1491 5234 1604 5287 esse
1625 5244 1771 5288 extra
1794 5240 2092 5289 universam

396 5301 707 5406 preaturam,
725 5295 866 5406 qpod
890 5296 957 5344 ad
981 5297 1396 5358 perturbandum
1418 5300 1657 5349 ordinem
1671 5315 1699 5350 a
1716 5303 1822 5352 Deo
1845 5303 2096 5352 constitu-

423 5372 508 5406 um
529 5373 761 5406 irrumna
791 5395 802 5406 .

423 5372 508 5406 um
529 5363 802 5421 irrumpat.

370 5477 380 5488 .
439 5421 584 5488 {sic
603 5418 726 5470 Mss.
749 5435 868 5488 cum
888 5418 1012 5469 Arn.
1034 5419 1330 5488 uI_)i_S_omm.
1349 5421 1526 5488 habet,
1540 5427 1605 5472 ut
1621 5422 1844 5474 dicerem
1859 5438 1970 5476 non
1993 5438 2096 5476 esse

394 5482 498 5532 nisi
521 5485 648 5532 ista:
679 5485 852 5534 caeteri
877 5497 1033 5546 porro
1063 5482 1216 5541 Edd..
1243 5487 1302 5534 ut
1323 5483 1554 5536 dicerem
1579 5498 1687 5536 non
1715 5501 1820 5537 esse
1851 5492 1970 5540 ista.

1597 226 2136 285 CONFESSIONI’M
2186 229 2238 283 S.
2300 228 2707 286 AI'GUSTINI.
3764 243 3840 295 744

2230 370 2394 426 aquae
2427 371 2554 426 quae
2599 369 2772 425 super
2810 353 2980 408 caelos
3024 360 3176 424 sunt,
3227 355 3452 412 laudent
3491 373 3678 414 nomen
3720 366 3842 417 tuum

2227 445 2395 512 (Psal.
2428 461 2610 512 cxm,
2664 445 2848 512 H2):
2894 461 3013 499 non
3049 445 3171 516 jam
3219 446 3590 501 desiderabam
3639 450 3845 520 meliora,

2228 531 2365 604 quia
2395 531 2590 586 omnia
2619 533 2937 604 cogitabam
2962 550 2976 600 ;
3011 538 3066 587 et
3095 534 3333 589 meliora
3365 535 3582 606 quidem
3610 539 3847 608 superiora

2231 637 2404 692 quam
2430 620 2718 688 inferiora,
2745 621 2840 676 sed
2864 622 3104 676 meliora
3123 624 3316 677 omnia
3341 640 3506 695 quam
3525 625 3630 679 sola
3646 627 3850 697 superio-

2226 727 2308 779 ra,
2335 709 2552 781 judicio
2579 711 2804 766 saniore
2834 712 3176 783 pendebam.

2878 802 3100 855 CAPUT
3129 801 3265 856 XIV.

2224 890 2382 945 Sana:
2421 892 2613 944 mentis
2639 889 2870 945 hominis
2893 891 3036 945 nihil
3059 891 3309 960 displicet
3336 892 3473 945 inter
3490 890 3742 946 creaturas
3759 895 3845 946 Dei.

2295 981 2379 1034 20.
2440 979 2566 1034 Non
2621 983 2706 1034 est
2755 978 2967 1033 sanitas
3023 978 3105 1034 eis
3147 978 3354 1050 quibus
3394 979 3640 1051 displicet
3677 980 3843 1051 aliquid

2224 1072 2500 1123 creaturae
2526 1072 2676 1135 tute;
2723 1068 2867 1124 sicut
2895 1069 3033 1123 mihi
3067 1085 3183 1124 non
3214 1074 3353 1131 erat,
3387 1085 3512 1124 cum
3545 1068 3847 1140 displicerent

2227 1157 2408 1212 multa
2439 1173 2568 1229 qua:
2598 1157 2797 1213 fecisti.
2833 1160 2897 1212 Et
2916 1157 3050 1230 quia
3071 1174 3186 1212 non
3205 1159 3448 1213 audebat
3474 1158 3653 1212 anima
3677 1174 3780 1212 mea
3803 1163 3846 1212 ut

2223 1246 2277 1300 ei
2305 1246 2629 1316 displiceret
2653 1247 2800 1300 Deus
2825 1263 3004 1312 meus,
3040 1247 3268 1301 nolebat
3294 1263 3412 1302 esse
3441 1252 3596 1302 tuum
3624 1245 3844 1319 quidquid

2223 1335 2276 1390 ei
2324 1334 2678 1406 displicebat.
2728 1337 2793 1390 Et
2837 1336 2970 1390 inde
3013 1336 3156 1390 ierat
3203 1336 3262 1390 in
3294 1336 3613 1408 opinionem
3655 1335 3843 1390 duarum

2223 1424 2694 1493 substantiarum,
2731 1430 2787 1480 et
2824 1442 2940 1480 non
2972 1425 3379 1497 requiescebat,
3421 1429 3475 1479 et
3503 1425 3672 1479 aliena
3695 1425 3843 1494 loque-

2222 1513 2411 1568 batur.
2448 1515 2512 1568 Et
2541 1513 2672 1568 inde
2717 1513 2945 1568 rediens
2973 1514 3181 1569 fecerat
3210 1515 3319 1569 sibi
3353 1517 3528 1569 Deum
3556 1530 3652 1584 per
3675 1511 3845 1566 inﬁnita

2223 1600 2407 1672 spatia
2451 1601 2706 1656 locorum
2755 1602 3035 1669 omnium,
3084 1606 3141 1657 et
3179 1618 3311 1657 eum
3343 1605 3628 1673 putaverat
3655 1616 3755 1655 esse
3777 1603 3842 1665 te;

2225 1695 2280 1745 et
2310 1707 2443 1744 eum
2474 1691 2844 1744 collocaverat
2871 1690 2932 1744 in
2961 1691 3130 1746 corde
3158 1707 3285 1753 suo,
3318 1695 3374 1746 et
3402 1691 3542 1746 facta
3567 1693 3676 1746 erat
3698 1704 3844 1743 rursus

2219 1780 2505 1850 templum
2528 1779 2668 1835 idoli
2687 1780 2774 1834 sui
2799 1779 3250 1835 abominandum
3266 1780 3390 1836 tibi.
3419 1779 3525 1835 Sed
3541 1783 3844 1851 posteaquam

2220 1867 2408 1924 fovisti
2437 1873 2608 1940 caput
2635 1868 2957 1935 nescientis,
2982 1873 3039 1924 et
3066 1868 3315 1924 clausisti
3344 1869 3531 1924 oculos
3555 1884 3695 1922 meos
3713 1883 3769 1920 ne
3791 1863 3845 1918 vi-

2219 1956 2422 2011 derent
2457 1956 2788 2023 vanitatem,
2813 1957 3023 2011 cessavi
3055 1957 3124 2012 de
3155 1972 3247 2011 me
3276 1957 3592 2028 paululum,
3621 1959 3671 2009 et
3701 1969 3843 2007 conso-

2218 2044 2337 2116 pita
2366 2048 2450 2100 est
2479 2044 2704 2098 insania
2731 2061 2859 2098 mea
2883 2061 2896 2099 :
2930 2049 2987 2100 et
3029 2043 3294 2116 evigilavi
3324 2044 3384 2099 in
3412 2049 3487 2110 te,
3517 2047 3570 2098 et
3593 2041 3695 2097 vidi
3717 2047 3760 2096 te
3783 2040 3841 2094 in-

2219 2131 2444 2186 tinitum
2467 2131 2632 2187 aliter
2657 2151 2672 2200 ;
2703 2137 2759 2186 et
2786 2131 2937 2186 visus
2966 2131 3068 2185 iste
3093 2146 3206 2186 non
3237 2147 3272 2186 a
3292 2146 3459 2185 carne
3486 2129 3790 2185 trahebatur.

2885 2221 3111 2276 CAPUT
3149 2221 3255 2275 XV.

2433 2309 2706 2376 Quomodo
2748 2312 2951 2364 veritas
2989 2314 3039 2364 et
3066 2310 3292 2376 falsitas
3321 2311 3380 2363 in
3416 2307 3678 2362 creaturis.

2277 2399 2364 2452 2t.
2416 2399 2482 2452 Et
2523 2398 2746 2470 respexi
2781 2397 2913 2465 alia,
2959 2401 3016 2452 et
3052 2397 3170 2451 vidi
3207 2396 3316 2452 tibi
3345 2397 3548 2452 debere
3580 2393 3702 2466 quia
3727 2392 3841 2454 sunt,

2216 2489 2274 2540 et
2303 2485 2361 2539 in
2390 2489 2446 2540 te
2475 2491 2679 2541 cuncta
2710 2486 2870 2541 ﬁnita
2901 2503 2914 2541 :
2965 2486 3065 2541 sed
3100 2486 3291 2554 aliter,
3324 2502 3437 2540 non
3483 2483 3634 2556 quasi
3660 2481 3841 2540 inloco,

2215 2574 2311 2629 sed
2345 2575 2480 2646 quia
2510 2580 2576 2651 tu_
2623 2592 2682 2630 es
2727 2575 3092 2630 omnitenens
3121 2591 3300 2629 manu
3328 2574 3558 2628 veritate
3584 2589 3597 2639 ;
3628 2575 3678 2626 et
3701 2564 3844 2623 omnia

2215 2679 2348 2717 vera
2372 2668 2523 2725 sunt,
2548 2664 2605 2718 in
2635 2669 2916 2736 quantum
2939 2668 3070 2719 sunt
3094 2681 3106 2718 :
3131 2680 3236 2718 nec
3260 2664 3569 2736 quidquam
3590 2664 3666 2714 est
3683 2656 3844 2713 falsitas

2213 2749 2326 2804 nisi
2348 2767 2480 2804 cum
2511 2756 2746 2822 putatur
2773 2768 2894 2808 esse
2937 2753 3091 2824 quod
3120 2768 3238 2807 non
3259 2757 3366 2806 est.
3399 2753 3464 2806 Et
3488 2749 3598 2805 vidi
3623 2747 3739 2820 quia
3760 2757 3844 2798 non

2214 2839 2402 2893 solum
2450 2839 2590 2894 locis
2635 2857 2739 2895 sua
2768 2857 3012 2912 qumque
3059 2841 3176 2895 suis
3203 2839 3566 2905 conveniunt,
3608 2836 3693 2892 sed
3717 2833 3842 2888 etiam

2213 2924 2606 2996 temporibus:
2654 2930 2710 2980 et
2739 2925 2875 2998 quia
2920 2931 3004 2992 tu,
3053 2926 3155 2998 qui
3199 2927 3357 2981 solus
3387 2930 3624 2980 aeternus
3663 2938 3729 2986 es,
3760 2931 3842 2972 non

2214 3018 2344 3085 post
2373 3012 2822 3069 innumerabilia
2841 3015 3024 3086 spatia
3045 3019 3378 3086 temporum
3405 3012 3614 3085 coepisti
3633 3004 3840 3081 operari;

2214 3101 2348 3172 quia
2379 3101 2574 3156 omnia
2603 3103 2786 3175 spatia
2807 3107 3152 3174 temporum,
3185 3107 3242 3157 et
3275 3119 3405 3175 quae
3433 3097 3788 3174 praeterierunt
3808 3096 3846 3144 et

2213 3206 2345 3262 quae
2389 3191 2790 3261 praeteribunt,
2839 3208 2947 3246 nec
2992 3191 3216 3247 abirent
3266 3208 3370 3247 nec
3400 3189 3666 3254 venirent,
3701 3182 3787 3240 nisi
3809 3185 3846 3233 te

2213 3283 2488 3350 operante
2515 3283 2572 3335 et
2602 3284 2892 3336 manente.

2868 3369 3094 3424 CAPUT
3132 3369 3272 3424 XVI.

2460 3457 2654 3512 Omnia
2683 3457 2839 3527 bona,
2873 3459 2994 3513 licet
3022 3458 3355 3526 quibusdam
3384 3473 3490 3513 non
3511 3461 3653 3528 apta.

2280 3547 2369 3600 22.
2419 3546 2486 3600 Et
2517 3545 2688 3612 sensi,
2737 3550 2795 3600 et
2843 3551 3109 3617 expertus
3155 3563 3290 3602 sum
3336 3563 3452 3602 non
3507 3561 3620 3600 esse
3664 3538 3844 3596 mirum.

2211 3633 2364 3704 quod
2393 3634 2586 3704 palato
2606 3651 2723 3688 non
2742 3651 2879 3703 sano
2909 3651 3077 3706 poena
3106 3639 3190 3689 est
3216 3635 3408 3706 panis,
3434 3635 3530 3706 qui
3558 3647 3682 3687 sano
3705 3623 3844 3681 suavis

2211 3727 2328 3789 est;
2361 3727 2418 3777 et
2463 3721 2641 3777 oculis
2671 3722 2838 3794 aegris
2881 3723 3078 3778 odiosa
3112 3724 3228 3790 lux,
3266 3741 3397 3796 quae
3436 3721 3591 3794 puris
3619 3713 3840 3774 amabilis.

2211 3813 2278 3866 Et
2300 3811 2525 3882 justitia
2551 3817 2650 3867 tua
2670 3812 2931 3884 displicet
2957 3812 3206 3884 iniquis;
3242 3814 3458 3868 nedum
3481 3811 3666 3882 vipera
3689 3809 3734 3860 et
3758 3815 3844 3854 ver-

2209 3900 2475 3967 miculus,
2499 3917 2627 3971 quae
2658 3901 2807 3955 bona
2829 3901 3053 3969 creasti,
3079 3905 3214 3972 apta
3243 3900 3601 3957 inferioribus
3627 3897 3843 3950 creatura

2211 3993 2325 4043 ture
2357 3989 2649 4060 partibus;
2685 3989 2895 4060 quibus
2916 3994 2973 4044 et
3001 3989 3110 4061 ipsi
3135 3990 3325 4062 iniqui
3357 3989 3474 4062 apti
3505 3990 3651 4050 sunt,
3679 3980 3843 4054 quanto

2209 4076 2601 4131 dissimiliores
2671 4082 2804 4132 sunt
2857 4077 2997 4132 tibi:
3061 4078 3180 4149 apti
3237 4083 3430 4134 autem
3495 4068 3843 4147 superioribus.

2209 4168 2424 4236 quanto
2472 4164 2773 4220 similiores
2819 4166 2968 4220 ﬁunt
3010 4165 3135 4221 tibi.
3188 4168 3257 4221 Et
3303 4165 3537 4239 quaesivi
3581 4158 3704 4233 quid
3740 4155 3847 4209 esset

2209 4252 2504 4325 iniquitas,
2557 4258 2612 4309 et
2658 4271 2776 4309 non
2817 4253 3008 4309 inveni
3045 4255 3460 4310 substantiam:
3493 4251 3588 4307 sed
3615 4266 3646 4303 a
3671 4254 3845 4300 summa

2209 4342 2547 4410 substantia,
2575 4347 2629 4398 te
2660 4344 2796 4411 Deo,
2829 4343 3066 4398 detorta:
3091 4343 3151 4398 in
3179 4343 3382 4399 intima
3403 4341 3422 4376 ί
3454 4335 3733 4396 voluntatis
3757 4343 3847 4402 per-

2207 4431 2554 4498 versitatem,
2600 4431 2952 4503 projicientis
2993 4431 3198 4487 intima
3237 4449 3343 4489 sua
3387 4431 3574 4502 (Eccti.
3614 4443 3662 4492 ι,
3697 4423 3778 4488 10},
3806 4419 3846 4466 θί

2209 4519 2577 4574 tumescentis
2604 4520 2776 4575 foras.

2851 4609 3077 4664 CAPUT
3107 4610 3272 4664 XVII.

2470 4697 2596 4764 Qum
2613 4697 2892 4752 retardent
2919 4714 2955 4752 a
2983 4699 3284 4766 cognitione
3306 4695 3628 4752 divinorum.

2279 4787 2368 4840 23.
2403 4787 2470 4841 Et
2514 4786 2764 4841 mirabar
2807 4787 2965 4858 quod
3003 4786 3124 4857 jam
3162 4789 3216 4840 te
3247 4785 3530 4848 amabam,
3564 4771 3846 4867 malim.“

2209 4874 2566 4944 phantasma.
2603 4876 2668 4930 Et
2697 4892 2810 4930 non
2839 4875 3060 4930 stabam
3081 4878 3102 4910 ί
3130 4874 3244 4928 frui
3277 4874 3391 4928 Deo
3420 4887 3565 4938 meo,
3596 4865 3681 4921 sed
3702 4865 3844 4930 rapte:

2209 4961 2312 5017 bar
2344 4963 2412 5017 ad
2441 4968 2494 5018 te
2523 4963 2725 5018 decore
2751 4968 2850 5019 tuo
2876 4981 2890 5032 ;
2924 4979 3172 5034 moxque
3199 4961 3523 5034 deripiebar
3548 4955 3639 5011 abs
3678 4957 3725 5005 te
3745 4958 3847 5034 Ρφυ·

2210 5049 2344 5105 dere
2375 5067 2526 5117 meo,
2558 5054 2613 5104 et
2642 5031 2883 5106 ruebamr
2919 5051 2976 5106 in
3009 5031 3118 5105 ista
3144 5065 3275 5104 cum
3316 5031 3562 5119 gemitu:
3591 5045 3643 5096 et
3667 5031 3847 5125 pandi}s

2208 5138 2336 5205 hoc,
2370 5136 2716 5191 consuetudo
2745 5137 3006 5192 carnalis.
3057 5137 3168 5192 Sed
3206 5151 3432 5190 mecum
3462 5135 3577 5187 erat
3610 5130 3845 5182 memol'nl

2272 5244 2286 5277 ¹
2307 5242 2390 5290 Sic
2407 5241 2530 5290 Bad.
2550 5241 2665 5295 Am.
2683 5245 2736 5289 et
2750 5241 2833 5289 Er.
2853 5240 3030 5303 sicque
3059 5242 3181 5289 Mss.
3207 5239 3362 5302 Angl.
3394 5241 3445 5286 et
3458 5235 3626 5303 plures
3639 5225 3845 5303 ennqsgis

2207 5282 2670 5352 Μεεῖᾋῖἶὲιίῗὲἰ
2685 5282 3660 5365 31;:diaru‘a.'&:gbp;°;_;._eam»,
3674 5282 3845 5365 $331113:

2207 5347 3065 5428 gaigami'gaitav:asinam};
3074 5347 3318 5428 ama?»
3332 5347 3351 5425 ’[
3357 5347 3568 5412 ἀειὸέ-ιστ
3583 5361 3635 5406 in
3645 5347 3799 5414 inﬁma
3805 5353 3844 5389 πθ

2209 5425 2502 5476 voluntati:
2519 5427 2955 5489 perversitatem]
2967 5463 2978 5475 .
3131 5425 3139 5428 ⁷
3160 5487 3168 5489 Α
3229 5487 3236 5489 _
3440 5486 3448 5489 ,
3607 5478 3617 5488 .

2274 5468 2296 5523 έ
2305 5468 2508 5539 Iitii'éi
2519 5468 2606 5540 EF.
2622 5468 2755 5538 'ciizii
2764 5468 3137 5552 lissi-quatuor
3159 5487 3373 5547 habent,
3400 5486 3451 5537 et
3475 5494 3578 5534 non
3597 5468 3842 5530 instabam-
