4058 6174
444 327 547 383 747

1265 402 1273 423 l

435 465 571 505 vero
597 464 666 503 ex
693 452 749 504 te
779 461 900 503 esse
929 445 1142 515 omnia,
1176 445 1283 501 hoc
1324 446 1446 501 solo
1472 444 1801 500 ﬁrmissimo
1827 443 2136 499 documen-

433 543 514 606 to,
548 538 683 609 quia
715 541 884 593 sunt:
917 542 1103 591 certus
1128 536 1361 607 quidem
1389 535 1451 589 in
1481 534 1600 588 istis
1630 549 1808 601 eram,
1841 532 2014 587 nimis
2046 536 2134 587 ta-

440 644 575 683 men
599 627 860 681 inﬁrmus
882 627 954 681 ad
985 626 1289 680 fruendum
1321 629 1396 679 te.
1420 623 1749 679 Garriebam
1781 624 1945 694 plane
1978 620 2140 693 quasi

442 717 679 789 peritus,
712 720 768 770 et
795 715 907 770 nisi
936 714 998 768 in
1020 714 1237 769 Christo
1261 714 1546 768 Salvatore
1578 716 1767 767 nostro
1798 712 1950 765 viam
1980 714 2138 765 tuam

442 821 779 877 qumrerem,
825 821 943 858 non
994 803 1233 874 peritus,
1276 802 1373 856 sed
1416 801 1706 872 periturus
1752 817 1959 856 essem.
2014 802 2140 855 Jam

442 893 597 947 enim
618 908 901 963 coeperam
925 893 1067 945 velle
1096 889 1275 945 videri
1297 890 1541 961 sapiens,
1567 891 1767 961 plenus
1787 906 1956 960 pruna
1978 902 2137 942 mea:

442 985 500 1035 et
527 997 644 1035 non
673 981 899 1042 flebam,
935 980 1171 1050 insuper
1200 983 1256 1033 et
1284 979 1528 1033 intlabar
1557 978 1815 1032 scientia.
1854 977 1958 1033 Ubi
1990 976 2142 1031 enim

442 1072 565 1122 erat
591 1069 688 1123 illa
717 1069 1003 1123 aediﬁcans
1033 1068 1276 1121 charitas
1302 1084 1334 1120 a
1364 1067 1736 1121 fundamento
1777 1065 2138 1129 humilitatis,

442 1157 597 1229 quod
644 1161 729 1212 est
756 1157 1011 1212 Christus
1052 1156 1260 1210 Jesus?
1283 1158 1396 1209 Aut
1431 1155 1660 1227 quando
1702 1155 1785 1209 illi
1810 1154 1944 1208 libri
1975 1153 2143 1208 doce-

442 1249 574 1298 rent
593 1259 683 1298 me
713 1244 886 1298 eam?
917 1244 978 1297 In
1010 1259 1155 1314 quos
1176 1259 1266 1296 me
1292 1247 1615 1312 propterea,
1641 1240 1977 1311 priusquam
2005 1238 2147 1294 Scri-

440 1335 641 1403 pturas
672 1336 795 1385 tuas
823 1331 1265 1398 considerarem,
1298 1331 1465 1385 credo
1488 1329 1714 1384 voluisti
1743 1330 2056 1391 incurrere,
2083 1329 2147 1381 ut

442 1420 875 1493 imprimeretur
902 1419 1199 1475 memoriae
1227 1436 1370 1473 meae
1398 1418 1685 1490 quomodo
1716 1434 1781 1473 ex
1804 1417 1886 1472 eis
1916 1416 2146 1470 affectus

444 1525 667 1565 essem:
700 1515 756 1564 et
783 1525 913 1564 cum
949 1513 1148 1580 postea
1177 1507 1238 1563 in
1273 1508 1433 1563 libris
1466 1508 1577 1562 tuis
1607 1506 2029 1561 mansuefactus
2059 1520 2146 1559 es-

445 1615 587 1665 sem,
620 1603 676 1654 et
699 1598 1029 1654 curantibus
1052 1597 1244 1669 digitis
1264 1597 1378 1652 tuis
1409 1599 1893 1652 contrectarentur
1911 1594 2148 1649 vulnera

445 1706 610 1758 mea;
642 1689 1023 1744 discernerem
1043 1692 1213 1759 atque
1244 1687 1652 1758 distinguerem
1679 1685 1819 1758 quid
1850 1684 2150 1738 interesset

444 1778 597 1834 inter
623 1777 1133 1849 praesumptionem
1160 1782 1216 1831 et
1243 1776 1691 1843 confessionem;
1714 1775 1865 1829 inter
1894 1772 2149 1827 videntes

446 1885 561 1941 quo
592 1868 843 1923 eundum
877 1866 950 1920 sit
978 1882 1081 1920 nec
1118 1864 1377 1919 videntes
1411 1881 1545 1935 qua,
1577 1868 1633 1919 et
1662 1863 1812 1918 viam
1844 1862 2149 1917 ducentem

380 1978 385 1983 τ
446 1957 515 2011 ad
535 1955 857 2011 bcatiﬁcam
886 1954 1155 2025 patriam,
1185 1970 1303 2008 non
1331 1957 1553 2008 tantum
1576 1950 1941 2018 cernendum,
1974 1949 2069 2004 sed
2096 1953 2151 2003 et

445 2044 833 2099 habitandam.
871 2043 1013 2097 Nam
1044 2042 1090 2096 si
1119 2042 1307 2112 primo
1339 2041 1544 2095 sanctis
1573 2040 1688 2094 tuis
1720 2038 1942 2094 Litteris
1971 2037 2148 2092 infor-

448 2136 635 2187 matus
673 2148 874 2199 essem,
909 2136 966 2186 et
1002 2130 1062 2184 in
1103 2147 1300 2185 earum
1336 2129 1727 2185 familiaritate
1765 2126 2151 2183 obdulcuisses

448 2220 613 2288 mihi,
645 2224 703 2275 et
733 2224 932 2291 postea
961 2218 1023 2273 in
1062 2219 1161 2273 illa
1190 2220 1483 2273 volumina
1513 2218 1840 2272 incidissem
1866 2233 1879 2271 :
1911 2216 2150 2271 fortasse

451 2313 551 2364 aut
580 2306 962 2379 abripuissent
990 2323 1082 2361 me
1112 2325 1146 2361 a
1174 2306 1546 2361 solidamento
1585 2306 1835 2377 pietatis,
1875 2309 1973 2359 aut
2001 2304 2049 2358 si
2090 2304 2150 2359 in

448 2398 653 2453 affectu
681 2413 853 2469 quem
882 2396 1170 2452 salubrem
1199 2396 1538 2451 imbiberam
1553 2395 1948 2466 perstitissem,
1983 2399 2150 2466 puta-

447 2503 573 2543 rem
602 2487 774 2542 etiam
796 2503 863 2542 ex
890 2485 1002 2541 illis
1031 2485 1192 2541 libris
1222 2502 1353 2540 eum
1384 2502 1548 2558 posse
1580 2484 1822 2558 concipi,
1853 2484 1900 2540 si
1931 2502 2028 2540 eos
2056 2500 2149 2541 so-

449 2576 537 2631 los
559 2575 863 2649 quisquam
894 2574 1198 2631 didicisset.

1102 2716 1328 2772 CAPUT
1364 2716 1498 2771 XXI.

557 2822 703 2893 Quid
728 2825 787 2879 in
814 2824 986 2880 sacris
1014 2823 1194 2879 Libris
1223 2825 1511 2891 invenerit,
1541 2836 1650 2878 non
1677 2823 1959 2879 inventum
1988 2823 2047 2877 in

1146 2913 1459 2967 Platonicis.

522 3023 610 3076 27.
656 3020 854 3092 Itaque
901 3018 1219 3074 avidissime
1267 3017 1486 3090 arripui
1523 3016 1912 3073 venerabilem
1958 3017 2150 3073 stilum

451 3108 698 3180 Spiritus
743 3108 849 3175 tui,
883 3112 937 3162 et
964 3124 1084 3178 prae
1132 3107 1354 3162 caeteris
1397 3109 1719 3178 apostolum
1768 3107 2051 3175 Paulum;
2094 3111 2153 3162 et

451 3196 751 3269 perierunt
774 3196 888 3251 ille:
911 3195 1255 3267 quaestiones
1274 3195 1333 3250 in
1365 3197 1570 3267 quibus
1589 3195 1731 3250 mihi
1751 3196 2061 3268 aliquando
2079 3196 2154 3250 vi-

454 3303 551 3340 sus
580 3289 664 3340 est
691 3284 978 3339 adversari
1025 3284 1152 3351 sibi,
1185 3288 1240 3338 et
1284 3299 1402 3339 non
1447 3301 1761 3355 congruere
1809 3284 2152 3339 testimoniis

456 3372 618 3444 Legis
648 3378 705 3427 et
733 3373 1147 3443 Prophetarum
1180 3375 1366 3426 textus
1397 3372 1674 3427 sermonis
1707 3372 1849 3443 ejus.
1883 3373 1949 3427 Et
1976 3389 2152 3443 appa-

453 3462 573 3517 ruit
598 3460 745 3516 mihi
773 3476 889 3516 una
919 3459 1087 3515 facies
1124 3460 1499 3531 ’eloquiorum
1547 3466 1854 3529 castorum,
1897 3464 1954 3516 et
1995 3461 2153 3515 exul-

450 3555 573 3606 tare
598 3566 730 3606 cum
773 3554 1024 3606 tremore
1070 3549 1262 3605 didici.
1313 3551 1377 3605 Et
1405 3550 1549 3622 coepi
1578 3553 1621 3619 ί,
1649 3553 1704 3605 et
1745 3549 1940 3605 inveni
1985 3549 2155 3622 quid-

454 3639 594 3712 quid
615 3640 745 3694 illac
771 3654 968 3694 verum
1011 3639 1284 3709 legeram,
1335 3638 1441 3693 hac
1479 3655 1610 3693 cum
1659 3638 2151 3693 commendatione

456 3729 654 3800 gratiae
682 3733 800 3783 tuas
831 3728 970 3795 dici;
1000 3731 1061 3781 ut
1097 3727 1197 3799 qui
1227 3725 1399 3794 videt,
1431 3742 1550 3781 non
1579 3726 1659 3781 sic
1687 3727 1961 3798 glorietur
1991 3726 2157 3798 quasi

456 3833 573 3873 non
601 3815 900 3887 acceperit,
933 3832 1050 3870 non
1077 3816 1266 3869 solum
1292 3815 1351 3869 id
1382 3815 1535 3886 quod
1564 3814 1739 3882 videt,
1773 3817 1870 3871 sed
1890 3817 2061 3871 etiam
2092 3821 2158 3872 ut

456 3903 647 3959 videat
661 3903 823 3976 (quid
837 3903 989 3957 enim
1002 3903 1174 3957 habet
1186 3903 1338 3974 quod
1355 3919 1471 3957 non
1483 3904 1735 3973 accepit?
1748 3903 1794 3975 [Ι
1813 3906 1931 3960 Cor.
1949 3921 2023 3974 IV,
2036 3903 2116 3977 7])
2139 3923 2152 3961 :

461 3995 517 4048 et
547 3996 611 4048 ut
636 3996 711 4059 te,
744 3991 845 4063 qui
875 4008 934 4046 es
963 4007 1189 4062 semper
1220 3992 1390 4062 idem,
1421 4007 1540 4046 non
1565 3992 1749 4046 solum
1780 3991 2161 4048 admoneatur

458 4085 524 4138 ut
549 4080 755 4149 videat,
788 4080 886 4136 sed
912 4079 1085 4136 etiam
1114 4084 1348 4136 sanetur
1377 4084 1437 4135 ut
1463 4083 1693 4136 teneat:
1727 4083 1784 4135 et
1810 4079 1910 4153 qui
1940 4081 2009 4136 de
2037 4080 2159 4137 lon-

522 4254 537 4289 ¹
564 4252 711 4316 Cepi,
724 4249 882 4316 juxta
903 4250 1039 4301 Dub.
1065 4250 1218 4299 Mart.
1245 4247 1415 4299 Rond.
1441 4249 1510 4298 Μ.

1633 317 2169 378 CONFESSIONUM
2222 318 2277 378 S.
2348 317 2759 377 AUGUSTINI.
3793 328 3877 383 748

2246 442 2461 515 ginquo
2489 441 2679 497 videre
2717 456 2835 496 non
2862 442 3068 513 potest,
3098 437 3249 495 viam
3288 441 3476 496 tamen
3514 442 3744 500 ambulet
3784 463 3875 519 qua

2247 531 2457 594 veniat,
2498 536 2557 585 et
2596 529 2801 594 videat,
2837 533 2893 584 et
2918 531 3142 596 teneat;
3193 530 3332 600 quia
3377 530 3478 584 etsi
3521 533 3881 591 condelectetur

2248 619 2420 674 homo
2450 618 2563 689 legi
2595 618 2694 673 Dei
2723 618 3038 673 secundum
3080 618 3415 674 interiorem
3454 620 3743 693 hominem,
3766 625 3876 695 quid

2250 708 2416 763 faciet
2446 709 2515 763 de
2548 708 2658 763 alia
2687 709 2814 779 lege
2842 709 2903 762 in
2950 707 3226 762 membris
3267 708 3402 776 suis,
3430 716 3758 781 repugnante
3799 713 3886 783 legi

2252 799 2462 852 mentis
2492 815 2629 865 suas,
2664 802 2721 853 et
2748 815 2807 852 se
2836 798 3125 868 captivum
3170 798 3409 851 ducente
3453 797 3506 853 in
3536 799 3649 870 lege
3691 802 3886 871 peccati,

2251 904 2382 958 quae
2411 892 2497 942 est
2517 888 2575 941 in
2596 887 2869 942 membris
2890 888 3050 957 ejus?
3072 886 3353 951 Quoniam
3367 886 3546 956 justus
3565 905 3639 953 es,
3666 889 3888 956 Domine;

2251 992 2356 1031 nos
2386 980 2575 1030 autem
2604 976 2980 1048 peccavimus,
3013 975 3211 1047 inique
3242 974 3492 1038 fecimus,
3524 976 3705 1047 inique
3741 978 3886 1048 gessi-

2253 1080 2401 1131 mus,
2427 1070 2484 1119 et
2503 1069 2735 1136 gravata
2764 1068 2843 1119 est
2871 1080 3044 1134 super
3070 1080 3175 1118 nos
3204 1080 3405 1118 manus
3434 1069 3548 1132 tua,
3577 1070 3629 1118 et
3649 1065 3782 1134 juste
3801 1070 3885 1119 tra-

2254 1153 2358 1208 diti
2387 1170 2584 1208 sumus
2616 1153 2772 1224 (Dan.
2814 1169 2895 1221 ιιῐ,
2925 1153 3119 1222 27-32)
3150 1152 3384 1223 antiquo
3412 1154 3678 1223 peccatori
3705 1169 3887 1224 praepo-

2255 1242 2360 1297 sito
2393 1241 2619 1310 mortis;
2653 1240 2790 1313 quia
2823 1241 3105 1313 persuasit
3133 1241 3412 1295 voluntati
3442 1246 3639 1296 nostrae
3673 1241 3890 1296 similitu-

2259 1331 2453 1387 dinem
2500 1330 2811 1386 voluntatis
2855 1346 2994 1397 suze,
3039 1347 3152 1402 qua
3182 1328 3244 1384 iu
3272 1330 3504 1385 veritate
3533 1334 3630 1385 tua
3655 1346 3761 1384 non
3778 1329 3893 1384 stetit
3988 1346 3989 1349 ‘

2257 1420 2445 1492 (Joan.
2493 1437 2611 1487 vni,
2656 1420 2765 1489 44).
2815 1419 2963 1484 Quid
3008 1419 3174 1474 faciet
3215 1418 3391 1473 miser
3418 1419 3627 1474 homo?
3656 1418 3774 1484 Quis
3797 1434 3891 1473 eum

2257 1508 2521 1564 liberabit
2549 1509 2618 1564 de
2648 1524 2887 1579 corpore
2920 1508 3120 1562 mortis
3148 1507 3343 1579 hujus,
3377 1507 3485 1562 nisi
3516 1508 3691 1579 gratia
3714 1513 3797 1562 tua
3820 1522 3894 1578 per

2257 1599 2450 1654 Jesum
2480 1597 2768 1652 Christum
2796 1596 3099 1651 Dominum
3127 1600 3393 1651 nostrum
3422 1595 3587 1666 (Rom.
3612 1613 3700 1662 vn,
3724 1596 3892 1665 23-25),
3933 1620 3940 1628 -

2260 1702 2434 1758 quem
2454 1685 2706 1757 genuisti
2735 1690 3109 1754 comternum,
3136 1690 3191 1740 et
3222 1684 3427 1740 creasti
3455 1684 3515 1739 in
3542 1684 3795 1756 principio
3812 1684 3896 1737 via-

2258 1791 2391 1831 rum
2421 1780 2649 1829 tuarum
2693 1775 2883 1844 (Prov.
2937 1790 3052 1840 vui,
3084 1774 3200 1845 22),
3245 1773 3307 1828 in
3358 1789 3471 1845 quo
3496 1774 3742 1844 princeps
3766 1771 3894 1841 hujus

2260 1864 2463 1919 mundi
2493 1880 2609 1918 non
2636 1863 2854 1918 invenit
2895 1863 3212 1935 quidquam
3260 1867 3446 1917 morte
3493 1862 3716 1933 dignum
3756 1861 3893 1930 (Joan.

2258 1969 2368 2017 xxv,
2423 1954 2531 2022 30),
2561 1957 2617 2007 et
2645 1951 2848 2007 occidit
2888 1968 3054 2019 eum;
3085 1956 3142 2006 et
3170 1955 3507 2006 evacuatum
3554 1955 3634 2005 est
3664 1948 3894 2019 chirogra-

2260 2041 2441 2113 phum
2482 2041 2635 2112 quod
2681 2045 2802 2096 erat
2846 2040 3196 2097 contrarium
3242 2039 3413 2095 nobis
3460 2040 3683 2112 (Coloss.
3721 2055 3772 2104 ιι,
3800 2034 3891 2105 ti)?

2263 2132 2380 2186 Hoc
2402 2131 2515 2184 illae
2544 2129 2746 2185 litterae
2778 2145 2894 2184 non
2932 2129 3162 2184 habent.
3211 2130 3334 2184 Non
3367 2128 3578 2182 habent
3597 2127 3700 2181 illae
3724 2124 3894 2197 paginae

2261 2219 2485 2274 vultum
2518 2219 2745 2289 pietatis
2782 2219 2974 2290 hujus,
3012 2218 3291 2288 lacrymas
3325 2215 3704 2281 confessionis,
3742 2210 3899 2267 sacriﬁ-

2264 2307 2417 2362 cium
2436 2311 2621 2374 tuum,
2652 2306 2917 2379 spiritum
2945 2307 3415 2375 contribulatum,
3450 2322 3545 2361 cor
3572 2303 3839 2359 contritum
3858 2305 3898 2351 et

2263 2396 2630 2452 humiliatum
2685 2398 2846 2467 (Psat.
2891 2413 2942 2465 L,
2997 2398 3104 2467 19),
3144 2396 3355 2468 populi
3401 2396 3654 2462 salutem,
3686 2405 3896 2465 sponsam

2265 2486 2547 2541 civitatem
2599 2485 2789 2558 (Apoc.
2836 2502 2950 2554 xxx,
2999 2487 3078 2558 2),
3128 2486 3358 2540 arrham
3408 2484 3645 2556 Spiritus
3683 2480 3829 2537 sancti
3852 2478 3899 2547 (ll

2266 2577 2384 2634 Cor.
2418 2592 2469 2643 v,
2506 2581 2579 2644 5),
2612 2576 2882 2648 poculum
2922 2576 3093 2647 pretii
3131 2576 3339 2631 nostri.
3393 2577 3570 2631 Nemo
3610 2572 3686 2628 ibi
3726 2572 3899 2626 cantat:

2265 2667 2451 2723 Nonne
2477 2668 2582 2721 Deo
2611 2665 2833 2721 subdita
2862 2667 2967 2720 erit
2995 2667 3180 2720 anima
3207 2668 3371 2721 mea?
3396 2666 3486 2721 Ab
3513 2668 3627 2734 ipso
3652 2664 3775 2717 enim
3798 2659 3903 2713 salu-

2267 2758 2385 2809 tare
2409 2770 2601 2809 meum.
2653 2757 2865 2810 Etenim
2905 2756 3023 2824 ipse
3068 2757 3205 2809 Deus
3236 2770 3388 2810 meus
3413 2759 3464 2809 et
3488 2752 3730 2808 salutaris
3769 2761 3901 2811 naeus;

2264 2849 2539 2913 susceptor
2566 2858 2731 2910 meus,
2763 2858 2869 2898 non
2895 2843 3142 2899 movebor
3172 2845 3416 2913 amplius
3466 2842 3628 2913 (Psal.
3670 2855 3759 2899 LXI,
3784 2840 3828 2902 2,
3852 2838 3904 2900 3).

2267 2933 2443 2987 Nemo
2464 2931 2546 2987 ibi
2567 2932 2730 2987 audit
2749 2936 3045 2987 vocantem
3071 2948 3084 2987 :
3113 2934 3304 2988 Venite
3324 2932 3401 2987 ad
3428 2947 3531 2998 me,
3561 2930 3654 3000 qui
3679 2924 3901 2982 laboratis.

2268 3020 2664 3092 Dedignantur
2702 3019 2772 3075 ab
2818 3037 2885 3075 eo
2916 3020 3135 3076 discere
3175 3020 3457 3093 quoniam
3498 3018 3647 3074 mitis
3670 3019 3746 3071 est
3762 3018 3811 3068 et
3825 3012 3905 3067 hu-

2267 3107 2419 3164 milis
2463 3108 2651 3164 corde.
2700 3108 3057 3164 Abscondisti
3103 3108 3258 3163 enim
3305 3109 3433 3164 haec
3474 3125 3509 3163 a
3541 3102 3850 3177 sapientibus
3866 3102 3907 3150 et

2265 3197 2665 3268 prudentibus,
2718 3200 2774 3252 et
2801 3196 3062 3253 revelasti
3105 3213 3173 3252 ea
3199 3197 3462 3269 parvulis
3515 3194 3715 3267 (Matth.
3758 3188 3904 3256 ιιλᾶ
3988 3232 3989 3235 η

2265 3288 2356 3356 29,
2386 3286 2494 3356 25).
2529 3286 2596 3340 Et
2634 3283 2789 3341 aliud
2831 3289 2916 3340 est
2944 3286 3015 3340 de
3057 3285 3305 3353 silvestri
3337 3285 3627 3341 cacumine
3646 3280 3813 3336 videre
3832 3290 3905 3346 pa-

2266 3373 2437 3428 triam
2465 3373 2638 3445 pacis,
2662 3377 2719 3428 et
2740 3372 2851 3428 iter
2869 3373 2943 3428 ad
2964 3390 3090 3429 eam
3111 3390 3229 3430 non
3243 3374 3531 3442 invenire,
3563 3376 3618 3428 et
3644 3371 3826 3427 frustra
3845 3377 3907 3417 c0.

2266 3462 2392 3517 nari
2436 3479 2539 3533 per
2574 3461 2744 3525 invia,
2796 3461 3008 3518 circum
3059 3462 3464 3518 obsidentibus
3492 3467 3549 3517 et
3575 3453 3907 3515 insidiantibus

2265 3550 2518 3623 fugitivis
2545 3551 2950 3622 desertoribus,
2982 3567 3112 3606 cum
3138 3551 3405 3625 principe
3434 3568 3541 3606 suo
3570 3551 3724 3605 leone
3747 3547 3796 3599 et
3814 3541 3908 3596 dra-

2267 3656 2445 3696 cone:
2477 3644 2537 3696 et
2563 3640 2720 3696 aliud
2761 3645 2957 3696 tenere
3001 3640 3154 3696 viam
3200 3641 3346 3696 illuc
3394 3641 3709 3704 ducentem,
3754 3627 3908 3687 curia‘

2265 3729 2507 3786 caelestis
2536 3730 2897 3802 Imperatoris
2936 3729 3240 3797 munitam,
3269 3729 3378 3786 ubi
3406 3745 3525 3784 non
3561 3722 3908 3782 latrocinantur

2265 3818 2369 3892 qui
2394 3818 2678 3875 caelestem
2711 3818 2975 3874 militiam
3004 3819 3417 3887 deseruerunt;
3450 3818 3635 3872 vitant
3660 3812 3796 3869 enim
3817 3819 3906 3862 eam

2265 3909 2410 3964 sicut
2432 3908 2797 3980 supplicium.
2826 3910 2956 3963 Haec
2985 3907 3131 3964 mihi
3151 3908 3645 3964 inviscerabantur
3668 3898 3808 3958 miris
3825 3909 3909 3951 mo-

2266 3998 2377 4064 dis,
2408 4013 2540 4051 cum
2569 3996 2876 4053 minimum
2904 3996 3316 4069 Apostolorum
3350 4002 3589 4053 tuorum
3615 3994 3851 4064 legerem,
3872 3984 3911 4035 εί

2265 4082 2756 4141 consideraveram
2785 4101 2961 4158 Opera
2987 4089 3106 4155 tua,
3139 4090 3197 4141 et
3224 4100 3590 4158 expaveram.

2328 4186 2358 4250 1_
2373 4185 2434 4234 In
2457 4184 2611 4250 Edd.,
2639 4196 2798 4245 cura;
2825 4187 2880 4236 at
2904 4183 2962 4235 in
2988 4184 3112 4235 Mss.
3141 4184 3370 4250 Benign.
3402 4185 3565 4250 longe
3590 4180 3783 4238 melius,
3799 4167 3911 4225 σιτία

2263 4247 2482 4298 caelestis
2500 4248 2879 4331 Imperatoris.‘

2233 4364 3905 4393 ________________________________________._.—

1528 4473 2042 4596 LIBER
2110 4470 2906 4599 OCTAVUS.

520 4665 653 4716 Vitas
678 4664 843 4728 ipsius
866 4666 1065 4729 partem
1097 4659 1311 4721 attingit
1335 4656 1752 4717 celeberrimam,
1775 4670 1976 4706 annum
1997 4657 2166 4707 astatis
2186 4656 2516 4728 trigesimum
2537 4655 2847 4727 secundum,
2871 4668 2972 4727 quo
2994 4666 3182 4767 nempe
3198 4667 3323 4704 cum
3354 4652 3748 4718 Simplicianum
3774 4646 3916 4709 θοηξυ’

520 4728 669 4767 ligant-
685 4727 750 4767 ιιι.
767 4740 934 4767 anmm
957 4725 1226 4767 didicisset
1245 4721 1500 4767 Victorini
1519 4719 1936 4767 conversionem.
1955 4733 2077 4767 cum
2095 4718 2309 4767 Antonii
2330 4719 2558 4767 Eavntii
2584 4718 2831 4767 monachi
2851 4722 3012 4767 Vitam
3032 4731 3097 4767 ex
3156 4718 3409 4767 ontitiani
3430 4716 3681 4767 relatione
3694 4711 3915 4767 00800”

467 4728 671 4789 luisset,
685 4717 750 4776 ab
767 4717 934 4789 eoque
957 4717 1500 4789 didicissetVictorini
1519 4719 1936 4789 conversionem.
1955 4733 2077 4769 eum
2095 4717 2309 4789 Antonii
2330 4719 2561 4789 {Egyptii
2584 4717 2831 4789 mo_na_e_hi
2851 4717 3019 4789 vitam.
3030 4731 3097 4789 ex

461 4774 711 4853 ééi,";i§§i
724 4774 1306 4853 vehementemluctam
1328 4796 1540 4853 carnem
1562 4782 1699 4853 inter
1717 4785 1771 4853 et
1793 4774 2048 4853 animum,
2072 4780 2308 4853 codicem
2328 4774 2565 4853 Αῖῖὀεὶοιὶ
2585 4780 2785 4853 ασεξιθέῑί
2807 4779 3112 4830 admonitus
3132 4780 3352 4831 oraculo
3374 4778 3635 4844 inspexit;
3660 4779 3857 4834 moxque
3870 4774 3915 4811 ει

460 4842 606 4902 illius
633 4851 857 4902 lectione
885 4849 952 4900 ad
984 4848 1257 4899 meliorem
1280 4847 1486 4911 frugem
1516 4848 1626 4895 toto
1656 4844 1833 4894 animo
1862 4844 2170 4894 immutatus
2198 4842 2299 4893 fuit
2325 4842 2582 4907 pleneque
2608 4842 2673 4892 ad
2702 4842 2869 4892 Deum
2894 4855 3202 4893 conversus.

2072 4952 2366 4968 --

670 5074 675 5078 ο
1033 5045 1258 5101 CAPUT
1297 5042 1588 5099 PRIMUM.

528 5137 724 5197 Studia
748 5137 872 5193 vitae
894 5135 1083 5191 melius
1102 5133 1447 5190 instituendas
1475 5136 1551 5188 ad
1568 5130 1984 5202 Simplicianum
2010 5131 2092 5186 ire

1204 5224 1420 5278 statuit.

2143 5030 2169 5065 ³
2262 5039 2463 5117 similis
2495 5040 2632 5098 tibi?
2659 5040 2828 5112 (Psal.
2874 5057 3058 5112 xxxxv,
3110 5040 3227 5114 10.)
3256 5038 3541 5112 Dirupisti
3566 5032 3776 5092 vincula
3798 5036 3916 5117 inea.

2260 5116 2573 5186 sacriﬁcem
2601 5130 2704 5186 tibi
2734 5130 3076 5186 sacrificium
3103 5130 3287 5186 laudis
3314 5129 3489 5202 (Psal.
3522 5142 3642 5195 cxv,
3677 5121 3772 5191 17).
3799 5116 3914 5180 Οιιο⁶

2257 5221 2428 5276 modo
2457 5220 2726 5293 dirupisti
2750 5237 2836 5288 ea,
2871 5220 3146 5289 narrabo;
3178 5224 3236 5275 et
3263 5201 3463 5274 dicent
3488 5230 3685 5273 omnes
3707 5206 3795 5281 qui
3819 5201 3916 5293 adf"

532 5321 583 5374 1.
616 5318 763 5373 Deus
808 5329 992 5376 meus,
1037 5311 1300 5367 recorder
1327 5310 1387 5366 in
1432 5309 1749 5382 gratiarum
1780 5308 1999 5364 actione
2028 5307 2153 5375 tibi,
2256 5312 2387 5363 rant
2402 5313 2481 5380 te,
2501 5287 2632 5365 cum
2652 5309 2892 5366 audient
2909 5310 3063 5365 haec:
3089 5287 3428 5367 Benedictus
3449 5304 3722 5362 Dominus
3740 5297 3794 5353 in
3809 5287 3917 5348 οωιο

457 5410 517 5463 et
542 5405 819 5462 conﬁtear
856 5399 1277 5458 misericordias
1300 5404 1426 5454 tuas
1456 5414 1629 5470 super
1656 5414 1769 5453 me.
1801 5397 2156 5453 Perfundan-

2254 5401 2309 5452 et
2338 5395 2398 5451 in
2425 5403 2607 5467 terra;
2639 5402 2997 5471 magnum’et
3020 5398 3279 5453 mirabile
3298 5412 3518 5451 nomen
3548 5394 3687 5465 ejus.
3714 5385 3912 5471 Inhwf'

454 5499 552 5551 tur
575 5510 699 5550 ossa
721 5510 850 5550 mea
869 5488 1172 5547 dilectione
1202 5492 1303 5544 tua
1331 5485 1373 5556 ί,
1407 5492 1464 5543 et
1492 5488 1720 5544 dicant:
1751 5488 1994 5555 Domine,
2030 5488 2154 5557 quis
2251 5489 2382 5541 rant
2408 5465 2899 5557 praecordiis'meis
2916 5488 3088 5543 verba
3107 5491 3224 5556 tua,
3249 5488 3309 5541 et
3339 5484 3602 5557 undique
3631 5465 3913 5557 circumtai'

517 5595 534 5631 ι
559 5592 685 5644 Bad.
716 5591 831 5643 Am.
859 5590 946 5641 Er.
976 5600 1098 5640 cum
1119 5586 1298 5639 codice
1323 5585 1461 5647 Alb.,
1481 5584 1828 5639 delectatione
1849 5587 1965 5639 tua.

672 5780 699 5791 α

2251 5554 2533 5632 labar—abs
2554 5580 2628 5632 te.
2653 5578 2730 5633 De
2749 5577 2865 5635 vita
2884 5581 2983 5633 tua
3011 5554 3225 5633 aeterna
3246 5578 3444 5632 certus
3475 5554 3631 5630 eram
3655 5585 3669 5625 :
3698 5554 3913 5639 quam"is

3190 4718 3409 4768 ntitiani
3430 4711 3681 4767 relatione
3694 4711 3915 4772 (:03!!thr
3988 4711 3989 4772 l
