4022 6176
112 318 229 373 749

109 460 250 500 eam
269 445 328 499 in
353 444 636 515 asuignate
664 449 721 501 et
739 444 900 518 quasi
926 462 1028 517 per
1045 446 1339 518 speculum
1358 448 1611 506 videram
1631 452 1689 523 (Ι
1703 454 1821 508 Cor.

113 552 241 598 χιιι,
269 536 379 603 12);
413 535 689 589 dubitatio
707 540 897 591 tamen
932 539 1120 591 omnis
1148 538 1216 592 de
1242 538 1662 611 incorruptibili
1693 542 1826 595 sub-

120 624 355 689 stantia,
374 624 527 695 quod
544 624 613 677 ab
636 625 730 678 illa
754 629 898 679 esset
918 626 1103 680 omnis
1126 628 1461 694 substantia,
1484 629 1671 684 ablata
1685 630 1826 684 mihi

121 718 253 767 erat
283 733 296 767 :
330 729 432 767 nec
460 714 666 767 certior
695 715 764 768 de
795 718 871 781 te,
906 716 998 769 sed
1030 716 1282 770 stabilior
1311 717 1371 771 in
1400 723 1454 771 te
1494 735 1613 773 esse
1639 718 1828 789 cupie—

118 800 280 856 bam.
313 803 389 855 De
422 818 550 856 mea
576 819 708 857 vero
738 804 1041 874 temporali
1070 805 1181 859 vita
1221 806 1500 861 nutabant
1529 808 1741 873 omnia,
1772 813 1827 861 ct

127 891 532 946 mundandum
564 896 687 946 erat
714 909 813 947 cor
859 910 890 947 a
918 894 1198 949 fermento
1239 896 1441 963 veteri;
1485 901 1540 951 et
1568 897 1828 968 placebat

114 981 218 1035 via
248 980 366 1052 ipse
396 981 665 1043 Salvator,
700 986 756 1035 et
797 981 879 1036 ire
905 999 1009 1053 per
1037 983 1160 1053 ejus
1198 984 1488 1054 angustias
1518 986 1704 1040 adhuc
1734 986 1824 1057 pi-

122 1070 319 1139 gebat.
355 1072 416 1125 Et
448 1070 741 1125 immisisti
768 1070 827 1125 in
873 1076 1126 1127 mentem
1161 1089 1372 1143 meam,
1414 1074 1713 1146 visumque
1742 1079 1828 1129 est

120 1160 347 1214 bonum
368 1159 427 1213 in
448 1164 752 1230 conspectu
774 1176 900 1215 meo
921 1177 1158 1233 pergere
1182 1162 1249 1216 ad
1275 1162 1706 1234 Simplicianum
1727 1163 1826 1234 qui

124 1248 274 1301 mihi
304 1248 488 1302 bonus
533 1248 845 1321 apparebat
883 1264 1078 1305 servus
1120 1255 1273 1319 tuus,
1307 1256 1362 1306 et
1390 1252 1614 1307 lucebat
1651 1252 1710 1306 in
1760 1269 1826 1308 eo

124 1337 316 1407 gratia
342 1341 458 1392 tua.
491 1338 799 1393 Audieram
830 1339 1003 1393 etiam
1026 1340 1183 1411 quod
1215 1359 1246 1394 a
1271 1342 1567 1412 juventute
1597 1358 1700 1397 sua
1728 1341 1825 1396 de-

124 1426 421 1481 votissime
444 1426 548 1481 tibi
567 1427 782 1482 viveret
805 1445 817 1482 :
839 1428 960 1499 jam
990 1446 1123 1485 vero
1144 1434 1280 1485 tunc
1309 1435 1595 1499 senuerat,
1627 1435 1683 1485 et
1702 1430 1826 1485 lou-

124 1531 201 1586 ga
232 1520 397 1570 aetate
425 1515 486 1570 in
508 1520 627 1570 tam
648 1517 800 1571 bono
831 1518 1020 1573 studio
1047 1519 1325 1573 sectandae
1346 1519 1451 1574 via:
1483 1525 1616 1588 tuae,
1646 1521 1829 1575 multa

125 1610 418 1676 expertus,
466 1606 649 1660 multa
679 1607 908 1661 edoctus
946 1606 1089 1661 mihi
1135 1607 1460 1675 videbatur;
1495 1613 1552 1664 et
1588 1626 1717 1663 vere
1748 1608 1827 1663 sic

125 1698 269 1749 erat.
304 1694 461 1749 Unde
492 1694 637 1749 mihi
665 1700 730 1749 ut
755 1695 1037 1766 proferret
1077 1696 1359 1764 volebam,
1392 1697 1710 1753 conferenti
1734 1714 1825 1752 se-

125 1799 260 1837 cum
290 1788 459 1837 aestus
488 1799 665 1850 meos,
707 1784 833 1855 quis
871 1788 1015 1839 esset
1043 1789 1210 1855 aptus
1239 1786 1442 1841 modus
1480 1786 1561 1841 sic
1602 1788 1823 1855 affecto,

123 1877 191 1927 ut
220 1888 325 1942 ego
354 1887 531 1938 eram,
567 1872 638 1926 ad
666 1873 1079 1928 ambulandum
1099 1874 1160 1927 in
1184 1874 1273 1928 via
1303 1879 1422 1930 tua.

199 1963 251 2014 2.
293 1959 558 2015 Videbam
608 1960 759 2015 enim
789 1962 1018 2032 plenam
1078 1964 1420 2031 Ecclesium;
1474 1968 1530 2019 et
1556 1964 1701 2019 alius
1748 1964 1827 2020 sic

126 2049 268 2115 ibat,
294 2050 440 2103 alius
455 2054 649 2105 autem
669 2050 766 2104 sic.
788 2050 923 2105 Mihi
941 2056 1131 2107 autem
1156 2053 1490 2124 displicebat
1515 2054 1668 2126 quod
1694 2070 1826 2125 age-

125 2140 259 2194 bam
289 2138 348 2193 in
375 2139 600 2207 saeculo,
633 2142 689 2192 et
717 2139 877 2194 oneri
907 2140 1049 2195 mihi
1091 2146 1212 2196 erat
1236 2143 1416 2209 valde,
1450 2160 1564 2197 non
1590 2144 1709 2214 jam
1738 2144 1826 2197 in-

128 2228 560 2282 ﬂammantibus
591 2229 1015 2299 cupiditatibus,
1048 2236 1112 2285 ut
1146 2232 1425 2301 solebant,
1457 2249 1555 2303 spe
1594 2232 1826 2287 honoris
1860 2239 1870 2252 '

127 2321 184 2371 et
214 2315 471 2388 pecunia:
501 2317 573 2371 ad
610 2318 960 2372 tolerandam
991 2319 1145 2373 illam
1178 2321 1509 2375 servitutem
1548 2326 1665 2376 tam
1695 2337 1825 2392 gra-

126 2422 275 2460 vem.
307 2407 431 2460 1am
460 2406 615 2461 enim
642 2423 733 2461 me
755 2408 851 2462 illa
872 2424 990 2461 non
1006 2408 1362 2463 delectabant
1384 2426 1505 2480 prae
1527 2410 1826 2465 dulcedine

126 2499 226 2549 tua
255 2499 311 2549 et
338 2495 542 2550 decore
573 2496 779 2551 domus
809 2501 919 2551 tuae
960 2514 1133 2568 quam
1175 2498 1343 2553 dilexi
1378 2500 1540 2569 (Psal.
1570 2516 1701 2569 xxv,
1739 2499 1823 2571 8);

120 2584 223 2639 sed
242 2584 431 2639 adhuc
461 2585 738 2640 tenaciter
763 2586 1073 2657 colligabar
1097 2603 1163 2640 ex
1192 2587 1407 2642 femina
1435 2604 1447 2643 :
1471 2604 1574 2642 nec
1589 2605 1681 2643 me
1698 2605 1827 2659 pro-

116 2673 359 2727 bibebat
385 2674 685 2744 Apostolus
716 2674 1033 2746 conjugari,
1058 2676 1315 2747 quamvis
1334 2676 1728 2731 exhortaretur
1756 2677 1827 2732 ad

115 2762 350 2829 melius,
373 2762 619 2817 maxime
636 2763 833 2818 volens
862 2780 1060 2818 omnes
1080 2764 1339 2819 homines
1369 2765 1449 2819 sic
1478 2782 1597 2820 esse
1615 2770 1680 2821 ut
1706 2765 1827 2836 ipse

118 2856 248 2907 erat
288 2852 327 2920 (Ι
376 2853 493 2913 Cor.
536 2862 647 2914 vn).
680 2852 789 2908 Sed
822 2868 926 2923 ego
966 2852 1250 2908 inﬁrmior
1278 2854 1560 2925 eligebam
1602 2856 1826 2909 mollio-

119 2956 251 2995 rem
283 2938 472 2996 locum
498 2957 511 2996 :
538 2945 593 2995 et
617 2945 853 3012 propter
883 2942 992 2997 hoc
1017 2958 1200 2997 unum
1227 2943 1493 2997 volvebar
1520 2942 1581 2998 in
1610 2943 1828 2998 caeteris

116 3030 452 3101 languidus,
483 3034 540 3085 et
580 3031 875 3086 tabescens
922 3031 1073 3087 curis
1113 3032 1401 3102 marcidis,
1432 3033 1585 3103 quod
1616 3034 1635 3070 ¹
1687 3036 1741 3087 et
1771 3033 1827 3087 in

119 3120 251 3175 aliis
280 3120 450 3174 rebus
471 3136 613 3191 quas
633 3121 899 3175 nolebam
920 3121 1057 3192 pati,
1090 3137 1403 3191 congruere
1433 3121 1677 3192 cogebar
1701 3120 1828 3175 vitm

119 3210 436 3280 conjugali,
468 3209 559 3263 cui
591 3209 818 3264 deditus
848 3210 1267 3280 obstringebar.
1305 3210 1609 3264 Audieram
1633 3226 1701 3264 ex
1730 3226 1827 3265 ore

121 3297 411 3363 Veritatis,
446 3313 569 3352 esse
602 3298 883 3369 spadones
911 3298 1011 3369 qui
1060 3298 1275 3370 seipsos
1308 3298 1671 3354 absciderunt
1698 3315 1829 3371 pro-

120 3393 259 3461 pter
274 3402 513 3457 regnum
542 3387 813 3442 caelorum
839 3404 852 3455 ;
887 3387 1005 3455 sed,
1029 3387 1135 3453 Qui
1147 3392 1343 3457 potest,
1376 3386 1587 3458 inquit,
1618 3402 1824 3455 capere,

121 3478 313 3546 capiat
338 3477 554 3545 (Matth.
586 3492 700 3543 x1x,
753 3479 853 3544 l2).
886 3476 1028 3530 Vani
1071 3480 1204 3531 sunt
1228 3479 1377 3531 certe
1408 3492 1609 3530 omnes
1636 3475 1827 3529 homi-

119 3584 227 3621 nes
248 3566 454 3638 quibus
476 3583 592 3621 uon
612 3566 760 3620 inest
781 3564 879 3619 Dei
898 3564 1129 3619 scientia
1149 3581 1161 3631 ;
1179 3580 1280 3620 nec
1296 3565 1364 3619 de
1394 3564 1463 3617 iis
1482 3580 1609 3636 qua:
1634 3564 1827 3619 viden-

121 3662 223 3711 tur
241 3657 411 3723 bona,
432 3661 745 3727 potuerunt
770 3654 1026 3710 invenire
1055 3670 1186 3709 eum
1209 3654 1310 3725 qui
1330 3658 1413 3708 est
1430 3656 1578 3723 (Sap.
1604 3669 1726 3721 xIII,
1754 3658 1771 3707 ιΙ
1789 3656 1825 3724 .)

122 3748 203 3799 At
231 3761 338 3815 ego
362 3745 481 3815 jam
511 3761 627 3799 non
649 3760 805 3799 eram
835 3744 894 3798 in
925 3744 1021 3797 illa
1045 3742 1290 3797 vanitate
1324 3759 1337 3797 :
1372 3742 1825 3797 transcenderam

121 3849 290 3899 eam;
341 3837 395 3886 et
444 3836 793 3887 contestante
822 3832 1088 3886 universa
1131 3836 1389 3885 creatura
1430 3836 1547 3895 tua,
1586 3831 1824 3885 invene-

120 3938 250 3976 ram
290 3924 344 3975 te
375 3927 686 3975 creatorem
713 3925 995 3985 nostrum,
1024 3924 1081 3975 et
1116 3921 1364 3975 Verbum
1393 3922 1558 3973 tuum
1588 3920 1739 3991 apud
1771 3924 1825 3974 te

122 4013 333 4077 Deum,
348 4013 648 4081 tecumque
669 4025 797 4063 cum
811 4008 1023 4079 Spiritu
1043 4012 1236 4062 sancto
1257 4007 1279 4042 ³
1299 4024 1480 4063 unum
1502 4010 1702 4077 Deum,
1723 4025 1827 4079 per

127 4098 288 4170 quod
318 4098 520 4152 creasti
536 4098 751 4152 omnia.
786 4099 878 4152 Est
899 4102 954 4152 et
986 4096 1139 4151 aliud
1170 4113 1351 4168 genus
1372 4096 1703 4167 impiorum,
1725 4098 1825 4168 qui

121 4192 528 4259 cognoscentes
569 4189 747 4241 Deum
788 4203 902 4241 non
949 4186 1095 4240 sicut
1138 4187 1316 4240 Deum
1346 4186 1822 4255 gloriﬁcaverunt,

122 4281 224 4332 aut
244 4277 454 4348 gratias
480 4281 738 4346 egerunt.
772 4277 834 4330 In
855 4276 963 4329 hoc
994 4291 1223 4347 quoque
1244 4274 1584 4341 incideram;
1620 4274 1824 4328 etdex-

121 4372 249 4421 tera
276 4370 375 4420 tua
423 4364 669 4435 suscepit
700 4380 791 4419 me
824 4364 987 4435 (Psal.
1019 4380 1154 4430 xvu,
1188 4366 1294 4431 36),
1325 4367 1381 4416 et
1410 4362 1542 4417 inde
1573 4361 1825 4415 ablatum

120 4454 370 4527 posuisti
402 4453 498 4508 ubi
528 4454 1002 4522 convalescerem,
1031 4451 1166 4523 quia
1193 4449 1384 4505 dixisti
1412 4448 1635 4505 homini
1660 4466 1674 4503 :
1695 4454 1826 4505 Ecce

114 4546 300 4613 pietas
316 4548 394 4597 est
420 4545 693 4612 sapientia
716 4542 847 4613 (Job.
877 4558 1066 4609 xvaII,
1096 4541 1182 4611 28)
1207 4559 1223 4606 ;
1248 4548 1323 4607 et,
1348 4541 1473 4596 Noli
1490 4541 1622 4594 velle
1651 4540 1827 4594 videri

118 4636 343 4702 sapiens
376 4632 554 4702 (Prov.
587 4648 668 4697 In,
698 4631 779 4702 7),
809 4630 1082 4701 quoniam
1112 4630 1345 4684 dicentes
1376 4644 1430 4684 se
1458 4644 1567 4683 esse
1602 4630 1826 4699 sapien-

119 4729 198 4775 tes
236 4723 396 4776 stulti
416 4722 557 4787 facti
581 4725 707 4775 sunt
733 4723 905 4789 (Rom.
933 4736 971 4786 ι,
1002 4722 1093 4785 21,
1124 4718 1232 4776 22).
1267 4719 1331 4773 Et
1359 4718 1688 4773 inveneram
1705 4720 1825 4789 jam

118 4811 333 4865 bonam
357 4808 756 4880 margaritam;
780 4807 1088 4863 etvenditis
1099 4807 1364 4861 omnibus
1385 4824 1514 4879 qum
1532 4807 1823 4877 haberem,

119 4899 369 4955 emenda
399 4904 541 4969 erat,
575 4902 632 4954 et
670 4897 1003 4953 dubitabam
1039 4897 1265 4967 (Matth.
1305 4913 1422 4965 xm,
1444 4897 1557 4967 46).

805 5005 1029 5059 CAPUT
1068 5004 1141 5059 ΙΙ.

372 5107 445 5161 De
478 5104 760 5162 Victorino
788 5105 997 5159 rhetore
1021 5104 1096 5159 ad
1121 5102 1281 5173 ﬁdem
1308 5118 1575 5159 converso.

190 5215 244 5270 3.
274 5212 509 5268 Perrexi
542 5229 679 5284 ergo
727 5212 797 5267 ad
842 5211 1296 5283 Simplicianum,
1328 5215 1551 5283 patrem
1583 5210 1644 5265 in
1683 5210 1827 5265 acci-

116 5302 333 5373 pienda
351 5301 534 5373 gratia
549 5306 645 5356 tua
666 5306 801 5356 tunc
830 5300 1083 5372 episcopi
1102 5298 1409 5367 AmbrOSii,
1433 5304 1489 5354 et
1510 5315 1680 5371 quem
1698 5315 1829 5354 vere

120 5398 185 5448 ut
211 5396 447 5464 patrem
477 5390 768 5463 diligebat.
812 5389 1045 5447 Narravi
1075 5389 1127 5445 ei
1160 5389 1425 5445 circuitus
1456 5388 1663 5444 erroris
1690 5387 1829 5445 mei.

179 5541 197 5573 ί
234 5538 365 5597 Ouo,
386 5534 533 5597 juxta
558 5534 709 5583 Mart.
736 5546 856 5582 cum
884 5532 1051 5597 tribus
1075 5532 1197 5581 Mss.
1264 5531 1333 5580 M.

178 5602 202 5635 ³
229 5594 420 5647 Omitti
448 5601 689 5657 poterant
706 5597 888 5645 isthasc
907 5596 1085 5657 verba,
1111 5608 1229 5644 cum
1255 5594 1459 5657 Spiritu
1481 5594 1683 5654 sancto,
1709 5604 1827 5657 quas

118 5662 326 5714 absunt
346 5674 377 5710 a
405 5655 645 5723 pluribus
680 5662 733 5709 et
761 5656 1055 5723 potioribus
1079 5655 1467 5721 manuscriptis.

1553 327 1765 385 LIBER
1835 327 2187 387 OCTAVUS.

3530 348 3635 399 750

1939 453 2041 506 Ubi
2071 458 2263 508 autem
2308 457 2750 511 commemoravi
2798 458 3001 530 legisse
3032 476 3123 516 me
3153 463 3433 533 quosdam
3464 466 3634 521 libros

1938 542 2378 611 Platonicorum,
2413 561 2553 615 quos
2585 547 2903 601 Victorinus
2933 551 3224 619 quondam
3254 550 3446 607 rhetor
3476 556 3632 610 urbis

1939 628 2156 699 Romae,
2189 648 2356 702 quem
2393 634 2763 689 christianum
2795 637 3126 693 defunctum
3157 656 3276 695 esse
3319 643 3635 711 audieram,

1938 716 1995 770 iu
2026 719 2261 773 latinam
2292 720 2547 791 linguam
2580 725 2985 792 transtulisset;
3022 728 3336 797 gratulatus
3373 735 3457 784 est
3486 732 3630 786 mihi

1938 808 2090 876 quod
2106 825 2218 861 non
2241 808 2551 865 inaliorum
2567 812 3042 883 philosophorum
3070 816 3275 887 scripta
3288 818 3632 887 incidissem,

1938 896 2105 964 plena
2134 898 2485 952 fallaciarum
2517 905 2571 954 et
2594 901 2992 971 deceptionum
3012 905 3324 959 secundum
3356 907 3637 963 elementa

1936 982 2105 1053 hujus
2127 987 2325 1041 mundi
2345 989 2529 1058 (Colos.
2557 1006 2614 1055 ιι,
2635 989 2685 1059 8)
2713 1007 2725 1044 :
2750 990 2809 1044 in
2840 990 2959 1044 istis
2981 997 3193 1061 autem,
3224 996 3487 1049 omnibus
3510 1013 3633 1051 mo-

1937 1071 2023 1125 dis
2043 1073 2323 1129 insinuari
2352 1077 2531 1130 Deum
2558 1082 2612 1130 et
2628 1078 2750 1148 ejus
2776 1080 3045 1137 Verbum.
3075 1082 3308 1152 Deinde,
3343 1089 3405 1138 ut
3434 1102 3525 1140 me
3542 1102 3635 1140 ex-

1936 1158 2260 1216 hortaretur
2285 1163 2357 1217 ad
2377 1164 2759 1220 humilitatem
2788 1167 3014 1231 Christi,
3038 1170 3390 1239 sapientibus
3410 1172 3637 1229 abscon-

1937 1247 2115 1304 ditam
2140 1256 2195 1304 et
2215 1253 2519 1307 revelatam
2542 1255 2790 1324 parvulis
2815 1258 3027 1323 (Matth.
3051 1274 3125 1327 ιιι,
3148 1261 3257 1327 25),
3280 1260 3635 1318 Victorinum

1936 1336 2127 1407 ipsum
2159 1340 2485 1394 recordatus
2517 1352 2616 1406 est,
2666 1359 2857 1413 quem,
2891 1345 3088 1400 Romae
3112 1362 3245 1401 cum
3269 1353 3433 1415 esset,
3462 1351 3633 1405 fami-

1938 1426 2241 1481 liarissime
2271 1434 2508 1484 noverat
2532 1447 2544 1484 :
2566 1430 2750 1502 deque
2780 1432 2878 1485 illo
2901 1433 3045 1487 mihi
3066 1436 3317 1490 narravit
3340 1438 3497 1506 quod
3519 1456 3635 1494 non

1938 1515 2131 1571 silebo.
2170 1517 2349 1572 Habet
2370 1517 2524 1573 enim
2554 1535 2825 1589 magnam
2850 1521 3077 1576 laudem
3104 1523 3303 1592 gratia:
3336 1529 3450 1579 tua:
3497 1542 3634 1581 con-

1936 1604 2206 1660 ﬁtendam
2228 1606 2351 1675 tibi,
2372 1608 2853 1677 quemadmodum
2870 1608 2964 1663 ille
2986 1610 3341 1667 doctissimus
3370 1630 3561 1676 senex,
3580 1620 3638 1670 et

1938 1694 2197 1748 omnium
2229 1696 2551 1750 liberalium
2583 1697 2973 1752 doctrinarum
3002 1699 3399 1772 peritissimus,
3422 1704 3635 1775 quippe

1936 1783 2411 1854 philosophorum
2433 1789 2548 1839 tam
2573 1787 2751 1840 multa
2774 1787 3009 1857 legerat,
3042 1793 3098 1843 et
3122 1790 3547 1859 dijudicaverat,
3582 1797 3639 1847 et

1936 1873 2343 1928 dilucidaverat
2380 1876 2429 1941 ¹;
2466 1874 2663 1929 doctor
2710 1880 2791 1930 tot
2829 1876 3109 1932 nobilium
3154 1884 3503 1947 senatorum,
3536 1881 3637 1952 qui

1938 1961 2111 2015 etiam
2133 1962 2203 2016 ob
2226 1962 2448 2033 insigne
2468 1964 2729 2034 praeclari
2751 1964 3084 2035 magisterii,
3109 1968 3260 2037 quod
3289 1968 3436 2023 cives
3464 1969 3635 2039 hujus

1937 2050 2140 2105 mundi
2170 2050 2442 2106 eximium
2472 2056 2695 2123 putant,
2729 2058 2974 2108 statuam
2998 2054 3059 2108 in
3088 2057 3344 2111 Romano
3375 2057 3498 2112 foro
3526 2074 3637 2112 me-

1937 2144 2130 2193 ruerat
2158 2144 2214 2194 et
2243 2146 2566 2211 acceperat;
2589 2158 2771 2213 usque
2802 2142 2873 2196 ad
2896 2143 3053 2197 illam
3084 2148 3308 2199 mtalem
3335 2151 3637 2201 venerator

1937 2228 2247 2296 idolorum,
2263 2246 2669 2301 sacrorumque
2690 2231 3095 2302 sacrilegorum
3109 2234 3407 2305 particeps,
3430 2236 3636 2306 quibus

1937 2324 2074 2373 tunc
2102 2322 2222 2373 tota
2251 2320 2366 2373 fere
2401 2320 2656 2375 Romana
2686 2322 2954 2376 nobilitas
2983 2322 3180 2377 inﬂata
3200 2324 3514 2396 inspirabat
3534 2343 3637 2397 po-

1937 2408 2073 2478 pulo
2097 2407 2220 2476 jam
2250 2412 2306 2462 et
2334 2409 2710 2480 omnigenum
2741 2409 2913 2464 deum
2939 2415 3193 2465 monstra
3224 2416 3267 2479 ³,
3299 2416 3354 2467 et
3377 2414 3637 2467 Auubem

1936 2496 2293 2565 latratorem,
2316 2513 2444 2568 qua:
2476 2498 2782 2568 aliquando
2806 2503 3005 2553 contra
3026 2500 3357 2571 Neptunum
3389 2506 3444 2556 et
3462 2504 3639 2557 Vene-

1937 2601 2081 2651 rem,
2115 2589 2425 2657 contraque
2455 2586 2760 2641 Minervam
2790 2588 2905 2642 tela
2928 2593 3233 2644 tenuerant
3264 2590 3516 2661 (zEneidv
3540 2591 3637 2645 lib.

1938 2676 1991 2741 8,
2036 2676 2324 2741 678-700),
2372 2677 2429 2728 et
2468 2691 2503 2728 a
2550 2691 2608 2729 se
2654 2675 2814 2729 victis
2851 2676 2971 2747 jam
3024 2678 3206 2732 Roma
3235 2679 3636 2749 supplicabat:

1938 2779 2065 2833 quas
2092 2762 2196 2816 iste
2222 2778 2395 2817 senex
2414 2762 2733 2818 Victorinus
2752 2768 2837 2818 tot
2866 2782 3043 2819 annos
3072 2783 3169 2821 ore
3203 2767 3513 2838 terricrepo
3535 2767 3635 2821 de-

1936 2850 2298 2905 fensitaverat
2322 2867 2334 2905 :
2363 2867 2476 2905 non
2499 2852 2793 2907 erubuerit
2813 2869 2935 2907 esse
2960 2871 3101 2925 puer
3128 2854 3333 2910 Christi
3355 2856 3458 2922 tui,
3478 2862 3535 2912 et
3555 2860 3640 2916 in-

1936 2939 2062 2993 fans
2086 2938 2261 2994 fontis
2291 2938 2395 3005 tui,
2419 2939 2670 3010 subjecto
2692 2941 2836 2995 collo
2869 2941 2940 2996 ad
2960 2942 3298 2998 humilitatis
3326 2945 3547 3018 iugum,
3578 2956 3637 3006 et

1938 3027 2191 3083 edomita
2215 3028 2402 3081 fronte
2428 3027 2497 3082 ad
2528 3027 2707 3083 crucis
2735 3028 3128 3099 Opprobrium.

2007 3117 2060 3170 4.
2090 3116 2133 3170 Ο
2158 3115 2416 3181 Domine,
2437 3116 2695 3183 Domine,
2712 3118 3307 3190 quiinclinasticaalos,
3324 3126 3380 3178 et
3401 3124 3638 3182 descen-

1937 3204 2087 3272 disti;
2108 3204 2343 3275 tetigisti
2357 3210 2599 3270 montes,
2618 3206 3343 3280 etfumigaverunt(Psalm.
3360 3229 3542 3282 CXLIII,
3560 3216 3635 3287 5):

1937 3293 2147 3364 quibus
2179 3294 2364 3347 modis
2395 3298 2450 3348 te
2482 3293 2785 3349 insinuasti
2815 3296 2898 3350 illi
2926 3298 3180 3367 pectori?
3205 3300 3469 3371 Legebat,
3493 3302 3638 3359 sicut

1938 3382 2018 3437 ait
2041 3382 2460 3454 Simplicianus,
2487 3388 2741 3438 sanctam
2763 3384 3130 3461 Scripturam,
3156 3404 3465 3461 omnesque
3486 3392 3636 3447 chri-

1938 3472 2151 3527 stiauas
2181 3473 2398 3528 litteras
2437 3472 2816 3544 investigabat
2847 3458 3255 3531 studiosissime
3285 3484 3341 3532 et
3370 3496 3635 3549 perscru—

1935 3561 2199 3628 tabatur;
2235 3567 2292 3615 et
2320 3561 2543 3617 dicebat
2572 3562 2939 3633 Simpliciano
2962 3580 3075 3618 non
3094 3566 3306 3634 palam,
3338 3568 3437 3621 sed
3459 3585 3638 3625 secre-

1936 3649 2050 3704 tius
2075 3654 2131 3704 et
2150 3650 2489 3704 familiarius
2516 3668 2533 3703 :
2555 3653 2780 3707 Noveris
2805 3667 2886 3705 me
2898 3651 3018 3719 jam
3034 3668 3143 3706 esse
3167 3654 3545 3711 christianum.
3571 3658 3639 3712 Et

1936 3738 2318 3808 respondebat
2346 3738 2440 3793 ille
2476 3755 2489 3792 ε
2534 3741 2653 3795 Non
2692 3740 2928 3803 credam,
2963 3756 3055 3794 nec
3085 3741 3354 3810 deputabo
3407 3749 3455 3799 te
3490 3747 3636 3801 inter

1937 3828 2295 3893 Christianos,
2327 3830 2439 3881 nisi
2456 3830 2512 3881 in
2542 3829 2760 3882 ecclesia
2779 3829 2984 3884 Christi
3015 3834 3062 3883 te
3090 3831 3293 3886 videro.
3328 3833 3426 3887 Ille
3445 3838 3637 3889 autem

1935 3915 2212 3970 irridebat
2241 3915 2429 3970 dicens
2463 3933 2474 3971 :
2501 3919 2643 3983 Ergo
2663 3919 2896 3987 parietes
2925 3920 3141 3985 faciunt
3164 3920 3541 3978 Christianos?
3573 3925 3639 3980 Et

1934 4004 2042 4060 hoc
2073 4022 2223 4075 saepe
2255 4004 2495 4074 dicebat,
2545 4005 2667 4076 jam
2697 4023 2755 4060 se
2804 4022 2923 4060 esse
2952 4008 3353 4078 christianum;
3407 4016 3462 4066 et
3490 4013 3635 4067 Sim-

1934 4096 2217 4167 plicianus
2242 4094 2383 4150 illud
2405 4113 2555 4166 saepe
2577 4097 2978 4167 respondebat,
3006 4103 3215 4171 etsmpe
3240 4101 3309 4154 ab
3329 4102 3426 4155 illo
3446 4102 3636 4172 parie-
3722 4147 3729 4153 .

1934 4189 2056 4239 tum
2078 4184 2262 4238 irrisio
2284 4185 2664 4253 repetebatur.
2697 4185 2921 4239 Amicos
2944 4187 3099 4240 enim
3121 4203 3251 4240 suos
3274 4189 3637 4244 reverebatur

1936 4273 2225 4326 olfcndere
2258 4272 2531 4341 superbos
2562 4272 2984 4340 daemonicolas,
3013 4290 3257 4344 quorum
3289 4292 3356 4328 ex
3386 4276 3634 4332 culmine

1936 4359 2292 4431 Babylonica:
2310 4358 2623 4430 dignitatis,
2648 4360 2809 4431 quasi
2831 4378 2898 4415 ex
2910 4361 3093 4416 cedris
3118 4362 3309 4416 Libani
3330 4380 3471 4434 quas
3490 4381 3638 4421 non-

1934 4453 2074 4503 dum
2115 4446 2460 4503 contriverat
2507 4448 2784 4503 Dominus
2828 4450 2993 4519 (Psal.
3036 4466 3227 4516 xxvm,
3260 4450 3345 4521 5);
3386 4452 3636 4522 graviter

1934 4536 2184 4592 ruituras
2205 4535 2266 4590 in
2282 4553 2338 4590 se
2360 4536 2689 4593 inimicitias
2706 4538 3109 4593 arbitrabatur.
3138 4538 3244 4592 Sed
3260 4543 3633 4612 posteaquam

1936 4625 2178 4696 legendo
2194 4629 2249 4680 et
2263 4624 2537 4681 inhiando
2551 4626 2741 4681 hausit
2758 4626 3421 4700 ﬁrmitatem,timuitque
3438 4633 3635 4704 negari

1937 4731 1969 4768 a
1995 4713 2215 4770 Christo
2240 4729 2432 4769 coram
2450 4714 2680 4787 Angelis
2707 4712 2936 4781 sanctis,
2964 4713 3011 4767 si
3034 4730 3165 4769 eum
3188 4715 3414 4773 timeret
3442 4735 3632 4777 coram

2002 4849 2016 4881 1
2052 4846 2175 4894 Mss.
2207 4859 2317 4894 non
2351 4845 2555 4894 addunt
2583 4847 2637 4896 et
2663 4843 3065 4895 dilucidaverat.

2002 4910 2024 4943 ²
2045 4908 2233 4956 Mirum
2256 4913 2513 4970 quantum
2530 4907 2614 4956 hic
2626 4908 2829 4970 varient
2848 4907 3079 4970 Codices.
3097 4908 3173 4958 Ex
3193 4912 3568 4965 vetustioribus
3584 4920 3638 4965 et

1937 4968 2356 5038 castigatiorilius
2386 4971 2581 5038 Fossat.
2614 4968 3005 5038 Benign._Corb.
3038 4974 3136 5021 etc.
3169 4987 3262 5035 pro
3283 4976 3479 5037 populo
3491 4978 3633 5038 jam,

1937 5030 2151 5095 habent,
2166 5032 2397 5093 spirabat
2409 5030 2775 5095 popiliosjam.
2792 5030 2889 5079 Alii
2904 5032 3135 5095 quinque
3151 5030 3269 5083 cum
3283 5030 3407 5086 Ba'd.
3420 5030 3531 5087 Am.
3548 5030 3633 5088 Er:

1937 5096 2080 5144 Som.
2096 5094 2252 5159 Blas.,
2270 5093 2511 5159 spirabat
2522 5094 2711 5159 populi
2721 5093 3634 5159 asiam.\_'_ict6rinus,Germanensis.

1938 5161 2035 5223 etc.
2045 5155 2532 5223 ,spirabat'populiy
2538 5156 2705 5216 uejam
2718 5156 2781 5223 ._l§l
2789 5170 2856 5203 on
2864 5168 2894 5203 ιι
2897 5170 2933 5223 Ii
2939 5156 3438 5223 lli,spirabalp0puli
3450 5155 3636 5214 etiam.

1939 5172 2290 5219 etc.,sptraoal
2305 5172 2705 5268 ροριιιιιιιιιελαηι
2718 5192 2730 5204 .
2744 5172 2778 5226 ιγ
2789 5172 3437 5267 οιιῐιιιιιιβίηναοαψοριιιι
3450 5172 3631 5214 etiam.

1939 5219 2083 5289 ζέων...
2097 5218 2343 5289 spirabat
2346 5230 2485 5289 popa
2515 5220 2877 5289 usquefa‘ttam.
2894 5219 3039 5268 llanc
3070 5221 3331 5289 ectipnem
3343 5224 3631 5289 sequimur,

1940 5280 2062 5329 licet
2074 5280 2289 5328 minime
2305 5280 2456 5328 nobis
2474 5283 2677 5329 constet
2692 5281 3004 5329 Germanum
3015 5295 3147 5331 esse.
3164 5283 3322 5332 Porro
3338 5280 3636 5336 addidimus

1939 5342 2453 5405 conjunctiouemgct
2477 5346 2597 5405 ante
2612 5344 2985 5405 omnigenum,
3017 5344 3140 5405 quia
3162 5344 3217 5392 in
3243 5346 3486 5394 omnibus
3510 5348 3637 5399 Mss.

1938 5403 2213 5473 reperitur.
2239 5429 2305 5473 —-_
2317 5403 2657 5473 Addunt_PP.
2692 5403 3016 5473 Benedictini
3035 5403 3098 5453 in
3116 5407 3485 5473 retractatione
3514 5423 3638 5473 sup-

1940 5465 2162 5533 pletoria
2186 5480 2197 5513 :
2231 5482 2258 5511 ‹‹
2286 5466 2409 5514 Mss.
2431 5466 2737 5533 Anglqtres.
2763 5465 2959 5533 inﬂata
2990 5467 3280 5533 inspirabat
3300 5469 3492 5533 populo
3515 5465 3640 5533 ja'm

1940 5482 2162 5531 pietorIa
2186 5482 2197 5513 :
2231 5482 2258 5511 ‹‹
2286 5482 2409 5514 mss.
2431 5482 2582 5529 angi.
2616 5482 2737 5514 tres.
2763 5482 2959 5529 iri/uua
2990 5482 3280 5529 mspu'aoat
3300 5482 3492 5578 plagam
3515 5485 3640 5533 1am

1939 5532 2291 5601 omnigenum,
2310 5533 2416 5601 etc.‘
2444 5529 2563 5601 llam
2589 5528 2741 5601 lectio
2743 5529 2965 5601 Emteris
2985 5542 3080 5576 suo
3101 5529 3215 5601 loc‘o
3241 5542 3305 5601 ex
3347 5531 3360 5578 i
3403 5531 3487 5580 itis
3505 5548 3640 5601 pra;-

1942 5591 2170 5639 stantior
2198 5594 2250 5639 et
2279 5590 2661 5654 amplectenda.
2694 5609 2720 5637 »
2743 5591 2879 5654 Ergo
2909 5603 3022 5638 eam
3054 5590 3279 5654 amplexi
3302 5606 3484 5645 sumus
3503 5590 3557 5647 et
3585 5596 3641 5647 in

1943 5657 2151 5705 textum
2183 5652 2479 5714 retulimus,
2508 5668 2573 5704 ex
2596 5652 3054 5705 Benedictinorum
3083 5652 3320 5705 consilio.
3386 5656 3456 5707 Μ.
