4058 6174
465 339 561 389 ’751

462 455 794 512 hominibus
821 455 1078 511 contiteri
1106 456 1324 526 (Matth.
1349 470 1403 521 x,
1438 457 1546 524 33),
1570 469 1814 525 reusque
1845 454 1953 509 sibi
1978 461 2173 524 magni

461 545 718 599 criminis
743 545 1007 617 apparuit
1035 543 1424 598 erubescendo
1455 543 1522 597 de
1544 542 1911 597 sacramentis
1940 543 2177 596 humili-

459 633 592 688 tatis
621 635 786 688 Verbi
817 635 924 703 tui,
955 639 1010 688 et
1038 650 1153 688 non
1178 632 1563 687 erubescendo
1590 633 1658 686 de
1681 631 1853 685 sacris
1883 631 2173 701 sacrilegis

461 723 840 793 superborum
865 721 1299 785 daemoniorum,
1336 737 1465 791 quae
1497 720 1750 774 imitator
1772 721 2050 791 superbus
2081 736 2170 773 ac-

461 815 719 881 ceperat;
751 810 1032 881 depuduit
1062 809 1316 873 vanitati,
1351 813 1406 862 et
1423 809 1653 863 erubuit
1678 809 1922 876 veritati,
1956 809 2170 863 subito-

461 917 573 972 que
614 904 670 954 ct
699 899 1026 969 inopinatus
1067 899 1140 952 sit
1190 897 1580 968 Simpliciano,
1611 903 1673 952 ut
1703 899 1822 968 ipse
1856 899 2123 952 narrabat
2154 913 2166 951 :

458 991 661 1043 Eamus
699 990 757 1041 in
786 988 1448 1056 ecclesiam;christianus
1477 988 1592 1041 volo
1629 989 1766 1056 ﬁeri.
1809 990 1880 1040 At
1925 987 2019 1040 ille
2049 1001 2166 1040 non

459 1094 518 1132 se
549 1077 777 1147 capiens
805 1077 1020 1143 laetitia,
1062 1075 1309 1147 perrexit
1339 1091 1469 1129 cum
1500 1092 1584 1129 eo.
1622 1075 1724 1129 Ubi
1755 1081 1947 1129 autem
1977 1075 2169 1129 imbu-

457 1171 552 1221 tus
582 1171 666 1220 est
694 1165 896 1237 primis
934 1165 1383 1219 instructionum
1411 1164 1799 1230 sacramentis,
1831 1180 1944 1218 non
1984 1165 2165 1217 multo

456 1259 587 1326 post
623 1253 796 1308 etiam
822 1270 1037 1308 nomen
1067 1252 1244 1319 dedit,
1274 1257 1338 1306 ut
1361 1268 1463 1323 per
1491 1252 1842 1322 Baptismum
1867 1267 2161 1322 regenera-

455 1348 636 1410 retur,
677 1343 920 1397 mirante
953 1343 1152 1408 Roma,
1186 1342 1473 1412 gaudente
1513 1341 1775 1396 Ecclesia.
1809 1341 2053 1412 Superbi
2083 1341 2164 1394 vi-

459 1433 691 1499 debant,
721 1435 776 1485 et
804 1431 1224 1497 irascebantur;
1276 1430 1546 1485 dentibus
1578 1429 1694 1484 suis
1734 1429 2067 1496 stridebant,
2110 1435 2166 1484 et

457 1519 826 1576 tabescebant
856 1519 1018 1589 (Psal.
1053 1535 1158 1585 XCI,
1197 1520 1320 1586 10):
1364 1534 1523 1573 servo
1555 1522 1744 1573 autem
1778 1522 1875 1572 tuo
1901 1519 1918 1554 ¹
1969 1517 2164 1572 Ι)οωί-

457 1627 568 1666 nus
598 1611 746 1665 Deus
775 1613 896 1662 erat
925 1624 1053 1678 spes
1083 1608 1228 1677 ejus,
1261 1611 1318 1660 et
1340 1623 1458 1660 non
1488 1607 1829 1677 respiciebat
1855 1607 1915 1661 in
1944 1606 2161 1662 vanita-

455 1705 540 1754 tes
571 1698 709 1753 etin
749 1696 997 1750 insanias
1035 1696 1336 1750 mendaces
1366 1697 1526 1765 (Psal.
1554 1712 1741 1763 xxx1x,
1774 1697 1850 1765 5).

529 1793 580 1843 5.
634 1786 911 1857 Denique,
946 1789 1012 1839 ut
1065 1789 1301 1838 ventum
1351 1789 1433 1838 est
1479 1784 1550 1838 ad
1582 1783 1783 1838 horam
1824 1783 2162 1855 proﬁtenda

455 1876 609 1942 ﬁdei,
639 1891 768 1947 quas
797 1874 983 1929 verbis
1015 1873 1184 1928 certis
1214 1872 1519 1944 conceptis,
1551 1873 1902 1944 retentisque
1940 1889 2161 1927 memo-

453 1966 616 2032 riter,
657 1965 725 2019 de
754 1965 874 2018 loco
907 1962 1288 2016 eminentiore
1319 1961 1378 2015 in
1419 1965 1722 2032 conspectu
1752 1960 1951 2032 populi
1979 1960 2162 2015 ﬁdelis

456 2054 652 2107 Romae
701 2052 866 2106 reddi
892 2053 1036 2106 solet
1073 2051 1143 2104 ab
1184 2051 1265 2106 eis
1295 2049 1395 2122 qui
1426 2049 1709 2105 accessuri
1738 2054 1872 2126 sunt
1912 2049 1983 2104 ad
2030 2065 2160 2120 gra-

453 2142 595 2196 tiam
625 2147 805 2203 tuam,
839 2141 1097 2194 oblatum
1127 2156 1247 2192 esse
1292 2139 1516 2194 dicebat
1542 2137 1827 2192 Victorino
1860 2155 1891 2192 a
1924 2139 2160 2208 presby-

454 2231 592 2286 teris
621 2242 684 2286 ut
720 2229 989 2284 secretius
1028 2229 1313 2294 redderet,
1359 2228 1504 2282 sicut
1542 2228 1840 2282 nonnullis
1869 2226 1969 2298 qui
2000 2243 2160 2280 vere-

454 2319 664 2373 cundia
692 2316 1031 2390 trepidaturi
1061 2317 1417 2386 videbantur,
1448 2315 1640 2370 offerri
1664 2333 1788 2371 mos
1816 2319 1962 2384 erat;
1995 2316 2159 2370 illum

454 2413 643 2462 autem
693 2407 962 2460 maluisse
1001 2406 1242 2459 salutem
1291 2421 1455 2459 suam
1484 2404 1547 2458 in
1593 2409 1901 2475 conspectu
1950 2410 2158 2459 sanctas

453 2495 840 2551 multitudinis
869 2493 1146 2566 proﬁteri.
1183 2496 1306 2549 Non
1337 2494 1490 2550 enim
1522 2498 1643 2549 erat
1681 2495 1831 2548 salus
1861 2510 2033 2566 quam
2055 2494 2157 2549 do-

453 2584 618 2640 cebat
649 2585 708 2639 in
763 2584 1068 2653 rhetorica,
1100 2587 1156 2638 et
1203 2588 1396 2638 tamen
1439 2600 1566 2638 eam
1612 2584 1841 2654 publice
1870 2584 2159 2654 professus

453 2678 594 2729 erat.
654 2674 874 2738 Quanto
904 2672 1097 2727 minus
1150 2689 1287 2744 ergo
1319 2672 1504 2727 vereri
1550 2672 1747 2726 debuit
1789 2677 2154 2726 mansuetum

452 2779 688 2834 gregem
719 2767 882 2817 tuum
911 2761 1288 2834 pronuntians
1317 2761 1560 2816 verbum
1586 2766 1772 2828 tuum,
1805 2761 1905 2832 qui
1925 2778 2037 2815 non
2067 2777 2158 2816 ve-

449 2853 687 2908 rebatur
726 2853 787 2906 in
817 2851 1001 2906 verbis
1033 2851 1148 2906 suis
1179 2850 1374 2906 turbas
1401 2850 1779 2904 insanorum?
1807 2851 2005 2922 Itaque
2057 2849 2157 2905 ubi

451 2941 706 2996 ascendit
727 2945 792 2996 ut
821 2941 1103 3008 redderet,
1129 2956 1329 2994 omnes
1359 2939 1589 2994 sibimet
1615 2939 1883 3010 invicem,
1914 2939 2157 3011 quisque

450 3035 515 3084 ut
546 3046 677 3084 eum
724 3034 976 3098 noverat,
1007 3028 1442 3099 instrepuerunt
1488 3044 1702 3083 nomen
1753 3028 1877 3099 ejus
1916 3028 2157 3098 strepitu

449 3117 866 3189 gratulationis.
907 3116 1042 3180 Quis
1085 3121 1274 3172 autem
1318 3115 1398 3170 ibi
1447 3133 1566 3170 non
1606 3133 1738 3170 eum
1773 3117 2048 3171 noverat?
2093 3119 2156 3171 Et

450 3206 645 3260 sonuit
674 3222 866 3276 presso
898 3205 1083 3258 sonitu
1117 3222 1220 3275 per
1239 3221 1339 3259 ora
1359 3211 1695 3260 cunctorum
1721 3205 2150 3262 collaetantium:

451 3294 787 3358 Victorinus,
835 3292 1179 3348 Victorinus!
1231 3293 1351 3347 Cito
1403 3298 1721 3348 sonuerunt
1759 3294 2150 3364 exsultatione,

446 3383 582 3454 quia
619 3383 888 3437 videbant
933 3398 1095 3444 eum;
1130 3386 1188 3436 et
1229 3381 1341 3436 cito
1373 3383 1654 3438 siluerunt
1701 3383 2041 3452 intentione,
2089 3389 2151 3439 ut

449 3472 715 3527 audirent
743 3487 896 3527 eum.
939 3469 1339 3525 l’ronuntiavit
1367 3470 1462 3526 ille
1500 3472 1674 3526 ﬁdem
1703 3488 1959 3527 veracem
2005 3489 2152 3543 pra:-

445 3562 594 3615 clara
623 3559 848 3627 tlducia,
881 3563 937 3614 et
964 3559 1228 3614 volebant
1257 3575 1390 3614 eum
1421 3576 1621 3615 omnes
1657 3576 1856 3632 rapere
1896 3560 2051 3614 intro
2089 3561 2152 3615 in

445 3666 545 3702 cor
573 3665 742 3704 suum
767 3664 781 3716 ;
813 3653 868 3703 et
898 3647 1200 3719 rapiebant
1228 3647 1475 3704 amando
1507 3652 1563 3705 et
1584 3648 1922 3722 gaudendo:
1952 3649 2042 3703 hae
2069 3665 2150 3704 ra-

443 3737 728 3809 pientium
757 3753 960 3792 manus
989 3741 1170 3792 erant.

1113 3843 1338 3898 CAPUT
1377 3843 1476 3898 III.

443 3932 596 4002 Quod
651 3936 789 3989 Deus
844 3936 894 3986 et
931 3932 1130 4000 Angcli
1181 3934 1355 3998 magis
1409 3931 1652 3999 gaudent
1699 3932 1759 3985 in
1807 3938 2149 4001 peccatorum

1115 4022 1469 4074 conversione.

512 4116 565 4169 6.
600 4113 747 4166 Deus
774 4109 942 4174 bone,
977 4108 1114 4180 quid
1147 4108 1336 4179 agitur
1362 4108 1424 4162 in
1458 4107 1715 4177 homine,
1746 4113 1813 4164 ut
1843 4111 1971 4181 plus
2011 4127 2146 4182 gau-

439 4203 571 4258 deat
599 4202 668 4257 de
707 4201 886 4254 salute
917 4199 1228 4269 desperata:
1258 4197 1486 4266 animae,
1518 4201 1574 4252 et
1618 4197 1687 4253 de
1725 4199 1940 4270 majore
1989 4199 2143 4270 peri-

438 4293 568 4346 culo
603 4291 874 4352 liberatae,
921 4303 1096 4359 quam
1137 4286 1184 4340 si
1234 4304 1361 4358 spes
1399 4287 1453 4341 ei
1484 4303 1712 4357 semper
1739 4287 2012 4356 affuisset,
2045 4293 2145 4345 aut

436 4380 760 4452 periculum
789 4377 979 4432 minus
1017 4375 1255 4431 fuisset?
1286 4376 1509 4431 Etenim
1542 4380 1604 4430 tu
1632 4393 1883 4448 quoque,
1918 4377 2139 4433 miseri-

436 4485 559 4524 cors
606 4471 791 4530 Pater,
826 4468 951 4538 plus
989 4466 1203 4536 gaudes
1233 4465 1302 4520 de
1337 4482 1449 4519 uno
1474 4466 1808 4537 paenitente,
1856 4484 2031 4538 quam
2070 4469 2140 4523 de

436 4557 748 4627 nonaginta
786 4571 993 4610 novem
1026 4555 1222 4624 justis,
1264 4555 1472 4626 quibus
1502 4571 1619 4608 non
1667 4559 1751 4609 est
1779 4572 1924 4626 opus
1955 4556 2138 4627 paeni-

437 4643 639 4699 tentia.
675 4645 740 4698 Et
763 4637 1025 4696 nos'cum
1055 4657 1262 4711 magna
1286 4640 1645 4710 jucunditate
1687 4642 1971 4708 audimus,
2005 4659 2137 4698 cum

438 4730 702 4785 audimus
741 4747 915 4802 quam
947 4730 1365 4785 exsultantibus
1393 4729 1625 4800 Angelis
1666 4733 1708 4796 ³,
1743 4732 1986 4798 pastoris
2027 4733 2136 4786 hu-

435 4818 608 4874 meris
638 4825 957 4889 reportetur
987 4819 1107 4873 ovis
1153 4833 1282 4890 qum
1313 4825 1625 4886 erraverat;
1659 4822 1714 4872 et
1747 4819 2018 4874 drachma
2046 4837 2136 4876 re-

433 4908 650 4962 feratur
669 4907 729 4961 in
751 4907 1046 4961 thesauros
1073 4911 1223 4973 tuos,
1247 4907 1664 4962 collietantibus
1689 4907 1890 4962 vicinis
1906 4909 2136 4964 mulieri

432 5013 565 5070 quae
596 4995 852 5051 invenit:
885 5001 940 5050 et
969 4996 1245 5066 lacrymas
1293 4996 1507 5051 excutit
1550 4995 1830 5068 gaudium
1859 4999 2137 5053 solemni-

430 5086 566 5141 tatis
595 5085 804 5140 domus
834 5089 971 5147 tuas,
1001 5100 1129 5138 cum
1163 5084 1374 5154 legitur
1402 5084 1463 5138 in
1491 5085 1661 5139 domo
1686 5089 1785 5140 tua
1811 5085 1879 5140 de
1911 5086 2132 5141 minore

430 5176 549 5231 tilio
590 5180 710 5244 tuo,
745 5176 999 5244 quoniam
1028 5179 1270 5228 mortuus
1293 5177 1430 5240 erat,
1459 5178 1508 5228 et
1535 5176 1766 5240 revixit;
1791 5175 2056 5244 perierat,
2083 5181 2133 5230 et

426 5270 676 5322 inventus
719 5270 798 5319 est
823 5265 973 5336 (Luc.
1011 5264 1125 5335 xv).
1161 5263 1384 5317 Gaudes
1414 5263 1628 5334 quippe
1678 5262 1739 5316 in
1771 5263 1955 5331 nobis,
1986 5269 2042 5319 et
2071 5265 2131 5320 in

426 5355 659 5426 Angelis
684 5354 796 5409 tuis
825 5357 1017 5408 sancta
1060 5352 1334 5407 charitate
1369 5352 1601 5406 sanctis.
1635 5352 1780 5407 Nam
1811 5357 1875 5407 tu
1904 5369 2131 5426 semper

493 5443 510 5474 ¹
545 5447 670 5495 Suo.
693 5442 845 5504 juxta
880 5441 1048 5490 Rond.
1079 5455 1200 5490 cum
1231 5440 1434 5504 aliquot
1458 5440 1582 5504 Mss.
1652 5440 1720 5488 Μ.

489 5506 511 5539 ²
536 5505 593 5552 lu
619 5501 858 5566 pluribus
878 5504 1006 5553 Edd.
1029 5517 1040 5550 :
1065 5505 1232 5562 Quam
1252 5501 1846 5566 exaullanlispastorts.
1882 5503 1942 5566 In
1965 5503 2088 5553 Mss.
2112 5518 2125 5552 :

427 5568 599 5622 Quam
610 5564 1011 5629 exsultantibus
1021 5567 1287 5629 pastoris,-
1302 5579 1405 5626 pne
1413 5567 1488 5612 ter
1502 5564 1837 5629 Valinensem
1849 5565 1939 5629 qui
1950 5566 2123 5617 habet:

424 5630 591 5691 Quam
615 5626 1244 5692 exsultantibus’Angcus
1268 5630 1542 5693 pastoris;
1574 5629 1626 5678 et
1652 5626 1860 5678 melius.

1661 330 2194 389 CONFESSIONUM
2251 330 2308 388 S.
2366 329 2770 386 AUGUSTINI.
3833 341 3918 391 τῃ

2283 453 2456 521 idem,
2481 453 2580 525 qui
2606 469 2672 508 ea
2700 469 2830 524 quas
2859 467 2978 506 non
3003 467 3230 524 semper
3257 469 3361 508 nec
3388 454 3581 510 eodem
3608 457 3768 512 modo
3793 468 3921 528 sunt,

2283 543 2482 598 eodem
2515 543 2685 596 modo
2715 557 2940 612 semper
2968 541 3116 596 nosti
3146 542 3360 598 omnia.

2351 636 2405 686 7.
2439 631 2582 696 Quid
2621 648 2758 702 ergo
2787 631 2978 701 agitur
3023 631 3084 685 in
3116 631 3328 698 anima,
3369 648 3498 687 cum
3539 634 3769 706 amplius
3794 636 3921 691 dele-

2281 724 2465 776 ctatur
2493 721 2735 775 inventis
2765 726 2864 775 aut
2906 720 3141 775 redditis
3169 721 3340 775 rebus
3379 737 3516 792 quas
3545 721 3736 793 diligit,
3780 739 3921 794 quam

2281 809 2328 863 si
2353 827 2448 864 eas
2471 826 2697 880 semper
2726 809 3058 864 habuisset?
3089 811 3483 865 Contestantur
3501 810 3648 864 enim
3671 816 3724 865 et
3735 818 3920 878 caetera,

2277 903 2332 952 et
2367 900 2537 970 plena
2565 902 2696 952 sunt
2726 898 2920 953 omnia
2933 898 3275 952 testimoniis
3305 898 3710 954 clamantibus:
3737 901 3813 954 Ita
3841 911 3919 956 est.

2277 987 2617 1057 Triumphat
2645 987 2826 1040 victor
2853 986 3186 1056 imperator,
3222 991 3279 1041 et
3306 1003 3422 1040 non
3450 987 3683 1054 vicisset,
3713 987 3811 1043 nisi
3835 1005 3921 1059 pu-

2277 1074 2587 1145 gnavisset;
2621 1079 2676 1128 et
2702 1079 2914 1146 quanto
2946 1075 3129 1146 majus
3169 1073 3487 1146 periculum
3516 1073 3621 1128 fuit
3655 1074 3710 1128 in
3736 1076 3915 1146 prmlio,

2276 1167 2434 1219 tanto
2455 1170 2537 1219 est
2561 1164 2835 1235 gaudium
2863 1165 3048 1234 majus
3069 1164 3130 1218 in
3151 1164 3461 1235 triumpho.
3476 1165 3646 1218 Jactat
3663 1168 3918 1235 tempestas

2275 1252 2626 1323 navigantes,
2675 1252 3043 1324 minaturque
3098 1252 3496 1324 naufragium;
3554 1268 3741 1306 omnes
3765 1253 3912 1307 futura

2275 1348 2461 1396 morte
2513 1343 2869 1413 pallescunt:
2913 1342 3319 1412 tranquillatur
3348 1342 3554 1396 coelum
3583 1346 3635 1395 et
3679 1357 3836 1406 mare,
3874 1347 3916 1395 et

2275 1430 2561 1484 exsultant
2590 1429 2782 1496 nimis,
2812 1428 3089 1500 quoniam
3119 1429 3442 1484 timuerunt
3479 1429 3662 1484 nimis.
3689 1430 3832 1499 .Eger
3853 1435 3915 1483 est

2273 1520 2498 1581 charus,
2534 1523 2591 1573 et
2645 1534 2789 1572 vena
2845 1519 2969 1589 ejus
3023 1518 3241 1573 malum
3284 1517 3603 1584 renuntiat;
3642 1533 3818 1572 omnes
3841 1519 3912 1588 qui

2273 1623 2406 1662 eum
2454 1607 2674 1662 salvum
2721 1607 2980 1678 cupiunt,
3028 1611 3310 1678 aegrotant
3339 1607 3512 1661 simul
3559 1605 3852 1660 animoztit
3873 1606 3910 1658 ei

2273 1700 2448 1766 recte,
2480 1701 2536 1751 et
2555 1696 2812 1752 nondum
2842 1696 3098 1750 ambulat
3126 1695 3383 1767 pristinis
3411 1695 3648 1762 viribus;
3677 1699 3729 1749 et
3749 1693 3804 1749 iit
3822 1693 3909 1764 jam

2273 1787 2386 1840 tale
2425 1785 2720 1856 gaudium,
2765 1785 2934 1856 quale
2981 1801 3101 1840 non
3147 1784 3258 1839 fuit
3299 1800 3432 1839 cum
3480 1787 3641 1838 antea
3677 1783 3834 1836 salvus
3871 1785 3909 1834 et

2273 1875 2432 1930 fortis
2455 1875 2790 1929 ambularet.
2810 1875 3024 1946 Easque
3042 1873 3193 1945 ipsas
3219 1873 3540 1944 voluptates
3558 1872 3799 1927 humanae
3814 1869 3906 1924 vitae

2273 1963 2445 2018 etiam
2463 1980 2578 2018 non
2599 1962 2907 2034 inopinatis
2928 1967 2984 2017 et
2999 1967 3206 2034 praeter
3225 1962 3578 2016 voluntatem
3598 1959 3903 2024 irruentibus,

2275 2053 2372 2108 sed
2403 2052 2679 2107 institutis
2715 2056 2774 2106 et
2816 2051 3152 2106 voluntariis
3181 2051 3459 2106 molestiis
3489 2049 3733 2105 homines
3757 2047 3902 2119 acqui-

2270 2146 2424 2197 runt.
2456 2141 2670 2197 Edendi
2696 2145 2752 2195 et
2779 2140 3016 2195 bibendi
3063 2141 3328 2211 voluptas
3359 2140 3516 2194 nulla
3544 2143 3640 2206 est,
3680 2137 3776 2192 nisi
3797 2151 3902 2207 pre-

2270 2231 2432 2286 cedat
2457 2229 2743 2286 esuriendi
2761 2233 2817 2284 et
2833 2229 3062 2284 sitiendi
3087 2229 3370 2284 molestia.
3393 2229 3466 2284 Et
3486 2226 3679 2283 ebriosi
3696 2224 3901 2298 quaedam

2270 2319 2601 2374 salsiuscula
2643 2318 2969 2384 comedunt,
3001 2333 3114 2388 quo
3145 2317 3245 2372 ﬁat
3271 2317 3547 2372 molestus
3575 2315 3746 2380 ardor,
3773 2326 3899 2384 quem

2269 2408 2407 2463 dum
2455 2406 2766 2478 exstinguit
2810 2405 3048 2478 potatio,
3079 2406 3147 2460 tit
3183 2405 3510 2460 delectatio.
3551 2405 3612 2459 Et
3642 2402 3898 2457 institutum

2269 2500 2446 2550 estut
2488 2497 2611 2568 jam
2661 2501 2842 2566 pactas
2897 2511 3120 2566 sponsas
3152 2511 3273 2549 non
3301 2495 3600 2550 tradantur
3645 2491 3824 2557 statim,
3848 2504 3897 2543 ne

2267 2584 2440 2640 vilem
2486 2582 2964 2653 habeatzmaritus
3003 2583 3218 2651 datam,
3247 2599 3429 2655 quam
3457 2599 3571 2638 non
3605 2576 3899 2652 suspirant-it

2270 2689 2511 2745 sponsus
2539 2672 2797 2727 dilatam.

2341 2765 2394 2818 8.
2427 2763 2541 2816 Hoc
2570 2763 2630 2816 in
2647 2761 2803 2832 turpi
2819 2765 2874 2816 et
2903 2761 3246 2817 exsecranda
3271 2761 3505 2830 laztitia;
3531 2761 3631 2817 hoc
3657 2759 3712 2814 in
3735 2773 3790 2813 ea
3805 2770 3898 2828 qua

2271 2867 2535 2907 concessa
2563 2855 2620 2906 et
2647 2851 2802 2906 licita
2829 2855 2950 2919 est;
2983 2851 3094 2906 hoc
3123 2851 3181 2906 in
3207 2851 3340 2923 ipsa
3369 2850 3728 2906 sincerissima
3759 2847 3897 2902 hone-
3971 2881 3982 2896 ,

2267 2944 2408 2995 state
2439 2939 2703 2994 amicitiae
2739 2939 2885 2994 :hoc
2923 2939 2984 2994 in
3029 2955 3097 2994 eo
3126 2939 3226 3010 qui
3273 2944 3540 2995 mortuus
3563 2942 3691 3008 erat,
3717 2941 3763 2990 et
3787 2933 3897 2988 revi-

2265 3029 2376 3096 xit;
2408 3028 2674 3100 perierat,
2707 3033 2764 3084 et
2792 3027 3060 3083 inventus
3089 3032 3174 3084 est
3223 3029 3450 3101 Ubique
3485 3029 3660 3099 majus
3682 3022 3895 3098 gaudium

2265 3118 2527 3172 molestia
2572 3117 2779 3188 majori
2815 3117 3176 3188 praeceditur.
3222 3117 3377 3182 Quid
3423 3122 3507 3173 est
3549 3118 3668 3183 hoc,
3713 3111 3894 3168 Domine

2267 3208 2415 3261 Deus
2441 3222 2625 3269 meus,
2649 3222 2779 3260 cum
2806 3210 2867 3260 tu
2894 3210 3171 3261 internum
3194 3205 3396 3278 tibijtu
3426 3207 3546 3278 ipse
3571 3205 3641 3260 sis
3656 3200 3890 3274 gaudium,

2264 3300 2320 3351 et
2346 3295 2612 3367 quaedam
2649 3295 2718 3350 de
2748 3300 2800 3349 te
2830 3294 2977 3349 circa
3004 3299 3059 3349 te
3093 3311 3327 3366 semper
3361 3295 3671 3366 gaudeant?
3699 3289 3815 3355 Quid
3836 3291 3894 3340 est

2265 3385 2420 3456 quod
2448 3386 2570 3439 haec
2598 3400 2793 3439 rerum
2824 3400 2954 3455 pars
2973 3385 3216 3438 alternat
3245 3385 3474 3440 defectu
3504 3387 3559 3439 et
3576 3381 3814 3453 profectu,
3835 3374 3890 3429 of-

2262 3473 2621 3528 fensionibus
2646 3477 2703 3528 et
2742 3472 3280 3529 conciliationibus?
3309 3477 3399 3529 An
3425 3474 3472 3528 is
3509 3476 3589 3527 est
3628 3469 3797 3525 modus
3824 3480 3890 3517 ea-

2261 3579 2410 3623 rum,
2444 3566 2500 3617 et
2526 3565 2748 3616 tantum
2798 3560 3000 3616 dedisti
3049 3562 3154 3633 eis,
3183 3579 3322 3619 cum
3351 3581 3386 3619 a
3413 3560 3641 3618 summis
3680 3557 3888 3613 caslorum

2262 3668 2442 3723 usque
2473 3650 2542 3705 ad
2573 3650 2689 3705 ima
2711 3655 3014 3718 terrarum,
3045 3651 3116 3705 ab
3145 3651 3318 3706 initio
3358 3668 3536 3724 usque
3564 3651 3621 3704 in
3647 3649 3793 3702 tinem
3815 3658 3887 3695 εει

2259 3741 2542 3810 culorum,
2589 3741 2660 3795 ab
2712 3740 2916 3810 angelo
2946 3755 3130 3811 usque
3175 3741 3251 3796 ad
3285 3740 3668 3805 vermiculum,
3705 3752 3734 3789 a
3769 3733 3882 3786 moi"

2259 3829 2446 3902 primo
2466 3846 2647 3900 usque
2668 3829 2741 3883 ad
2762 3833 3102 3894 extremum,
3133 3829 3334 3885 omnia
3355 3845 3563 3902 genera
3574 3828 3831 3886 bonorum,
3849 3819 3885 3869 ei

2259 3918 2452 3972 omnia
2475 3919 2630 3989 justa
2660 3934 2834 3988 opera
2869 3922 2988 3986 tua,
3021 3918 3138 3974 suis
3167 3936 3418 3992 quaeque
3447 3918 3662 3974 sedibus
3705 3913 3881 3968 locum,

2257 4011 2315 4062 et
2341 4007 2458 4062 suis
2484 4024 2729 4080 quaeque
2773 4008 3134 4080 temporibus
3161 4012 3408 4080 ageres?
3438 4011 3554 4064 Heu
3578 4002 3724 4069 mihi,
3757 4009 3880 4070 quam

2255 4097 2508 4151 excelsus
2538 4113 2596 4150 es
2623 4095 2687 4150 in
2711 4097 2967 4164 excelsis,
2999 4101 3056 4152 et
3086 4113 3262 4169 quam
3289 4096 3600 4169 profundus
3625 4091 3678 4146 in
3704 4082 3878 4159 profun-

2165 4197 2168 4200 ‘
2255 4185 2370 4241 dis!
2401 4190 2460 4240 et
2487 4201 2773 4258 nusquam
2798 4187 3036 4247 recedis,
3068 4191 3126 4241 et
3154 4185 3246 4242 vix
3278 4186 3530 4243 redimus
3559 4181 3624 4239 ad
3652 4185 3716 4236 te.

2928 4295 3058 4350 CAP
3068 4295 3153 4350 UT
3190 4295 3286 4350 IV.

2359 4382 2540 4448 Quare
2558 4381 2685 4451 plus
2711 4382 3003 4437 laetandum
3031 4385 3104 4437 sit
3128 4385 3186 4437 in
3207 4382 3544 4438 conversione
3568 4376 3800 4433 nobilium.

2321 4473 2371 4524 9.
2396 4474 2538 4542 Age,
2589 4471 2849 4538 Domine,
2882 4471 2997 4538 fac;
3032 4471 3234 4540 excita,
3267 4477 3326 4528 et
3373 4485 3569 4525 revoca
3596 4482 3714 4531 nos;
3739 4468 3876 4514 accen'

2248 4556 2339 4624 de,
2397 4562 2454 4612 et
2504 4575 2671 4630 rape;
2716 4560 2917 4630 ﬂagra,
2949 4561 3246 4616 dulcesce:
3299 4575 3575 4624 amemus,
3621 4556 3871 4608 curramus-

2248 4647 2447 4701 Nonne
2476 4647 2646 4702 multi
2697 4663 2762 4701 ex
2792 4649 3164 4718 profundiore
3212 4653 3430 4704 tartara
3459 4641 3707 4702 caecitatis
3741 4644 3869 4707 qulm

2247 4735 2567 4790 Victorinus
2595 4735 2841 4790 redeunt
2865 4737 2932 4792 ad
2958 4742 3036 4807 te,
3065 4741 3122 4792 et
3149 4739 3447 4797 accedunt.
3471 4741 3527 4791 et
3544 4725 3873 4789 illuminanth

2245 4823 2584 4894 recipientes
2615 4825 2832 4890 lumen,
2875 4825 3028 4895 quod
3059 4825 3106 4880 si
3136 4825 3237 4896 qui
3268 4824 3565 4896 recipiunt,
3594 4813 3872 4898 accipiunt!

2243 4917 2298 4967 te
2329 4916 2667 4983 potestatem
2698 4917 2761 4967 ut
2789 4913 2894 4967 filii
2921 4913 3007 4967 tui
3037 4914 3217 4970 tiant?
3245 4916 3437 4983 (Joan.
3473 4929 3509 4980 ι,
3538 4914 3588 4976 9,
3617 4906 3709 4974 12.)
3735 4896 3822 4956 Sed
3842 4896 3872 4944 ελ

2243 5001 2436 5056 minus
2464 5002 2586 5057 noti
2608 5007 2742 5058 sunt
2769 5003 3017 5074 populis,
3049 5004 3243 5059 minus
3266 5003 3338 5058 de
3359 5003 3470 5057 illis
3493 4997 3720 5071 gaudent
3744 4988 3872 5043 etiam

2242 5089 2344 5160 qui
2374 5095 2656 5145 noverunt
2676 5107 2791 5146 eos.
2813 5091 3054 5156 Quando
3085 5092 3241 5148 enim
3271 5108 3404 5147 cum
3433 5087 3614 5146 multis
3633 5078 3870 5156 gandetum

2243 5182 2299 5232 et
2327 5178 2386 5232 in
2426 5177 2665 5249 singulis
2699 5179 2928 5233 uberius
2968 5186 3052 5234 est
3082 5180 3378 5252 gaudium,
3411 5178 3542 5251 quia
3570 5163 3869 5254 fervefaciunt

2241 5282 2320 5333 se,
2353 5271 2411 5321 et
2429 5265 2864 5323 inﬂammantur
2891 5284 2956 5322 ex
2987 5249 3284 5324 alte—rutro.
3313 5249 3545 5332 Deinde,
3567 5258 3701 5334 quod
3719 5249 3867 5341 multis

2242 5355 2379 5422 noti,
2414 5355 2608 5411 multis
2660 5361 2793 5412 sunt
2847 5357 3170 5413 auctoritati
3215 5357 3288 5412 ad
3335 5356 3590 5421 salutem,
3627 5353 3678 5404 et
3720 5339 3866 5397 multis

2238 5449 2502 5516 praeeunt
2529 5446 2824 5501 secuturis.
2849 5447 3098 5520 Ideoque
3128 5447 3376 5502 multum
3403 5445 3473 5500 de
3498 5441 3602 5497 illis
3628 5441 3676 5492 et
3696 5429 3776 5504 qui
3796 5435 3865 5478 805

2239 5539 2654 5603 praecesserunt
2699 5535 2986 5602 laetantur,
3032 5537 3169 5607 quia
3221 5551 3341 5590 non
3377 5534 3447 5589 de
3486 5529 3611 5585 solis
3638 5521 3860 5579 laetanhlh

2239 5622 2398 5678 Absit
2428 5622 2582 5680 enim
2603 5628 2667 5681 ut
2696 5623 2757 5681 in
2785 5624 3151 5684 tabernaculo
3182 5627 3282 5680 tuo
3313 5637 3432 5695 pra:
3468 5611 3777 5694 pauperibus
3802 5613 3860 5653 π’
