4022 6176
149 237 258 289 753

148 358 441 431 cipiantur
466 372 728 429 personas
750 356 1014 424 divitum,
1046 360 1146 413 aut
1173 374 1292 429 prae
1322 356 1670 430 ignobilibus
1698 356 1862 413 nobi-

149 450 237 505 les
261 466 275 515 ;
298 447 532 520 quando
560 446 755 517 potius
785 446 1015 501 infirma
1044 446 1245 501 mundi
1276 446 1501 518 elegisti
1533 452 1594 502 ut
1621 448 1860 502 confun-

152 540 321 594 deres
348 536 548 605 fortia;
580 540 637 591 et
662 534 936 608 ignobilia
964 535 1136 605 hujus
1167 536 1365 590 mundi
1397 536 1616 607 elegisti
1648 540 1704 590 et
1728 552 1859 590 con-

155 624 521 698 temptibilia,
554 639 611 679 et
641 640 707 679 ea
734 640 863 695 qua:
893 640 1007 678 non
1031 628 1181 699 sunt,
1207 629 1505 695 tamquam
1536 625 1669 691 sint,
1701 629 1765 679 ut
1794 640 1861 679 ea

153 733 293 787 quas
329 719 460 769 sunt
488 729 790 767 evacuares
816 714 860 778 (Ι
894 714 1013 769 Cor.
1051 729 1089 779 ι,
1122 716 1213 781 27,
1244 716 1352 781 28).
1391 715 1455 767 Et
1484 718 1678 768 tamen
1705 714 1859 769 idem

150 804 282 875 ipse
321 802 593 857 minimus
639 802 1045 873 Apostolorum
1080 806 1311 856 tuorum
1343 802 1474 870 (ιιι,
1516 819 1599 867 xx,
1638 802 1719 869 9).
1758 818 1861 873 per

145 893 320 964 cujus
366 891 629 961 linguam
680 896 779 946 tua
825 890 933 945 ista
977 890 1148 945 verba
1193 889 1457 953 sonuisti,
1490 906 1619 944 cum
1651 892 1859 944 Paulus

146 979 481 1051 proconsul,
516 994 619 1048 per
655 993 782 1048 ejus
812 976 1079 1031 militiam
1108 976 1389 1031 debellata
1427 976 1713 1047 superbia,
1755 976 1859 1031 sub

146 1069 271 1123 line
288 1069 499 1139 jugum
530 1065 739 1121 Christi
772 1065 857 1120 tui
883 1065 1088 1119 missus
1118 1070 1286 1133 esset,
1318 1066 1469 1135 regis
1502 1065 1698 1135 magni
1724 1082 1857 1136 pro-

84 1226 92 1233 .
145 1156 415 1212 vincialis
463 1155 696 1211 effectus
740 1155 882 1224 (Act.
934 1170 1050 1220 xm,
1080 1157 1137 1220 7,
1187 1154 1298 1222 l2);
1348 1154 1469 1223 ipse
1518 1170 1749 1225 quoque
1790 1170 1859 1208 ex

144 1247 348 1317 priore
384 1245 555 1300 Saulo
598 1244 809 1299 Paulus
845 1242 1036 1297 vocari
1075 1242 1306 1309 amavit,
1339 1242 1410 1296 ob
1451 1247 1567 1296 tam
1593 1244 1859 1313 magum1

144 1336 380 1407 insigne
408 1334 677 1388 victoriae.
704 1334 836 1389 Plus
866 1332 1021 1387 enim
1041 1331 1219 1387 hostis
1240 1331 1482 1387 vincitur
1512 1333 1569 1386 in
1596 1349 1662 1387 eo
1685 1349 1857 1403 quem

140 1425 286 1495 plus
314 1428 490 1490 tenet,
521 1428 578 1477 et
606 1423 676 1477 de
707 1439 820 1494 quo
848 1423 1041 1494 plures
1070 1426 1246 1476 tenet.
1281 1422 1414 1475 Plus
1444 1426 1636 1476 autem
1668 1437 1859 1492 super-

143 1512 259 1567 bos
289 1516 448 1567 tenet
472 1510 707 1566 nomine
740 1510 1077 1579 nobilitatis,
1111 1514 1167 1564 et
1195 1509 1261 1564 de
1288 1508 1375 1563 his
1404 1509 1597 1579 plures
1626 1508 1858 1563 nomine

141 1598 525 1655 auctoritatis.
560 1602 786 1664 Quanto
835 1598 1012 1669 igitur
1061 1597 1279 1669 gratius
1318 1597 1677 1669 cogitabatur
1706 1601 1727 1633 ²
1771 1596 1859 1651 Vi-

146 1689 366 1746 ctorini
388 1694 607 1760 pectus,
632 1688 789 1760 quod
814 1692 1111 1758 tamquam
1141 1686 1586 1759 inexpugnabile
1608 1689 1860 1757 recepta-

144 1780 350 1834 culum
397 1778 660 1833 diabolus
708 1776 1052 1843 obtinuerat,
1088 1780 1143 1830 et
1184 1775 1453 1830 Victorini
1490 1776 1709 1845 lingua,
1742 1791 1856 1845 quo

140 1869 267 1923 telo
300 1868 505 1939 grandi
548 1872 607 1922 et
644 1872 810 1922 acuto
846 1866 1053 1921 multos
1085 1870 1445 1935 peremerat;
1478 1869 1638 1919 tanto
1671 1865 1858 1919 abun-

142 1956 387 2013 dantius
415 1958 695 2012 exsultare
728 1954 983 2027 oportuit
1006 1954 1154 2008 ﬁlios
1175 1958 1322 2020 tuos,
1356 1954 1491 2025 quia
1521 1955 1637 2008 Rex
1661 1958 1857 2007 noster

142 2046 411 2117 alligavit
449 2045 677 2111 fortem,
709 2048 766 2098 et
793 2044 1064 2099 videbant
1092 2059 1225 2096 vasa
1252 2042 1375 2112 ejus
1406 2046 1600 2112 erepta
1631 2042 1853 2107 (Matth.

143 2152 249 2201 xu,
282 2136 377 2202 29)
409 2132 698 2199 mundari,
721 2133 794 2187 'et
822 2132 1007 2204 aptari
1036 2131 1097 2185 in
1123 2131 1397 2185 honorem
1430 2134 1615 2196 tuum,
1650 2135 1706 2184 et
1732 2128 1857 2184 fieri

144 2223 323 2279 utilia
357 2221 603 2279 Domino
641 2222 709 2276 ad
739 2236 909 2276 omne
950 2237 1092 2291 opus
1123 2221 1340 2273 bonum
1376 2220 1441 2289 (II
1478 2221 1614 2273 Tim.
1652 2235 1709 2285 ιι,
1742 2219 1853 2288 2t).

845 2310 1071 2363 CAPUT
1110 2308 1172 2361 V.

442 2402 569 2468 Qua
596 2398 970 2453 remorabatur
998 2413 1118 2451 eum
1144 2412 1179 2450 a
1210 2397 1566 2451 conversione.

232 2491 319 2546 lO.
348 2489 458 2546 Sed
488 2487 585 2542 ubi
613 2486 759 2542 mihi
786 2487 957 2541 homo
988 2490 1119 2541 tuus
1149 2485 1550 2556 Simplicianus
1576 2485 1645 2539 de
1669 2485 1855 2540 Victo-

147 2580 283 2634 rino
304 2578 412 2633 ista
437 2576 706 2641 narravit,
741 2575 928 2631 exarsi
958 2576 1030 2630 ad
1057 2574 1397 2628 imitandum
1423 2590 1435 2628 :
1470 2575 1541 2629 ad
1570 2575 1677 2629 hoc
1699 2573 1856 2629 enim

147 2674 214 2725 et
242 2669 341 2723 ille
388 2670 734 2722 narraverat.
770 2667 1148 2735 Posteaquam
1180 2679 1314 2717 vero
1346 2669 1403 2716 et
1435 2663 1574 2717 illud
1615 2663 1855 2730 addidit,

148 2756 318 2829 quod
344 2752 708 2825 imperatoris
735 2751 948 2807 Juliani
979 2752 1330 2822 temporibus
1356 2751 1479 2821 lege
1509 2752 1639 2805 data
1666 2750 1858 2821 prohi-

151 2845 261 2900 biti
296 2848 426 2898 sunt
459 2841 765 2898 Christiani
793 2841 992 2896 docere
1019 2840 1399 2894 litteraturam
1433 2844 1487 2893 et
1509 2839 1815 2893 oratoriam
1842 2857 1855 2906 ;

154 2950 335 3005 quam
356 2931 646 3004 legemille
659 2930 977 3000 amplexus,
1000 2929 1297 2999 loquacem
1318 2930 1569 2983 scholam
1596 2929 1855 2982 deserere

150 3022 380 3088 maluit,
422 3036 597 3092 quam
630 3019 866 3074 verbum
899 3023 1087 3088 tuum,
1133 3033 1248 3089 quo
1292 3018 1519 3088 linguas
1550 3017 1856 3071 infantium

150 3111 297 3167 facis
340 3110 578 3165 disertas
621 3110 771 3179 (Sup.
814 3125 870 3175 x,
927 3107 1047 3177 ll):
1104 3123 1218 3161 non
1258 3106 1401 3160 mihi
1438 3105 1640 3162 fortior
1684 3121 1854 3176 quam

152 3200 376 3256 felicior
399 3199 551 3253 visus
572 3203 676 3262 est,
702 3198 835 3268 quia
861 3196 1081 3251 invenit
1099 3196 1453 3250 occasionem
1477 3194 1713 3249 vacandi
1732 3194 1851 3249 tibi.

154 3289 261 3344 Cui
292 3288 372 3343 rei
402 3304 508 3359 ego
539 3286 897 3356 suspirabam
928 3284 1162 3355 ligatus,
1195 3299 1311 3338 non
1343 3284 1493 3337 ferro
1520 3282 1729 3351 alieno,
1760 3282 1854 3336 sed

156 3394 289 3432 mea
317 3378 500 3431 ferrea
539 3376 851 3429 voluntate.
894 3374 1045 3427 Velle
1084 3388 1277 3426 meum
1310 3372 1540 3426 tenebat
1569 3371 1853 3435 inimicus,

155 3472 214 3520 et
264 3465 397 3520 inde
446 3464 587 3519 mihi
634 3468 896 3516 catenam
940 3461 1168 3529 fecerat,
1203 3465 1259 3515 et
1294 3460 1713 3515 constrinxerat
1742 3476 1853 3514 me.

154 3555 382 3626 Quippe
404 3570 467 3609 ex
492 3553 803 3618 voluntate,
832 3566 1118 3622 perversa,
1147 3550 1293 3604 facta
1311 3554 1396 3604 est
1412 3548 1592 3604 libido
1614 3553 1700 3603 :et
1720 3548 1857 3602 dum

155 3643 405 3698 servitur
447 3640 690 3706 libidini,
740 3639 887 3694 facta
932 3642 1016 3692 est
1044 3638 1432 3706 consuetudo;
1467 3642 1521 3691 et
1551 3638 1688 3691 dum
1720 3654 1859 3690 con-

157 3732 453 3788 suetudini
482 3747 597 3785 non
627 3729 927 3795 resistitur,
963 3728 1110 3782 facta
1148 3730 1232 3781 est
1274 3724 1604 3781 necessitas.
1646 3725 1860 3789 Quibus

159 3821 323 3893 quasi
341 3819 554 3875 ansulis
577 3818 805 3873 sibimet
821 3815 1242 3885 innexis,’unde
1264 3820 1523 3869 catenam
1553 3814 1857 3885 appellavi,

157 3910 390 3965 tenebat
419 3924 510 3964 me
540 3906 876 3962 obstrictum
898 3906 1041 3960 dura
1066 3905 1329 3960 servitus.
1364 3905 1639 3957 Voluntas
1668 3908 1861 3956 autem

158 4016 305 4055 nova
352 4014 479 4069 qua:
526 3996 668 4051 mihi
709 4012 830 4051 esse
874 3997 1121 4065 coeperat
1160 3997 1223 4047 ut
1258 3998 1314 4046 te
1370 3992 1546 4062 gratis
1592 3992 1859 4056 colerem,

158 4088 388 4159 fruique
409 4091 463 4140 te
491 4087 715 4151 vellem,
741 4086 888 4139 Deus
915 4084 1033 4137 sola
1057 4080 1574 4152 certajucunditas,
1602 4080 1861 4134 nondum

160 4182 286 4234 erat
317 4176 521 4230 idonea
546 4174 614 4229 ad
647 4173 1027 4245 superandam
1056 4170 1311 4242 priorem
1327 4173 1600 4223 vetustate
1626 4170 1859 4223 robora-

161 4271 301 4320 tam.
350 4264 433 4319 Ita
474 4264 602 4317 duce
633 4262 952 4315 voluntates
983 4276 1146 4324 mete,
1179 4274 1295 4312 una
1326 4262 1503 4319 vetus,
1554 4256 1667 4310 alia
1696 4273 1859 4324 nova,

158 4355 259 4409 illa
314 4350 576 4417 carnalis,
625 4350 722 4404 illa
768 4348 1101 4421 spiritualis,
1150 4346 1532 4415 conﬂigebant
1576 4345 1726 4399 inter
1781 4362 1863 4414 se,

160 4448 335 4514 atque
363 4438 740 4496 discordando
770 4437 1125 4508 dissipabant
1153 4434 1405 4489 animam
1440 4449 1647 4487 meam.

237 4534 321 4586 ll.
355 4530 443 4586 Sic
471 4528 885 4599 intelligebam,
916 4526 1136 4597 meipso
1159 4524 1551 4596 experimento
1575 4527 1615 4589 ³,
1640 4522 1694 4576 id
1715 4521 1865 4593 quod

159 4624 436 4692 legeram,
488 4618 776 4689 quomodo
824 4633 953 4671 caro
994 4614 1416 4686 concupisceret
1445 4612 1711 4667 adversus
1751 4610 1863 4681 spi-

160 4711 363 4775 ritum,
388 4712 447 4762 et
476 4706 706 4778 spiritus
736 4706 1005 4761 adversus
1036 4719 1263 4758 carnem
1299 4703 1497 4771 (Galat.
1532 4718 1586 4770 v,
1614 4703 1716 4769 l7).
1754 4701 1866 4771 Ego

160 4795 402 4869 quidem
431 4794 490 4848 in
522 4799 803 4865 utroque;
836 4793 931 4847 sed
965 4792 1149 4863 magis
1178 4808 1283 4861 ego
1315 4791 1373 4844 in
1406 4807 1471 4844 eo
1503 4790 1657 4861 quod
1688 4788 1745 4842 in
1777 4804 1866 4841 me

158 4883 575 4956 approbabam,
607 4898 781 4953 quam
814 4882 872 4935 in
919 4898 984 4935 eo
1024 4880 1177 4952 quod
1220 4879 1277 4934 in
1325 4896 1416 4933 me
1448 4878 1864 4949 improbabam.

166 4974 253 5029 lbi
274 4972 431 5027 enim
458 4972 642 5042 magis
668 4972 788 5042 jam
814 4986 930 5025 non
962 4978 1069 5041 e’go
1097 4989 1111 5036 ;
1144 4969 1279 5040 quia
1304 4984 1371 5023 ex
1393 4983 1600 5039 magna
1626 4972 1785 5038 parte
1813 4965 1867 5018 id

224 5098 538 5159 iMngnum,
568 5096 722 5159 juxta
746 5096 869 5143 Lov.
908 5095 973 5159 lt].
1270 5154 1280 5159 ,
1400 5158 1403 5159 ν
1533 5152 1545 5159 ,
1601 5153 1611 5159 ,
1653 5109 1660 5116 ’

220 5163 243 5195 2
271 5152 391 5208 uss.
418 5164 536 5207 octo
560 5152 772 5213 habent,
795 5157 1107 5217 cogebatur;
1138 5168 1246 5203 non
1269 5154 1462 5217 inepte,
1486 5152 1547 5200 ad
1572 5152 1868 5217 significan-

156 5224 283 5271 dam
309 5222 414 5269 vim
444 5221 653 5269 diabolo
678 5215 895 5267 illatam.
925 5220 1205 5281 Sequimur
1234 5215 1566 5279 vulgatorum
1592 5215 1868 5281 lectionem

158 5288 212 5335 in
242 5285 366 5333 Mss.
395 5284 554 5331 etiam
580 5284 712 5331 bene
741 5282 921 5330 multis
943 5276 1222 5345 repertam,
1248 5284 1300 5330 et
1328 5276 1453 5327 vero
1478 5281 1649 5342 potest
1678 5276 1870 5324 habere

155 5346 412 5397 eumdem
432 5359 667 5393 sensum.

223 5412 244 5442 ³
276 5409 336 5455 lu
369 5408 459 5455 B.:
494 5410 563 5457 In
598 5420 678 5455 me
701 5409 829 5468 ipso.
861 5405 1023 5465 Lugd.
1049 5405 1178 5468 Ven.
1207 5405 1259 5468 et
1294 5403 1440 5468 Lov.,
1481 5403 1751 5468 mentpso.
1784 5400 1868 5447 Er.

157 5472 366 5582 somnii
386 5469 509 5579 Arpi.
537 5470 685 5529 .‘lart,
706 5465 757 5519 et
782 5468 917 5518 Flor.
949 5481 1066 5515 cum
1095 5465 1334 5529 pluribus
1360 5466 1482 5523 Mss,
1508 5466 1697 5525 mcipso
1724 5474 1872 5524 cmpe-

161 5546 339 5582 nmen
368 5545 397 5580 ο
457 5568 468 5579 .
513 5565 523 5577 .

161 5545 397 5582 nmento
457 5545 523 5579 Μ.

1598 233 1811 290 LIBER
1858 230 2203 292 OCTAVUS.

3573 243 3683 299 ’754

1970 357 2235 428 patiebar
2269 356 2509 422 invitus,
2544 373 2717 429 quam
2748 357 3022 413 faciebam
3052 360 3245 415 volens
3268 364 3305 417 ί,
3348 362 3456 417 Sed
3485 366 3679 420 tamen

1970 448 2322 502 consuetudo
2353 447 2623 501 adversus
2664 464 2755 501 me
2785 448 3101 519 pugnacior
3130 466 3197 504 ex
3236 466 3329 504 me
3357 451 3503 506 facta
3530 458 3672 519 erat,

1970 536 2247 606 quoniam
2292 537 2506 604 volens,
2559 554 2672 607 quo
2727 538 2961 604 nollem,
3008 554 3406 609 perveneram.
3452 541 3515 594 Et
3545 541 3674 612 quis

1964 624 2094 695 jure
2122 624 2551 693 contradiceret,
2584 642 2714 679 cum
2745 632 3071 697 peccantem
3095 628 3249 697 justa
3284 646 3448 699 poena
3468 646 3671 701 seque-

1970 718 2130 767 retur
2157 716 2185 768 ?
2243 716 2307 768 Et
2347 731 2461 768 non
2493 720 2615 768 erat
2650 716 2770 784 jam
2810 715 2905 770 illa
2944 718 3231 771 excusatio
3264 717 3306 784 ’,
3340 735 3453 789 qua
3495 718 3672 772 videri

1970 802 2384 857 mihisolebam
2407 808 2713 873 propterea
2731 805 2987 857 nondum
3010 822 3102 858 me
3126 811 3447 877 contempto
3464 808 3670 861 saeculo

1968 891 2178 944 servire
2217 890 2338 958 tibi,
2363 892 2498 962 quia
2530 892 2744 946 incerta
2766 893 2908 946 mihi
2948 899 3093 947 esset
3133 896 3421 965 perceptio
3465 896 3673 950 verita-

1969 980 2077 1033 tis:
2112 980 2233 1050 jam
2265 980 2419 1034 enim
2471 985 2525 1033 et
2556 980 2677 1050 ipsa
2726 986 2877 1035 certa
2920 986 3058 1036 erat.
3109 984 3221 1052 Ego
3262 988 3453 1037 autem
3486 986 3671 1039 adhuc

1968 1072 2119 1121 terra
2147 1068 2451 1139 obligatus,
2486 1070 2733 1124 militare
2783 1069 2886 1123 tibi
2934 1072 3301 1138 recusabam;
3348 1078 3404 1125 et
3432 1072 3671 1144 impedi-

1970 1156 2174 1210 mentis
2192 1158 2456 1212 omnibus
2475 1157 2553 1211 sic
2583 1158 2856 1212 timebam
2882 1158 3159 1230 expediri,
3184 1161 3668 1231 quemadmodum

1968 1244 2238 1314 impediri
2269 1246 2590 1300 timendum
2617 1251 2719 1301 est.

2041 1337 2123 1387 12.
2161 1336 2246 1388 Ita
2284 1334 2503 1388 sarcina
2548 1335 2761 1399 saeculi,
2808 1336 2959 1388 velut
2997 1351 3195 1388 somno
3236 1336 3457 1403 assolet,
3490 1335 3668 1390 dulci-

1968 1426 2055 1475 ter
2073 1423 2375 1491 premebar
2403 1442 2417 1489 ;
2443 1426 2499 1475 et
2522 1422 2893 1492 cogitationes
2924 1423 3469 1494 quibusmeditabar
3500 1424 3559 1478 in
3590 1430 3665 1492 te,

1968 1509 2182 1565 similes
2214 1515 2375 1565 erant
2412 1511 2707 1564 conatibus
2740 1509 3051 1582 expergisci
3083 1512 3420 1581 volentium,
3453 1512 3553 1583 qui
3585 1517 3667 1566 ta-

1967 1614 2102 1653 men
2131 1599 2379 1669 superati
2407 1599 2627 1670 soporis
2659 1599 2958 1654 altitudine
2984 1605 3412 1670 remerguntur.
3440 1602 3501 1655 Et
3526 1601 3672 1655 sicut

1970 1703 2133 1740 nemo
2164 1686 2373 1758 estqui
2404 1688 2655 1742 dormire
2686 1705 2912 1758 semper
2950 1689 3105 1755 velit,
3130 1688 3506 1761 omniumque
3529 1706 3667 1745 sano

1961 1776 2180 1846 judicio
2195 1776 2428 1846 vigilare
2449 1781 2686 1848 praestat
2702 1794 2714 1845 ;
2732 1778 2920 1831 ditfert
2936 1782 3126 1831 tamen
3140 1779 3479 1849 plerumque
3494 1780 3668 1833 homo

1966 1880 2236 1919 somnum
2267 1872 2547 1932 excutere,
2580 1883 2709 1919 cum
2741 1866 2929 1937 gravis
2953 1871 3148 1938 torpor
3169 1866 3229 1920 in
3254 1868 3524 1922 membris
3546 1873 3666 1934 est;

1965 1969 2211 2025 cumque
2246 1954 2367 2025 jam
2398 1955 2799 2025 displicentem
2830 1955 3015 2026 carpit
3063 1955 3355 2023 libentius,
3408 1956 3667 2027 quamvis

1966 2043 2239 2111 surgendi
2271 2048 2501 2114 tempus
2533 2044 2858 2097 advenerit:
2882 2044 2964 2097 ita
2992 2047 3209 2098 certum
3231 2044 3511 2098 habebam
3543 2061 3666 2099 esse

1966 2131 2171 2185 melius
2190 2136 2301 2185 tuae
2333 2132 2595 2186 charitati
2624 2148 2715 2186 me
2744 2131 2972 2199 dedere,
3007 2149 3180 2202 quam
3202 2148 3345 2186 mea:
3367 2132 3665 2202 cupiditati

1965 2220 2165 2273 cedere
2191 2236 2203 2285 ;
2228 2220 2325 2274 sed
2350 2220 2491 2275 illud
2522 2220 2783 2291 placebat
2805 2224 2860 2273 et
2881 2220 3137 2274 vincebat
3162 2225 3182 2255 ³
3206 2239 3221 2285 ;
3255 2222 3363 2275 hoc
3381 2221 3592 2275 libebat
3610 2225 3667 2275 et

1966 2307 2263 2363 vinciebat.
2286 2310 2409 2363 Non
2428 2308 2583 2363 enim
2605 2312 2727 2363 erat
2747 2308 3018 2380 quodtibi
3033 2308 3437 2380 responderem
3454 2308 3666 2362 dicenti

1966 2396 2129 2463 mihi,
2156 2398 2327 2465 Surge
2344 2400 2440 2468 qui
2458 2398 2682 2456 dormis.
2701 2402 2748 2452 et
2766 2413 2995 2466 exsurge
3010 2414 3041 2450 a
3054 2400 3309 2461 mortuis;
3327 2402 3375 2452 et
3396 2398 3669 2451 illumina-

1966 2486 2045 2540 bit
2059 2490 2106 2540 te
2126 2488 2369 2542 Christus
2384 2485 2602 2556 (Ep/tes.
2629 2502 2681 2549 v,
2707 2486 2789 2555 14)
2817 2486 3168 2556 :etundique
3185 2485 3508 2540 ostendenti
3535 2501 3669 2538 vera

1967 2580 2019 2630 te
2043 2576 2249 2643 dicere,
2280 2593 2391 2631 non
2412 2579 2535 2629 erat
2563 2575 2798 2629 omnino
2830 2576 2982 2647 quod
3007 2575 3409 2645 responderem
3428 2573 3666 2629 veritate

1965 2664 2273 2731 convictus,
2298 2664 2407 2718 nisi
2429 2669 2651 2718 tantum
2676 2665 2846 2717 verba
2869 2665 3022 2718 lenta
3046 2670 3102 2718 et
3122 2664 3483 2717 somnolenta
3514 2680 3526 2717 :
3560 2665 3667 2717 Mo-

1968 2754 2063 2820 do,
2095 2770 2221 2808 ecce
2253 2753 2461 2819 modo;
2498 2752 2617 2806 sine
2648 2753 2968 2822 paululum.
2995 2752 3123 2817 Sed,
3164 2752 3347 2816 Modo,
3381 2756 3435 2805 et
3468 2751 3661 2816 modo,

1967 2860 2082 2897 non
2114 2843 2399 2897 habebant
2433 2842 2707 2905 modum;
2740 2845 2795 2893 et
2825 2841 2956 2895 Sine
2988 2840 3306 2910 paululum,
3340 2838 3398 2892 in
3427 2840 3662 2908 longum

1966 2932 2102 2985 ibat.
2140 2932 2368 2983 Frustra
2389 2929 2825 2983 coudelectabar
2840 2928 2950 2997 legi
2974 2934 3085 2981 tum
3098 2928 3411 2981 secundum
3433 2927 3656 2980 interio-

1966 3035 2084 3073 rem
2110 3018 2426 3083 hominem,
2452 3033 2582 3071 cum
2605 3018 2689 3071 lex
2720 3017 2908 3070 aliain
2930 3015 3201 3070 membris
3224 3015 3364 3069 meis
3386 3031 3665 3085 repugna-

1964 3112 2052 3163 ret
2080 3107 2197 3177 legi
2222 3106 2428 3161 mentis
2453 3122 2615 3172 mea),
2641 3111 2697 3160 et
2714 3106 2995 3176 captivum
3026 3121 3114 3159 me
3143 3104 3369 3158 duceret
3396 3104 3455 3157 iu
3479 3105 3663 3175 legem

1968 3196 2201 3268 peccati,
2225 3212 2355 3267 qua:
2377 3195 2435 3250 in
2460 3195 2731 3249 membris
2753 3194 2893 3248 meis
2907 3198 3047 3247 erat.
3066 3194 3173 3248 Lex
3188 3193 3338 3247 enim
3354 3192 3565 3264 peccati
3582 3198 3667 3247 est

1966 3285 2233 3340 violentia
2246 3284 2697 3350 consuetudinis,
2714 3300 2826 3354 qua
2838 3284 3086 3338 trahitur
3098 3287 3387 3337 ettenetur
3400 3283 3569 3337 etiam
3584 3282 3667 3336 in-

1969 3374 2115 3428 vitus
2137 3374 2383 3436 animus,
2400 3389 2465 3427 eo
2486 3373 2692 3427 merito
2716 3388 2829 3443 quo
2852 3371 2909 3425 in
2923 3388 3048 3425 eam
3062 3370 3253 3426 volens
3274 3371 3546 3426 illabitur.
3572 3370 3666 3426 Mi-

1968 3478 2158 3515 serum
2181 3476 2315 3530 ergo
2339 3477 2429 3514 me
2452 3459 2581 3531 quis
2603 3459 2873 3513 liberaret
2893 3458 2961 3512 de
2988 3474 3224 3527 corpore
3248 3458 3445 3511 mortis
3470 3457 3663 3525 hujus,

1967 3549 2077 3605 nisi
2090 3549 2270 3621 gratia
2294 3550 2542 3618 tua'perJ
2550 3563 2711 3601 esum
2731 3546 3015 3601 Christum
3038 3546 3349 3600 Dominum
3368 3548 3666 3599 nostrum?

1970 3638 2137 3707 (Rom.
2172 3655 2266 3704 vu,
2298 3638 2507 3706 22-25.)

2642 3726 2867 3780 CAPUT
2901 3726 2987 3779 Vl.

2299 3815 2637 3870 Pontitianus
2668 3818 2859 3868 narrat
2888 3814 3117 3868 Antonii
3146 3814 3330 3867 vitam.

2047 3908 2128 3959 l3.
2164 3904 2227 3957 Et
2266 3903 2335 3958 de
2367 3902 2593 3957 vinculo
2626 3902 2859 3974 quidem
2886 3902 3155 3957 desiderii
3185 3900 3517 3957 concubitus
3551 3915 3664 3971 quo

1971 3992 2290 4047 arctissimo
2331 3993 2587 4058 tenebar,
2622 3997 2678 4046 et
2708 3991 3063 4046 saecularium
3095 3990 3462 4061 negotiorum
3492 3988 3667 4042 servi-

1970 4086 2114 4148 tute,
2148 4080 2635 4152 quemadmodum
2669 4096 2757 4133 me
2785 4079 3062 4133 exemeris
3091 4078 3355 4141 narrabo,
3398 4082 3453 4131 et
3482 4078 3668 4130 conti-

1969 4171 2132 4225 tebor
2162 4169 2378 4222 nomini
2400 4173 2521 4235 tuo,
2549 4168 2808 4235 Domine,
2833 4168 3060 4238 adjutor
3084 4182 3243 4219 meus
3263 4170 3318 4219 et
3344 4166 3669 4233 redemptor

1973 4273 2150 4310 meus.
2185 4256 2438 4324 Agebam
2470 4255 2656 4321 solita,
2690 4261 2973 4309 crescente
3010 4251 3398 4315 anxietudine,
3437 4255 3492 4303 et
3524 4267 3666 4320 quo-

1972 4344 2111 4399 tidie
2141 4336 2498 4413 suspirabam
2530 4342 2661 4409 tibi;
2696 4343 3129 4414 frequentabam
3164 4338 3456 4393 ecclesiam
3489 4344 3666 4405 luam,

1973 4437 2252 4503 quantum
2294 4431 2525 4484 vacabat
2565 4432 2645 4484 cis
2687 4430 2931 4501 negotiis
2982 4429 3085 4483 sub
3130 4442 3373 4498 quorum
3417 4424 3669 4494 pondere

1973 4520 2272 4591 gemebam
2300 4524 2336 4573 ι.
2370 4521 2587 4573 Mecum
2609 4524 2728 4573 erat
2754 4519 2988 4590 Alypius
3025 4517 3236 4571 otiosus
3266 4514 3335 4569 ab
3377 4530 3548 4584 opere
3572 4514 3667 4583 ju-

1975 4608 2368 4680 risperitorum
2432 4614 2559 4679 post
2613 4609 2984 4664 assessionem
3048 4606 3293 4671 tertiam,
3341 4608 3669 4674 exspectans

1975 4698 2184 4769 quibus
2217 4696 2427 4751 iterum
2457 4697 2694 4751 consilia
2726 4698 3014 4757 venderet,
3047 4694 3191 4748 sicut
3218 4710 3323 4765 ego
3358 4691 3668 4746 vendebam

1976 4785 2201 4841 dicendi
2233 4788 2580 4852 facultatem,
2630 4786 2677 4839 si
2715 4802 2827 4855 qua
2870 4784 3125 4837 docendo
3158 4780 3414 4853 praestari
3453 4784 3659 4851 potest.

1979 4873 2280 4928 Nebridius
2303 4879 2492 4927 autem
2514 4872 2778 4927 amicitiae
2801 4876 3011 4926 nostra:
3042 4876 3307 4935 cesserat,
3331 4874 3393 4924 ut
3412 4868 3670 4923 omnium

2041 4967 2053 4997 ι
2090 4963 2209 5010 Lov.
2253 4978 2263 5011 :
2313 4962 2465 5017 Quod
2500 4961 2766 5025 faciebam
2800 4960 3000 5025 volens.
3029 4960 3127 5009 Sed
3174 4959 3454 5021 legendum
3488 4968 3670 5025 quam,

1980 5026 2053 5072 uti
2078 5025 2277 5072 habent
2302 5026 2387 5072 alii
2413 5018 2645 5081 codices;
2670 5029 2721 5070 et
2747 5022 3097 5085 supplendum
3122 5018 3303 5085 "iugis,
3326 5018 3669 5084 quam'parti-

1978 5087 2150 5135 cuiam
2179 5087 2390 5134 reticere
2414 5090 2553 5133 amat
2576 5085 2918 5145 Augustinus.

2040 5151 2059 5182 2
2090 5149 2209 5195 ιιιυι.
2241 5150 2353 5195 Am.
2382 5149 2459 5195 Er.
2494 5148 2637 5203 Lov.,
2672 5146 2779 5195 ulla
2810 5149 3099 5197 excusatio.
3378 5184 3381 5187 .

2040 5214 2059 5243 ³
2084 5212 2136 5257 lu
2161 5212 2276 5257 Mss.
2299 5214 2541 5271 quatmr,
2566 5211 2611 5255 et
2633 5221 2734 5256 non
2761 5210 3011 5259 enitebat.
3038 5208 3135 5257 Sed
3162 5208 3329 5255 verior
3345 5205 3574 5271 aliorum
3591 5216 3672 5250 co-

1979 5274 2151 5336 dicum
2168 5266 2443 5336 lectio'sine
2462 5266 2757 5336 negatitme,
2779 5271 2827 5318 id
2850 5266 3671 5336 nemjuermcehqtquoilsaniore

1983 5335 2174 5394 judicio
2204 5335 2394 5380 mentis
2431 5334 2820 5394 pru‘l'erebatur,
2847 5328 3050 5382 tametsi
3074 5328 3373 5379 iulirmioris
3395 5328 3565 5394 adhuc
3586 5341 3676 5394 vri-

2004 5351 2174 5382 llUlL‘lU
2204 5351 2394 5380 1118111.ιέ
2431 5351 2820 5394 praetereuntur,
2847 5351 3050 5382 [illlitflﬁl
3074 5351 3373 5379 ιιιιιΓιιιιυΠδ
3395 5351 3565 5374 nuuuu
3591 5351 3674 5373 vu-

1974 5351 2196 5444 iuutatis
2209 5394 2397 5443 affectu
2416 5409 2518 5443 non
2535 5396 2829 5457 eligeretur.
2855 5396 2998 5444 [’ude
3013 5410 3129 5443 mox
3147 5395 3243 5442 ait:
3259 5390 3674 5441 .\’oneratomnt-

1980 5471 2049 5507 no
2070 5458 2204 5519 quod
2228 5457 2597 5518 responderem
2623 5460 2843 5509 veritate
2863 5458 3151 5508 convictus.

2050 5518 2235 5569 'o'Lovs.
2267 5518 2526 5580 degebant.
