4022 6176
413 243 521 296 755

411 377 448 416 n
465 364 683 416 ostrum
697 356 1137 414 familiarissimo
1151 353 1501 421 Verecundo,
1522 353 1928 410 Mediolancnsi
1940 351 2046 408 civi
2059 357 2117 408 et

419 447 790 522 grammatico
820 447 1176 512 subdoceret,
1199 444 1563 499 vehementer
1581 441 1925 498 desideranti
1947 446 2003 496 et
2031 441 2114 496 fa-

419 537 766 592 miliaritatis
780 536 910 608 jure
925 534 1203 606 flagitanti
1223 533 1291 588 de
1311 548 1549 587 numero
1566 535 1759 585 nostro
1776 531 1941 585 ﬁdele
1959 530 2118 602 adju-

417 627 649 690 torium,
680 642 795 697 quo
838 625 1133 696 indigebat
1163 623 1354 678 nimis.
1396 623 1520 676 Non
1551 621 1746 691 itaque
1779 620 2116 674 Nebridium

417 716 698 786 cupiditas
719 715 1153 769 commodorum
1177 728 1242 766 eo
1263 711 1434 766 traxit
1461 725 1473 764 :
1502 709 1718 780 majora
1746 709 1898 763 enim
1925 713 2118 780 posset

421 803 468 857 si
514 803 682 857 vellet
724 801 792 855 de
839 799 1040 854 litteris
1083 815 1285 868 agere;
1333 798 1431 852 sed
1478 797 1665 851 officio
1705 797 2117 852 benevolentiae

420 891 756 962 petitionem
779 893 1033 943 nostram
1064 891 1429 941 contemnere
1453 886 1637 940 noluit
1666 886 1881 940 amicus
1909 886 2116 940 dulcis-

417 979 595 1034 simus
638 983 694 1033 et
738 977 1088 1032 mitissimus.
1135 977 1352 1046 Agebat
1385 980 1578 1030 autem
1622 974 1766 1029 illud
1795 973 2114 1045 prudentis-

419 1069 582 1136 sime,
615 1084 816 1122 cavens
846 1067 1201 1121 innotescere
1227 1064 1486 1136 personis
1516 1064 1828 1118 secundum
1864 1064 1971 1118 hoc
2010 1078 2118 1116 sas-

420 1158 612 1212 culum
633 1156 967 1228 majoribus,
981 1154 1236 1209 devitans
1249 1153 1307 1207 in
1325 1153 1404 1208 eis
1417 1168 1646 1207 omnem
1660 1151 2119 1223 inquietudinem

424 1245 626 1314 animi,
655 1262 826 1316 quem
859 1244 1083 1298 volebat
1122 1243 1331 1296 habere
1361 1241 1604 1295 liberum
1637 1245 1691 1294 et
1723 1256 1894 1312 quam
1923 1239 2120 1294 multis

421 1341 613 1407 posset
653 1334 809 1389 horis
861 1333 1150 1397 feriatum,
1207 1331 1276 1384 ad
1324 1329 1698 1402 quaerendum
1751 1329 1988 1400 aliquid,
2031 1328 2121 1384 vel

419 1424 730 1496 legendum
759 1422 848 1476 vel
879 1421 1229 1475 audiendum
1257 1420 1324 1474 de
1357 1417 1658 1488 sapientia.

495 1514 579 1567 14.
612 1511 872 1576 Quodam
897 1509 1075 1581 igitur
1105 1508 1213 1576 die,
1238 1523 1354 1561 non
1379 1507 1568 1562 recolo
1591 1522 1822 1561 causam
1865 1521 1978 1579 qua
2001 1509 2123 1561 erat

424 1600 629 1655 absens
669 1598 990 1664 Nebridius,
1033 1613 1164 1652 cum
1197 1612 1322 1651 ecce
1355 1597 1426 1651 ad
1458 1613 1559 1650 nos
1590 1597 1826 1650 domum
1857 1596 2014 1650 venit
2049 1595 2123 1650 ad

427 1705 518 1744 me
549 1693 605 1743 et
641 1688 910 1759 Alypium
959 1685 1316 1742 Pontitianus
1345 1684 1364 1718 ¹
1405 1685 1638 1756 quidam
1677 1685 1812 1739 civis
1842 1689 2033 1739 noster
2061 1685 2124 1740 in

427 1780 707 1850 quantum
739 1777 892 1844 Afer,
928 1776 1199 1848 praeclare
1237 1775 1299 1829 in
1340 1774 1553 1845 palatio
1593 1774 1878 1828 militans:
1929 1773 2122 1828 nescio

429 1867 566 1938 quid
585 1883 617 1919 a
641 1865 804 1920 nobis
825 1865 1068 1919 volebat.
1093 1865 1158 1918 Et
1175 1862 1534 1918 consedimus
1555 1866 1617 1917 ut
1634 1863 2122 1932 colloqueremur;

429 1959 484 2008 et
515 1954 654 2008 forte
701 1969 873 2024 supra
917 1968 1180 2006 mensam
1225 1951 1494 2005 lusoriam
1524 1967 1653 2023 quae
1694 1955 1823 2005 ante
1855 1967 1958 2004 nos
1981 1955 2122 2020 erat,

429 2042 670 2097 attendit
716 2041 990 2106 codicem,
1045 2041 1195 2106 tulit,
1245 2040 1488 2110 aperuit,
1539 2039 1761 2094 invenit
1807 2040 2124 2111 apostolum

430 2131 688 2193 Paulum,
725 2129 1018 2201 inopinate
1066 2145 1239 2183 sane:
1288 2131 1586 2200 putaverat
1617 2128 1771 2182 enim
1811 2127 2028 2198 aliquid
2057 2127 2124 2182 de

429 2218 590 2273 libris
619 2234 867 2290 quorum
898 2217 1174 2290 professio
1202 2233 1295 2273 me
1325 2218 1677 2272 conterebat.
1709 2218 1852 2271 Tum
1878 2232 2012 2270 vero
2042 2231 2127 2270 ar-

433 2306 643 2374 ridens,
674 2322 882 2378 meque
908 2306 1162 2373 intuens,
1193 2306 1566 2377 gratulatorie
1595 2305 1835 2359 miratus
1855 2309 1942 2359 est
1973 2305 2125 2376 quod

433 2410 526 2450 eas
569 2399 625 2450 et
669 2395 817 2448 solas
849 2410 969 2465 pro:
998 2393 1174 2449 oculis
1209 2393 1352 2448 meis
1383 2393 1601 2447 litteras
1631 2396 1866 2465 repente
1893 2409 2125 2464 compe-

434 2483 614 2538 risset.
646 2482 997 2538 Christianus
1019 2483 1237 2553 quippe
1269 2486 1326 2537 et
1353 2481 1537 2537 ﬁdelis
1570 2487 1711 2548 erat,
1747 2486 1804 2537 et
1842 2498 1992 2554 seepe
2022 2480 2126 2536 tibi

436 2573 548 2626 Deo
577 2575 772 2625 nostro
803 2572 1266 2642 prosternebatur
1302 2571 1361 2626 in
1406 2571 1641 2626 ecclesia
1678 2570 1889 2626 crebris
1919 2575 1974 2626 et
2001 2570 2127 2626 diu-

436 2659 622 2715 turnis
669 2659 1042 2714 orationibus.
1077 2661 1176 2715 Cui
1227 2676 1332 2731 ego
1360 2676 1490 2714 cum
1528 2659 1865 2715 iudicassem
1895 2659 2005 2714 illis
2035 2677 2129 2716 me

437 2747 742 2818 Scripturis
797 2763 992 2802 curam
1046 2747 1356 2802 maximam
1430 2747 1784 2819 impendere,
1839 2752 1994 2802 ortus
2044 2753 2131 2804 est

436 2852 644 2905 sermo,
679 2836 802 2908 ipso
827 2840 1117 2906 narrante,
1154 2837 1222 2891 de
1252 2837 1500 2891 Antonio
1534 2837 1795 2908 Aigyptio
1825 2838 2126 2905 monacho,

435 2925 595 2996 cujus
640 2941 850 2980 nomen
893 2927 1233 2981 excellenter
1269 2926 1518 2981 clarebat
1547 2926 1700 2996 apud
1735 2942 1922 2980 servos
1959 2931 2126 2994 tuos;

440 3031 542 3069 nos
573 3018 765 3069 autem
795 3031 976 3086 usque
1012 3015 1074 3068 in
1113 3014 1270 3069 illam
1308 3015 1512 3070 horam
1554 3015 1784 3069 latebat.
1825 3015 1989 3080 Quod
2036 3015 2129 3070 ille

436 3102 536 3158 ubi
565 3102 864 3174 comperit,
885 3103 1223 3157 immoratus
1245 3103 1408 3158 estin
1435 3119 1502 3158 eo
1525 3119 1811 3173 sermone,
1834 3103 2131 3158 insinuans

437 3192 660 3244 tantum
717 3189 904 3243 virum
951 3189 1369 3261 ignorantibus,
1430 3193 1486 3245 et
1531 3190 1823 3245 admirans
1869 3190 2131 3245 eamdem

436 3281 691 3332 nostram
721 3277 1124 3348 ignorantiam.
1179 3279 1561 3349 Stupebamus
1610 3283 1802 3333 autem
1834 3277 2131 3333 audientes

439 3368 557 3417 tam
593 3363 806 3418 recenti
841 3365 1140 3433 memoria,
1197 3370 1252 3420 et
1296 3382 1474 3438 prope
1521 3367 1730 3422 nostris
1776 3367 2133 3439 temporibus

439 3453 800 3508 testatissima
826 3453 1115 3510 mirabilia
1159 3460 1257 3510 tua
1294 3455 1355 3510 in
1408 3456 1522 3510 ﬁde
1567 3460 1721 3510 recta
1758 3459 1816 3512 et
1857 3455 2133 3511 catholica

442 3542 701 3596 Ecclesia.
734 3544 944 3600 Omnes
976 3543 1348 3613 mirabamur,
1383 3549 1440 3599 et
1467 3561 1570 3600 nos
1603 3545 1738 3617 quia
1765 3549 1883 3600 tam
1923 3560 2134 3617 magna

439 3635 623 3699 erant,
656 3635 712 3686 et
735 3631 830 3687 ille
861 3633 998 3704 quia
1027 3633 1284 3690 inaudita
1312 3633 1476 3689 nobis
1501 3638 1688 3690 erant.

515 3723 600 3775 15.
635 3720 770 3776 Inde
800 3739 986 3777 sermo
1035 3724 1157 3795 ejus
1203 3723 1500 3779 devolutus
1541 3728 1626 3778 est
1656 3723 1724 3779 ad
1757 3723 2133 3779 monasterio-

439 3823 569 3862 rum
598 3825 820 3880 grcges,
853 3815 908 3865 et
936 3827 1124 3866 mores
1152 3812 1553 3867 suaveolentiae
1579 3816 1714 3879 tum,
1748 3817 1804 3867 et
1832 3813 2008 3867 ubera
2035 3812 2132 3867 de-

441 3901 591 3951 serta
635 3897 815 3951 eremi
860 3915 1106 3969 quorum
1152 3916 1254 3954 nos
1311 3900 1456 3954 nihil
1507 3899 1843 3956 sciebamus.
1901 3903 1967 3956 Et
2014 3904 2135 3955 erat

441 3984 855 4040 monasterium
884 3986 1183 4044 Mediolani
1211 3988 1446 4059 plenum
1474 3988 1640 4042 bonis
1659 3988 1947 4058 fratribus,
1977 3994 2136 4044 extra

443 4073 602 4129 urbis
631 4073 863 4137 moenia,
896 4074 1000 4129 sub
1040 4075 1338 4130 Ambrosio
1366 4077 1680 4146 nutritore;
1722 4082 1779 4132 et
1809 4093 1924 4132 non
1961 4094 2134 4133 nove-

442 4179 653 4218 ramus.
689 4163 1068 4218 Pertendebat
1112 4163 1207 4218 ille
1250 4169 1306 4220 et
1333 4165 1679 4236 loquebatur
1705 4165 1912 4234 adhuc,
1945 4170 2002 4222 et
2029 4183 2135 4221 nos

442 4251 648 4306 intenti
702 4253 1049 4308 tacebamus.
1104 4253 1259 4309 Unde
1319 4253 1522 4310 incidit
1574 4258 1639 4310 ut
1691 4255 1900 4311 diceret
1949 4255 2135 4310 nescio

441 4341 670 4413 quando
692 4359 750 4396 se
779 4345 837 4397 et
873 4346 987 4396 tres
1025 4341 1168 4397 alios
1196 4343 1628 4399 contubernales
1664 4361 1814 4412 suos,
1859 4344 2136 4400 nimirum

443 4432 596 4503 apud
647 4433 941 4498 Treveros,
981 4447 1113 4486 cum
1142 4431 1453 4503 imperator
1480 4433 1877 4503 pomeridiano
1907 4434 2135 4488 Circen-

445 4519 593 4574 sium
639 4521 958 4592 spectaculo
1013 4525 1323 4588 teneretur,
1370 4521 1550 4576 exisse
1606 4523 2031 4579 deambulatum
2076 4523 2137 4579 in

446 4607 640 4662 hortos
668 4609 849 4663 muris
874 4610 1171 4682 contiguos
1195 4626 1208 4677 ;
1233 4615 1404 4682 atque
1433 4609 1550 4664 illic
1568 4615 1633 4666 ut
1652 4611 1796 4667 forte
1827 4613 2136 4668 combinati

447 4695 861 4765 spatiabantur,
895 4714 1077 4754 unum
1109 4716 1301 4754 secum
1334 4714 1610 4769 seorsum,
1643 4704 1699 4755 et
1726 4701 1865 4756 alios
1898 4703 2042 4757 duos
2070 4703 2138 4758 it-

445 4782 601 4838 idem
633 4801 885 4840 seorsum
911 4788 1257 4861 lpariterque
1291 4789 1609 4862 digressos:
1660 4789 1758 4844 sed
1801 4789 1929 4845 illos
1966 4808 2138 4863 vaga-

445 4871 668 4927 bundos
713 4872 944 4930 irruisse
993 4876 1054 4931 in
1088 4879 1398 4949 quamdam
1430 4895 1639 4946 casam,
1672 4878 1772 4934 ubi
1803 4879 2137 4936 habitabant

447 4959 681 5032 quidam
698 4960 958 5030 servitui,
972 4964 1175 5034 spiritu
1187 4983 1487 5039 pauperes,
1507 4968 1764 5040 qualium
1787 4973 1871 5023 est
1893 4985 2134 5040 regnum

447 5049 721 5103 caelorum
765 5051 982 5119 (Matth.
1043 5069 1095 5119 v,
1143 5054 1216 5125 3),
1250 5061 1308 5111 et
1343 5057 1625 5112 invenisse
1655 5057 1738 5112 ibi
1775 5057 2027 5112 codicem
2074 5059 2134 5113 in

447 5154 560 5209 quo
585 5137 790 5208 scripta
811 5143 931 5192 erat
955 5138 1067 5193 vita
1086 5142 1338 5201 Antonii.
1373 5147 1554 5211 Quam
1574 5145 1764 5217 legere
1795 5146 1963 5216 coepit
1989 5163 2136 5202 unus

445 5243 668 5296 eorum,
703 5231 757 5282 et
785 5225 1003 5295 mirari,
1038 5233 1093 5284 et
1122 5233 1372 5297 accendi,
1408 5240 1464 5290 et
1491 5235 1641 5291 inter
1671 5235 1974 5306 legendum
2014 5252 2135 5291 me-

446 5316 616 5373 ditari
645 5316 895 5390 arripere
923 5317 1096 5373 talem
1120 5319 1314 5390 vitam,
1346 5327 1401 5378 et
1426 5323 1619 5378 relicta
1648 5325 1852 5379 militia
1881 5325 2136 5380 saeculari

513 5497 523 5529 ι
554 5494 636 5544 Sic
658 5495 709 5545 in
747 5496 864 5546 Mss.
893 5495 956 5546 At
982 5495 1035 5546 iu
1066 5495 1334 5548 codicibus
1360 5497 1511 5549 editis
1539 5502 1784 5552 scribitur
1810 5503 2131 5555 Potitianus.

1619 227 2156 289 CONFESSIONUM
2195 227 2251 286 S.
2293 226 2702 287 AUGUSTINI.
3759 238 3832 290 756

2225 351 2434 407 servire
2465 351 2603 407 tibi:
2626 348 2831 407 erant‘
2860 354 3049 406 autem
3078 367 3147 406 ex
3177 351 3260 406 eis
3289 365 3432 422 quos
3458 349 3634 407 dicunt
3657 363 3837 425 agentes

2225 440 2284 496 in
2304 441 2493 496 rebus.
2529 441 2688 495 Tunc
2711 440 2902 495 subito
2932 441 3184 512 repletus
3215 454 3409 494 amore
3436 445 3610 494 sancto
3630 445 3680 496 et
3699 443 3839 500 sobrio

2224 530 2461 602 pudore,
2490 529 2670 584 iratus
2712 528 2822 584 sibi
2865 529 3107 600 conjecit
3136 529 3336 584 oculos
3372 528 3431 584 in
3449 529 3694 599 amicum,
3721 538 3765 587 et
3789 537 3844 591 ait

2225 619 2308 673 illi
2336 635 2351 673 :
2381 621 2493 687 Dic,
2537 633 2714 690 quaeso
2739 623 2808 686 te,
2852 619 3098 674 omnibus
3128 621 3256 673 istis
3289 619 3549 674 laboribus
3575 623 3748 676 nostris
3771 639 3844 692 quo

2226 709 2491 763 ambimus
2530 711 2815 778 pervenire
2843 707 2871 764 ?
2915 709 3049 777 quid
3077 709 3372 778 quaerimus
3394 707 3422 763 ?
3462 709 3599 778 cujus
3631 712 3703 765 rei
3725 726 3846 767 causa

2226 800 2520 853 militamus
2548 800 2576 851 ?
2603 798 2843 866 Majorne
2870 812 2981 852 esse
3005 800 3210 866 poterit
3239 811 3358 866 spes
3395 803 3570 851 nostra
3596 799 3646 851 in
3666 799 3845 867 palatio,

2227 903 2391 957 quam
2410 892 2471 941 ut
2499 884 2662 941 amici
2686 888 3034 956 Imperatoris
3063 889 3234 941 simus
3255 890 3284 940 ?
3314 888 3384 940 Et
3410 886 3486 940 ibi
3513 886 3634 955 quid
3656 902 3744 941 non
3765 891 3847 954 fra-
3936 919 3937 936 η

2226 977 2350 1044 gite,
2375 977 2698 1046 plenumque
2725 976 2986 1044 periculis
3007 978 3035 1029 ?
3059 977 3131 1030 Et
3145 989 3252 1044 per
3271 979 3400 1043 quot
3422 976 3649 1043 pericula
3667 980 3848 1045 perveni-

2230 1070 2318 1120 tur
2337 1064 2411 1118 ad
2430 1065 2695 1133 grandius
2708 1065 3013 1135 periculum
3035 1066 3061 1118 ?
3079 1066 3152 1119 Et
3171 1063 3393 1134 quando
3407 1061 3432 1096 ²
3450 1065 3578 1118 istuc
3596 1065 3686 1118 erit
3703 1065 3848 1119 Hmi-

2229 1168 2320 1209 cus
2347 1158 2524 1208 autem
2564 1155 2682 1220 Dei,
2713 1155 2764 1208 si
2803 1154 3040 1222 voluero,
3069 1167 3184 1207 ecce
3221 1166 3366 1206 nunc
3406 1154 3491 1220 ﬁo.
3531 1150 3666 1206 Dixit
3689 1152 3791 1218 hoc,
3812 1159 3848 1207 et

2229 1241 2492 1297 turbidus
2529 1241 2908 1313 parturitione
2937 1257 3096 1296 novae
3129 1240 3288 1308 vitm,
3319 1239 3564 1295 reddidit
3595 1240 3758 1294 oculos
3778 1259 3847 1313 pa-

2230 1329 2415 1401 ginis;
2452 1334 2508 1385 et
2537 1329 2780 1401 legebat,
2811 1334 2869 1385 et
2898 1329 3234 1385 mutabatur
3269 1328 3423 1383 intus
3453 1328 3546 1382 ubi
3574 1334 3631 1383 tu
3656 1329 3844 1394 videbas,

2229 1423 2284 1474 et
2295 1419 2610 1474 exuebatur
2631 1419 2845 1474 mundo
2865 1435 3030 1474 mens
3049 1419 3191 1490 ejus,
3214 1422 3281 1472 ut
3299 1433 3434 1472 mox
3455 1418 3713 1489 apparuit.
3733 1418 3848 1472 Nam-

2231 1525 2343 1580 que
2371 1509 2509 1563 dum
2538 1508 2679 1580 legit
2716 1513 2773 1562 et
2808 1508 2981 1563 volvit
3022 1508 3232 1562 fluctus
3276 1507 3459 1562 cordis
3488 1507 3590 1573 sui,
3619 1507 3848 1562 infremuit

2233 1597 2540 1668 aliquando
2577 1601 2633 1651 et
2673 1596 2954 1663 discrevit,
2994 1595 3362 1667 decrevitque
3396 1595 3650 1660 meliora;
3674 1596 3847 1666 jamque

2231 1689 2385 1754 tuus,
2417 1684 2496 1739 ait
2535 1684 2717 1739 amico
2757 1701 2898 1739 suo:
2931 1686 3044 1752 Ego
3066 1685 3191 1754 jam
3232 1685 3436 1753 abrupi
3470 1698 3549 1737 me
3574 1683 3635 1737 ab
3675 1684 3756 1738 illa
3787 1698 3847 1752 Spe

2231 1779 2439 1836 nostra,
2471 1778 2519 1829 et
2552 1777 2651 1828 Deo
2679 1776 2880 1828 servire
2904 1775 3077 1828 statui
3100 1789 3114 1840 ;
3148 1777 3200 1827 et
3224 1773 3321 1827 hoc
3349 1787 3415 1826 ea:
3441 1772 3569 1826 hora
3595 1773 3699 1838 hac,
3722 1773 3768 1824 in
3787 1773 3848 1824 hoc

2233 1865 2341 1922 loco
2371 1863 2679 1930 aggredior.
2725 1865 2794 1917 Te
2820 1865 2872 1917 si
2894 1864 3043 1932 pigit
3074 1864 3309 1923 imitari,
3339 1862 3454 1915 noli
3479 1861 3749 1914 adversari.
3775 1859 3846 1913 Re-
3936 1879 3937 1890 π

2234 1951 2463 2022 spondit
2507 1952 2623 2018 ille,
2669 1951 2957 2006 adhaerere
3007 1967 3068 2004 se
3113 1951 3384 2005 socium'
3437 1953 3600 2004 tantm
3642 1947 3848 2003 mercedis

2233 2044 2524 2111 tantmque
2571 2039 2810 2094 militiae.
2845 2041 2908 2094 Et
2935 2040 3108 2094 ambo
3133 2041 3256 2110 jam
3290 2037 3398 2105 tui,
3429 2037 3746 2093 aediﬁcabant
3767 2042 3848 2091 tur-

2234 2129 2344 2184 rim
2370 2133 2598 2201 sumptu
2630 2128 2836 2182 idoneo
2868 2128 3193 2200 relinqcndi
3216 2129 3413 2182 omnia
3443 2143 3542 2181 sua
3565 2131 3617 2181 et
3645 2126 3849 2197 sequendi

2233 2223 2291 2272 te
2319 2217 2477 2290 (Luc.
2511 2234 2623 2287 XIV,
2655 2217 2866 2288 26-35).
2899 2219 3042 2272 Tum
3087 2217 3454 2272 Pontitianus
3491 2220 3545 2269 et
3572 2215 3660 2286 qui
3685 2229 3785 2268 cum
3804 2230 3846 2267 eo

2235 2301 2339 2379 per
2385 2307 2525 2360 alias
2565 2305 2718 2360 horti
2754 2310 2947 2377 partes
2995 2305 3462 2372 deambulabant,
3486 2308 3847 2375 quaerenteseos

2237 2395 2591 2451 devenerunt
2632 2394 2692 2448 in
2722 2394 2992 2449 eumdem
3027 2395 3239 2457 locum,
3273 2398 3330 2448 et
3357 2392 3687 2447 invenientes
3711 2390 3848 2445 admo-

2238 2489 2488 2539 nuerunt
2531 2489 2592 2538 ut
2631 2483 2900 2548 redirent,
2953 2483 3107 2555 quod
3155 2481 3500 2538 declinasset
3540 2480 3664 2536 dies.
3705 2481 3760 2534 At
3794 2477 3847 2530 illi

2237 2577 2466 2626 narrato
2486 2572 2695 2643 placito
2735 2575 2790 2626 et
2827 2571 3120 2643 proposito
3150 2587 3283 2639 suo,
3317 2587 3540 2643 quoque
3565 2569 3713 2624 modo
3733 2567 3778 2621 in
3798 2564 3850 2619 eis

2240 2660 2368 2716 talis
2396 2661 2660 2715 voluntas
2692 2664 2816 2715 orta
2846 2664 2995 2715 esset
3023 2665 3198 2732 atque
3228 2660 3476 2727 ﬁrmata,
3506 2657 3782 2730 petiverunt
3801 2669 3848 2707 ne

2239 2750 2346 2804 sibi
2376 2750 2601 2806 molesti
2646 2753 2834 2804 essent
2872 2749 2920 2804 si
2963 2749 3202 2820 adjungi
3232 2752 3575 2804 recusarent.
3606 2745 3690 2800 Isti
3713 2748 3848 2797 autem

2240 2839 2422 2894 nihilo
2461 2838 2664 2895 mutati
2707 2855 2740 2892 a
2785 2836 3064 2910 pristinis,
3095 2838 3385 2892 ﬂeverunt
3413 2853 3471 2890 se
3510 2840 3700 2900 tamen,
3725 2829 3847 2885 ntdi-

2239 2929 2400 2983 cebat
2418 2927 2462 2998 ‘,
2492 2933 2662 3000 atque
2693 2927 2803 2981 illis
2828 2927 2921 2998 pie
2951 2926 3339 2998 congratulati
3367 2931 3516 2993 sunt,
3546 2929 3599 2978 et
3624 2933 3843 2977 commen-

2240 3017 2516 3072 daveruut
2555 3033 2614 3072 se
2658 3015 3010 3071 orationibus
3053 3032 3280 3084 eorum,
3325 3021 3383 3071 et
3427 3015 3690 3069 trahentes
3722 3024 3793 3064 cor
3809 3007 3848 3060 in

2240 3109 2392 3158 terra
2422 3105 2687 3160 abierunt
2714 3105 2775 3160 in
2803 3104 3082 3176 palatium
3109 3125 3124 3173 ;
3150 3104 3239 3159 illi
3272 3110 3465 3160 autem
3494 3101 3767 3172 aflligentes
3786 3109 3849 3148 cor

2240 3194 2379 3248 coelo
2411 3199 2747 3249 manserunt
2774 3193 2834 3248 in
2863 3210 3012 3249 casa.
3053 3195 3119 3248 Et
3148 3195 3320 3250 ambo
3350 3193 3621 3248 habebant
3645 3197 3845 3260 sponsas:

2241 3299 2370 3354 quae
2391 3288 2764 3355 posteaquam
2783 3283 2886 3338 hoc
2903 3283 3232 3351 audierunt,
3257 3283 3584 3339 dicaverunt
3597 3279 3738 3335 etiam
3755 3274 3849 3344 ipse

2241 3367 2627 3440 virginitatem
2657 3367 2778 3424 tibi.

2896 3472 3124 3528 CAPUT
3163 3473 3284 3528 VII.

2569 3578 2876 3635 Rodebatur
2901 3581 3047 3635 intus
3080 3580 3272 3636 audito
3303 3580 3618 3637 Pontitiano.

2318 3689 2400 3742 16.
2437 3686 2711 3741 Narrabat
2737 3687 2860 3741 haec
2891 3686 3290 3745 Pontitianus:
3339 3692 3401 3742 tu
3431 3689 3627 3748 autem,
3658 3675 3844 3735 Domine.

2242 3775 2391 3830 inter
2418 3774 2589 3829 verba
2616 3775 2736 3846 ejus
2776 3775 3144 3847 retorquebas
3185 3792 3283 3831 me
3327 3775 3398 3831 ad
3442 3772 3712 3844 meipsum,
3743 3762 3843 3817 aule-

2244 3881 2376 3920 rens
2403 3880 2496 3919 me
2526 3882 2559 3918 a
2587 3864 2753 3919 dorso
2780 3879 2907 3918 meo
2938 3863 3036 3918 ubi
3078 3879 3170 3919 me
3201 3879 3527 3936 posueram,
3555 3861 3675 3916 dum
3697 3852 3844 3909 nollem

2244 3970 2336 4009 me
2365 3953 2656 4009 attendere
2680 3971 2694 4021 ;
2729 3957 2784 4008 et
2811 3953 3193 4008 constituebas
3224 3970 3318 4009 me
3349 3958 3476 4008 ante
3495 3949 3675 4005 faciem
3698 3954 3843 3999 meam.

2245 4046 2308 4096 ut
2347 4041 2600 4097 viderem
2639 4059 2812 4114 quam
2857 4043 3042 4114 turpis
3096 4059 3303 4111 essem,
3353 4058 3520 4116 quam
3568 4037 3784 4094 distortus
3809 4030 3845 4080 εί

2245 4131 2530 4201 sordidus,
2560 4132 2880 4186 maculosus
2911 4135 2968 4186 et
2997 4132 3304 4189 ulcerosus.
3330 4134 3394 4188 Et
3418 4129 3676 4191 videbam,
3701 4120 3845 4176 ethor-

2246 4221 2440 4277 rebam
2466 4241 2481 4290 ;
2507 4225 2564 4276 et
2591 4237 2704 4292 quo
2733 4237 2767 4274 a
2796 4236 2888 4275 me
2917 4221 3177 4292 fugerem
3202 4237 3323 4276 non
3352 4223 3489 4276 erat.
3521 4218 3578 4271 Et
3604 4212 3645 4267 si
3669 4204 3844 4265 conabar

2247 4327 2280 4364 a
2302 4327 2393 4365 me
2415 4314 2668 4366 avertere
2697 4314 3009 4382 aspectum,
3040 4310 3313 4366 narrabat
3341 4310 3434 4364 ille
3464 4303 3603 4378 quod
3629 4292 3842 4385 narrabat:

2249 4402 2305 4453 et
2327 4403 2390 4453 tu
2418 4415 2508 4452 me
2525 4414 2720 4453 rursus
2748 4399 3073 4470 opponebas
3095 4397 3259 4466 mihi,
3287 4401 3346 4453 et
3369 4391 3694 4468 impingcbas
3718 4390 3844 4474 meﬂm

2245 4487 2434 4543 oculos
2463 4503 2621 4542 meos
2653 4490 2713 4540 ut
2743 4486 3060 4541 invenirem
3089 4486 3450 4558 iniquitatem
3479 4493 3646 4538 meam
3673 4477 3718 4528 et
3739 4467 3844 4566 oili?

2246 4592 2386 4632 sem.
2423 4577 2700 4631 Noveram
2741 4591 2890 4644 eam,
2939 4575 3038 4631 sed
3072 4573 3534 4639 dissimulabam;
3566 4571 3616 4624 et
3639 4568 3843 4619 connive-

2245 4665 2377 4720 bam
2408 4665 2446 4729 ⁸,
2473 4668 2528 4720 et
2556 4664 2946 4720 obliviscebar.

2320 4758 2404 4810 t7.
2453 4756 2608 4810 'l‘unc
2641 4770 2797 4822 vero,
2829 4757 3046 4827 quanto
3088 4753 3382 4810 ardentius
3410 4747 3649 4807 amabam
3673 4738 3776 4795 illos
3794 4729 3840 4785 de
3936 4811 3937 4822 χ

2310 4881 2325 4915 ι
2357 4879 2470 4928 Αω.
2497 4878 2582 4928 Er.
2615 4880 2761 4936 Lov.,
2789 4881 2926 4942 erat.
3182 4940 3213 4942 μ
3322 4940 3329 4942 _
3401 4939 3408 4942 λ
3553 4932 3582 4942 ,,
3643 4928 3668 4942 ..
3757 4919 3828 4942 ηε,

2307 4919 2710 5006 ειίἱῗιὶιέἑίὲᾷἶῖέ
2726 4919 2969 5006 ante:
2995 4940 3274 5006 quamdiu.
3306 4940 3371 5006 _At
3398 4939 3449 5006 in
3475 4919 3841 5006 melioribuigsi

2245 5008 2298 5054 et
2321 4988 2471 5062 Aea:
2484 4988 2544 5054 'c't
2556 4988 3439 5067 eamdi.“inlaesamamunia.
3455 4998 3684 5067 servetur:
3701 4988 3840 5067 gu‘igf‘

2246 5045 3477 5130 adsignatae};argentea;Isaae:
3494 5045 3581 5130 Er;
3590 5045 3728 5130 tuadi
3749 5045 3838 5092 "9”-

2245 5118 2370 5178 Lov.
2397 5130 2545 5177 Mart.
2570 5129 2704 5177 Flor.
2738 5133 2790 5177 et
2817 5118 3009 5187 Rondl,
3035 5128 3201 5182 istud.
3232 5118 3339 5177 non
3361 5129 3503 5176 istuc.
3563 5118 3621 5167 Μ-

2309 5195 2328 5226 3
2359 5191 2442 5239 Sic
2466 5191 2586 5239 Mss.
2613 5192 2680 5239 At
2710 5193 2852 5248 Lov.,
2882 5194 3030 5240 socio.
3772 5225 3801 5271 η

2311 5255 2323 5271 ι
2371 5253 2582 5271 1ιΑΑ-Ι...Δ
2631 5253 2767 5271 2.--ι-
2802 5252 2975 5271 ο-λ.,-“
3038 5256 3078 5271 ΑΔ
3109 5252 3201 5271 γι.--
3231 5253 3330 5271 ιι--
3375 5248 3717 5271 Ι“....-νιη1ὶηιὶαοί,
3768 5263 3782 5271 Α
3807 5257 3816 5269 ο

2308 5255 2329 5289 ⁴
2360 5253 2603 5315 DecebaI,
2624 5253 2775 5316 juxta
2801 5252 2999 5303 Summ.
3032 5256 3083 5301 et
3101 5252 3207 5316 duo
3230 5253 3349 5301 Mss.
3374 5248 3808 5316 Germaqell_§95;nf'i

2307 5318 2328 5351 5
2350 5296 2491 5388 _Lov.'
2512 5316 2567 5363 in
2588 5296 2834 5388 quatuor
2849 5317 2969 5388 su_i_s_
2991 5317 3111 5388 Mss.
3135 5296 3341 5388 legebat
3361 5296 3836 5388 conrivetipntpn-z‘gff‘g

2247 5377 2440 5426 nostris
2468 5354 3386 5440 ’1-0ροῖιὶ[ιῖἶῆνεοῖὴῖὺὲδατη.νῗλῖεῶξ)ἇ
3417 5383 3552 5440 suam
3583 5354 3832 5440 ὶηξίζιξξξξίθῗ

2248 5393 2440 5426 ηοειτιε
2477 5393 2533 5426 re
2571 5393 2766 5426 erimus
2797 5393 3154 5428 connweoam.
3195 5393 3386 5439 nempe
3417 5393 3552 5422 suum
3583 5393 3793 5423 w"t“"""

2248 5454 2426 5489 secum
2465 5393 2706 5498 habebat,
2737 5440 3068 5500 convivebat,
3110 5444 3163 5488 et
3197 5444 3372 5488 tamen
3408 5424 3765 5500 obliviscebatur.
3795 5433 3831 5443 '

2247 5501 2584 5564 Cohibebam,
2609 5493 2763 5567 juxta
2784 5493 3067 5552 editionem
3093 5502 3456 5553 Florentinam.
3517 5493 3576 5543 Μ.
