4058 6174
177 192 288 244 ’757

181 311 398 384 quibus
427 311 730 368 audiebam
754 311 1007 367 salubres
1043 313 1298 379 affectus,
1330 313 1484 385 quod
1515 329 1573 368 se
1608 316 1755 368 totos
1783 313 1888 368 tibi

181 402 471 457 sanandos
501 401 799 466 dederant,
832 405 991 456 tanto
1022 402 1424 458 exsecrabilius
1455 420 1546 458 me
1585 419 1886 474 compara-

181 496 312 545 tum
343 490 423 546 eis
444 491 698 546 oderam.
732 491 1014 556 Quoniam
1041 492 1207 546 multi
1236 492 1350 546 mei
1381 492 1516 548 anni
1557 508 1783 547 mecum
1809 492 1890 546 ef-

187 582 491 644 fluxerant,
536 579 686 634 forte
719 579 1021 634 duodecim
1050 579 1187 634 anni
1215 597 1283 634 ex
1325 596 1440 652 quo
1479 579 1549 634 ab
1580 580 1890 650 undevige-

185 669 338 724 simo
385 684 535 723 anno
594 667 778 723 aetatis
827 685 991 733 mem,
1042 669 1189 724 lecto
1240 669 1521 725 Ciceronis
1569 669 1890 736 Hortensio,

187 758 468 813 excitatus
509 774 667 812 eram
697 757 884 812 studio
928 757 1250 830 sapientiae;
1284 762 1340 812 et
1384 758 1716 812 differebam
1762 773 1894 812 con-

89 877 92 880 -
177 846 680 918 temptafclicitate
709 849 933 901 terrena
946 846 1016 901 ad
1030 863 1156 901 eam
1183 847 1640 918 investigandam
1667 862 1889 912 vacare,

179 936 346 1007 cujus
370 950 490 990 non
520 934 798 1000 inventio,
823 935 920 990 sed
951 935 1035 989 vel
1061 935 1182 990 sola
1201 934 1498 1007 inquisitio
1507 935 1629 1006 jam
1661 951 1888 1006 praepo-

181 1025 378 1081 nenda
398 1027 519 1079 erat
540 1023 710 1079 etiam
730 1022 976 1078 inventis
993 1024 1274 1078 thesauris
1293 1024 1597 1096 regnisque
1610 1023 1888 1094 gentium,

182 1119 242 1170 et
270 1113 346 1169 ad
375 1117 582 1168 nutum
624 1111 1154 1167 circumfluentibus
1197 1113 1446 1184 corporis
1482 1111 1888 1184 voluptatibus.

182 1205 256 1259 Et
299 1219 409 1274 ego
469 1202 797 1258 adolescens
846 1201 1040 1268 miser,
1089 1201 1252 1256 valde
1303 1200 1496 1268 miser,
1545 1201 1608 1255 in
1661 1200 1890 1255 exordio

182 1292 368 1364 ipsius
397 1289 794 1346 adolescentia:
822 1290 993 1345 etiam
1015 1289 1292 1362 petieram
1315 1308 1347 1344 a
1377 1295 1434 1345 te
1461 1290 1802 1355 castitatem,
1836 1293 1893 1343 et

184 1381 494 1436 dixeram:
535 1380 618 1435 Da
659 1378 805 1434 mihi
851 1379 1169 1434 castitatem
1209 1383 1265 1434 et
1311 1378 1745 1446 continentiam,
1791 1377 1890 1432 sed

187 1469 313 1524 noli
345 1469 537 1524 modo.
585 1468 878 1525 Timebam
909 1469 1063 1524 enim
1113 1484 1184 1523 ne
1214 1484 1306 1522 me
1336 1467 1446 1522 cito
1478 1465 1791 1532 exaudires,
1834 1470 1892 1519 et

184 1560 300 1614 cito
325 1574 554 1614 sanares
583 1574 618 1612 a
645 1558 848 1613 morbo
879 1557 1374 1628 concupiscentiae,
1407 1572 1579 1628 quam
1605 1555 1892 1609 malebam

186 1647 410 1720 expleri
441 1664 615 1719 quam
672 1647 976 1719 exstingui.
1034 1648 1100 1702 Et
1145 1647 1324 1700 ieram
1373 1661 1477 1716 per
1530 1644 1648 1698 vias
1687 1659 1890 1714 pravas

186 1737 592 1810 superstitione
621 1735 915 1808 sacrilega,
945 1751 1063 1790 non
1096 1735 1330 1807 quidem
1360 1738 1546 1788 certus
1581 1732 1641 1787 in
1672 1749 1759 1799 ea,
1792 1733 1892 1787 sed

187 1826 354 1900 quasi
382 1841 726 1897 praeponens
764 1841 892 1879 eam
921 1824 1141 1879 cmteris
1172 1825 1212 1892 ί,
1245 1839 1375 1896 qua:
1405 1838 1522 1877 non
1550 1822 1644 1894 pic
1675 1837 1894 1893 quaere-

186 1917 346 1983 bam,
381 1915 478 1970 sed
508 1914 740 1969 inimice
762 1913 1190 1985 oppugnabam.

262 2008 349 2061 18.
393 2005 459 2060 Et
498 2007 832 2075 putaveram
861 2019 953 2057 me
995 2008 1301 2073 propterea
1330 2001 1555 2056 differre
1599 1999 1669 2054 de
1711 1998 1801 2054 die
1831 1997 1892 2052 in

189 2094 344 2150 diem
374 2097 701 2162 contempta
726 2109 824 2163 spe
853 2090 1066 2160 saeculi,
1095 2095 1151 2145 te
1187 2092 1370 2144 solum
1398 2089 1580 2161 sequi,
1614 2087 1747 2159 quia
1775 2103 1892 2142 non

189 2183 338 2239 mihi
367 2182 680 2253 apparebat
703 2186 921 2236 certum
946 2179 1160 2250 aliquid
1186 2196 1299 2251 quo
1331 2179 1640 2250 dirigerem
1662 2193 1891 2232 cursum

190 2288 410 2328 meum.
437 2273 502 2326 Et
517 2276 749 2326 venerat
765 2271 885 2325 dies
908 2286 1021 2340 quo
1044 2269 1293 2323 nudarer
1316 2268 1478 2335 mihi,
1503 2273 1557 2322 et
1574 2268 1894 2339 increparet

194 2362 254 2416 in
301 2378 394 2416 me
423 2359 768 2415 conscientia
798 2375 962 2413 mea:
998 2358 1102 2413 Ubi
1149 2363 1234 2412 est
1264 2361 1285 2394 ³
1312 2357 1553 2428 lingua?
1585 2357 1800 2426 Nempe
1830 2359 1893 2409 tu

193 2450 422 2505 dicebas
447 2453 680 2520 propter
706 2448 990 2503 incertum
1021 2463 1217 2502 verum
1241 2448 1394 2500 nolle
1425 2451 1478 2501 te
1509 2445 1754 2517 abjicere
1781 2460 1894 2498 sar-

191 2539 381 2594 cinam
415 2537 699 2593 vanitatis.
751 2538 893 2592 Ecce
920 2537 1036 2607 jam
1082 2539 1297 2589 certum
1341 2541 1444 2602 cst,
1497 2540 1553 2590 et
1580 2534 1678 2589 illa
1708 2539 1762 2588 te
1793 2533 1891 2587 ad-

194 2630 306 2684 huc
327 2627 561 2699 premit,
585 2627 956 2697 humerisque
973 2624 1334 2680 liberioribus
1351 2641 1568 2695 pennas
1589 2623 1892 2694 recipiunt,

191 2716 294 2790 qui
323 2701 512 2787 neque
534 2716 611 2770 ita
643 2715 986 2786 inquirendo
1015 2713 1194 2767 attriti
1223 2717 1374 2778 sunt,
1417 2728 1521 2766 nec
1544 2710 1815 2766 deccnnio
1838 2714 1895 2764 ct

193 2805 442 2876 amplius
471 2803 580 2857 ista
608 2801 884 2856 meditati.
916 2803 1001 2854 Ita
1026 2800 1270 2854 rodebar
1297 2798 1472 2862 intus,
1505 2804 1562 2852 et
1591 2798 1895 2852 confunde-

190 2896 298 2950 bar
319 2894 539 2964 pudore
558 2891 1221 2951 horribilivehemcntcr,
1242 2904 1370 2942 cum
1385 2886 1743 2941 Pontitianus
1761 2886 1891 2940 talia

192 2984 551 3054 loqueretur.
586 2979 913 3034 Terminato
959 2984 1150 3031 autem
1192 2991 1453 3031 sermone
1485 2979 1540 3028 et
1581 2991 1748 3028 causa
1783 2990 1897 3044 qua

190 3075 449 3138 venerat,
478 3069 618 3124 abiit
645 3069 760 3123 ille.
797 3069 861 3122 Et
889 3083 994 3137 ego
1026 3067 1096 3120 ad
1121 3081 1210 3119 me
1241 3081 1368 3135 quae
1400 3079 1516 3117 non
1547 3062 1604 3116 in
1631 3079 1722 3116 me
1743 3062 1896 3116 dixi?

191 3161 415 3226 Quibus
432 3156 846 3213 sententiarum
864 3153 1193 3209 verberibus
1213 3169 1328 3207 non
1347 3150 1624 3221 flagellavi
1642 3150 1894 3204 animam

195 3265 408 3316 meam,
441 3253 505 3302 ut
535 3251 870 3318 sequeretur
897 3261 990 3298 me
1013 3247 1316 3298 conantem
1334 3245 1464 3312 post
1485 3245 1538 3295 te
1564 3240 1689 3295 ire?
1720 3241 1785 3294 Et
1813 3255 1896 3293 re-

192 3339 520 3394 nitebatura
536 3353 549 3404 ;
565 3335 881 3402 recusabat,
906 3339 962 3388 et
981 3349 1097 3388 non
1112 3348 1169 3387 se
1191 3331 1516 3387 excusabat.
1548 3331 1897 3399 Consumpta

193 3433 364 3481 erant
387 3430 444 3481 et
472 3425 722 3480 convicta
745 3426 1082 3495 argumenta
1099 3421 1294 3476 omnia
1323 3435 1335 3474 :
1365 3423 1715 3474 remanserat
1735 3423 1897 3473 muta

191 3515 533 3586 trepidatio;
570 3518 626 3568 ct
654 3513 816 3585 quasi
851 3515 1096 3567 mortem
1127 3507 1536 3564 reformidabat
1568 3505 1835 3578 restringi
1865 3523 1899 3560 a

192 3604 360 3660 ﬂuxu
389 3601 819 3658 consuetudinis
851 3617 964 3672 quo
995 3598 1323 3654 tabescebat
1343 3597 1405 3651 in
1429 3599 1690 3651 mortem.

851 3707 1079 3761 CAPUT
1111 3705 1253 3759 VIII.

536 3800 597 3852 In
621 3797 834 3852 hortum
863 3795 1080 3861 secedit,
1113 3793 1249 3864 quid
1279 3793 1360 3847 ibi
1381 3792 1568 3862 egerit.

276 3891 362 3942 l9.
396 3887 542 3942 Tum
572 3886 633 3940 in
663 3885 761 3939 illa
796 3884 1001 3955 grandi
1031 3883 1153 3938 rixa
1182 3880 1473 3937 interioris
1503 3881 1705 3934 domus
1734 3894 1900 3945 meae,

196 3993 378 4049 quam
403 3975 625 4031 fortiter
647 3974 1018 4028 cxcitaveram
1045 3988 1173 4026 cum
1199 3971 1393 4025 anima
1413 3986 1544 4024 mea
1565 3968 1623 4022 in
1641 3967 1901 4023 cubiculo

197 4071 396 4122 nostro
426 4064 596 4118 corde
644 4080 794 4130 meo,
840 4067 959 4116 tam
1001 4063 1162 4116 vultu
1197 4075 1370 4132 quam
1401 4063 1589 4112 mente
1620 4057 1901 4121 turbatus,

199 4153 411 4210 invado
435 4152 724 4224 Alypium,
749 4151 1086 4224 et_cxclamo
1121 4167 1132 4204 :
1165 4148 1309 4214 Quid
1340 4147 1627 4218 patimur?
1647 4144 1784 4216 quid
1821 4148 1907 4197 est

197 4245 350 4299 hoc?
379 4219 519 4313 quid
539 4219 1057 4311 audistiﬁurgunt
1085 4237 1300 4292 indocti
1331 4241 1387 4290 et
1417 4236 1621 4289 coelum
1645 4233 1902 4303 rapiunt;

197 4337 259 4386 et
289 4347 399 4385 nos
430 4346 560 4384 cum
601 4328 878 4384 doctrinis
919 4326 1125 4382 nostris
1155 4326 1276 4380 sine
1306 4325 1493 4392 corde,
1525 4338 1652 4377 ecce
1681 4321 1780 4374 ubi
1809 4337 1906 4374 vo-

200 4423 462 4476 lutamur
489 4419 547 4472 in
577 4435 745 4473 carne
777 4421 833 4472 et
861 4415 1287 4504 sanguineZ'An
1312 4412 1448 4485 quia
1471 4415 1905 4482 praecesserunt,

201 4509 389 4582 pudet
425 4507 608 4579 sequi,
668 4512 725 4562 et
770 4523 889 4562 non
941 4506 1122 4578 pudet
1151 4497 1254 4558 nec
1299 4503 1497 4556 saltem
1529 4499 1735 4571 sequi?
1784 4497 1908 4552 Dixi

203 4597 400 4654 nescio
433 4613 563 4668 qua:
606 4596 762 4663 talia,
787 4599 844 4651 et
873 4592 1128 4664 abripuit
1165 4608 1257 4646 me
1289 4591 1357 4646 ab
1386 4589 1485 4645 illo
1525 4594 1693 4643 aestus
1722 4603 1907 4653 meus,

205 4702 340 4742 cum
373 4690 585 4740 taceret
612 4685 890 4739 attonitus
919 4683 1151 4738 intuens
1184 4697 1296 4735 me.
1341 4680 1537 4750 Neque
1563 4677 1716 4731 enim
1747 4676 1912 4730 solita

206 4773 506 4839 sonabam,
543 4775 784 4844 plusque
813 4772 1194 4842 loquebantur
1221 4767 1480 4822 animum
1513 4781 1706 4820 meum
1729 4765 1909 4829 frons,

209 4879 398 4937 genus,
453 4862 626 4928 oculi,
676 4863 850 4927 color,
905 4860 1110 4914 modus
1146 4857 1317 4924 vocis,
1349 4872 1522 4927 quam
1568 4854 1740 4908 verba
1768 4855 1914 4923 iquie

206 4951 568 5025 promebam.
604 4950 874 5005 Hortulus
899 4948 1134 5020 quidam
1157 4951 1284 5000 erat
1303 4943 1538 5016 hospitii
1567 4941 1766 5006 nostri,
1800 4957 1914 5012 quo

215 5059 320 5097 nos
355 5039 662 5093 utebamur
709 5039 851 5092 sicut
885 5041 1004 5091 tota
1047 5037 1216 5090 domo
1249 5050 1262 5089 :
1291 5050 1424 5088 nam
1454 5034 1660 5102 hospes
1691 5031 1768 5084 ibi
1802 5044 1916 5082 non

216 5128 515 5186 habitabat
541 5128 807 5182 dominus
839 5127 1060 5181 domus.
1096 5125 1235 5178 Illuc
1266 5138 1356 5176 me
1380 5121 1689 5175 abstulerat
1710 5117 1917 5171 tumul-

210 5227 305 5276 tus
322 5216 588 5289 pcctoris,
619 5217 717 5270 ubi
739 5232 907 5270 nemo
928 5213 1230 5285 impediret
1250 5211 1544 5266 ardentem
1563 5208 1721 5263 litem
1743 5221 1917 5278 quam

279 5369 294 5401 ¹
328 5363 398 5412 Er
433 5371 568 5410 .cum
605 5372 711 5407 uno
733 5359 875 5417 MeS.,
906 5357 1079 5406 certis.

275 5430 299 5463 2
329 5427 418 5485 Es,
446 5421 714 5485 juxtaEr.
750 5414 914 5485 Lugd.
949 5419 1074 5485 Lov.
1104 5416 1255 5485 btart.
1288 5414 1355 5485 Μ..

279 5494 302 5524 ³
326 5475 465 5538 Mss.-
487 5484 663 5546 Augl.,
698 5475 1060 5540 muniebatur;
1087 5478 1195 5538 alii,
1225 5475 1576 5529 renitebatur.

1630 188 1843 245 LIBER
1912 188 2261 249 OCTAVUS.

3595 199 3701 254 758

2005 331 2227 371 mecum
2257 332 2556 388 aggressus
2594 333 2772 384 eram,
2805 319 2983 373 donec
3011 317 3194 374 exiret
3221 335 3334 390 qua
3353 323 3416 374 tu
3445 320 3695 389 sciebas;

2001 419 2105 472 ego
2127 409 2320 460 autem
2339 423 2454 460 non
2479 409 2492 443 ¹
2530 423 2542 462 :
2581 407 2680 462 sed
2712 412 2934 462 tantum
2955 407 3350 462 insaniebam’
3372 410 3698 479 salubriter,

2000 498 2056 547 et
2085 494 2372 548 moriebar
2388 495 2656 560 vitaliter,
2681 512 2892 566 gnarus
2912 496 3051 568 quid
3080 496 3218 551 mali
3240 512 3442 564 essem,
3467 502 3523 552 et
3541 499 3699 570 igna~

2000 597 2096 636 rus
2132 583 2272 654 quid
2301 583 2438 637 boni
2469 589 2598 654 post
2623 585 2924 654 paululum
2951 586 3177 640 futurus
3205 602 3408 642 essem.
3440 587 3699 642 Abscessi

2000 687 2134 742 ergo
2165 671 2226 725 in
2256 673 2504 738 hortum,
2539 677 2596 727 et
2617 673 2852 743 Alypius
2882 674 3023 744 pede
3044 678 3174 744 post
3202 675 3408 744 pedem
3429 673 3472 728 ⁵.
3505 677 3698 746 Neque

2000 761 2151 814 enim
2183 766 2463 816 secretum
2496 778 2690 816 meum
2737 779 2853 816 non
2884 768 3026 828 erat,
3057 762 3155 815 ubi
3183 762 3280 816 ille
3321 764 3520 818 aderat
3553 781 3564 817 :
3600 769 3700 819 aut

2000 849 2228 920 quando
2278 866 2369 903 me
2413 850 2492 904 sic
2522 851 2790 905 affectum
2831 851 3156 905 desereret?
3187 851 3469 919 Sedimus,
3513 868 3695 924 quan-

2001 943 2123 991 tum
2154 937 2445 1009 potuimus
2476 938 2679 992 remoti
2710 938 2780 992 ab
2807 939 3040 993 aedibus.
3071 940 3185 1007 Ego
3216 939 3531 993 frcmebam
3574 939 3696 1010 spi-

2001 1026 2115 1082 ritu
2169 1027 2478 1098 indignans
2536 1028 3026 1082 turbulentissime
3075 1027 3489 1098 indignatione,
3543 1029 3696 1099 quod

1999 1132 2114 1171 non
2140 1117 2285 1171 irem
2313 1117 2373 1171 in
2391 1117 2662 1187 placitum
2695 1122 2750 1171 et
2771 1121 2998 1187 pactum
3029 1120 3236 1183 tecum,
3263 1118 3410 1171 Deus
3429 1133 3611 1183 meus,
3635 1117 3696 1171 in

1999 1207 2153 1276 quod
2185 1206 2440 1260 eundum
2472 1221 2591 1259 esse
2641 1205 2834 1259 omnia
2864 1222 2988 1259 ossa
3023 1221 3152 1258 mea
3179 1205 3518 1273 clamabant,
3553 1210 3610 1260 et
3637 1205 3699 1260 in

1999 1297 2204 1350 malum
2230 1297 2511 1350 tollebant
2531 1295 2793 1349 laudibus
2823 1314 2839 1349 :
2865 1299 2922 1349 et
2949 1311 3066 1348 non
3087 1295 3222 1349 illuc
3250 1295 3439 1350 ibatur
3456 1295 3694 1350 navibus

1999 1389 2098 1439 aut
2127 1385 2440 1456 quadrigis,
2469 1388 2566 1438 aut
2593 1383 2853 1454 pedibus,
2889 1387 3167 1454 quantum
3200 1384 3400 1437 saltem
3427 1384 3495 1438 de
3527 1384 3696 1439 domo

1998 1473 2061 1527 in
2092 1489 2221 1527 cum
2245 1473 2436 1527 locum
2466 1472 2665 1537 ieram,
2699 1471 2798 1526 ubi
2828 1471 3185 1526 sedebamus.
3209 1473 3350 1525 Nam
3373 1487 3489 1525 non
3511 1472 3698 1526 solum

2001 1561 2106 1631 ire,
2152 1578 2352 1616 verum
2409 1561 2579 1615 etiam
2630 1561 2931 1632 pervenire
2971 1560 3126 1627 illuc,
3185 1559 3327 1614 nihil
3372 1564 3493 1614 erat
3542 1560 3700 1615 aliud

2002 1668 2174 1722 quam
2203 1652 2344 1705 velle
2372 1651 2476 1716 ire,
2523 1651 2620 1705 sed
2655 1651 2792 1704 velle
2822 1649 3044 1704 fortiter
3073 1653 3128 1704 et
3165 1648 3418 1719 integre;
3465 1665 3582 1702 non
3610 1665 3698 1702 se-

2001 1740 2336 1795 misauciam
2370 1740 2475 1795 hac
2504 1743 2674 1810 atque
2723 1739 2829 1793 hac
2860 1754 3084 1792 versare
3111 1743 3169 1792 et
3195 1737 3410 1808 jactare
3440 1737 3698 1791 volunta-

2000 1833 2136 1897 tem,
2169 1834 2331 1900 parte
2355 1832 2689 1900 assurgente
2721 1843 2850 1882 cum
2879 1827 2990 1881 alia
3017 1831 3180 1898 parte
3211 1827 3444 1881 cadente
3473 1826 3699 1880 luctan-

2001 1923 2119 1974 tem
2150 1918 2193 1973 ‘.

2071 2011 2166 2062 20.
2207 2007 2463 2078 Denique
2497 2009 2616 2061 tam
2662 2005 2846 2060 multa
2874 2003 3152 2059 faciebam
3200 2019 3441 2074 corpore
3469 2002 3530 2058 in
3561 2001 3699 2074 ipsis

2002 2094 2376 2150 cunctationis
2407 2094 2655 2161 aestibus,
2690 2109 2817 2164 quae
2852 2092 3158 2163 aliquando
3190 2093 3390 2145 volunt
3414 2090 3698 2156 homines,

2003 2189 2060 2240 et
2088 2201 2202 2238 non
2232 2185 2442 2249 valent,
2475 2183 2519 2236 si
2559 2187 2659 2236 aut
2707 2182 2829 2252 ipsa
2857 2181 3116 2235 membra
3146 2196 3262 2233 non
3306 2180 3572 2245 habeant,
3607 2183 3704 2234 aut

2003 2290 2071 2328 ea
2101 2274 2188 2328 vel
2219 2273 2484 2342 colligata
2525 2271 2785 2336 vinculis,
2831 2270 2918 2324 vel
2965 2269 3217 2324 resoluta
3261 2269 3560 2339 languore,
3610 2268 3700 2322 vel

2003 2378 2234 2434 quoquo
2258 2361 2429 2416 modo
2457 2359 2730 2432 impedita
2756 2358 2882 2412 sint.
2910 2357 2966 2413 Si
2996 2357 3140 2411 vulsi
3169 2357 3457 2428 capillum,
3491 2355 3539 2410 si
3567 2371 3699 2427 per-

2003 2450 2148 2506 cussi
2196 2450 2467 2515 frontem,
2523 2449 2570 2502 si
2617 2446 2887 2501 consertis
2933 2444 3126 2516 digitis
3169 2445 3525 2514 amplexatus
3573 2459 3702 2498 sum

2004 2558 2183 2612 genu;
2219 2539 2354 2611 quia
2396 2538 2570 2605 volui,
2616 2536 2742 2591 feci.
2775 2535 3170 2605 Potuitautem
3214 2535 3355 2589 velle
3393 2538 3448 2589 et
3478 2551 3590 2588 non
3618 2535 3699 2588 fa-

2004 2648 2149 2696 cere,
2211 2630 2256 2683 si
2311 2628 2594 2682 mobilitas
2643 2625 3038 2680 membrorum
3087 2640 3199 2677 non
3256 2624 3692 2693 obsequeretur.

2002 2722 2139 2774 Tam
2196 2720 2369 2774 multa
2411 2734 2547 2786 ergo
2589 2715 2713 2783 feci,
2754 2715 2850 2768 ubi
2898 2730 3013 2766 non
3053 2714 3160 2767 hoc
3206 2718 3327 2766 erat
3356 2713 3498 2766 velle
3550 2711 3701 2782 quod

2004 2826 2168 2881 posse
2202 2825 2214 2863 :
2249 2813 2304 2862 et
2332 2824 2446 2862 non
2468 2805 2742 2860 faciebam
2779 2803 2932 2873 quod
2957 2807 3010 2855 et
3039 2800 3472 2871 incomparabili
3499 2800 3702 2853 affectu

2003 2898 2252 2968 amplius
2297 2895 2440 2950 mihi
2471 2893 2751 2964 placebat,
2797 2897 2853 2945 et
2895 2907 3025 2945 mox
3068 2894 3133 2944 ut
3163 2890 3387 2954 vellem,
3429 2903 3697 2958 possem;

2005 2987 2137 3058 quia
2163 3001 2294 3038 mox
2323 2989 2389 3038 ut
2417 2983 2642 3047 vellem,
2676 2979 2875 3050 utique
2914 2979 3136 3033 vellem.
3170 2976 3254 3030 Ibi
3283 2976 3436 3030 enim
3466 2975 3701 3030 facultas

2005 3093 2070 3129 ea
2097 3091 2226 3144 qua:
2273 3073 2556 3134 voluntas,
2588 3075 2644 3124 et
2671 3069 2861 3139 ipsum
2900 3068 3042 3121 velle
3069 3067 3190 3137 jam
3220 3065 3405 3119 facere
3447 3067 3603 3130 erat;
3647 3067 3704 3118 et

2004 3159 2195 3218 tamen
2236 3178 2353 3216 non
2397 3161 2570 3214 fiebat
2601 3175 2616 3213 :
2648 3157 2983 3228 faciliusque
3029 3153 3462 3226 obtemperabat
3496 3169 3702 3224 corpus

2004 3252 2356 3308 tenuissimae
2418 3247 2698 3303 voluntati
2739 3246 2967 3314 animm,
3018 3249 3082 3300 ut
3122 3244 3194 3299 ad
3244 3248 3449 3297 nutum
3496 3241 3703 3296 mentis

2006 3341 2262 3398 membra
2284 3342 2668 3403 moverentur,
2703 3352 2872 3408 quam
2902 3336 3022 3406 ipsa
3050 3334 3157 3388 sibi
3185 3332 3378 3386 anima
3406 3331 3478 3386 ad
3506 3330 3704 3384 volun-

2005 3436 2182 3487 tatem
2207 3446 2370 3485 suam
2401 3432 2422 3466 ⁵
2446 3443 2715 3499 magnam
2734 3425 2794 3479 in
2818 3425 2936 3478 sola
2960 3424 3248 3478 voluntate
3271 3419 3697 3492 perficiendam.

2677 3531 2902 3586 CAPUT
2938 3531 3026 3585 IX.

2174 3621 2322 3678 Unde
2343 3623 2406 3690 ﬁt
2432 3624 2493 3674 ut
2521 3620 2734 3673 animus
2764 3619 2986 3685 imperet
3018 3614 3127 3669 sibi
3151 3616 3200 3666 et
3225 3612 3532 3666 resistatur.

2078 3715 2167 3766 2t.
2214 3709 2372 3765 Unde
2405 3709 2512 3763 hoc
2557 3705 2916 3761 monstrum?
2960 3707 3016 3757 et
3061 3717 3238 3772 quare
3268 3699 3460 3754 istud?
3502 3699 3704 3753 Luccat

2012 3798 2400 3856 misericordia
2420 3803 2544 3862 tua;
2569 3801 2627 3850 et
2655 3795 3025 3864 interrogem,
3050 3791 3096 3845 si
3126 3791 3270 3844 forte
3301 3787 3443 3868 mihi
3471 3803 3706 3857 respon-

2011 3891 2144 3944 dere
2177 3887 2393 3960 possint
2415 3885 2646 3940 latebra:
2675 3899 2973 3954 poenarum
3002 3879 3328 3946 hominum,
3360 3882 3417 3931 et
3444 3875 3707 3931 tenebro-

2011 3978 2253 4032 sissimze
2284 3973 2657 4029 contritiones
2696 3971 2948 4026 filiorum
2979 3970 3175 4024 Adam.
3216 3967 3375 4022 Unde
3405 3966 3512 4020 hoc
3541 3981 3706 4018 mon-

2015 4069 2236 4123 strum?
2261 4070 2318 4119 et
2377 4079 2551 4134 quare
2582 4061 2774 4116 istud?
2812 4061 3062 4130 Imperat
3089 4056 3315 4111 animus
3361 4053 3604 4123 corpori,
3652 4055 3708 4106 et

2015 4160 2246 4229 paretur
2291 4152 2513 4218 statim;
2563 4150 2808 4220 imperat
2856 4147 3081 4201 animus
3125 4143 3235 4198 sibi
3291 4147 3346 4196 et
3405 4139 3703 4193 resistitur.

2016 4225 2265 4315 Imperat
2285 4241 2508 4295 animus
2538 4243 2602 4292 ut
2630 4241 2923 4291 moveatur
2948 4249 3173 4299 manus,
3208 4236 3266 4284 et
3285 4233 3444 4283 tanta
3473 4231 3558 4280 est
3578 4225 3710 4280 faei-

2016 4311 2143 4387 lita—s
2174 4334 2238 4384 ut
2283 4328 2372 4381 vix
2411 4344 2442 4380 a
2472 4325 2694 4379 servitio
2727 4323 3081 4378 discernatur
3108 4316 3417 4389 imperium
3452 4331 3464 4368 :
3497 4317 3556 4367 et
3583 4311 3708 4366 ani-

2017 4436 2145 4475 mus
2176 4417 2399 4472 animus
2447 4419 2548 4480 est,
2592 4429 2796 4467 manus
2843 4414 3034 4465 autem
3077 4422 3282 4477 corpus
3312 4406 3412 4458 est.
3462 4403 3713 4472 Imperat

2019 4509 2246 4564 animus
2266 4509 2329 4560 ut
2355 4504 2491 4558 velit
2514 4501 2757 4571 animus,
2788 4517 2892 4554 nec
2921 4500 3062 4552 alter
3087 4499 3188 4560 est,
3213 4508 3316 4547 nec
3341 4489 3474 4546 facit
3491 4494 3708 4543 tamen.

2026 4597 2183 4653 Unde
2213 4595 2321 4650 hoc
2359 4591 2724 4648 monstrum?
2764 4595 2820 4644 et
2866 4601 3040 4659 quare
3085 4582 3272 4637 istud?
3320 4582 3590 4652 Imperat,
3622 4577 3712 4632 in-

2087 4725 2100 4757 ι
2131 4724 2245 4770 Non
2275 4717 2516 4772 sciebam,
2534 4716 2687 4779 juxta
2720 4714 2804 4779 Er.
2837 4708 2999 4779 Lugd:
3036 4707 3165 4779 Ven.
3199 4706 3266 4754 Μ.

2085 4786 2105 4820 9
2131 4765 2618 4830 In'DIViasunib'rinz.
2647 4777 2728 4824 Er.
2761 4765 3082 4835 LungVeu.
3120 4769 3242 4817 Lov.
3275 4767 3472 4816 Somm.
3504 4765 3641 4814 Flor.
3667 4767 3720 4814 et

2024 4846 2215 4905 Itond.,
2247 4843 2591 4905 iusaniebam.
2616 4839 2729 4905 Μ.--
2829 4896 2883 4905 __

2086 4886 2661 4968 ire?Hiéééﬁkiiﬁd’jtiim
2681 4899 2802 4968 _:\_Iss.
2829 4895 2982 4957 [Editi
2998 4907 3120 4968 vero
3137 4891 3328 4968 Pedem
3343 4886 3714 4968 poslpedfmlt

2087 4972 2107 5006 ὀ
2142 4955 2301 5018 Vetus
2331 4967 2421 5015 (λι.
2446 4955 2597 5013 (ὶοῖ-ι).
2633 4976 2644 5009 :
2671 4955 3242 5018 Ir’arfe'assurgentem;
3268 4967 3390 5018 cum
3425 4955 3542 5002 alia.
3564 4955 3722 5011 parle
3802 4999 3805 5002 ,

2026 5016 2397 5093 αιὶῡὶίασεηιο
2428 5027 2724 5093 cadentem,
2765 5023 3072 5093 luctantem.
3115 5016 3598 5093 Angl.’duo,parfc
3636 5025 3722 5093 gs-

2025 5074 2270 5155 ;urug'eittc
2279 5074 2331 5140 Iit
2348 5074 2482 5155 cui};
2498 5074 2649 5155 adfrt.
2695 5074 2750 5120 '—
2771 5085 3005 5155 AIfurl‘eur
3017 5074 3418 5155 χιεψχᾷοζξίεῃι,
3443 5074 3720 5155 juxtaﬁgr.

2029 5136 2344 5219 Iiiigldiviieii.
2370 5136 2546 5219 'Editio
2578 5146 2878 5219 li‘lptreniina
2907 5144 3034 5206 legit
3052 5147 3108 5191 ut
3135 5136 3223 5191 CLI.
3254 5141 3403 5188 Corb.
3423 5136 3575 5200 {duo
3601 5136 3722 5183 Mss.

2029 5211 2169 5269 mar.
2212 5221 2270 5265 ut
2299 5214 2449 5276 Angl.
2474 5213 2607 5276 dua.
2629 5211 2695 5258 M.

2091 5262 2267 5328 310%}:
2300 5262 2510 5326 Seium.
2559 5273 2688 5321 Bias.
2734 5268 2804 5320 ad
2845 5269 3177 5334 voluptatein
3220 5277 3379 5334 suam
3415 5276 3425 5308 :
3458 5262 3722 5334 corrupte,

2031 5321 2586 5403 naui-de‘perfijcienda
2604 5334 2871 5403 voluntate
2896 5321 3129 5403 loquitur
3154 5321 3726 5403 Augustinus:

2034 5383 2612 5458 inultis—stfnu—ll'ofcrre
2638 5399 2873 5458 excepto,
2906 5383 3377 5453 in‘antiquioFitms
3401 5383 3723 5433 editionibus

2034 5475 2085 5516 et
2105 5469 2230 5520 Arn,
2263 5463 2508 5519 habetur,
2538 5457 2606 5510 ad
2638 5457 2970 5510 voluntalem
2997 5467 3164 5504 suam.
