4022 6176
417 223 524 276 759

418 358 613 415 quam,
647 345 711 396 ut
738 340 891 403 velit,
925 339 1023 410 qui
1062 355 1179 394 non
1208 339 1516 410 imperaret
1542 337 1650 393 nisi
1680 339 1866 404 vellet,
1902 342 1958 392 et
1985 351 2102 390 non

420 435 485 486 tit
513 430 667 502 quod
694 429 959 500 imperat.
991 429 1094 484 Sed
1138 445 1250 482 non
1280 443 1345 482 ex
1377 433 1495 482 toto
1525 428 1676 494 vult;
1721 443 1838 480 non
1872 441 2010 497 ergo
2053 440 2118 478 ex

420 524 542 574 toto
566 519 826 589 imperat.
854 519 992 572 Nam
1008 517 1066 571 in
1085 521 1302 571 tantum
1317 517 1579 588 imperat,
1610 516 1668 570 in
1683 520 1962 587 quantum
1982 514 2118 575 vult,

423 606 561 661 etin
606 610 826 660 tantum
861 622 974 660 non
1001 606 1065 659 tit
1095 605 1246 676 quod
1281 605 1543 675 imperat,
1577 603 1637 658 in
1685 609 1964 675 quantum
2005 620 2121 658 non

423 697 560 750 vult.
598 695 878 759 Quoniam
922 694 1178 747 voluntas
1225 693 1469 764 imperat
1498 697 1561 746 ut
1591 693 1663 746 sit
1690 693 1976 754 voluntas,
2018 708 2122 746 nec

425 785 555 842 alia.
591 785 687 838 sed
709 784 852 854 ipsa.
888 785 1007 837 Non
1032 783 1229 853 utique
1260 783 1430 852 plena
1459 782 1724 852 imperat,
1750 780 1878 834 ideo
1901 797 2019 834 non
2037 786 2122 835 est

426 873 578 946 quod
609 873 871 942 imperat.
904 873 1042 925 Nam
1088 871 1134 924 si
1165 871 1331 941 plena
1362 876 1529 937 esset,
1564 886 1667 924 nec
1715 870 2028 940 imperaret
2060 875 2122 924 ut

423 967 589 1030 esset,
636 961 772 1032 quia
794 961 914 1030 jam
961 964 1122 1014 esset.
1173 961 1295 1013 Non
1341 958 1517 1030 igitur
1547 963 1865 1012 monstrum
1910 958 2120 1028 partim

423 1051 587 1119 velle,
616 1049 829 1120 partim
859 1049 1040 1112 nolle;
1071 1047 1167 1102 sed
1197 1047 1476 1116 {egritudo
1499 1047 1676 1100 animi
1703 1051 1806 1112 est,
1839 1047 1974 1117 quia
2004 1063 2122 1100 non

422 1144 574 1194 totus
611 1138 856 1208 assurgit
885 1136 1119 1190 veritate
1152 1137 1498 1203 sublevatus,
1529 1133 1940 1188 consuetudine
1969 1149 2122 1203 pra:-

423 1231 706 1299 gravatus.
765 1228 828 1281 Et
883 1225 1014 1279 ideo
1067 1229 1197 1278 sunt
1259 1224 1387 1276 dum
1434 1223 1775 1283 voluntates,
1825 1220 1962 1292 quia
2007 1235 2154 1273 una-

423 1333 624 1372 earum
672 1319 793 1370 tota
836 1329 949 1368 non
993 1317 1096 1381 est,
1137 1312 1325 1366 ethoc
1374 1311 1533 1365 adest
1579 1309 1742 1364 alteri
1775 1309 1926 1379 quod
1968 1307 2126 1363 deest

426 1407 556 1462 alter
573 1406 607 1460 i.

1116 1489 1339 1543 CAPUT
1369 1490 1427 1542 Χ.

426 1583 701 1638 Adversus
733 1581 1050 1636 Manichwos
1075 1580 1170 1648 qui
1189 1594 1255 1631 ea;
1281 1577 1492 1631 duabus
1517 1577 1804 1630 contrariis
1834 1577 2124 1630 voluntati-

673 1669 768 1723 bus
798 1669 935 1723 duas
961 1669 1263 1722 contrarias
1283 1672 1512 1720 naturas
1540 1669 1869 1719 asseverant.

494 1761 581 1814 22.
621 1760 861 1812 Pereant
886 1774 919 1810 a
950 1757 1088 1810 facie
1118 1761 1233 1821 tua,
1271 1756 1439 1819 Deus,
1474 1753 1639 1807 sicuti
1681 1757 1925 1824 pereunt
1955 1751 2119 1806 vani-

425 1847 580 1919 loqui
610 1851 667 1901 et
694 1846 902 1900 mentis
946 1845 1288 1909 seductores,
1322 1842 1421 1914 qui
1463 1858 1592 1896 cum
1632 1842 1772 1896 duas
1805 1842 2123 1896 voluntates

424 1937 483 1990 in
515 1935 882 1990 deliberando
909 1932 1437 1998 animadverterint,
1461 1931 1601 1985 duas
1624 1936 1855 1985 naturas
1879 1930 2119 1984 duarum

425 2025 703 2079 mentium
737 2041 858 2078 esse
888 2026 1232 2087 asseverant,
1263 2037 1437 2076 unam
1467 2021 1698 2085 bonam,
1727 2021 1963 2073 alteram
1999 2035 2121 2072 ma-

425 2115 560 2168 lam.
596 2112 710 2183 Ipsi
747 2127 878 2165 vere
908 2110 1046 2165 mali
1090 2114 1242 2176 sunt,
1275 2124 1404 2162 cum
1449 2109 1557 2161 ista
1587 2108 1738 2161 mala
1767 2107 2041 2172 sentiunt,
2067 2111 2125 2160 et

423 2202 597 2256 iidem
630 2200 738 2272 ipsi
764 2199 900 2254 boni
927 2203 1097 2253 erunt
1135 2198 1180 2251 si
1208 2213 1340 2251 vera
1375 2195 1676 2258 senserint,
1709 2195 1970 2266 verisque
2002 2210 2125 2248 con-

425 2289 724 2357 senserint,
750 2292 816 2342 ut
836 2287 985 2342 dicat
1003 2288 1081 2341 eis
1099 2285 1400 2357 Apostolus
1422 2290 1550 2338 tuus
1571 2301 1583 2339 :
1607 2286 1802 2339 Fuistis
1828 2283 2125 2353 aliquando

427 2379 678 2444 tenebrae;
721 2393 862 2432 nunc
901 2381 1076 2430 autem
1110 2375 1205 2428 luo:
1235 2377 1291 2427 in
1320 2376 1541 2428 Domino
1586 2373 1800 2444 (Ephes.
1834 2389 1884 2438 v,
1920 2373 1992 2441 8).
2028 2370 2126 2426 Isti

427 2467 580 2521 enim
628 2467 766 2520 dum
796 2465 997 2519 volunt
1051 2479 1172 2517 esse
1221 2463 1337 2531 lux,
1379 2478 1496 2516 non
1527 2461 1586 2514 in
1636 2460 1902 2528 Domino,
1939 2461 2033 2514 sed
2065 2460 2124 2514 in

426 2555 642 2628 seipsis,
673 2555 932 2626 putando
955 2553 1161 2607 animae
1189 2556 1453 2606 naturam
1484 2550 1591 2604 hoc
1629 2565 1750 2604 esse
1783 2549 1935 2620 quod
1980 2550 2127 2602 Deus

425 2648 528 2712 est,
562 2644 639 2698 ita
665 2643 795 2698 facti
825 2641 1264 2696 suntdensiores
1297 2639 1547 2693 tenebrae
1574 2638 1878 2709 ;quoniam
1900 2637 2126 2708 longius

425 2750 457 2786 a
489 2738 543 2787 te
567 2735 922 2786 recesserunt
941 2729 1230 2784 horrenda
1258 2727 1602 2797 arrogantia,
1628 2743 1659 2779 a
1681 2730 1735 2779 te
1757 2741 1889 2779 vero
1907 2725 2125 2780 lumine

426 2819 789 2874 illuminante
812 2835 1042 2873 omnem
1062 2817 1356 2870 hominem
1378 2815 1699 2870 venientem
1719 2816 1778 2868 in
1796 2815 1948 2868 hunc
1969 2830 2128 2868 mun-

427 2909 565 2964 dum
602 2910 778 2979 (Joan.
818 2926 854 2974 ι,
880 2909 956 2977 9).
981 2905 1274 2960 Attendite
1306 2904 1442 2976 quid
1463 2903 1681 2969 dicatis,
1709 2909 1765 2957 et
1787 2902 2122 2970 erubescite,

427 3001 484 3051 et
514 2997 762 3050 accedite
795 2995 866 3050 ad
897 3011 1029 3048 eum
1057 2995 1130 3062 {et
1156 2991 1584 3059 illuminamiui,
1619 2996 1676 3046 et
1721 2992 1911 3046 vultus
1955 2991 2126 3045 vestri

427 3101 544 3138 non
575 3085 911 3140 erubescent
957 3085 1118 3153 (Psal.
1153 3100 1344 3151 xxxm,
1379 3087 1451 3145 6).
1514 3083 1629 3152 Ego
1660 3097 1789 3135 cum
1845 3080 2123 3135 delibera-

426 3173 556 3226 ham
590 3177 651 3226 ut
674 3173 794 3242 jam
823 3171 1094 3226 servirem
1121 3172 1357 3225 Domino
1389 3172 1505 3225 Deo
1536 3186 1683 3236 meo,
1714 3170 1859 3224 sicut
1887 3164 1986 3224 diu
2007 3168 2122 3223 dis-

427 3277 752 3332 posueram,
787 3277 892 3332 ego
924 3277 1079 3314 eram
1103 3260 1203 3331 qui
1233 3259 1514 3325 volebam,
1546 3275 1653 3329 ego
1683 3259 1782 3330 qui
1818 3259 2080 3313 nolebam
2107 3274 2121 3324 ;

428 3366 559 3421 ego,
593 3366 698 3419 ego
725 3365 908 3403 eram.
962 3349 1073 3403 Nec
1102 3349 1271 3418 plene
1296 3347 1578 3413 volebam,
1625 3363 1730 3400 nec
1756 3346 1925 3416 plene
1955 3346 2122 3400 nole-

425 3439 574 3493 bam.
607 3440 737 3493 Ideo
781 3454 1005 3493 mecum
1035 3435 1472 3505 contendebam,
1504 3441 1563 3490 et
1617 3434 1936 3505 dissipabar
1963 3452 1996 3489 a
2024 3451 2116 3490 me

425 3527 568 3599 ipso.
605 3529 668 3582 Et
698 3527 818 3598 ipsa
850 3525 1143 3597 dissipatio
1175 3540 1267 3578 me
1312 3523 1488 3578 invito
1519 3523 1753 3595 quidem
1797 3523 1988 3589 tiebat,
2020 3539 2124 3577 nec

424 3621 618 3671 tamen
643 3616 979 3671 ostendebat
1001 3619 1266 3669 naturam
1290 3613 1498 3668 mentis
1525 3612 1746 3678 alienae,
1773 3612 1872 3666 sed
1894 3629 2123 3684 poenam

426 3721 590 3759 mete.
618 3707 682 3760 Et
711 3705 840 3759 ideo
884 3720 1001 3757 non
1027 3704 1146 3774 jam
1180 3719 1286 3774 ego
1318 3703 1600 3774 operabar
1627 3702 1806 3768 illam,
1840 3701 1936 3756 sed
1967 3701 2122 3772 quod

424 3793 718 3848 habitabat
753 3792 813 3846 in
839 3808 929 3846 me
961 3796 1254 3862 peccatum
1286 3792 1462 3861 (Rom.
1496 3807 1592 3855 vn,
1631 3791 1713 3861 14)
1745 3790 1814 3845 de
1845 3789 2122 3862 supplicio

425 3881 712 3936 liberioris
742 3879 975 3951 peccati,
1005 3880 1140 3950 quia
1170 3895 1326 3933 eram
1355 3879 1510 3932 illius
1539 3878 1742 3932 Adam.

497 3972 592 4025 23.
634 3971 776 4023 Nam
805 3968 852 4022 si
877 3971 961 4022 tot
992 3971 1124 4021 sunt
1147 3967 1447 4020 contraria:
1477 3971 1718 4031 naturae,
1758 3969 1898 4037 quot
1923 3967 2123 4021 volun-

425 4062 566 4113 tates
597 4057 705 4111 sibi
755 4057 1051 4121 resistunt;
1085 4071 1198 4110 non
1227 4055 1343 4126 jam
1384 4054 1532 4121 duae,
1568 4054 1664 4108 sed
1708 4055 1903 4124 plures
1933 4059 2119 4110 erunt.

426 4149 482 4203 Si
513 4147 788 4203 deliberet
817 4145 1120 4217 quisquam
1141 4148 1335 4198 utrum
1353 4144 1424 4198 ad
1437 4143 1897 4198 conventiculum
1921 4160 2122 4199 eorum

426 4239 650 4309 pergat,
687 4251 760 4290 an
787 4235 858 4290 ad
883 4233 1200 4300 theatrum;
1229 4233 1478 4287 clamant
1505 4231 1602 4286 isti
1644 4248 1658 4287 :
1694 4234 1828 4288 Ecce
1859 4232 1986 4286 duae
2017 4249 2120 4287 na-

425 4332 600 4392 turae;
629 4342 744 4379 una
772 4324 922 4378 bona
952 4323 1057 4377 hac
1085 4321 1260 4389 ducit,
1307 4323 1484 4377 altera
1527 4322 1676 4376 mala
1705 4321 1835 4376 illac
1883 4321 2118 4376 reducit.

427 4416 566 4470 Nam
591 4414 743 4469 unde
772 4413 880 4467 ista
905 4411 1188 4466 cunctatio
1211 4409 1440 4464 sibimet
1469 4410 1892 4465 adversantium
1917 4411 2121 4465 volun-

426 4506 651 4558 tatum?
679 4505 794 4573 Ego
822 4507 1014 4556 autem
1046 4501 1172 4555 dico
1204 4500 1398 4554 ambas
1426 4500 1626 4566 malas,
1659 4503 1714 4553 et
1741 4516 1869 4570 quae
1900 4500 1969 4554 ad
1996 4500 2122 4554 illos

427 4589 601 4656 ducit,
635 4594 693 4644 et
721 4606 849 4661 quae
886 4589 956 4644 ad
986 4589 1272 4644 theatrum
1302 4586 1548 4641 reducit.
1588 4585 1694 4642 Sed
1726 4602 1842 4640 non
1885 4587 2124 4642 credunt

426 4678 537 4732 nisi
565 4679 776 4732 bonam
820 4695 938 4733 esse
968 4695 1082 4750 qua
1123 4679 1238 4732 itur
1268 4677 1337 4731 ad
1377 4692 1490 4731 eos.
1529 4675 1678 4740 Quid
1717 4675 1764 4729 si
1797 4692 1931 4747 ergo
1963 4677 2121 4748 quis-

426 4781 597 4837 quam
629 4771 889 4821 nostrum
920 4767 1213 4835 deliberet,
1245 4770 1301 4821 et
1334 4780 1524 4820 secum
1556 4764 1962 4818 altercantibus
1988 4765 2123 4820 dua-

425 4857 531 4910 bus
561 4855 947 4910 voluntatibus
968 4860 1222 4924 tluctuet,
1257 4845 1448 4912 utrum
1478 4855 1548 4910 ad
1583 4855 1868 4909 theatrum
1898 4859 2120 4925 pergat,

426 4962 499 5000 an
522 4945 588 5000 ad
622 4943 912 4998 ecclesiam
945 4950 1197 5000 nostram
1213 4949 1241 5000 ?
1282 4961 1469 5000 nonne
1513 4948 1568 4999 et
1594 4943 1686 4998 isti
1719 4943 1858 5014 quid
1889 4959 2122 5014 respon-

427 5033 602 5088 deant
617 5031 1014 5086 tluctuabunt?
1032 5035 1143 5086 Aut
1159 5033 1313 5086 enim
1340 5032 1693 5100 fatebuntur,
1716 5030 1869 5102 quod
1891 5031 2116 5098 nolunt,

425 5124 578 5178 bona
606 5120 898 5176 voluntate
929 5119 1093 5190 pergi
1133 5121 1194 5174 in
1224 5121 1519 5174 ecclesiam
1570 5124 1844 5187 nostram,
1887 5119 2031 5175 sicut
2060 5120 2120 5176 in

425 5229 551 5267 eam
581 5213 829 5284 pergunt
853 5208 951 5280 qui
984 5209 1348 5264 sacramentis
1396 5210 1518 5280 ejus
1547 5209 1750 5263 imbuti
1780 5213 1914 5263 sunt
1952 5213 2118 5280 atque

427 5302 798 5357 detinentur:
832 5303 930 5353 aut
977 5297 1116 5352 duas
1161 5298 1336 5352 malas
1380 5301 1634 5365 naturas,
1671 5301 1726 5352 et
1753 5298 1892 5353 duas
1941 5299 2118 5353 malas

427 5395 644 5445 mentes
663 5390 725 5444 in
749 5405 864 5444 uno
894 5386 1126 5443 homine
1147 5385 1451 5456 confligere
1473 5387 1782 5458 putabunt;
1804 5392 1857 5442 et
1879 5404 1991 5443 non
2009 5389 2119 5443 erit

426 5494 624 5534 verum
656 5478 806 5552 quod
839 5479 1022 5535 solent
1071 5475 1279 5544 dicere,
1323 5491 1492 5530 unam
1542 5475 1750 5532 bonam
1783 5482 1838 5531 et
1877 5478 2114 5534 alteram

1606 213 2148 273 CONFESSIONUM
2189 213 2243 271 S.
2299 212 2704 272 AUGUSTINI.
3736 232 3806 281 τω

2229 336 2439 392 malam
2464 353 2477 392 :
2512 341 2611 392 aut
2631 339 3036 392 convertentur
3059 337 3127 392 ad
3152 351 3366 405 verum,
3387 343 3553 394 etnon
3579 346 3816 416 negabunt,

2229 441 2358 480 cum
2389 425 2630 499 quisque
2662 427 2956 494 deliberat,
2987 426 3238 482 animam
3265 443 3434 483 unam
3453 430 3657 486 diversis
3680 436 3818 492 volun-

2228 514 2440 570 tatibus
2464 522 2727 571 aestuare.

2297 605 2385 656 24.
2429 604 2554 658 Iam
2587 619 2721 674 ergo
2746 619 2860 658 non
2904 603 3109 672 dicant,
3161 620 3288 659 cum
3327 606 3460 660 duas
3496 608 3757 665 voluntates
3783 613 3822 667 in

2228 689 2464 746 homine
2495 708 2611 745 uno
2653 692 2939 746 adversari
2991 692 3098 747 sibi
3129 693 3396 758 sentiunt,
3428 695 3551 749 duas
3584 700 3823 755 contrarias

2231 785 2448 834 mentes
2478 781 2546 834 de
2599 781 2819 835 duabus
2865 782 3162 836 contrariis
3211 783 3524 838 substantiis
3559 790 3608 839 et
3634 787 3693 840 de
3724 788 3823 841 duo-

2230 869 2335 923 bus
2375 869 2676 923 contrariis
2725 869 3021 942 principiis
3064 871 3421 937 contendere,
3467 889 3620 928 unam
3654 875 3824 942 bonam,

2229 959 2467 1012 alteram
2504 959 2732 1012 malam.
2777 959 2918 1013 Nam
2952 965 3036 1021 tu,
3071 961 3217 1013 Deus
3255 976 3435 1026 verax,
3477 961 3823 1032 improbaseos,

2231 1052 2286 1100 et
2324 1046 2620 1118 redarguis
2667 1052 2839 1119 atque
2896 1047 3184 1102 convincis
3233 1065 3345 1113 eos,
3380 1049 3513 1103 sicut
3559 1050 3611 1104 in
3653 1056 3827 1123 utraque

2232 1135 2382 1189 mala
2430 1135 2742 1203 voluntate,
2804 1153 2935 1190 cum
2982 1136 3227 1208 quisque
3269 1136 3531 1191 deliberat
3570 1144 3731 1193 utrum
3765 1141 3827 1194 lio

2232 1223 2450 1278 minem
2497 1240 2718 1279 veneno
2761 1225 3063 1280 interimat
3091 1241 3164 1278 an
3213 1225 3390 1293 ferro;
3430 1231 3605 1281 utrum
3653 1228 3827 1282 fundum

2231 1312 2483 1366 alienum
2524 1313 2726 1382 _illum,
2779 1330 2851 1367 an
2902 1313 3067 1367 illum
3130 1313 3380 1380 invadat,
3432 1315 3637 1385 quando
3676 1322 3829 1370 utrum-

2231 1417 2343 1472 que
2376 1417 2491 1454 non
2520 1407 2736 1472 potest;
2783 1406 2972 1455 utrum
3005 1407 3159 1456 emat
3189 1403 3524 1472 voluptatem
3565 1403 3762 1470 luxuria,
3784 1422 3828 1458 an

2233 1490 2541 1560 pecuniam
2573 1495 2757 1545 servet
2796 1490 3064 1557 avaritia;
3106 1498 3302 1544 utrum
3347 1491 3417 1544 ad
3444 1491 3635 1544 circum
3669 1497 3828 1561 pergat,

2233 1595 2305 1633 an
2327 1579 2393 1633 ad
2417 1579 2726 1646 theatrum,
2749 1579 2794 1633 si
2814 1596 2924 1633 uno
2946 1579 3036 1634 die
3059 1585 3368 1650 utrumque
3391 1579 3714 1643 exhibentur;
3731 1580 3830 1634 addo

2234 1667 2408 1722 etiam
2439 1668 2693 1733 tertium,
2727 1684 2798 1722 an
2828 1668 2897 1722 ad
2925 1667 3142 1722 furtum
3166 1668 3236 1722 de
3267 1667 3435 1721 domo
3461 1667 3644 1732 aliena,
3678 1667 3716 1721 si
3738 1669 3830 1722 sub-

2233 1761 2318 1810 est
2361 1757 2610 1822 occasio;
2641 1757 2787 1812 addo
2827 1761 2882 1810 et
2920 1762 3213 1828 quartum,
3244 1772 3317 1810 an
3355 1756 3422 1810 ad
3453 1756 3830 1810 committendum

2233 1845 2596 1909 adulterium,
2622 1845 2668 1898 si
2690 1850 2747 1899 et
2763 1844 2896 1899 inde
2918 1845 3086 1898 simul
3109 1844 3347 1898 facultas
3372 1844 3624 1915 aperitur,
3643 1844 3682 1897 si
3699 1844 3832 1899 omnia

2233 1939 2575 1989 concurrant
2617 1934 2676 1988 in
2705 1950 2884 1988 unum
2929 1932 3236 1987 articulum
3267 1933 3547 2003 temporis,
3591 1933 3832 2004 pariterque

2234 2023 2540 2094 cupiantur
2565 2022 2756 2076 omnia
2777 2039 2905 2093 quae
2936 2021 3106 2076 simul
3129 2021 3223 2092 agi
3246 2026 3532 2093 nequeunt
3557 2021 3832 2091 :discerpunt

2235 2113 2391 2168 enim
2419 2111 2676 2166 animum
2701 2112 2931 2166 sibimet
2951 2111 3384 2166 adversantibus
3409 2115 3633 2182 quatuor
3650 2111 3832 2164 volunta-

2233 2202 2404 2271 tibus,
2436 2202 2525 2256 vel
2575 2201 2749 2256 etiam
2797 2200 3060 2272 pluribus
3090 2200 3150 2254 in
3182 2204 3341 2254 tanta
3380 2199 3532 2271 copia
3569 2214 3728 2253 rerum
3751 2215 3833 2268 qua

2235 2294 2605 2362 appetuntur,
2635 2305 2739 2344 nec
2762 2294 2955 2343 tamen
2987 2293 3208 2343 tantam
3234 2287 3640 2343 multitudinem
3665 2286 3834 2341 diversa-

2235 2397 2362 2435 rum
2395 2379 2838 2434 substantiarum
2870 2379 3055 2434 solent
3083 2379 3277 2434 dicere
3309 2395 3322 2432 :
3350 2379 3426 2433 ita
3454 2383 3508 2432 et
3533 2377 3585 2431 in
3610 2376 3742 2430 bonis
3766 2391 3832 2429 vo-

2235 2469 2566 2523 luntatibus.
2605 2470 2747 2523 Nam
2773 2484 2968 2540 quaero
2998 2468 3068 2522 ab
3093 2468 3174 2521 eis
3206 2471 3400 2522 utrum
3429 2467 3627 2521 bonum
3652 2464 3712 2519 sit
3731 2464 3832 2518 dele-

2235 2557 2375 2611 ctari
2407 2556 2644 2611 lectione
2675 2557 2953 2628 Apostoli,
2986 2562 3044 2612 et
3073 2561 3273 2611 utrum
3303 2557 3513 2611 bonum
3541 2555 3606 2610 sit
3642 2552 3834 2608 delectari

2237 2646 2456 2716 psalmo
2485 2645 2694 2712 sobrio,
2718 2651 2774 2700 et
2803 2650 2996 2700 utrum
3025 2646 3243 2700 bonum
3270 2645 3342 2700 sit
3372 2643 3701 2714 Evangelium
3724 2642 3835 2696 disse-

2236 2750 2378 2789 rere.
2414 2733 2947 2802 Respondebuntad
2977 2733 3204 2805 singula
3239 2751 3253 2789 :
3289 2735 3520 2788 Bonum.
3545 2731 3673 2797 Quid
3696 2731 3731 2784 si
3746 2745 3835 2796 ergo

2234 2822 2449 2892 pariter
2463 2823 2744 2876 delectent
2760 2823 2953 2876 omnia
2976 2823 3266 2894 simulque
3289 2839 3400 2877 uno
3420 2823 3682 2892 tempore?
3697 2821 3835 2874 Nonne

2236 2911 2471 2965 diversm
2501 2911 2819 2965 voluntates
2845 2912 3179 2966 distendunt
3210 2929 3307 2967 cor
3334 2911 3590 2976 hominis,
3615 2924 3722 2964 cum
3739 2905 3834 2960 deli-

2236 2999 2468 3053 beratur
2493 3000 2631 3071 quid
2663 3000 3022 3071 potissimum
3044 3001 3427 3071 arripiamus?
3458 3003 3518 3055 Et
3537 3014 3706 3054 omnes
3723 2996 3834 3050 bona:

2234 3093 2386 3153 sunt,
2419 3093 2475 3142 et
2506 3093 2722 3142 certant
2752 3106 2967 3156 secum,
3000 3090 3181 3144 donec
3203 3091 3446 3162 eligatur
3474 3105 3655 3156 unum,
3677 3101 3762 3156 quo
3784 3084 3835 3136 te-

2235 3182 2393 3229 ratur
2436 3180 2553 3230 tota
2592 3177 2853 3231 voluntas
2889 3194 3025 3244 una,
3058 3195 3186 3249 quae
3235 3179 3296 3233 in
3322 3181 3511 3250 plures
3547 3174 3833 3232 dividebatur.

2235 3264 2317 3316 Ita
2348 3263 2520 3318 etiam
2548 3280 2679 3319 cum
2705 3266 2988 3320 aeternitas
3024 3267 3271 3322 delectat
3299 3268 3570 3340 superius,
3607 3270 3655 3319 et
3677 3269 3834 3331 tempo-

2235 3351 2368 3404 ralis
2397 3351 2534 3406 boni
2559 3354 2816 3424 voluptas
2848 3358 3095 3408 retentat
3122 3354 3386 3419 inferius,
3417 3355 3602 3408 eadem
3622 3351 3769 3405 anima
3783 3349 3838 3398 est

2233 3456 2348 3494 non
2378 3445 2495 3494 tota
2514 3442 2804 3495 voluntate
2835 3441 2973 3496 illud
2998 3447 3097 3496 aut
3123 3443 3232 3497 hoc
3253 3445 3477 3510 volens;
3497 3446 3549 3496 et
3574 3441 3682 3495 ideo
3697 3437 3837 3492 discet.

2234 3529 2389 3600 pitur
2415 3529 2572 3599 gravi
2596 3531 2876 3598 molestia,
2909 3531 3046 3585 dum
3067 3531 3210 3585 illud
3231 3532 3464 3587 veritate
3489 3526 3750 3603 praeponit,
3768 3524 3837 3577 hoc

2234 3617 2620 3673 familiaritate
2652 3635 2769 3674 non
2798 3621 2966 3691 ponit
2995 3619 3035 3676 ‘.

2906 3709 3133 3764 CAPUT
3170 3711 3260 3764 ΧΙ.

2498 3797 2672 3851 Lucta
2699 3799 2927 3867 spiritus
2953 3804 3002 3852 ct
3031 3801 3215 3853 carnis
3245 3802 3303 3854 in
3330 3797 3637 3865 Augustino.

2302 3887 2396 3938 25.
2435 3883 2524 3939 Sic
2542 3886 2888 3955 aegrotabam
2920 3891 2978 3940 et
3002 3887 3371 3941 excruciabar
3400 3899 3647 3940 accusans
3665 3880 3836 3935 memet-

2231 3971 2420 4042 ipsum
2453 3973 2620 4027 solito
2650 3975 2906 4028 acerbius
2950 3975 3141 4040 nimis,
3175 3992 3241 4030 ac
3270 3976 3464 4030 volens
3492 3978 3544 4028 et
3571 3984 3756 4026 versans
3776 3979 3836 4019 me

2229 4061 2288 4115 in
2317 4061 2542 4116 vinculo
2584 4079 2732 4126 meo,
2766 4063 2945 4117 donec
2970 4065 3410 4135 abrumperetur
3437 4068 3608 4118 totum
3643 4075 3733 4130 quo
3756 4056 3836 4124 jam

2231 4150 2433 4221 exiguo
2459 4152 2712 4219 tenebar,
2746 4153 2844 4207 sed
2876 4153 3111 4207 tenebar
3144 4159 3358 4208 tamen.
3405 4155 3466 4207 Et
3494 4149 3778 4205 instabastu
3798 4139 3837 4192 in

2231 4239 2462 4293 occultis
2493 4240 2654 4307 meis,
2713 4241 2970 4308 Domine,
3014 4258 3209 4296 severa
3237 4239 3632 4305 misericordia,
3677 4229 3838 4302 ﬂagellil

2230 4327 2593 4397 ingeminans
2623 4328 2845 4383 timoris
2867 4334 2922 4383 et
2943 4331 3200 4400 pudoris,
3231 4347 3305 4385 ne
3327 4347 3517 4386 rursus
3535 4336 3786 4384 cessarem,
3803 4319 3839 4369 ei

2230 4431 2346 4469 non
2366 4417 2803 4488 abrumperetur
2823 4418 3074 4489 idipsum
3095 4420 3373 4491 exiguum
3399 4425 3455 4475 et
3478 4426 3634 4474 tenue
3647 4409 3769 4486 quod
3783 4422 3838 4460 re-

2231 4510 2544 4573 manserat;
2577 4513 2633 4561 et
2655 4509 3023 4563 revalesceret
3053 4509 3285 4580 iterum,
3311 4515 3367 4566 et
3395 4525 3483 4564 me
3511 4501 3758 4562 robustius
3785 4494 3838 4547 al-

2231 4595 2449 4666 ligaret.
2486 4596 2753 4651 Dicebam
2809 4597 2964 4651 enim
2996 4598 3145 4668 apud
3197 4615 3287 4653 me
3316 4599 3466 4653 intus
3501 4613 3512 4650 :
3562 4596 3676 4649 Ecce
3717 4582 3839 4642 modo

2230 4687 2348 4751 tiat,
2380 4685 2552 4740 modo
2591 4687 2708 4740 tiat.
2756 4687 2820 4740 Et
2847 4702 2979 4740 cum
3009 4687 3182 4742 verbo
3207 4687 3327 4756 jam
3355 4687 3501 4740 ibam
3531 4684 3585 4738 in
3613 4677 3839 4752 placitum.

2226 4775 2250 4829 J
2259 4790 2349 4828 am
2367 4790 2512 4846 pene
2539 4774 2840 4838 faciebam,
2865 4780 2922 4830 et
2943 4792 3056 4830 non
3078 4776 3351 4830 faciebam
3380 4793 3392 4831 :
3418 4790 3516 4829 nec
3536 4763 3840 4827 relabebarta-

2229 4880 2361 4918 men
2378 4863 2435 4917 in
2457 4862 2718 4934 pristina,
2734 4863 2833 4918 sed
2851 4864 2920 4919 de
2938 4863 3196 4935 proximo
3213 4865 3451 4928 stabam,
3472 4868 3524 4918 et
3543 4853 3840 4930 respirabat!!-

2233 4953 2445 5008 Etitem
2458 4952 2725 5022 conabar,
2740 4953 2978 5020 etpaulo
2997 4952 3278 5007 minusibi
3295 4969 3468 5011 eram.
3482 4957 3532 5006 et
3543 4948 3690 5022 paulo
3701 4941 3840 4997 minus

2221 5042 2578 5113 jamjamque
2592 5041 2941 5113 attingebam
2955 5048 3011 5096 et
3027 5042 3319 5111 tenebam;
3335 5048 3512 5097 etnon
3527 5038 3597 5094 ibi
3609 5048 3754 5096 eram,
3768 5039 3839 5080 nec

2228 5131 2598 5201 attingebam,
2617 5147 2722 5185 nec
2742 5131 3024 5198 tenebam,
3048 5131 3316 5187 limsitans
3334 5133 3476 5187 mori
3496 5126 3666 5190 morti,
3686 5127 3732 5176 et
3747 5116 3838 5172 vilie

2229 5219 2440 5286 vivere;
2467 5220 2708 5290 plusque
2730 5221 2789 5274 in
2809 5237 2899 5274 me
2927 5221 3151 5275 valebat
3166 5222 3412 5276 deterius
3438 5217 3836 5280 inolitum,quam

2226 5309 2432 5364 melius
2460 5309 2758 5364 insolitum
2791 5327 2804 5364 :
2835 5315 3227 5383 punctumque
3275 5311 3457 5382 ipsum
3495 5300 3730 5375 temporis
3754 5306 3835 5363 Ψιο

2225 5397 2380 5453 aliud
2394 5399 2621 5454 futurus
2639 5415 2816 5467 eram,
2835 5403 3047 5471 quanto
3068 5399 3302 5470 propius
3322 5396 3703 5454 admovebatur,
3719 5385 3833 5438 ῒδῐιῑυ

2293 5490 2304 5523 ι
2331 5489 2452 5538 Mss.
2485 5487 2634 5549 Corb,
2665 5491 2717 5539 et
2745 5487 2957 5552 aliquod
2983 5488 3090 5548 alii,
3123 5501 3228 5540 non
3255 5491 3426 5552 punit.

3920 605 3924 836 ι
