4022 6176
209 159 309 212 761
1669 154 1881 212 LIBER
1929 151 2278 213 OCTAVUS.

209 269 555 344 ampliorem
583 268 901 325 incutiebat
944 269 1281 340 horrorem;
1310 271 1408 328 sed
1440 288 1557 328 non
1599 273 1917 335 recutiebat

208 365 391 427 retro,
426 375 527 414 nec
555 359 865 424 avertebat,
892 359 993 414 sed
1020 361 1422 432 suspendebat.

281 454 376 504 26.
409 448 751 504 Retinebant
777 465 947 521 nugas
972 466 1281 521 nugarum,
1313 455 1368 505 et
1397 451 1676 507 vanitates
1706 453 1914 508 vanita-

212 541 388 594 tum‘
429 537 682 608 antiqua":
722 538 920 592 amicae
964 555 1127 607 mete,
1189 544 1244 593 et
1299 541 1649 594 succutiebat
1701 546 1912 595 vestem

209 645 407 683 meam
435 643 718 693 earneam,
745 632 800 681 et
820 627 1366 683 submurmurabant
1390 645 1402 682 :
1429 629 1748 683 Dimittisne
1765 647 1864 684 nos
1887 634 1916 685 ?

206 722 269 771 et
299 735 335 772 a
365 721 657 771 momento
685 716 794 770 isto
822 733 939 770 non
970 717 1184 771 erimus
1213 722 1398 770 tecum
1430 718 1580 772 ultra
1635 717 1696 771 in
1743 721 1914 772 teter—

206 821 356 860 num
377 806 406 859 *Ρ
427 810 484 860 et
509 822 542 858 a
574 809 867 859 momento
899 805 1006 859 isto
1029 821 1148 860 non
1179 805 1284 859 tibi
1319 805 1504 859 licebit
1537 805 1642 860 hoc
1675 809 1730 859 et
1774 805 1913 859 illud

203 895 366 949 ultra
409 894 469 948 in
518 897 840 949 aeternum?
885 895 950 949 Et
976 910 1102 966 qute
1132 895 1515 966 suggerebant
1542 894 1604 948 in
1654 911 1720 948 eo
1762 895 1912 966 quod

203 983 353 1050 dixi,
391 985 505 1038 Hoc
553 987 609 1037 et
652 983 844 1038 illud?
892 999 1019 1055 quas
1050 984 1452 1055 suggerebant,
1509 985 1654 1038 Deus
1709 987 1914 1038 meus?

204 1075 447 1126 Avertat
468 1072 536 1126 ab
566 1071 756 1125 anima
772 1073 914 1125 servi
947 1072 1030 1126 tui
1062 1071 1446 1126 misericordia
1471 1077 1568 1126 tua
1592 1072 1602 1126 ξ
1629 1073 1776 1138 Quas
1793 1089 1902 1127 sor-

206 1161 316 1215 des
331 1160 716 1232 suggerebant
739 1161 752 1215 !
773 1177 902 1233 quae
924 1161 1202 1216 dedecora
1227 1168 1236 1216 l
1272 1163 1337 1217 Et
1358 1162 1658 1216 audiebam
1689 1179 1782 1216 eas
1795 1163 1914 1232 jam

207 1251 388 1320 longe
418 1249 609 1304 minus
638 1266 812 1321 quam
843 1249 1131 1316 dimidius,
1159 1267 1274 1304 non
1297 1255 1568 1322 tanquam
1587 1251 1764 1306 libere
1785 1268 1915 1306 con-

205 1339 556 1394 tradicentes
589 1339 776 1393 eundo
806 1338 865 1392 in
906 1338 1154 1408 obviam,
1187 1340 1283 1395 sed
1306 1340 1481 1394 veluti
1512 1358 1542 1393 a
1571 1341 1735 1394 dorso
1767 1357 1915 1395 mus-

205 1427 474 1495 sitantes,
511 1431 565 1482 et
614 1427 998 1483 discedentem
1031 1428 1192 1500 quasi
1237 1429 1437 1483 furtim
1476 1428 1819 1495 vellicantes,
1855 1434 1918 1484 ut

205 1517 575 1588 respicerem.
611 1517 997 1572 Retardabant
1023 1521 1217 1572 tamen
1246 1523 1604 1572 cunctantem
1635 1534 1727 1572 me
1755 1517 1915 1571 abri—

206 1623 351 1677 pere
389 1612 560 1678 atque
599 1610 860 1661 excutere
891 1607 960 1660 ab
991 1605 1072 1660 eis
1101 1611 1156 1661 et
1185 1607 1474 1661 transilire
1505 1623 1617 1678 quo
1651 1608 1910 1674 vocabar,

211 1713 347 1750 cum
378 1696 588 1750 diceret
629 1695 771 1750 mihi
821 1695 1173 1751 consuetudo
1201 1696 1483 1751 violenta:
1518 1699 1762 1751 Putasne
1793 1696 1915 1751 sine

217 1785 339 1839 istis
368 1785 582 1856 poteris
603 1785 631 1838 ?

286 1878 376 1928 27.
421 1875 526 1930 Sed
571 1874 691 1946 jam
723 1873 1074 1945 lepidissime
1113 1874 1221 1928 hoc
1268 1873 1504 1928 dicebat.
1539 1873 1916 1945 Aperiebatur

126 2033 135 2040 ο
217 1964 374 2019 enim
395 1964 466 2018 ab
482 1980 548 2017 ea
577 1967 736 2034 parte
759 1979 871 2034 qua
900 1963 1256 2017 intenderam
1281 1962 1504 2032 faciem,
1525 1966 1582 2017 et
1602 1979 1714 2034 quo
1741 1967 1916 2017 trans-

217 2054 300 2107 ire
331 2052 714 2123 trepidabam,
754 2055 904 2106 casta
932 2052 1178 2124 dignitas
1208 2051 1597 2117 continentize,
1634 2069 1831 2106 serena
1861 2057 1918 2107 et

216 2160 334 2198 non
365 2142 637 2197 dissolute
687 2141 905 2209 hilaris,
952 2142 1187 2196 honeste
1233 2140 1532 2195 blandiens
1573 2144 1633 2194 ut
1663 2141 1917 2194 venirem

216 2248 408 2304 neque
453 2231 794 2298 dubitarem,
831 2235 885 2286 et
914 2231 1221 2285 extendens
1253 2231 1322 2284 ad
1368 2246 1459 2283 me
1490 2229 1916 2300 suscipiendum

209 2330 272 2376 et.
298 2321 762 2392 amplectendum
792 2319 916 2390 pias
956 2336 1158 2373 manus
1201 2319 1397 2390 plenas
1428 2318 1698 2388 gregibus
1737 2319 1920 2373 bono-

208 2428 349 2466 rum
367 2412 780 2482 exemplorum.
798 2409 887 2464 Ibi
907 2414 992 2464 tot
1014 2409 1179 2480 pueri
1201 2415 1257 2464 et
1277 2410 1482 2480 puellae
1509 2429 1520 2474 ;
1547 2410 1627 2464 ibi
1647 2410 1919 2482 juventus

210 2502 402 2555 multa
457 2506 513 2554 et
548 2499 732 2554 omnis
780 2503 915 2552 mtas
967 2503 1020 2553 et
1079 2514 1276 2568 graves
1321 2498 1533 2565 viduae,
1575 2503 1627 2553 et
1670 2498 1919 2570 virgines

210 2605 396 2644 anus:
430 2595 487 2644 et
517 2589 574 2642 in
600 2587 867 2643 omnibus
895 2587 1017 2658 ipsa
1045 2586 1394 2642 continentia
1421 2604 1786 2660 nequaquam
1815 2594 1919 2643 ste-

211 2678 342 2732 rilis
369 2694 383 2744 ;
413 2677 507 2731 sed
540 2677 782 2732 fecunda
809 2682 991 2730 mater
1013 2675 1261 2730 ﬁliorum
1286 2677 1624 2748 gaudiorum
1651 2678 1718 2731 de
1747 2677 1917 2730 mari-

214 2775 278 2822 to
323 2773 402 2833 te,
456 2767 713 2821 Domine.
747 2769 814 2820 Et
844 2765 1120 2821 irridebat
1148 2783 1240 2819 me
1287 2765 1550 2820 irrisione
1580 2766 1919 2834 hortatoria,

215 2856 387 2928 quasi
410 2855 658 2910 diceret:
689 2857 772 2909 Tu
802 2872 919 2910 non
949 2855 1162 2926 poteris
1193 2856 1348 2926 quod
1377 2855 1490 2923 isti,
1523 2856 1675 2927 quod
1707 2855 1829 2909 ista:
1855 2854 1923 2909 9‘?

214 2949 308 3000 An
331 2962 462 2999 vero
489 2944 582 2998 isti
613 2949 670 2999 et
699 2945 822 2998 istm
853 2944 912 2998 in
943 2945 1258 3016 semetipsis
1287 2949 1546 3014 possunt,
1579 2961 1640 2999 ac
1666 2961 1780 2998 non
1811 2943 1832 2978 δ
1863 2945 1921 2998 in

221 3037 467 3090 Domino
496 3037 610 3090 Deo
633 3051 735 3088 suo
755 3037 783 3088 ?
814 3035 1084 3088 Dominus
1113 3036 1258 3088 Deus
1289 3051 1487 3088 eorum
1518 3051 1609 3088 me
1632 3033 1789 3088 dedit
1818 3035 1916 3088 eis.

217 3125 372 3191 Quid
401 3124 460 3178 in
490 3129 545 3179 te
586 3128 718 3187 stas,
754 3129 809 3178 et
835 3140 950 3178 non
978 3129 1089 3178 stas
1115 3125 1142 3178 ?
1179 3124 1396 3194 Projice
1429 3128 1482 3177 te
1513 3123 1572 3177 in
1605 3140 1772 3190 eum;
1808 3123 1922 3177 noli

219 3218 500 3278 metuere,
535 3230 650 3267 non
677 3229 736 3268 se
786 3213 1081 3267 subtrahet
1110 3217 1172 3266 ut
1201 3213 1401 3267 cadas:
1435 3213 1647 3284 projice
1679 3217 1733 3267 te
1764 3229 1924 3267 secu-

218 3321 341 3365 rus,
367 3303 604 3369 excipiet
626 3307 682 3357 et
710 3302 932 3356 sanabit
950 3307 1020 3357 te.
1052 3303 1115 3356 Et
1136 3303 1539 3357 erubescebam
1571 3301 1763 3370 nimis,
1789 3302 1925 3374 quia

220 3393 453 3447 illarum
485 3409 770 3464 nugarum
791 3408 1054 3447 murmur
1074 3393 1259 3447 adhuc
1291 3391 1610 3460 audiebam,
1632 3397 1687 3446 et
1702 3397 1924 3448 cuncta-

219 3482 450 3538 bundus
479 3482 821 3553 pendebam.
858 3483 924 3536 Et
953 3498 1149 3534 rursus
1179 3481 1296 3549 illa,
1334 3481 1495 3553 quasi
1535 3481 1777 3536 diceret:
1811 3481 1922 3535 Ob-

219 3569 488 3624 surdesce
533 3571 801 3624 adversus
854 3569 1152 3623 immunda
1199 3569 1296 3622 illa
1331 3569 1589 3623 membra
1617 3573 1715 3622 tua
1754 3585 1926 3638 super

219 3664 456 3723 terram,
506 3663 572 3712 ut
609 3657 1044 3712 mortiﬁceutur.
1088 3658 1332 3712 Narrant
1360 3657 1465 3711 tibi
1498 3657 1923 3726 delectationes,

220 3747 320 3802 sed
354 3763 470 3801 non
521 3746 667 3801 sicut
704 3748 792 3800 lex
825 3746 1056 3801 Domini
1104 3746 1203 3800 Dei
1251 3745 1334 3801 tui
1385 3747 1548 3817 (Psal.
1600 3762 1779 3811 cxvm,
1812 3745 1920 3817 85).

221 3838 337 3891 Ista
392 3835 776 3890 controversia
822 3835 883 3889 in
913 3836 1082 3890 corde
1126 3851 1276 3903 meo,
1322 3834 1552 3889 nonnisi
1591 3835 1659 3890 de
1705 3835 1925 3906 meipso

220 3926 497 3980 adversus
528 3924 832 3995 meipsum.
865 3926 938 3978 At
965 3923 1202 3995 Alypius
1230 3924 1429 3978 afﬁxus
1460 3924 1623 3978 lateri
1663 3941 1790 3980 meo
1834 3924 1924 3979 in-

223 4014 421 4070 usitati
451 4019 640 4068 motus
670 4013 783 4068 mei
813 4013 1027 4068 exitum
1057 4013 1260 4067 tacitus
1287 4013 1710 4085 opperiebatur.

887 4120 1109 4174 CAPUT
1137 4120 1258 4174 XII.

451 4210 604 4264 Vocis
635 4209 916 4264 admonitu
942 4209 1201 4278 quomodo
1235 4213 1380 4264 totus
1411 4223 1714 4264 conversus.

296 4300 389 4354 28.
428 4297 532 4353 Ubi
565 4313 696 4351 vero
731 4313 765 4350 a
792 4297 969 4351 fundo
999 4313 1206 4351 arcano
1248 4297 1360 4350 alta
1389 4295 1764 4350 consideratio
1791 4311 1924 4350 con-

225 4386 402 4442 traxit
427 4391 483 4440 et
517 4385 800 4458 congessit
828 4389 1005 4440 totam
1037 4385 1325 4440 miseriam
1372 4401 1559 4439 meam
1597 4384 1658 4438 in
1694 4400 1925 4455 conspe-

222 4482 383 4531 ctum
403 4475 590 4530 cordis
612 4474 744 4542 mei,
779 4475 979 4531 oborta
1008 4479 1091 4530 est
1120 4475 1365 4546 procella
1386 4474 1606 4544 ingens,
1631 4473 1817 4528 ferens
1846 4473 1927 4528 in-

221 4570 458 4636 gentem
486 4564 727 4618 imbrem
758 4564 1154 4635 lacrymarum.
1191 4566 1254 4619 Et
1284 4568 1344 4618 ut
1364 4568 1548 4618 totum
1574 4563 1926 4618 etiunderem

222 4671 357 4708 cum
389 4654 624 4708 vocibus
652 4654 788 4720 suis,
820 4653 1040 4707 surrexi
1059 4652 1377 4724 abAlypio:
1411 4651 1653 4706 solitudo
1687 4650 1828 4705 mihi
1857 4649 1924 4704 ad

225 4743 524 4814 negotium
557 4742 731 4797 ﬂendi
763 4742 950 4813 aptior
978 4741 1493 4813 suggerebatur;et
1513 4741 1711 4795 secessi
1743 4757 1926 4794 remo-

224 4835 360 4897 tius,
394 4848 572 4903 qnam
603 4837 665 4887 ut
714 4837 905 4904 posset
960 4831 1104 4886 mihi
1151 4847 1391 4885 onerosa
1430 4847 1550 4884 esse
1584 4830 1755 4884 etiam
1805 4829 1926 4898 ejus

223 4920 556 4991 praesentia.
589 4920 678 4975 Sic
705 4925 840 4975 tunc
869 4937 1046 4987 eram,
1080 4924 1135 4974 et
1165 4920 1259 4975 ille
1285 4919 1489 4975 sensit:
1525 4919 1712 4973 nescio
1743 4918 1877 4988 quid
1903 4911 1924 4952 "

224 5011 412 5079 enim,
441 5015 607 5081 puto,
639 5010 914 5074 dixeram,
948 5010 1007 5063 in
1047 5025 1160 5080 quo
1202 5008 1514 5080 apparebat
1557 5023 1728 5062 sonus
1778 5006 1926 5060 vocis

294 5119 307 5151 ι
340 5118 396 5164 In
428 5117 504 5169 B..
533 5117 889 5166 vani/anitum
919 5117 1006 5163 Er.
1046 5115 1208 5177 Lugd.
1242 5114 1372 5163 Ven.
1408 5115 1532 5163 Lov.
1567 5113 1762 5162 Somm.
1790 5113 1924 5162 Dub.

224 5180 378 5228 Mart.
418 5179 558 5243 Flor.
586 5183 636 5228 et
661 5178 851 5243 ltoml._,
881 5178 1210 5243 vanitalum.
1242 5177 1308 5243 Μ.

287 5245 307 5277 9
333 5243 489 5298 Quod
505 5241 596 5291 isti
612 5246 662 5288 et
682 5245 804 5296 isne,
815 5236 993 5302 j'uxtra
1012 5241 1097 5288 Er.
1119 5240 1282 5299 Lugd.
1313 5240 1510 5302 Somm.
1531 5236 1836 5288 Lov.Rond.
1857 5237 1923 5287 M.

285 5307 307 5339 3
337 5310 424 5353 An
457 5316 588 5359 non,
612 5303 768 5365 juxta
797 5301 945 5352 Mart.
974 5317 1092 5351 cum
1130 5305 1156 5365 t
1185 5304 1305 5365 Mss.
1345 5301 1412 5365 Μ,

290 5370 308 5402 δ
333 5367 480 5415 Lov.:
498 5366 554 5413 EI
574 5361 668 5413 ille
678 5366 832 5428 sensit
847 5365 1018 5414 nescio
1031 5363 1174 5428 quid.
1198 5363 1410 5428 Aliquid
1428 5365 1590 5414 enim.
1605 5388 1663 5399 —
1677 5361 1760 5412 Sic
1771 5361 1925 5412 etiam

225 5429 311 5478 Er.
349 5427 518 5490 Lugd.
551 5428 684 5476 Ven.
715 5427 910 5476 Somm.
946 5432 999 5477 et
1029 5426 1194 5476 Roud.
1235 5426 1304 5475 Μ.

2025 292 2168 332 meae
2192 277 2312 347 jam
2346 278 2481 332 ﬁetu
2507 278 2796 349 gravidus,
2851 283 2907 335 et
2963 279 3044 334 sic
3086 296 3464 338 surrexeram.
3518 285 3722 344 Mansit

2023 380 2160 434 ergo
2191 364 2286 419 ille
2315 365 2414 418 ubi
2446 367 2805 434 sedebamus,
2835 368 3009 422 nimie
3035 372 3290 438 stupens.
3326 371 3440 441 Ego
3463 371 3567 426 sub
3588 389 3718 443 qua-

2022 452 2153 506 dam
2182 452 2273 507 ﬁci
2300 454 2501 508 arbore
2530 455 2702 509 stravi
2734 472 2824 510 me
2872 457 3060 511 nescio
3094 458 3405 528 quomodo,
3438 463 3494 513 et
3525 459 3718 515 dimisi

2021 541 2270 596 habenas
2300 544 2581 614 lacryniis,
2614 548 2670 599 et
2724 552 3114 616 proruperunt
3144 548 3382 602 flumina
3412 551 3718 606 oculorum

2023 646 2304 695 meorum,
2338 631 2679 702 acceptabile
2707 632 3042 688 sacriﬁcium
3060 640 3244 690 tuum.
3267 638 3329 690 Et
3351 653 3466 690 non
3485 637 3720 708 quidem

2023 718 2108 772 his
2139 718 2343 785 verbis,
2369 720 2463 773 sed
2495 721 2555 773 in
2585 721 2688 774 hac
2717 723 2999 776 sententia
3023 725 3197 777 multa
3226 723 3340 778 dixi
3374 725 3476 779 tibi
3501 742 3513 780 :
3543 728 3606 781 Et
3631 731 3715 794 tu,

2025 806 2280 875 Domine,
2317 824 2609 880 usquequo
2634 811 2661 863 '?
2686 810 2849 879 (Psal.
2894 809 3404 882 v1,-i.)Usquequo,
3456 812 3717 879 Domine,

2023 893 2280 948 irasceris
2309 895 2368 947 in
2395 895 2570 949 ﬁnem
2590 897 2618 938 9
2649 896 2727 950 Ne
2759 912 2980 950 memor
3007 897 3181 952 fueris
3210 897 3581 970 iniquitatum
3610 899 3726 952 no-'

2023 985 2270 1036 strarum
2301 982 2668 1054 antiquarum
2698 986 2863 1055 (Psal.
2897 1001 3155 1053 Lxxxvm,
3189 989 3242 1055 ὅ,
3274 987 3356 1056 8).
3394 986 3720 1041 Sentiebam

2022 1070 2171 1125 enim
2220 1070 2301 1126 eis
2363 1087 2452 1126 me
2503 1072 2731 1127 teneri:
2776 1073 3061 1144 jactabam
3118 1091 3282 1128 voces
3336 1075 3712 1130 miserabiles.

2022 1159 2307 1223 Quamdiu
2327 1163 2354 1214 '?
2384 1161 2676 1232 quamdiu,
2712 1178 2834 1215 cras
2865 1167 2922 1217 et
2950 1165 3117 1217 cras?
3149 1165 3334 1228 Quare
3362 1180 3476 1219 non
3500 1164 3668 1218 modo
3690 1166 3718 1218 ?

2022 1264 2198 1319 quare
2228 1265 2342 1302 non
2363 1248 2467 1303 hac
2496 1249 2638 1303 hora
2663 1249 2792 1303 ﬁnis
2821 1250 3196 1320 turpitudinis
3227 1268 3367 1305 meae
3390 1253 3419 1304 ?

2091 1341 2179 1391 29.
2213 1337 2477 1391 Dicebam
2507 1339 2648 1404 haec,
2674 1344 2729 1393 et
2757 1339 2960 1393 ﬂebam
2993 1339 3349 1394 amarissima
3378 1340 3720 1395 contritione

2022 1425 2209 1479 cordis
2248 1425 2382 1480 mei.
2419 1427 2481 1480 Et
2511 1441 2636 1480 ecce
2664 1426 2833 1480 audio
2865 1442 3064 1482 vocem
3096 1427 3164 1481 de
3187 1427 3368 1482 vicina
3391 1428 3560 1483 domo
3590 1445 3720 1483 cum

2023 1519 2194 1568 cantu
2223 1514 2464 1568 dicentis
2503 1520 2560 1569 et
2602 1516 2798 1570 crebro
2839 1517 3171 1586 repetentis,
3228 1516 3390 1587 quasi
3435 1517 3599 1589 pueri
3647 1534 3722 1572 an

2022 1603 2251 1672 puellm,
2287 1602 2514 1656 nescio:
2553 1605 2712 1670 Tolle,
2742 1606 2889 1671 lege;
2921 1606 3060 1672 tolle,
3095 1608 3224 1672 lege.
3259 1606 3579 1678 Statimque
3599 1622 3721 1660 mu-

2025 1695 2140 1744 tato
2169 1692 2345 1758 vultu,
2379 1691 2790 1747 intentissimus
2820 1694 3066 1766 cogitare
3097 1695 3242 1765 coepi
3275 1702 3604 1751 utrumnam
3637 1715 3724 1750 so-

2026 1780 2206 1834 lerent
2233 1779 2396 1850 pueri
2457 1779 2517 1834 in
2543 1780 2734 1852 aliquo
2765 1798 2976 1852 genere
3005 1783 3238 1838 ludendi
3289 1785 3566 1840 cantitare
3611 1786 3722 1839 tale

2025 1867 2275 1939 aliquid:
2298 1885 2398 1922 nec
2426 1870 2759 1924 occurrebat
2785 1870 3019 1924 omnino
3049 1871 3329 1926 audivisse
3363 1889 3450 1926 me
3476 1872 3716 1944 uspiam.

2026 1957 2415 2029 Repressoque
2439 1957 2658 2028 impetu
2685 1959 3087 2029 lacrymarum,
3120 1960 3368 2030 surrexi,
3408 1961 3529 2016 nihi
3566 1961 3722 2016 aliud

2026 2045 2427 2116 interpretans,
2461 2045 2571 2099 nisi
2602 2047 2875 2102 divinitus
2910 2048 3053 2102 mihi
3101 2049 3291 2119 juberi
3343 2054 3407 2104 ut
3438 2049 3722 2120 aperirem

2027 2135 2302 2201 codicem,
2339 2139 2395 2189 et
2424 2135 2672 2206 legerem
2704 2137 2856 2206 quod
2889 2136 3139 2208 primum
3169 2142 3338 2209 caput
3359 2137 3724 2194 invenissem.

2025 2224 2332 2279 Audieram
2363 2223 2513 2277 enim
2541 2225 2609 2278 de
2636 2225 2884 2279 Antonio
2917 2227 3069 2297 quod
3101 2243 3164 2280 ex
3191 2227 3513 2298 evangelica
3538 2228 3727 2282 lectio-

2027 2330 2117 2376 ne,
2153 2312 2244 2366 cui
2273 2313 2415 2366 forte
2446 2320 2874 2384 supervenerat,
2892 2314 3219 2368 admonitus
3237 2315 3427 2383 fuerit,
3450 2320 3727 2388 tanquam

2029 2401 2135 2456 sibi
2165 2402 2447 2456 diceretur
2477 2402 2628 2474 quod
2657 2403 2985 2473 legebatur:
3017 2404 3185 2470 Vade,
3213 2405 3380 2459 vende
3399 2407 3581 2459 omnia
3610 2422 3728 2474 quae

2029 2491 2212 2559 habes,
2247 2495 2296 2544 et
2325 2491 2397 2543 da
2415 2491 2779 2560 pauperibus;
2813 2496 2862 2544 et
2892 2493 3109 2546 habebis
3135 2493 3444 2546 thesaurum
3471 2495 3529 2547 in
3549 2494 3725 2560 certis;

2028 2584 2078 2634 et
2121 2581 2261 2648 veni,
2304 2595 2520 2648 sequere
2562 2595 2643 2632 me
2687 2579 2905 2648 (Matth.
2939 2596 3050 2647 XIX,
3078 2582 3198 2649 2t);
3233 2585 3289 2634 et
3341 2580 3443 2634 tali
3500 2583 3727 2636 oraculo

2029 2667 2327 2721 confestim
2367 2667 2437 2721 ad
2469 2671 2523 2721 te
2555 2683 2674 2720 esse
2704 2683 3060 2722 conversum.
3097 2670 3291 2740 Itaque
3329 2669 3582 2723 concitus
3639 2685 3728 2724 re-

2030 2757 2110 2811 dii
2141 2757 2208 2810 ad
2235 2772 2366 2810 eum
2398 2757 2587 2809 locum
2620 2756 2716 2809 ubi
2749 2757 2979 2809 sedebat
3008 2757 3274 2826 Alypius:
3307 2757 3386 2810 ibi
3431 2757 3587 2812 enim
3624 2774 3730 2829 po-

2031 2861 2254 2899 sueram
2286 2845 2538 2898 codicem
2568 2844 2840 2913 Apostoli,
2873 2861 3002 2898 eum
3051 2845 3184 2898 inde
3215 2861 3589 2901 surrexeram.
3621 2850 3727 2901 Ar-

2029 2932 2201 3004 ripui,
2235 2931 2454 3003 aperui,
2488 2936 2546 2986 et
2575 2933 2689 3002 legi
2720 2932 2780 2985 in
2812 2932 3040 2987 silentio
3073 2931 3413 3003 capitulum,
3446 2950 3559 3006 quo
3603 2935 3728 3005 pri-

2031 3037 2190 3075 mum
2222 3018 2463 3091 conjecti
2493 3023 2625 3073 sunt
2654 3019 2803 3075 oculi
2834 3020 2948 3074 mei
2973 3036 2986 3074 :
3019 3023 3139 3077 Non
3169 3023 3225 3074 in
3255 3023 3728 3077 comessationibus

2030 3115 2078 3165 et
2107 3109 2478 3177 ebrietatibus,
2525 3124 2630 3163 non
2652 3110 2707 3164 in
2737 3109 3003 3164 cubilibus
3042 3114 3092 3164 et
3120 3110 3498 3180 impudicitiis,
3533 3126 3639 3165 non
3671 3113 3731 3166 in

2031 3201 2360 3254 contentione
2376 3199 2435 3253 'et
2464 3200 2840 3265 mmulatione;
2879 3199 2974 3254 sed
3002 3199 3212 3254 induite
3245 3202 3528 3254 Dominum
3550 3203 3731 3255 Jesum

2033 3291 2324 3356 Christum,
2357 3293 2407 3344 et
2432 3291 2614 3343 carnis
2643 3287 3040 3358 providentiam
3067 3305 3129 3344 nc
3171 3290 3410 3356 feceritis
3453 3291 3510 3342 in
3543 3304 3729 3344 concu-

2029 3381 2308 3448 piscentiis
2341 3378 2513 3448 (Rom.
2558 3395 2676 3446 xm,
2715 3381 2802 3447 t3,
2838 3377 2942 3448 14).
2978 3379 3089 3432 Nec
3120 3378 3271 3430 ultra
3307 3377 3457 3430 volui
3488 3376 3676 3448 legere
3709 3393 3723 3442 ;

2031 3484 2136 3521 nec
2165 3483 2308 3539 opus
2321 3471 2460 3522 erat.
2480 3466 2683 3522 Statim
2705 3465 2918 3537 quippe
2946 3482 3076 3519 cum
3097 3465 3211 3519 ﬁne
3234 3465 3470 3535 hujusce
3503 3469 3733 3519 senten-

2033 3554 2127 3608 tiae.
2141 3553 2305 3625 quasi
2327 3554 2451 3607 luce
2474 3551 2794 3607 securitatis
2823 3552 3011 3606 infusa
3033 3551 3189 3606 cordi
3219 3567 3370 3615 meo,
3404 3567 3603 3606 omnes
3633 3551 3735 3606 du-

2035 3641 2336 3697 bitationis
2368 3642 2620 3695 tenebrae
2652 3640 3020 3711 diffugerunt.

2106 3735 2192 3786 30.
2234 3731 2377 3784 Tum
2405 3729 2703 3800 interjecto
2735 3735 2832 3783 aut
2861 3728 3041 3800 digito
3098 3732 3198 3783 aut
3227 3727 3414 3784 nescio
3469 3745 3583 3800 quo
3621 3729 3732 3784 alio

2033 3820 2216 3890 signo,
2249 3819 2501 3874 codicem
2515 3817 2712 3884 clausi,
2744 3822 2800 3872 et
2829 3817 3137 3890 tranquillo
3154 3817 3279 3888 jam
3305 3819 3464 3872 vultu
3486 3818 3732 3874 iudicavi

2033 3908 2256 3980 Alypio.
2292 3911 2360 3966 At
2402 3907 2500 3962 ille
2541 3907 2677 3978 quid
2707 3906 2768 3960 in
2798 3923 2855 3960 se
2884 3911 3163 3976 ageretur,
3197 3907 3346 3978 quod
3380 3923 3486 3978 ego
3521 3908 3736 3964 nescie-

2037 3997 2190 4060 bam,
2219 3996 2594 4051 sicindicavit.
2629 3995 2975 4050 Petitvidere
2989 3995 3128 4067 quid
3150 3996 3445 4066 legissem:
3470 3997 3693 4050 ostendi
3720 4016 3736 4063 ;

2035 4090 2091 4139 et
2120 4085 2357 4140 attendit
2389 4084 2560 4138 etiam
2592 4084 2744 4136 ultra
2775 4099 2949 4154 quam
2980 4099 3085 4154 ego
3125 4085 3397 4153 legeram,
3427 4088 3484 4136 et
3511 4083 3736 4154 ignora-

2035 4175 2166 4228 bam
2198 4174 2335 4245 quid
2366 4177 2720 4244 sequeretur.
2753 4172 3106 4242 Sequebatur
3133 4187 3298 4224 vero:
3333 4173 3611 4238 Inﬁrmum
3640 4187 3738 4224 au-

2037 4266 2138 4315 tem
2164 4265 2221 4315 in
2249 4261 2355 4330 ﬁde
2381 4263 2600 4330 recipite
2622 4257 2639 4291 ⁴
2673 4259 2801 4331 (Id.,
2835 4277 2945 4327 xiv,
2984 4263 3051 4331 t).
3085 4259 3243 4323 Quod
3277 4258 3370 4312 ille
3401 4259 3472 4312 ad
3502 4275 3562 4312 se
3579 4263 3735 4313 retu-

2035 4351 2121 4418 lit,
2153 4350 2408 4421 mihique
2436 4348 2680 4420 aperuit.
2737 4349 2846 4402 Sed
2903 4348 3003 4402 tali
3061 4346 3443 4402 admonitione
3477 4347 3735 4402 ﬁrmatus

2036 4444 2137 4505 est,
2169 4439 2495 4509 placitoque
2527 4455 2589 4491 ac
2621 4437 2912 4509 proposito
2950 4436 3100 4490 bono
3132 4441 3189 4490 et
3216 4436 3735 4506 congruentissimo

2038 4530 2152 4584 suis
2181 4528 2458 4596 moribus,
2488 4527 2696 4600 quibus
2727 4545 2758 4580 a
2786 4543 2874 4580 me
2901 4525 2960 4580 in
3009 4525 3214 4580 melius
3258 4525 3380 4596 jam
3411 4524 3548 4580 olim
3577 4527 3735 4582 valde

2035 4621 2316 4690 longeque
2348 4618 2618 4683 distabat,
2679 4617 2800 4670 sine
2849 4615 2964 4669 ulla
3007 4613 3337 4668 turbulenta
3379 4615 3738 4671 cunctatione

2033 4709 2370 4779 conjunctus
2400 4712 2504 4763 est.
2537 4707 2671 4760 Inde
2700 4705 2770 4758 ad
2802 4708 3043 4759 matrem
3097 4703 3475 4775 ingredimur,
3507 4703 3727 4761 indica-

2036 4815 2203 4865 mus;
2236 4798 2463 4868 gaudet.
2500 4797 2806 4850 Narramus
2836 4792 3324 4864 quemadmodum
3355 4798 3582 4865 gestum
3624 4795 3730 4860 sit;

2036 4888 2276 4942 exsultat
2304 4891 2359 4940 et
2387 4884 2736 4954 triumphat;
2762 4886 2816 4936 et
2846 4881 3216 4936 benedicebat
3245 4881 3368 4951 tibi,
3403 4882 3502 4954 qui
3532 4887 3736 4953 potens

2036 4981 2118 5031 est
2143 4977 2290 5030 ultra
2310 4990 2482 5047 quam
2511 4972 2760 5047 petimus
2791 4975 2886 5024 aut
2914 4971 3293 5042 intelligimus
3308 4972 3490 5025 facere
3514 4972 3732 5040 (Ephes.

2035 5083 2114 5132 lll,
2143 5066 2254 5133 20),
2295 5044 2429 5134 quia
2459 5044 2892 5130 tanto/amplius
2914 5058 3021 5112 sibi
3053 5076 3084 5113 a
3111 5064 3164 5113 te
3196 5075 3529 5113 concessum
3551 5059 3619 5112 de
3644 5073 3736 5112 me

2037 5155 2278 5219 videbat,
2307 5168 2476 5223 quam
2507 5156 2698 5221 petere
2727 5149 2941 5203 solebat
2968 5148 3387 5203 miserabilibus
3418 5146 3736 5202 ﬂebilibus-

2036 5261 2145 5315 que
2177 5241 2499 5313 gemitibus.
2533 5238 2870 5294 Couvertisti
2901 5238 3052 5292 enim
3082 5255 3172 5293 me
3188 5238 3259 5292 ad
3287 5243 3362 5307 te,
3395 5243 3570 5290 utnec
3598 5251 3734 5290 uxo~

2102 5424 2110 5454 ¹
2149 5419 2304 5472 Lov..
2339 5419 2592 5472 assumtis.
2618 5432 2628 5475 ;
2659 5416 2743 5468 alii
2776 5414 2924 5468 ωσι..
2957 5417 3197 5484 recipito.

3618 163 3723 216 762
3811 159 3819 163 ’
