4058 6174
365 243 470 296 ’763

362 380 485 419 rem
514 377 852 434 quaererem,
884 380 988 419 nec
1008 362 1258 436 aliquam
1281 379 1440 436 spem
1466 363 1641 418 seculi
1683 362 1873 434 hujus,
1905 365 2059 415 stans

365 451 427 506 in
457 467 524 505 ea
553 451 752 521 regula
779 451 914 506 fidei
944 451 1006 505 in
1035 467 1147 522 qua
1177 468 1269 506 me
1291 456 1419 506 ante
1447 455 1532 505 tot
1557 465 1738 504 annos
1769 449 1831 523 ei_
1850 449 2060 503 revela-

365 554 544 594 veras.
562 539 960 594 Etconvertisti
977 539 1189 593 luctum
1212 539 1334 610 ejus
1355 539 1412 593 in
1427 538 1702 610 gaudium
1727 538 1885 608 (Psal.
1906 554 2054 604 xxix,

1571 238 2002 297 CONFESSION
2011 237 2096 296 ΗΜ

2204 276 2217 292 .
2276 234 2634 294 AUGUSTIN
2644 236 2686 292 Ι.
3741 250 3823 303 76;

2190 359 2273 429 t2)
2302 360 2484 414 multo
2515 359 2746 415 uberius
2775 377 2948 433 quam
2981 363 3277 430 voluerat;
3324 369 3378 418 et
3421 367 3594 421 multo
3635 369 3825 425 charius

2185 452 2355 518 atque
2385 449 2614 518 castius,
2648 466 2823 523 quam
2852 451 2922 508 de
2953 452 3257 524 nepotibus
3287 455 3468 510 carnis
3496 473 3628 512 mete
3662 461 3823 533 requi-

2181 539 2363 596 rebat.

1513 769 2031 892 LIBER
2127 767 2729 894 NONUS.

369 973 375 990 ι
434 957 568 1037 Dicit
593 956 657 1037 de
685 958 852 1037 capto.
872 971 912 1037 ιιΔ
931 971 984 1005 se
1015 955 1240 1037 concilio
1272 955 1548 1037 rhetoricze
1579 954 1967 1037 professionem
1998 953 2297 1037 abjiciendi,
2335 968 2448 1036 non
2477 958 2655 1037 tamen
2688 959 2972 1020 antequam
3002 955 3393 1007 vindemialium
3437 958 3688 1020 feriarum,
3715 963 3828 1024 quod

369 1027 608 1092 proxime
629 1027 876 1087 instabat,
900 1030 1105 1091 tempus
1131 1028 1444 1077 advenisset.
1477 1028 1606 1076 Tum
1634 1028 1696 1077 de
1719 1041 1815 1076 suo
1846 1027 1898 1074 in
1927 1025 2223 1075 Verecundi
2245 1025 2398 1074 amici
2419 1025 2602 1075 villam
2622 1040 2849 1086 secessu,
2871 1027 2935 1076 de
2956 1041 3051 1076 suo
3081 1029 3417 1092 Baptismatc,
3447 1043 3505 1077 ac
3527 1029 3589 1078 de
3610 1031 3829 1081 Monuica:

371 1098 556 1147 matris
579 1098 868 1148 virtutibus
891 1102 1046 1164 atque
1063 1099 1228 1160 obitu,
1249 1099 1357 1163 qui,
1379 1099 1641 1164 baptizato
1662 1099 1793 1163 ipso,
1810 1097 1995 1147 incidit
2009 1097 2065 1146 in
2081 1096 2324 1147 eumdem
2338 1095 2544 1147 huncce
2562 1110 2779 1158 annum,
2800 1098 2968 1148 relatis
2988 1098 3230 1149 videlicet
3248 1099 3525 1165 Augustini
3549 1101 3830 1166 trigesimum

370 1169 584 1220 tertium
595 1205 608 1219 .

941 1373 1168 1428 CAPUT
1210 1371 1504 1428 PRIMUM.

479 1463 698 1522 Laudat
723 1463 820 1518 Dei
842 1461 1149 1528 bonitatem,
1176 1476 1466 1530 agnoscens
1490 1468 1643 1516 Suam
1671 1461 1965 1516 miseriam.

359 1587 362 1594 -
450 1558 498 1610 1.
531 1555 574 1609 Ο
621 1551 882 1619 Domine,
927 1567 1034 1622 ego
1067 1567 1261 1605 servus
1308 1554 1473 1617 tuus;
1524 1567 1629 1623 ego
1679 1566 1872 1604 servus
1921 1554 2072 1618 tuus,

375 1647 432 1699 et
460 1642 614 1698 ﬁlius
643 1641 864 1696 ancillae
894 1644 1028 1695 tuae.
1064 1639 1340 1712 Dirupisti
1366 1639 1593 1694 vincula
1631 1656 1781 1708 mea,
1829 1639 1936 1694 tibi
1988 1656 2077 1692 sa-

373 1731 638 1788 criﬁcabo
684 1729 1002 1785 sacriﬁcum
1048 1729 1234 1784 laudis
1265 1730 1424 1800 (Psal.
1476 1743 1598 1796 cxv,
1637 1732 1722 1792 l6,
1779 1728 1882 1800 l7).
1933 1728 2077 1782 Lau-

376 1822 472 1876 det
501 1825 554 1875 te
585 1835 682 1875 cor
706 1834 901 1873 meum
941 1821 996 1872 et
1034 1817 1232 1888 lingua
1281 1833 1427 1886 mea,
1459 1821 1517 1871 et
1561 1817 1754 1870 omnia
1793 1833 1918 1871 ossa
1949 1832 2080 1870 mea

374 1909 604 1965 dicant:
639 1909 876 1974 Domine,
907 1909 1030 1978 quis
1054 1898 1248 1961 similis
1283 1905 1431 1961 tibi?
1461 1905 1679 1972 Dicant,
1712 1909 1767 1960 et
1794 1906 2078 1977 responde

374 1997 539 2065 mihi,
586 2000 643 2052 et
687 1997 774 2052 die
820 1997 1015 2050 anima:
1069 2011 1212 2060 meae,
1269 1995 1426 2050 Salus
1459 1998 1552 2048 tua
1606 2010 1699 2062 ego
1737 2009 1855 2049 sum
1915 1994 2074 2062 (Psal.

376 2103 555 2149 xxxxv,
591 2088 676 2152 10,
713 2085 784 2154 3).
816 2083 951 2149 Quis
972 2099 1100 2154 ego,
1132 2086 1186 2137 et
1226 2081 1409 2154 qualis
1440 2099 1544 2153 ego
1565 2081 1592 2135 ?
1621 2081 1762 2147 Quid
1796 2099 1911 2136 non
1943 2081 2079 2136 mali

377 2179 476 2231 aut
503 2176 646 2230 facta
661 2175 816 2229 meat
837 2175 984 2241 ;aut,
1001 2172 1048 2226 si
1073 2188 1189 2226 non
1212 2172 1378 2239 facta,
1409 2172 1558 2227 dicta
1580 2187 1706 2226 mea
1729 2175 1875 2239 ;aut,
1899 2171 1946 2225 si
1964 2187 2079 2225 non

379 2266 549 2326 dicta,
571 2264 831 2318 voluntas
855 2277 984 2317 mea
1005 2260 1160 2316 fuit?
1179 2263 1261 2315 Tu
1283 2266 1494 2330 autem,
1528 2260 1790 2329 Domine,
1821 2261 2000 2314 bonus
2026 2264 2081 2315 et

377 2352 718 2419 misericors,
765 2356 822 2406 ct
869 2351 1102 2405 dextera
1139 2354 1238 2404 tua
1275 2350 1583 2422 respiciens
1629 2349 2078 2419 profunditatem

377 2441 576 2498 mortis
606 2457 770 2507 meat,
795 2438 1084 2494 ctafundo
1103 2438 1290 2492 cordis
1311 2438 1424 2492 mei
1454 2438 1790 2492 exhauricns
1811 2437 2078 2509 abyssum

377 2529 783 2602 corruptionis.
801 2529 866 2583 Et
889 2529 1130 2583 hocerat
1157 2532 1340 2582 totum
1357 2528 1508 2582 nolle
1538 2527 1692 2598 quod
1721 2527 2002 2594 volebam,
2024 2531 2082 2581 ct

377 2621 520 2675 velle
543 2619 695 2692 quod
715 2613 992 2672 vol'ebas’.
1013 2616 1120 2671 Sed
1148 2616 1245 2672 ubi
1266 2621 1388 2671 erat
1417 2621 1531 2670 tam
1554 2633 1771 2670 annoso
1793 2619 2072 2687 tempore,

380 2711 532 2765 etde
573 2725 685 2782 quo
715 2707 831 2762 imo
885 2707 1114 2777 altoque
1147 2711 1364 2760 secreto
1400 2710 1694 2760 evocatum
1727 2709 1810 2759 est
1853 2705 1912 2759 in
1954 2721 2077 2759 mo-

379 2804 573 2856 mento
600 2798 842 2853 liberum
874 2795 1175 2850 arbitrium
1199 2811 1412 2862 meum,
1437 2811 1549 2867 quo
1571 2795 1872 2849 subdercm
1904 2793 2079 2848 cervi-

379 2905 501 2946 cem
524 2887 796 2959 lenijugo
825 2890 1016 2952 tuo,et
1031 2885 1300 2939 humeros
1330 2885 1439 2940 levi
1469 2884 1701 2939 sarcinm
1722 2887 1837 2938 tua:
1858 2884 2078 2954 (Matth.

379 2997 459 3048 x1,
505 2979 615 3048 30),
681 2976 899 3033 Christe
953 2976 1104 3041 Jesu,
1166 2974 1390 3044 adjutor
1443 2990 1605 3027 meus
1646 2978 1700 3028 ct
1756 2973 2086 3043 redemptor

379 3084 541 3124 meus
562 3069 591 3121 ‘?
619 3067 800 3132 Quam
831 3079 1001 3117 suave
1023 3061 1166 3117 mihi
1195 3063 1388 3116 subito
1412 3061 1622 3116 factum
1646 3065 1934 3115 estcarere
1966 3076 2084 3113 sua-

379 3153 646 3209 vitalibus
675 3151 995 3222 nugarum!
1057 3156 1114 3205 et
1153 3167 1295 3222 quas
1340 3149 1600 3204 amittere
1647 3155 1831 3204 metus
1879 3149 2084 3217 fuerat,

382 3245 500 3316 jam
530 3241 818 3297 dimittere
849 3240 1124 3309 gaudium
1155 3242 1295 3293 erat.
1327 3238 1600 3309 Ejicicbas
1622 3237 1775 3291 enim
1803 3254 1941 3291 easa
1969 3253 2082 3304 me,

382 3347 516 3386 vera
542 3334 617 3384 tu‘
635 3334 692 3385 et
721 3345 946 3385 summa
975 3327 1220 3382 suavitas
1244 3343 1257 3382 :
1295 3327 1582 3398 ejiciebas,
1610 3330 1665 3380 et
1691 3327 1947 3381 intrabas
1977 3342 2083 3397 pro

384 3419 466 3474 eis
492 3417 651 3473 omni
677 3418 970 3488 voluptate
1000 3415 1238 3484 dulcior,
1255 3414 1353 3469 sed
1383 3431 1498 3469 non
1513 3413 1670 3468 carni
1700 3418 1757 3468 et
1778 3413 2079 3485 sanguini;

385 3507 544 3563 omni
574 3508 699 3562 luce
731 3505 956 3574 clarior,
1001 3504 1098 3560 sed
1147 3503 1306 3559 omni
1345 3508 1561 3558 secreto
1609 3501 1887 3568 interior;
1927 3500 2087 3556 omni

383 3599 606 3654 honore
637 3595 962 3666 sublimior,
993 3595 1085 3649 sed
1120 3610 1238 3650 non
1271 3591 1619 3666 sublimibus
1657 3592 1714 3646 in
1741 3607 1818 3646 se.
1851 3591 1976 3646 Jam
2016 3589 2087 3644 li—

383 3687 485 3743 ber
515 3690 638 3741 erat
670 3685 897 3740 animus
938 3700 1100 3739 meus
1131 3700 1162 3738 a
1191 3681 1341 3738 curis
1389 3681 1752 3737 mordacibus
1799 3675 2089 3734 ambiendi

386 3780 443 3830 et
474 3773 826 3847 acquirendi,
857 3777 914 3828 et
957 3771 1254 3827 volutandi
1284 3775 1453 3842 atque
1503 3769 1793 3841 scalpendi
1840 3767 2088 3822 scabiem

385 3863 694 3920 libidinum
726 3883 742 3930 ;
772 3867 828 3917 et
849 3861 1171 3932 garriebam
1196 3860 1299 3914 tibi
1327 3859 1568 3914 claritati
1595 3875 1760 3926 meae,
1793 3860 1850 3914 et
1877 3856 2088 3913 divitiis

387 3951 552 4020 meis,
595 3956 650 4006 et
679 3949 852 4004 saluti
882 3966 1025 4004 meae
1057 3949 1299 4004 Domino
1333 3950 1446 4002 Deo
1473 3963 1622 4002 meo.

1080 4037 1304 4092 CAPUT
1335 4037 1403 4091 II.

386 4132 635 4186 Deserere
672 4127 960 4184 rhetorices
1000 4127 1390 4198 professionem
1421 4122 1605 4193 ἀεί]νωί
1645 4135 1811 4192 usque
1855 4121 1930 4176 ad
1968 4120 2089 4176 vin-

990 4215 1107 4270 dem
1115 4214 1244 4268 iales
1283 4214 1455 4280 ferias
1466 4252 1480 4267 .

457 4309 510 4361 2.
547 4307 612 4362 Et
660 4304 874 4378 placuit
920 4303 1065 4359 mihi
1109 4301 1170 4357 in
1219 4305 1528 4373 conspectu
1570 4289 1668 4356 tuo
1713 4315 1828 4355 non
1875 4297 2090 4354 tumul-

389 4401 553 4451 tuose
597 4393 883 4466 abripere,
925 4393 1023 4448 sed
1060 4389 1270 4446 leniter
1324 4390 1661 4445 subtrahere
1708 4387 2092 4445 ministerium

391 4485 605 4558 lingua:
635 4500 780 4539 mea:
811 4479 1458 4552 nundinisloquacitatis
1480 4484 1500 4516 ³
1527 4497 1542 4548 ;
1569 4495 1639 4534 ne
1663 4477 1900 4533 ulterius
1925 4474 2094 4549 pueri

393 4573 734 4628 meditantes
767 4589 880 4628 non
908 4572 1098 4644 legem
1126 4575 1305 4636 tuam,
1346 4584 1464 4623 non
1515 4583 1715 4640 pacem
1762 4571 1942 4634 tuam,
1997 4564 2094 4620 sed

393 4663 645 4719 insanias
674 4663 996 4729 mendaces,
1029 4667 1084 4716 et
1110 4661 1259 4716 bella
1293 4657 1560 4726 forensia,
1609 4661 1998 4712 mercarentur
2025 4672 2096 4709 ex

393 4768 492 4806 ore
523 4767 652 4806 meo
682 4767 839 4806 arma
867 4751 1047 4806 furori
1072 4767 1195 4805 suo.
1223 4751 1290 4804 Et
1337 4752 1658 4820 opportune
1701 4747 1823 4817 jam
1866 4745 2086 4817 paucis-

397 4838 528 4894 simi
555 4838 674 4894 dies
703 4844 1038 4910 supererant
1067 4839 1139 4894 ad
1169 4837 1540 4893 vindemiales
1587 4834 1773 4902 ferias,
1821 4839 1878 4890 et
1923 4833 2096 4888 statui

397 4929 645 4983 tolerare
674 4927 801 4981 illos
826 4933 889 4982 ut
915 4927 1247 4982 solemniter
1269 4927 1652 4992 abscederem,
1682 4928 1738 4978 et
1765 4924 2096 4994 redemptus

393 5033 427 5070 a
455 5016 638 5087 tejam
664 5031 777 5068 non
793 5015 1036 5069 redirem
1050 5015 1282 5070 venalis.
1317 5013 1629 5070 Consilium
1659 5028 1794 5083 ergo
1832 5015 2094 5065 nostrum

401 5112 524 5161 erat
549 5121 740 5161 coram
770 5108 822 5158 te
849 5121 861 5172 ;
887 5121 1079 5158 coram
1108 5103 1434 5158 hominibus
1463 5107 1674 5170 autem,
1710 5099 1820 5154 nisi
1863 5098 2094 5165 nostris,

465 5207 478 5239 ¹
509 5203 592 5252 Sic
614 5203 736 5250 Mss.
768 5205 818 5249 et
838 5201 962 5248 Arn.
989 5215 999 5248 :
1022 5205 1074 5248 at
1098 5201 1241 5249 Lov.:
1278 5199 1408 5260 Quid
1434 5212 1535 5249 non
1552 5197 1685 5249 mali
1711 5199 1929 5260 ego?An
1950 5194 2100 5259 facta

403 5278 537 5315 mea.
555 5267 613 5313 lu
627 5264 742 5313 aliis
755 5263 912 5312 etiam
938 5262 1067 5310 Edd.
1090 5259 1316 5324 habetur
1334 5277 1438 5324 (σο,
1464 5262 1552 5310 sed
1568 5275 1636 5309 an
1660 5263 1895 5324 mutatur
1910 5259 1962 5324 in
1985 5263 2098 5324 aut.

468 5330 488 5363 ‘-’
518 5327 786 5376 Editiones
799 5325 1062 5390 pleraeque
1089 5339 1099 5372 :
1124 5325 1188 5375 Et
1209 5322 1300 5372 hoc
1319 5319 1440 5374 efat
1457 5328 1628 5373 totum
1647 5322 1789 5374 nolle
1807 5321 1943 5385 quod
1965 5319 2099 5372 vole-

407 5406 516 5464 bas,
532 5406 730 5518 ct“relle
751 5405 901 5472 quod
921 5404 1152 5456 colebas.
1173 5403 1330 5466 Sequi
1352 5403 1614 5452 malumus
1635 5417 1754 5452 cum
1772 5403 1896 5451 Arn.
1922 5401 2101 5451 lectio-

407 5482 528 5518 nem
559 5487 572 5518 ;
611 5484 679 5517 ss.

407 5482 528 5518 nem
559 5482 679 5518 MSS.

468 5534 489 5564 ³
520 5531 575 5581 ln
607 5531 793 5582 Codice
829 5531 1007 5593 Beuig.
1042 5526 1328 5580 mundanis
1363 5526 1801 5590 loquacitatibus.

2185 1387 2300 1427 non
2332 1374 2452 1426 erat
2508 1371 2574 1428 Et
2603 1375 2942 1428 convenerat
2961 1372 3111 1429 inter
3137 1390 3244 1428 nos
3274 1390 3345 1428 ne
3371 1372 3578 1446 passim
3606 1374 3831 1446 cuiquam

2185 1461 2616 1530 effunderetur;
2649 1479 2978 1534 quanquam
3035 1465 3096 1528 tu
3136 1462 3298 1518 nobis
3329 1481 3361 1518 a
3401 1464 3644 1519 convalle
3680 1464 3831 1535 plora-

2185 1547 2359 1602 tionis
2424 1549 2859 1604 ascendentibus
2923 1550 3092 1620 (Psal.
3146 1565 3375 1612 Lxxxm,
3423 1553 3477 1619 6,
3511 1554 3588 1620 7),
3628 1555 3680 1603 et
3729 1565 3832 1603 cau-

2183 1637 2438 1693 tantibus
2483 1638 2762 1693 canticum
2791 1637 3093 1709 graduum,
3128 1638 3370 1694 dederas
3399 1637 3625 1710 sagittas
3655 1643 3830 1700 acutas,

2186 1733 2244 1783 et
2281 1728 2551 1783 carbones
2597 1732 2908 1782 vastatores
2959 1728 3227 1782 adversus
3274 1728 3534 1800 linguam
3579 1727 3831 1782 subdolam

2187 1817 2348 1887 (Psal.
2399 1833 2542 1881 CXIX,
2593 1818 2730 1887 3-5),
2767 1817 2924 1872 velut
2970 1817 3326 1872 consulendo
3373 1817 3829 1883 contradicentem,

2186 1909 2242 1961 et
2269 1905 2414 1960 sicut
2443 1905 2634 1962 cibum
2657 1907 2882 1976 assolet,
2913 1906 3156 1961 amando
3187 1911 3634 1961 consumentem.

2257 1999 2307 2051 3.
2351 1996 2725 2067 Sagittavcras
2751 2001 2813 2051 tu
2842 2012 2937 2050 cor
2961 2001 3218 2051 nostrum
3247 1997 3521 2050 charitate
3549 2001 3661 2064 tua,
3688 1999 3736 2049 et
3755 2010 3828 2065 ge-

2186 2084 2474 2138 stabamus
2506 2086 2678 2140 verba
2718 2089 2816 2140 tua
2845 2086 3116 2139 transﬁxa
3144 2085 3488 2152 visceribus;
3519 2090 3574 2139 et
3617 2083 3830 2153 exempla

2188 2189 2478 2228 servorum
2506 2177 2736 2228 tuorum
2793 2191 2934 2246 quos
2964 2173 3032 2228 dc
3065 2173 3246 2244 nigris
3275 2173 3510 2240 lucidos,
3541 2178 3593 2226 et
3621 2172 3680 2226 de
3709 2187 3828 2225 mor-

2187 2261 2299 2316 tuis
2329 2261 2484 2316 vivos
2504 2263 2737 2329 feceras,
2770 2268 3036 2333 congesta
3067 2262 3128 2316 in
3159 2262 3354 2317 sinum
3403 2261 3736 2332 cogitationis
3760 2276 3829 2312 no-

2188 2355 2320 2405 stra:
2349 2352 2594 2406 urebant
2621 2357 2679 2406 et
2708 2351 3083 2406 absumebant
3113 2367 3348 2421 gravem
3380 2355 3678 2422 torporem,
3707 2365 3762 2403 ne
3787 2347 3828 2400 in

2187 2439 2304 2494 ima
2378 2439 2826 2511 vergeremus‘;
2867 2445 2922 2495 ct
2965 2440 3356 2494 ascendebant
3399 2457 3500 2494 nos
3558 2438 3738 2503 valide,
3787 2439 3831 2488 ut

2188 2527 2376 2582 omnis
2427 2546 2493 2583 ex
2536 2529 2733 2600 lingua
2773 2529 3013 2583 subdola
3060 2528 3530 2583 contradictionis
3573 2529 3718 2582 flatus
3767 2525 3828 2576 in-

2187 2617 2481 2672 ﬂammare
2512 2635 2612 2672 nos
2642 2617 2826 2671 acrius
2849 2621 3061 2688 posset,
3091 2634 3208 2671 non
3235 2617 3614 2689 exstinguere.
3645 2615 3829 2668 Verum-

2189 2713 2383 2760 tamen
2411 2707 2543 2778 quiu
2574 2712 2812 2778 propter
2843 2724 3057 2760 nomen
3098 2711 3289 2773 tuum,
3340 2706 3491 2778 quod
3531 2698 3830 2758 sanctiﬁcasti

2189 2811 2292 2866 per
2322 2799 2523 2860 terras,
2565 2796 2738 2850 etiam
2786 2796 3106 2850 laudatores
3147 2795 3356 2866 utique
3414 2794 3636 2848 haberet
3683 2795 3830 2844 votum

2193 2887 2250 2938 et
2293 2883 2654 2955 propositum
2710 2889 2992 2954 nostrum,
3031 2885 3328 2955 jactantiee
3384 2884 3564 2938 simile
3593 2881 3833 2936 videbatur

2191 2989 2306 3026 non
2336 2973 2589 3044 opperiri
2621 2978 2736 3028 tam
2768 2973 3096 3046 proximum
3123 2973 3402 3028 feriarum
3433 2978 3662 3044 tempus,
3683 2967 3760 3022 sed
3779 2965 3828 3018 de

2191 3062 2421 3132 publica
2449 3062 2800 3134 professione
2841 3067 3012 3134 atque
3058 3067 3189 3116 ante
3243 3063 3444 3116 oculos
3485 3061 3718 3115 omnium
3754 3054 3834 3108 sita

2192 3159 2325 3210 ante
2377 3152 2732 3220 discedere’,
2784 3157 2850 3207 ut
2878 3168 3146 3206 conversa
3190 3151 3251 3206 in
3304 3151 3514 3206 factum
3566 3163 3733 3204 meum
3758 3156 3831 3197 ora

2193 3247 2527 3298 cunctorum
2556 3241 2924 3306 intuentium,
2958 3257 3130 3312 quam
3158 3240 3436 3295 vicimum
3466 3235 3830 3293 vindemialium

2195 3331 2348 3387 diem
2399 3329 2717 3402 praevenire
2777 3329 3081 3400 voluerim,
3143 3330 3329 3384 multa
3378 3329 3679 3392 dicerent‘,
3717 3320 3833 3395 quod

2195 3419 2358 3492 quasi
2387 3419 2730 3491 appetissem
2772 3434 3018 3491 magnus
3055 3417 3263 3474 videri.
3315 3420 3380 3474 Et
3421 3434 3531 3490 quo
3575 3413 3700 3470 mihi
3743 3413 3834 3465 erat

2195 3509 2366 3577 istud,
2405 3513 2467 3563 ut
2519 3511 2820 3579 putaretur
2849 3512 2904 3562 et
2941 3507 3338 3578 disputaretur
3387 3508 3455 3563 de
3503 3504 3678 3560 animo
3717 3515 3833 3565 meo,

2195 3604 2252 3654 et
2277 3597 2771 3669 blasphemaretur
2791 3597 3009 3651 bonum
3039 3601 3308 3651 nostrum
3327 3598 3357 3651 ?

2265 3691 2318 3744 4.
2351 3686 2500 3753 Quin
2530 3685 2722 3753 etiam,
2752 3685 2904 3758 quod
2925 3685 3049 3756 ipsa
3070 3689 3269 3740 aestate
3294 3682 3565 3740 litterario
3595 3674 3750 3735 labori
3774 3670 3835 3725 ni-

2196 3775 2313 3831 mio
2344 3777 2542 3848 pulmo
2571 3791 2734 3830 meus
2764 3775 2964 3830 cedere
3008 3779 3280 3845 coeperat,
3334 3778 3392 3828 et
3437 3769 3716 3827 difﬁculter
3755 3766 3836 3816 tra-

2196 3867 2334 3922 here
2387 3864 2654 3937 suspiria,
2705 3863 3112 3935 doloribusque
3141 3862 3393 3934 pectoris
3423 3858 3609 3916 testari
3652 3871 3702 3909 se
3736 3864 3832 3905 sau-

2197 3955 2374 4026 cium,
2403 3970 2715 4025 vocemque
2746 3953 3044 4007 clariorem
3076 3951 3570 4024 productioremve
3609 3953 3834 4003 recusare,

2198 4045 2384 4117 primo
2430 4043 2862 4115 perturbaverat
2903 4057 3018 4110 me,
3059 4041 3198 4112 quia
3237 4037 3552 4111 magisterii
3592 4033 3724 4089 illius
3753 4040 3835 4080 sar-

2199 4115 2388 4187 cinam
2434 4147 2582 4202 pene
2618 4131 2739 4202 jam
2783 4129 3116 4186 necessitate
3163 4129 3455 4201 deponere
3499 4123 3730 4196 cogebat,
3767 4115 3837 4168 ειη

2199 4221 2245 4276 si
2274 4219 2460 4276 curari
2491 4223 2548 4274 et
2589 4219 2984 4274 convalescere
3030 4217 3372 4290 potuissem,
3423 4220 3569 4271 certe
3613 4205 3837 4266 intermit-

2197 4313 2338 4365 tere.
2371 4308 2481 4364 Sed
2510 4307 2609 4363 ubi
2637 4308 2807 4379 plena
2826 4308 3088 4361 voluntas
3119 4306 3380 4372 vacandi,
3411 4309 3466 4359 et
3505 4295 3712 4357 videndi
3730 4305 3835 4366 quo-

2200 4398 2358 4454 niam
2390 4402 2451 4453 tu
2482 4413 2542 4452 es
2575 4395 2869 4461 Dominus,
2905 4395 3127 4465 oborta,
3154 4395 3301 4450 mihi
3331 4398 3416 4450 est
3443 4397 3605 4464 atque
3626 4385 3836 4442 ﬁrmata;

2201 4487 2375 4556 nosti,
2432 4487 2582 4542 Deus
2633 4501 2816 4554 meus,
2863 4485 3039 4540 etiam
3086 4484 3340 4556 gaudere
3390 4479 3555 4552 ccepi,
3592 4473 3726 4549 quod
3749 4469 3838 4524 hec

2201 4591 2430 4648 quoque
2460 4576 2690 4630 suberat
2720 4591 2836 4630 non
2874 4573 3117 4629 mendax
3141 4572 3454 4640 excusatio,
3483 4585 3605 4641 qua:
3632 4556 3839 4618 offcnSiO‘

2202 4681 2337 4721 nem
2377 4663 2683 4720 hominum
2721 4667 3085 4735 temperaret,
3131 4661 3231 4734 qui
3263 4664 3498 4733 propter
3527 4655 3714 4710 liberos
3741 4656 3840 4736 suos

2201 4753 2548 4810 meliberum
2572 4769 2692 4808 esse
2721 4731 3020 4825 nunquam
3044 4731 3332 4806 volebant.
3363 4749 3562 4804 Plenus
3589 4741 3742 4814 igitur
3767 4731 3841 4787 tali

2203 4843 2414 4916 gaudio
2444 4843 2758 4898 tolerabam
2803 4841 2948 4896 illud
2997 4841 3365 4895 intervallum
3392 4832 3671 4906 temporis,
3700 4826 3841 4916 donet:

2204 4935 2566 4990 decurreret:
2605 4931 2796 4986 nescio
2829 4936 3022 4985 utrum
3053 4929 3142 4984 vel
3169 4927 3376 5000 viginti
3419 4926 3536 4981 dies
3578 4919 3740 4983 erant,
3767 4904 3842 4963 sed

2205 5027 2397 5077 tamen
2428 5019 2650 5075 fortiter
2677 5019 3104 5085 tolerabantur;
3138 4999 3274 5088 quia
3295 5015 3592 5070 recesserat
3613 4999 3841 5075 cupiditas

2206 5127 2335 5184 qua:
2361 5125 2585 5164 mecum
2615 5109 2829 5163 solebat
2848 5108 2994 5162 ferre
3015 5123 3183 5179 grave
3209 5103 3523 5176 negotium,
3555 5101 3605 5153 et
3631 5108 3722 5164 ego
3739 5099 3840 5184 tm“

2209 5201 2449 5256 mendas
2479 5213 2887 5266 remanseram,
2919 5197 3030 5251 nisi
3059 5195 3340 5267 patientia
3379 5187 3697 5246 succederet.
3739 5179 3838 5230 Ρεε·

2273 5339 2286 5372 ¹
2322 5336 2442 5385 Mss.
2475 5335 2580 5384 duo
2605 5334 2804 5383 habent
2830 5333 2994 5382 :Nein
3016 5331 3128 5380 ima
3155 5337 3529 5391 "urgeremur.
3591 5381 3630 5391 __
3690 5380 3701 5391 ι
3749 5370 3800 5391 __,__

2270 5401 2292 5434 ι
2321 5370 3842 5460 saeuissimusMargiananassaggagsma

2209 5439 2550 5512 άίεσῖιῐᾶἓῖνῐξ
2573 5439 3059 5509 variasuarias
3070 5439 3234 5504 eam
3265 5451 3476 5501 voculas
3502 5449 3543 5496 si
3570 5448 3636 5494 ita
3664 5439 3723 5488 Μ.

2274 5526 2295 5560 ³
2319 5522 2471 5575 Mum
2498 5521 2751 5580 dicerent,
2776 5519 2926 5584 juxta
2957 5519 3106 5569 Mart.
3137 5530 3200 5568 ex
3232 5517 3257 5566 4
3288 5515 3407 5565 Mss.
3439 5513 3502 5561 M.
