4022 6176
110 208 215 257 ’765

107 345 263 385 casse
293 344 391 384 me
422 328 487 383 in
516 327 624 382 hoc
652 326 956 400 quisquam
988 344 1283 389 servorum
1312 336 1541 391 tuorum
1572 337 1816 395 fratrum

108 434 375 472 meorum
409 416 641 483 dixerit,
675 418 831 489 quod
857 417 980 488 jam
1012 420 1182 491 pleno
1229 423 1398 478 corde
1442 426 1647 481 militia
1696 433 1813 497 tua,

106 523 308 578 passus
342 523 436 561 me
479 506 685 561 fuerim
733 507 821 560 vel
857 523 973 561 una
1019 508 1162 563 hora
1203 511 1398 566 sedere
1442 514 1503 567 in
1551 516 1817 572 cathedra

111 595 411 650 mendacii.
446 596 520 649 At
548 611 654 666 ego
685 612 803 649 non
832 597 1132 652 contendo.
1166 599 1273 653 Sed
1305 604 1383 667 tu,
1431 603 1671 658 Domine
1716 606 1817 659 mi-

109 684 581 750 sericordissime,
624 700 815 739 nonne
857 689 912 739 et
958 685 1067 740 hoc
1094 693 1389 757 peccatum
1428 707 1556 746 cum
1597 694 1816 749 caeteris

106 772 409 827 horrendis
442 777 501 826 et
527 772 799 841 funereis,
832 773 892 828 in
917 790 1067 846 aqua
1096 781 1290 832 sancta
1327 778 1597 851 ignovisti
1641 787 1697 838 et
1725 800 1815 839 rc-

107 860 312 917 misisti
334 861 526 917 mihi?
1274 884 1280 889 -

776 951 1003 1007 CAPUT
1053 954 1150 1008 ΙΠ.

424 1040 775 1095 Verecundus
814 1042 1052 1096 concedit
1083 1044 1169 1097 illi
1197 1058 1292 1098 rus
1325 1059 1502 1101 suum.

178 1132 228 1183 5.
262 1128 655 1183 Macerabatur
686 1128 1053 1183 anxietudine
1088 1131 1449 1185 Verecundus
1480 1132 1549 1188 de
1578 1130 1688 1187 isto
1710 1149 1815 1188 nu-

113 1218 223 1268 stro
252 1214 434 1283 bono,
469 1215 625 1286 quod
652 1221 893 1287 propter
914 1216 1146 1272 ‘vincula
1179 1235 1300 1286 sua,
1326 1220 1536 1291 quibus
1573 1221 1816 1276 tenacis-

114 1302 249 1357 sime
294 1303 623 1372 tenebatur,
676 1304 861 1359 deseri
916 1322 975 1360 se
1020 1310 1215 1361 nostro
1245 1309 1530 1363 consortio
1563 1308 1813 1364 videbat.

117 1392 373 1447 Nondum
406 1391 772 1462 Christianus,
829 1394 1072 1466 conjuge
1117 1395 1294 1463 ﬁdeli,
1344 1414 1410 1451 ea
1453 1397 1578 1469 ipsa
1624 1402 1817 1452 tamen

116 1482 350 1537 arctiore
379 1498 506 1552 prae
555 1482 773 1538 caeteris
814 1484 1113 1555 compede,
1146 1486 1218 1540 ab
1267 1486 1472 1541 itinere
1514 1487 1670 1558 quod
1716 1505 1817 1559 ag-

116 1570 285 1641 gressi
322 1586 579 1639 eramus,
632 1573 1063 1629 retardabatur:
1117 1592 1221 1630 nec
1276 1575 1652 1630 christianum
1696 1592 1816 1631 esse

116 1659 218 1713 alio
244 1658 418 1713 modo
450 1675 512 1713 se
543 1660 687 1714 velle
708 1660 949 1728 dicebat,
974 1678 1148 1733 quam
1174 1662 1272 1718 illo
1291 1680 1404 1735 quo
1427 1680 1541 1719 non
1568 1669 1813 1735 poterat.

121 1747 359 1818 Benigne
387 1763 530 1802 sane
558 1748 784 1817 obtulit,
810 1754 871 1804 ut
896 1750 1172 1821 quamdiu
1194 1751 1273 1806 ibi
1296 1768 1569 1819 essemus,
1604 1754 1663 1807 in
1686 1770 1817 1809 rure

118 1836 233 1907 ejus
261 1852 522 1891 essemus
560 1834 601 1892 ί.
632 1837 933 1893 Retribues
961 1837 1048 1893 illi
1089 1843 1130 1905 ²,
1165 1840 1426 1911 Domine,
1458 1841 1516 1895 in
1557 1858 1818 1897 resurre-

120 1925 292 1979 ctione
314 1925 630 1995 justorum,
654 1926 789 1997 quia
804 1927 925 1997 jam
956 1927 1137 1999 ipsam
1169 1934 1383 1984 sortem
1403 1930 1715 1985 retribuisti
1741 1931 1811 1986 ei.

120 2014 373 2077 Quamvis
404 2013 567 2069 enim
597 2014 929 2071 absentibus
959 2018 1127 2071 nobis
1176 2033 1305 2073 cum
1338 2020 1530 2075 Romae
1552 2019 1674 2090 jam
1724 2036 1818 2074 es-

125 2118 322 2172 semus,
352 2104 643 2174 corporali
675 2104 1017 2175 (egritudine
1055 2112 1365 2179 correptus,
1400 2112 1457 2163 et
1484 2107 1543 2162 in
1573 2124 1639 2163 ea
1668 2108 1816 2163 ebri-

128 2190 330 2245 stianus
357 2196 413 2246 et
468 2192 658 2247 ﬁdelis
694 2193 893 2260 factus,
943 2210 1010 2248 ex
1058 2194 1164 2249 hac
1192 2195 1307 2250 vita
1350 2196 1678 2267 emigravit:
1740 2196 1819 2251 ita

129 2279 376 2335 misertus
415 2296 476 2335 es
506 2297 626 2336 non
667 2282 851 2337 solum
881 2282 1026 2353 ejus,
1058 2284 1153 2338 sed
1185 2284 1356 2338 etiam
1387 2284 1583 2351 nostri,
1622 2302 1693 2339 ne
1722 2302 1816 2339 co-

126 2368 354 2439 gitantes
374 2370 675 2442 egregiam
706 2387 842 2443 erga
872 2388 975 2426 nos
1027 2371 1197 2426 amici
1241 2373 1681 2440 humanitatem,
1713 2389 1816 2427 nec

130 2473 247 2512 cum
304 2456 365 2513 in
418 2475 599 2530 grege
651 2464 749 2514 tuo
797 2464 1186 2529 numerantes,
1239 2461 1433 2515 dolore
1473 2461 1815 2516 intolerabili

130 2546 519 2603 cruciaremur.
574 2549 792 2604 Gratias
843 2548 970 2617 tibi,
1024 2551 1170 2604 Deus
1218 2555 1435 2619 noster,
1472 2551 1557 2605 tui
1587 2567 1814 2618 sumus;

133 2634 362 2691 indicant
394 2637 755 2692 hortationes
780 2643 836 2692 et
852 2638 1271 2693 consolationes
1296 2644 1410 2693 tum
1434 2656 1446 2695 :
1480 2639 1664 2695 ﬁdelis
1688 2656 1820 2710 pro-

133 2722 335 2795 missor,
382 2726 591 2781 reddes
640 2728 1119 2798 Verecundo,pro
1161 2744 1294 2781 rure
1334 2728 1433 2782 illo
1474 2729 1600 2799 ejus
1632 2727 1817 2783 Cassi-

132 2811 280 2878 ciaco,
313 2814 409 2868 ubi
435 2815 509 2869 ab
543 2820 685 2869 aestu
713 2815 904 2870 saeculi
924 2816 1315 2887 requievimus
1341 2816 1398 2870 iu
1422 2821 1496 2884 te,
1520 2818 1817 2872 amoenita-

136 2905 236 2956 tem
279 2904 628 2975 sempiterne
660 2904 893 2960 virentis
923 2905 1173 2974 paradisi
1204 2906 1308 2973 tui,
1341 2906 1617 2977 quoniam
1648 2908 1817 2962 dimi-

136 2990 239 3044 sisti
276 2992 324 3045 ei
368 2998 605 3064 peccata
662 3010 835 3064 super
880 2998 1113 3062 terram,
1160 2994 1221 3049 in
1277 3000 1467 3050 monte
1512 2995 1817 3066 incascato,

141 3083 309 3135 monte
330 3084 442 3147 tuo,
470 3086 668 3137 monte
700 3082 863 3137 uberi
895 3083 1059 3154 (Psal.
1087 3099 1249 3150 ωλι-ιι,
1284 3087 1390 3151 l6).

198 3169 242 3220 6.
274 3170 605 3239 Augebatur
633 3186 769 3241 ergo
802 3176 938 3225 tunc
962 3170 1113 3241 ipse;
1150 3172 1454 3227 Nebridius
1491 3176 1683 3227 autem
1712 3172 1820 3227 col-

144 3255 429 3313 lzetabatur.
463 3258 738 3324 Quamvis
768 3259 925 3314 enim
951 3264 1007 3313 et
1026 3259 1147 3331 ipse
1188 3261 1449 3315 nondum
1479 3261 1820 3316 christianus

144 3341 193 3395 in
217 3342 361 3399 illam
389 3346 620 3401 foveam
666 3347 1132 3417 perniciosissimi
1170 3348 1378 3403 erroris
1419 3348 1717 3416 inciderat,
1757 3353 1821 3404 ut

146 3430 375 3487 Veritatis
425 3434 560 3489 Filii
606 3434 690 3489 tui
736 3452 967 3491 carnem
1020 3438 1362 3508 phantasma
1399 3438 1687 3504 crederet;
1729 3442 1818 3492 ta-

148 3533 259 3574 men
279 3520 403 3577 inde
432 3540 756 3595 emergens,
778 3525 855 3579 sic
893 3526 1001 3579 sibi
1021 3530 1160 3593 erat,
1190 3527 1446 3581 nondum
1468 3526 1599 3581 ullis
1640 3527 1822 3581 Eccle-

149 3607 231 3661 sia:
274 3614 380 3665 tua:
407 3614 783 3668 sacramentis
829 3613 1106 3684 imbutus,
1156 3616 1254 3670 sed
1282 3614 1587 3687 inquisitor
1616 3616 1819 3669 arden-

150 3696 371 3754 tissimus
390 3702 666 3757 veritatis.
697 3703 873 3767 Quem
908 3720 1025 3758 nou
1045 3705 1224 3758 multo
1248 3709 1375 3775 post
1395 3703 1821 3758 conversionem

151 3791 370 3844 nostram
412 3796 466 3846 et
529 3790 1021 3861 regenerationem
1071 3809 1176 3864 per
1222 3792 1578 3864 Baptismum
1633 3796 1820 3860 tuum,

152 3872 312 3943 ipsum
339 3880 509 3935 etiam
544 3880 772 3935 tidelem
802 3882 1150 3936 catholicum
1180 3882 1438 3937 castitate
1458 3882 1711 3953 perfecta
1736 3886 1824 3936 at-

154 3976 244 4028 que
270 3966 617 4021 continentia
649 3967 752 4022 tibi
795 3968 1137 4023 servientem
1179 3969 1240 4023 in
1266 3970 1453 4024 Africa
1483 3969 1637 4040 apud
1667 3985 1822 4031 suos,

153 4063 260 4104 cum
294 4057 405 4109 tota
435 4056 642 4111 domus
672 4056 793 4127 ejus
822 4072 926 4126 per
956 4073 1090 4111 eum
1137 4056 1448 4111 christiana
1476 4058 1625 4112 facta
1654 4062 1822 4126 esset,

155 4151 295 4194 carne
338 4144 579 4211 solvisti;
635 4148 692 4199 et
719 4160 872 4199 nunc
916 4145 1012 4201 ille
1049 4145 1185 4200 vivit
1228 4145 1287 4200 in
1327 4145 1457 4200 sinu
1498 4146 1815 4203 Abraham.

158 4224 410 4300 Quidquid
444 4232 592 4288 illud
643 4238 728 4288 est
765 4234 917 4305 quod
942 4234 1039 4288 illo
1067 4233 1423 4306 signiﬁcatur
1447 4233 1573 4288 sinu
1610 4235 1709 4305 (a),
1744 4234 1824 4289 ibi

160 4313 423 4375 Nebridius
450 4338 617 4377 meus
632 4322 788 4389 vivit,
808 4322 988 4377 dulcis
1008 4322 1223 4377 amicus
1252 4338 1435 4391 meus,
1456 4328 1589 4377 tuus
1610 4327 1822 4391 autem,

162 4402 384 4475 Domine,
416 4411 720 4482 adoptivus
769 4427 834 4465 ex
872 4411 1077 4467 liberto
1121 4411 1307 4478 illius;
1360 4411 1442 4466 ibi
1486 4411 1642 4467 vivit.
1682 4414 1825 4467 Nam

161 4492 265 4561 quis
293 4498 428 4553 alius
456 4501 560 4555 tali
585 4501 791 4555 animae
820 4501 1004 4555 locus!
1039 4500 1122 4556 Ibi
1151 4500 1309 4568 vivit,
1333 4500 1481 4556 unde
1523 4516 1615 4555 me
1646 4501 1823 4556 multa

160 4578 517 4658 interrogabat
536 4590 983 4645 homuncionem
1014 4590 1399 4662 inexpertum.
1429 4591 1555 4645 Jam
1588 4606 1705 4645 non
1730 4607 1828 4662 po-

162 4668 229 4723 nit
254 4688 433 4732 aurem
467 4679 534 4733 ad
563 4696 623 4733 os
655 4695 869 4747 meum,
918 4681 1015 4735 sed
1060 4680 1358 4751 spirituale
1402 4697 1463 4735 os
1502 4680 1571 4735 ad
1613 4680 1826 4735 fontem

165 4760 335 4831 tuum;
375 4770 429 4821 et
456 4767 619 4836 bibit,
653 4772 931 4839 quantum
961 4772 1167 4840 potest,
1202 4768 1545 4839 sapientiam
1574 4785 1678 4840 pro
1712 4768 1826 4823 avi-

165 4842 313 4904 ditate
355 4869 471 4923 sua,
507 4855 628 4911 sine
658 4858 770 4911 tiue
800 4855 951 4911 felix.
987 4857 1101 4911 Nec
1146 4856 1225 4911 sic
1268 4873 1399 4912 eum
1450 4857 1693 4912 arbitror
1737 4857 1826 4911 in-

218 4977 230 5050 ξ
257 4976 537 5050 §1s_s.‘nullo_
552 4984 671 5050 fere
694 4991 928 5049 excepto,
953 4986 1177 5036 habent:
1205 4987 1269 5035 In
1289 4999 1348 5036 re
1372 4987 1491 5050 ejus
1513 4998 1761 5037 essemus.

214 5038 475 5111 flfgtribue
501 5048 600 5106 illi,
622 5048 777 5111 juxta
806 5038 958 5097 Mart.
989 5063 1050 5096 ex
1086 5052 1111 5098 4
1136 5050 1258 5097 Mss.
1291 5050 1359 5098 Μ.

215 5098 407 5173 (ulQuid
420 5108 498 5156 sin
509 5124 539 5157 ιι
552 5098 1059 5173 Abrahmsiguilicari
1072 5111 1351 5159 crediderit
1363 5110 1828 5173 Augustiuus,apc-

166 5165 252 5234 ruit
272 5165 371 5225 ipse
396 5176 571 5234 postea
597 5172 649 5220 in
676 5173 768 5221 lib.
786 5165 899 5221 ιιῑιθ
925 5173 1115 5221 Anima
1134 5178 1185 5221 et
1202 5173 1317 5234 ejus
1345 5165 1555 5232 Origine
1576 5187 1619 5220 c.
1646 5176 1715 5227 16,
1738 5165 1822 5220 ‘2’»:

166 5220 375 5307 Silanum
396 5220 627 5307 Abrahae
639 5220 871 5307 intelligis
882 5220 1159 5307 remotam
1173 5220 1345 5307 sedem
1364 5220 1556 5307 quietis
1585 5220 1739 5296 atque
1754 5248 1826 5307 se:

167 5292 389 5357 Emam.
414 5294 498 5343 ubi
514 5292 885 5355 estAbrahain;
909 5301 960 5345 et
976 5298 1091 5346 ideo
1104 5297 1324 5345 Abrahae
1346 5292 1541 5345 dictum
1562 5292 1671 5344 non
1684 5296 1826 5357 quod

168 5356 187 5381 α
204 5357 344 5420 limitis
360 5356 558 5406 tantum
571 5360 655 5415 sit,
675 5360 765 5408 sed
816 5360 919 5408 uod
937 5360 1045 5422 ipse
1057 5359 1496 5422 patermultarum
1512 5356 1747 5421 gentium
1760 5358 1828 5407 sit

168 5416 189 5444 '
214 5416 409 5471 Ρρθιῑυεν
426 5420 612 5471 quibus
628 5426 707 5471 est
735 5374 809 5471 ad1
828 5422 1141 5471 imitandum
1164 5422 1281 5471 ﬁdei
1307 5422 1602 5471 principatu
1632 5434 1823 5471 nrono-

168 5416 189 5503 ξ
214 5412 410 5525 ξξξξιίέυδ);
426 5420 612 5481 quibus
628 5412 707 5473 est
735 5412 809 5472 ad
828 5412 1141 5473 imitandum
1164 5422 1281 5472 ﬁdei
1307 5412 1602 5486 principatu
1632 5434 1823 5486 propo-

1667 216 1880 273 LIBER
1928 216 2184 275 NONUS.

3529 236 3635 291 766

1929 340 2139 396 ebriari
2169 359 2235 397 ex
2267 359 2353 409 ea,
2383 348 2444 398 ut
2494 344 2858 401 obliviscatur
2904 349 3042 419 mei,
3084 366 3215 405 cum
3245 355 3328 418 tu,
3362 354 3630 422 Domine,

1929 446 2102 501 quem
2140 436 2301 502 potat
2329 433 2424 487 ille
2462 434 2501 499 ⁸,
2537 435 2717 489 nostri
2748 436 2821 490 sis
2853 453 3092 493 memor.
3127 440 3213 493 Sic
3238 456 3371 510 ergo
3402 458 3630 498 eramus

1930 520 2322 576 Verecundum
2368 524 2723 578 consolantes
2765 526 3006 594 tristem,
3053 528 3206 581 salva
3254 529 3526 599 amicitia,
3557 533 3629 587 de

1928 607 2027 662 tali
2089 611 2455 665 conversione
2494 618 2689 667 nostra
2725 617 2766 681 ²,
2828 619 2885 668 et
2928 616 3289 672 exhortantes
3336 618 3406 672 ad
3452 620 3625 676 fidem

1928 698 2137 766 gradus
2165 699 2273 767 sui,
2306 700 2435 755 vitm
2466 701 2675 755 scilicet
2694 703 3042 774 conjugalis;
3072 706 3407 761 Nebridium
3434 712 3627 764 autem

1928 787 2288 857 Opperientcs
2324 790 2552 860 quando
2589 796 2943 863 sequeretur,
2964 794 3119 864 quod
3140 795 3207 849 de
3227 799 3341 849 tam
3359 797 3626 867 proximo

1926 880 2169 946 poterat,
2206 882 2261 931 et
2294 883 2414 933 erat
2446 879 2566 948 jam
2592 880 2829 951 jamque
2858 881 3144 937 facturus:
3171 900 3301 937 cum
3333 901 3457 939 cccc
3490 902 3628 941 evo-

1926 964 2034 1020 luti
2057 970 2189 1021 sunt
2210 966 2328 1020 dies
2354 967 2439 1021 illi
2460 968 2691 1022 tandem
2714 986 2726 1036 ;
2751 986 2883 1024 nam
2916 971 3070 1042 longi
3096 975 3150 1025 et
3171 972 3335 1026 multi
3357 972 3624 1029 videban-

1928 1057 2022 1107 tur
2063 1070 2183 1123 prze
2230 1071 2423 1109 amore
2471 1056 2745 1111 libertatis
2793 1059 3007 1126 otiosm,
3061 1060 3131 1114 ad
3178 1061 3525 1116 cantandum
3556 1063 3626 1117 de

1928 1142 2195 1196 medullis
2213 1144 2499 1205 omnibus,
2528 1147 2649 1199 Tibi
2668 1147 2815 1201 (limit
2836 1162 2927 1201 cor
2943 1164 3134 1215 meum,
3167 1149 3402 1214 Qumsivi
3416 1153 3626 1205 vultum

1930 1234 2115 1300 tuum;
2148 1234 2355 1287 vultum
2387 1237 2557 1300 tuum,
2590 1236 2821 1297 Domine,
2851 1238 3131 1305 requiram
3164 1239 3326 1307 (Psal.
3361 1255 3507 1306 xxvi,
3539 1240 3618 1309 8).

2615 1376 2838 1431 CAPUT
2870 1378 2959 1432 IV.

1928 1460 2084 1515 Libri
2109 1461 2259 1531 apud
2286 1462 2652 1519 Cassiciacum
2681 1468 2876 1535 scripti
2899 1466 3155 1534 Epistolaz
3183 1466 3257 1520 ad
3286 1468 3627 1524 Nebridium.

1999 1552 2073 1603 De
2115 1551 2294 1605 ablato
2348 1557 2560 1621 repente
2615 1553 2793 1609 dolore
2849 1554 3096 1611 dentium
3147 1571 3432 1626 acerrimo,
3493 1558 3623 1614 dum

1998 1640 2233 1708 psalmos
2249 1642 2339 1709 pic
2364 1642 2578 1696 evolvit.
3082 1638 3085 1643 λ

1997 1749 2051 1801 7.
2086 1746 2151 1799 Et
2196 1745 2351 1800 venit
2379 1746 2497 1801 dies
2526 1746 2588 1801 in
2620 1764 2734 1819 quo
2766 1748 2938 1803 etiam
2979 1753 3109 1803 actu
3152 1750 3404 1805 solverer
3435 1768 3468 1805 a
3492 1767 3630 1822 pro-

1929 1833 2172 1888 fessione
2217 1836 2515 1903 rhetorica,
2571 1838 2719 1892 unde
2756 1838 2878 1908 jam
2909 1839 3159 1910 cogitatu
3186 1840 3407 1895 solutus
3439 1857 3622 1897 eram.

1930 1923 1993 1977 Et
2018 1923 2227 1977 factum
2259 1929 2362 1987 est,
2406 1930 2463 1979 et
2505 1925 2704 1980 eruisti
2750 1926 3010 1997 linguam
3061 1943 3270 1994 meam,
3316 1928 3465 1983 unde
3506 1929 3631 2001 jam

1930 2027 2159 2066 crueras
2178 2029 2274 2067 cor
2298 2030 2521 2082 meum;
2548 2018 2602 2069 et
2630 2015 3038 2070 benedieebam
3066 2016 3171 2070 tibi
3199 2017 3477 2088 gaudens,
3504 2034 3632 2089 pro-

1928 2101 2107 2154 fectus
2135 2101 2194 2155 in
2226 2102 2415 2156 villam
2446 2119 2575 2157 cum
2608 2104 2750 2158 meis
2790 2104 3077 2159 omnibus.
3112 2105 3199 2161 Ibi
3242 2105 3379 2176 quid
3412 2106 3631 2177 egerim

1929 2189 1987 2243 in
2031 2188 2253 2256 litteris,
2288 2191 2410 2259 jam
2459 2192 2693 2263 quidem
2734 2193 3114 2248 servientibus
3162 2193 3286 2261 tibi,
3322 2194 3417 2248 sed
3450 2195 3633 2249 adhuc

1928 2278 2209 2349 superbia:
2232 2280 2506 2349 scholam,
2530 2285 2805 2352 tanquam
2837 2282 2900 2335 in
2928 2282 3262 2352 pensatione
3298 2282 3628 2337 anhelanti-

1928 2367 2034 2422 bus
2057 2372 2097 2434 ³,
2120 2370 2398 2422 testantur
2416 2368 2548 2423 libri
2570 2369 2841 2440 disputati
2863 2386 2990 2423 cum
3010 2370 3405 2441 praesentibus,
3426 2374 3633 2426 etcum

1928 2455 2052 2526 ipso
2084 2472 2174 2510 me
2205 2456 2325 2511 solo
2355 2473 2548 2512 coram
2574 2462 2663 2513 te:
2698 2475 2826 2529 qua:
2864 2462 3057 2513 autem
3097 2475 3227 2513 cum
3260 2459 3491 2514 absente
3524 2462 3632 2515 Ne-

1928 2545 2137 2609 bridio,
2180 2549 2459 2600 testantur
2499 2546 2780 2617 epistolae.
2831 2549 2898 2601 Et
2931 2548 3161 2619 quando
3201 2546 3343 2601 mihi
3392 2548 3635 2603 sufﬁciat

1929 2638 2155 2705 tempus
2180 2634 2664 2689 commemorandi
2686 2634 2879 2689 omnia
2897 2652 3104 2706 magna
3136 2652 3271 2707 erga
3298 2653 3400 2690 nos
3421 2638 3630 2694 beneﬁ~

1930 2723 2015 2777 cia
2034 2728 2133 2777 tua
2161 2724 2220 2777 in
2244 2724 2341 2777 illo
2365 2728 2644 2794 tempore,
2669 2725 2991 2794 praesertim
3013 2725 3081 2778 ad
3113 2725 3224 2778 alia
3254 2725 3471 2794 majora
3499 2742 3633 2796 pro-

1928 2812 2194 2883 peranti?
2226 2813 2469 2866 Revocat
2507 2811 2662 2866 enim
2708 2828 2798 2865 me
2829 2812 3149 2866 recordatio
3180 2828 3329 2875 mea,
3372 2818 3427 2867 et
3467 2814 3631 2868 dulce

1932 2900 2073 2954 mihi
2102 2900 2186 2967 ﬁt,
2220 2900 2481 2966 Domine,
2510 2900 2770 2954 confiteri
2798 2900 2904 2955 tibi
2922 2900 3384 2972 quibusinternis
3413 2917 3505 2956 me
3530 2902 3628 2955 sti-

1930 2989 2099 3044 mulis
2128 2988 2546 3060 perdomueris,
2576 2993 2631 3042 et
2656 2988 3147 3059 quemadmodum
3183 3006 3272 3043 me
3299 2990 3633 3061 complana-

1930 3076 2097 3143 veris,
2146 3076 2467 3131 humiliatis
2505 3077 2795 3131 montibus
2833 3080 2888 3131 et
2932 3078 3171 3131 collibus
3218 3078 3633 3149 cogitationum

1930 3182 2209 3233 mearum,
2234 3170 2287 3219 et
2312 3170 2565 3220 tortuosa
2585 3181 2714 3219 mea
2741 3165 3037 3235 direxeris,
3060 3171 3116 3221 et
3145 3184 3345 3238 aspera
3374 3167 3631 3235 lenioris;

1931 3271 2156 3327 quoque
2204 3255 2375 3309 modo
2416 3254 2606 3326 ipsum
2651 3254 2823 3308 etiam
2868 3255 3096 3325 Alypim
3158 3257 3390 3310 fratrem
3453 3257 3636 3312 cordis

1931 3343 2045 3398 mei
2069 3343 2360 3413 subegeris
2399 3342 2620 3397 nomini
2660 3342 2947 3415 unigeniti
2987 3343 3071 3398 tui
3103 3344 3329 3399 Domini
3359 3349 3413 3399 et
3441 3345 3633 3401 Salva-

1930 3432 2269 3491 toris.nostri
2296 3433 2423 3487 Jesu
2449 3432 2676 3501 Christi,
2699 3432 2852 3503 quod
2875 3432 3063 3504 primo
3095 3432 3511 3503 dedignabatur
3539 3433 3637 3487 in-

1931 3522 2042 3577 seri
2073 3521 2277 3576 litteris
2322 3521 2543 3575 nostris.
2581 3521 2756 3592 Magis
2806 3521 2961 3576 enim
2993 3537 3087 3575 eas
3127 3522 3349 3575 volebat
3380 3522 3635 3576 redolere

1932 3610 2359 3683 gymnasiorum
2407 3610 2624 3677 cedros,
2669 3626 2811 3681 quas
2844 3611 2968 3681 jam
3014 3610 3283 3665 contrivit
3332 3610 3636 3680 Dominus,

1932 3716 2105 3772 quam
2134 3700 2387 3755 salubres
2412 3699 2619 3755 herbas
2652 3699 3055 3755 ecclesiasticas
3098 3700 3359 3755 adversas
3396 3716 3634 3771 serpen-

1931 3790 2105 3845 tibus.

2002 3881 2052 3933 8.
2088 3878 2237 3942 Quas
2264 3877 2392 3947 tibi,
2425 3878 2572 3932 Deus
2604 3894 2786 3944 meus,
2833 3894 2998 3933 voces
3028 3877 3184 3947 dedi,
3216 3894 3347 3933 cum
3384 3877 3636 3949 legerem

1932 3968 2187 4023 Psalmos
2216 3967 2411 4033 David,
2444 3967 2662 4022 cantica
2690 3967 2905 4035 ﬁdelia,
2938 3971 2995 4021 et
3015 3984 3185 4022 sonos
3205 3967 3430 4039 pietatis
3453 3968 3638 4023 exclu-

1933 4057 2129 4111 dentes
2167 4056 2461 4126 turgidum
2508 4056 2807 4126 spiritum;
2838 4055 2998 4110 rudis
3024 4056 3085 4110 in
3132 4073 3407 4128 germano
3442 4072 3637 4111 amore

1934 4150 2054 4208 tuo,
2078 4146 2517 4199 catecliumenus
2536 4145 2595 4198 in
2613 4146 2746 4200 villa
2765 4162 2895 4199 cum
2914 4145 3323 4199 catechumeno
3342 4144 3542 4215 Alypio
3562 4146 3637 4199 t‘e-

1934 4234 2128 4300 riatus,
2168 4238 2351 4288 matre
2383 4234 2711 4287 adhzerente
2742 4233 2907 4288 nobis
2938 4232 3207 4287 muliebri
3236 4232 3455 4299 habitu,
3488 4232 3637 4288 virili

1936 4325 2067 4389 tide,
2115 4322 2253 4376 anili
2295 4322 2615 4387 securitate,
2667 4326 2930 4376 materna
2978 4321 3275 4387 charitate,
3326 4320 3638 4375 christiana

1935 4411 2184 4484 pietate?
2226 4411 2374 4475 Quas
2423 4410 2526 4465 tibi
2574 4426 2737 4465 voces
2788 4411 2993 4465 dabam
3039 4410 3101 4464 in
3145 4408 3377 4479 psalmis
3416 4408 3548 4477 illis,
3581 4413 3638 4464 et

1936 4501 2224 4573 quomodo
2256 4500 2390 4555 inte
2418 4499 2820 4555 inﬂammabar
2853 4516 2921 4554 ex
2948 4498 3050 4565 eis,
3082 4501 3139 4552 et
3169 4497 3514 4552 accendebar
3539 4514 3639 4553 eos

1934 4590 2197 4660 recitare,
2228 4590 2275 4644 si
2302 4606 2549 4660 possem,
2582 4594 2701 4644 toto
2729 4588 2864 4643 orbe
2902 4591 3206 4653 terrarum,
3253 4586 3520 4641 adversus
3549 4592 3637 4659 ty-

1935 4680 2116 4751 phum
2139 4678 2365 4751 generis
2383 4677 2662 4733 humani?
2683 4679 2746 4732 Et
2774 4681 2968 4730 tamen
2998 4678 3119 4729 toto
3151 4674 3289 4730 orbe
3312 4679 3635 4745 cantantur,

1936 4773 1993 4824 et
2020 4785 2137 4824 non
2170 4772 2256 4823 est
2285 4767 2385 4839 qui
2414 4783 2472 4822 se
2503 4764 2805 4821 abscondat
2824 4780 2857 4817 a
2887 4764 3074 4818 calore
3105 4768 3227 4819 tuo.
3261 4764 3444 4829 Quam
3474 4765 3641 4819 vehe-

1921 4845 2119 4914 menti
2142 4862 2197 4913 et
2226 4856 2343 4912 acri
2372 4854 2566 4911 dolore
2587 4853 2929 4925 indignabar
2954 4852 3277 4909 Manichaais
3295 4874 3310 4923 ;
3331 4857 3390 4909 et
3409 4853 3639 4909 misera-

2002 5046 2016 5081 ι
2050 5045 2108 5093 In
2140 5042 2345 5093 duobus
2376 5042 2518 5097 Mss,
2552 5052 2587 5090 α
2611 5052 2709 5101 quo
2732 5039 2958 5101 potatur
2978 5037 3089 5089 ille.

1999 5110 2019 5143 2
2042 5108 2163 5155 Lov.
2195 5120 2315 5153 cum
2341 5103 2727 5166 antiquioribus
2758 5102 2906 5166 Ε‹1ι1.,
2933 5103 3337 5166 roeversalione
3365 5101 3571 5166 nostra.

2000 5173 2019 5205 3
2035 5170 2176 5217 Som.
2197 5167 2325 5216 :Scd
2337 5164 2513 5215 adhuc
2526 5164 3113 5225 insupeerscholam,
3140 5168 3407 5225 tanquam
3432 5165 3481 5209 in
3493 5173 3636 5225 pau-

1938 5234 2201 5282 salioncm
2221 5228 2624 5292 anhelantibus.
2640 5221 2763 5292 Arn.
2794 5227 2995 5292 et‘lllss.
3018 5221 3639 5292 nostrani'prazfcr'ujitlc-

1937 5296 2183 5344 etiouem.
2206 5293 2401 5352 Nempe
2422 5290 2487 5338 ad
2501 5290 2628 5338 illud
2648 5288 2973 5351 Augustinus
2988 5288 3176 5352 alludit
3194 5283 3336 5352 quod
3353 5283 3636 5352 acciditt'u-

1974 5355 2223 5413 ientibus,
2254 5344 2353 5415 qui'
2374 5367 2493 5419 cum
2522 5344 2757 5419 primum
2775 5355 3017 5419 pensant,
3035 5344 3340 5419 aliquandiu
3367 5344 3639 5418 anhelant,

1974 5372 2223 5413 ιθΠιιουδ,
2254 5372 2344 5415 qun
2374 5372 2493 5400 CUI”
2523 5372 2747 5415 μιίιιιυιυ
2776 5372 3017 5415 plausuum,
3035 5372 3340 5412 uuquuuuiu
3367 5372 3639 5418 αιξιιυιιιιιι,

1937 5372 2075 5467 ἷίὺτί
2107 5429 2261 5479 porro
2274 5428 2405 5477 quos
2422 5415 2505 5479 hic
2535 5415 2660 5462 dicit
2682 5416 2733 5463 in
2762 5413 2884 5463 villa
2897 5411 3332 5477 Seriptos,iisunt
3346 5422 3434 5479 qui
3454 5421 3639 5463 recen-

1939 5484 2121 5531 sentur
2143 5478 2193 5526 iu
2223 5478 2357 5531 libro
2386 5480 2401 5527 l
2442 5478 2665 5527 Retract.
2698 5493 2808 5541 cap.
2843 5479 2934 5527 l-i.
