4058 6174
443 205 546 258 767

439 412 740 476 nescirent,
795 417 851 468 et
896 413 1081 468 insani
1109 417 1298 468 essent
1335 413 1604 468 adversus
1647 412 1970 468 antidotum
2022 428 2137 485 quo

439 501 562 556 sani
597 517 716 556 esse
762 502 1112 574 potuissent!
1160 503 1373 557 Vellem
1405 507 1469 556 ut
1507 501 1714 556 alicubi
1749 503 1912 574 juxta
1952 507 2139 557 essent

436 593 630 658 tunc',
675 594 730 645 et
762 607 853 644 me
892 591 1179 646 nesciente
1221 591 1373 663 quod
1407 591 1484 646 ibi
1525 595 1734 662 essent,
1774 591 2138 646 intuerentur

436 679 639 735 faciem
679 696 886 747 meam,
917 685 974 734 et
1021 681 1285 735 audirent
1334 695 1495 734 voces
1524 696 1702 746 meas,
1755 680 1984 752 quando
2025 679 2136 749 legi

439 773 707 840 quartum
728 770 1032 840 psalmum,
1058 768 1117 823 in
1141 769 1238 822 illo
1259 773 1395 822 tunc
1419 768 1555 833 otio,
1586 768 1725 840 quid
1763 769 1833 824 de
1861 785 1952 822 me
1988 769 2136 822 fece-

437 856 624 912 ritille
657 857 928 929 psalmus.
953 859 1092 912 Cum
1117 859 1441 926 invocarem,
1467 857 1752 912 exaudivit
1767 873 1847 912 me
1876 861 2014 912 Deus
2039 873 2135 927 Ju-

434 948 601 1002 stitiz
629 963 784 1014 meae;
812 949 870 1001 in
900 947 1247 1002 tribulatione
1283 947 1538 1001 dilatasti
1556 948 1709 1002 mihi.
1733 950 1984 1002 Miserere
2012 949 2132 1012 mei,

436 1039 672 1104 Domine,
715 1041 765 1091 et
803 1037 1007 1091 exaudi
1051 1040 1345 1092 orationem
1389 1052 1580 1092 meam.
1627 1037 1923 1105 Audirent,
1964 1036 2136 1107 igno-

437 1129 595 1180 rante
617 1141 708 1180 me
740 1130 932 1180 utrum
955 1125 1242 1192 audirent,
1272 1140 1343 1179 ne
1361 1140 1453 1178 me
1482 1129 1718 1196 propter
1747 1141 1805 1180 se
1834 1124 1930 1178 illa
1951 1123 2135 1178 dicere

434 1218 720 1286 putarent,
756 1231 884 1286 quae
909 1213 1059 1268 inter
1083 1215 1205 1269 haec
1244 1215 1416 1268 verba
1447 1213 1708 1269 dixerim.
1761 1213 1906 1278 Quia
1947 1218 2003 1267 et
2042 1229 2134 1266 re-

433 1316 567 1354 vera
597 1316 700 1355 nec
733 1315 799 1354 ea
830 1299 1098 1364 dicerem,
1134 1315 1238 1353 nec
1263 1298 1343 1353 sic
1372 1315 1438 1353 ea
1457 1299 1725 1366 dicerem,
1757 1299 1803 1353 si
1829 1315 1920 1354 me
1953 1299 2040 1354 ab'
2056 1298 2136 1353 eis

435 1388 620 1443 audiri
651 1387 946 1459 viderique
993 1387 1300 1443 sentirem:
1338 1404 1462 1453 nec,
1499 1387 1547 1441 si
1584 1387 1854 1455 dicerem,
1886 1387 1964 1442 sic
1993 1387 2136 1442 acci-

434 1482 642 1547 perant
669 1477 956 1548 quomodo
976 1491 1197 1532 mecum
1220 1479 1275 1531 et
1300 1476 1442 1532 mihi
1475 1493 1668 1532 coram
1696 1481 1750 1532 te
1771 1477 1840 1532 de
1866 1477 2134 1533 familiari

435 1566 644 1620 atl‘ectu
675 1565 853 1620 animi
883 1565 1022 1622 mei.

507 1657 558 1710 9.
593 1653 855 1710 Inhorrui
885 1654 1161 1722 timendo,
1200 1653 1528 1726 ibidemque
1569 1653 1818 1710 inferbui
1857 1655 2134 1728 sperando

433 1747 492 1798 et
511 1744 844 1800 exsultando
867 1743 926 1798 in
947 1748 1044 1798 tua
1067 1743 1476 1810 misericordia,
1501 1746 1683 1799 Pater.
1716 1747 1780 1800 Et
1798 1746 1921 1801 haec
1941 1744 2136 1800 omnia

432 1832 664 1888 exibant
695 1849 798 1904 per
826 1834 1017 1888 oculos
1066 1849 1223 1888 meos
1254 1838 1311 1888 et
1351 1849 1544 1888 vocem
1581 1851 1788 1905 meam,
1823 1851 1954 1890 cum
1993 1851 2132 1889 con-

431 1937 626 1976 versus
655 1921 722 1976 ad
747 1938 850 1976 nos
883 1921 1116 1993 spiritus
1155 1926 1286 1976 tuus
1324 1922 1509 1977 bonus
1543 1923 1623 1978 ait
1650 1924 1848 1979 nobis:
1883 1925 2012 1979 Filii
2041 1926 2134 1979 ho-

431 2012 655 2077 minum,
689 2025 964 2081 quousque
988 2025 1178 2080 graves
1202 2011 1400 2066 corde?
1425 2013 1630 2082 thuid
1658 2013 1894 2083 diligitis
1922 2015 2136 2084 vanita-

429 2102 554 2163 tem,
587 2101 638 2152 et
667 2100 912 2168 quaeritis
949 2098 1333 2155 mendacium?
1372 2098 1688 2156 Dilexeram
1727 2101 1881 2156 enim
1910 2101 2135 2156 vanita-

432 2190 571 2252 tem,
606 2189 661 2240 et
683 2185 1024 2258 quaesieram
1070 2187 1454 2242 mendacium.
1499 2189 1564 2243 Et
1591 2193 1674 2257 tu,
1708 2190 1966 2259 Domine,
2014 2190 2135 2261 jam

432 2275 902 2345 magniﬁcaveras
929 2277 1198 2331 Sanctum
1227 2280 1417 2347 tuum,
1450 2278 1725 2333 suscitans
1759 2295 1891 2333 eum
1921 2295 1954 2333 a
1982 2294 2130 2333 mor-

431 2364 568 2434 tuis,
598 2367 655 2419 et
684 2365 968 2419 collocans
989 2365 1058 2419 ad
1107 2365 1395 2419 dexteram
1424 2369 1582 2420 tuam
1625 2367 1818 2437 (Marc.
1866 2385 1978 2430 xvr,
2026 2368 2133 2436 19),

431 2452 584 2508 unde
613 2451 866 2507 mitteret
910 2468 977 2506 ex
1011 2453 1124 2506 alto
1173 2452 1608 2532 promissionem
1651 2471 1832 2516 suam,
1875 2456 2132 2510 Paracle-

432 2545 554 2596 tum
589 2541 867 2612 Spiritum
895 2540 1148 2595 veritatis
1174 2543 1343 2611 (Joan.
1381 2559 1488 2609 xw,
1523 2546 1607 2612 16,
1641 2544 1728 2614 17)
1756 2561 1768 2599 :
1813 2548 1871 2599 et
1899 2543 2138 2600 miserat

433 2646 565 2684 eum
605 2629 726 2700 jam
773 2628 913 2699 (Act.
939 2645 998 2696 ιι,
1027 2630 1160 2699 1-4),
1211 2631 1305 2685 sed
1359 2646 1464 2702 ego
1512 2631 1852 2689 nesciebam.
1911 2633 2135 2688 Miserat

433 2735 586 2786 eum,
619 2719 752 2790 quia
768 2719 886 2790 jam
910 2719 1306 2789 magniﬁcatus
1329 2725 1469 2787 erat,
1488 2737 1788 2792 resurgens
1808 2739 1841 2777 a
1867 2723 2130 2790 mortuis,

434 2813 491 2862 et
519 2808 828 2864 ascendens
855 2807 915 2862 in
942 2809 1166 2867 emtum.
1201 2811 1347 2863 Ante
1378 2815 1570 2864 autem
1602 2811 1844 2880 Spiritus
1873 2811 2132 2866 nondum

433 2901 554 2951 erat
580 2897 762 2962 datus,
794 2897 929 2968 quia
957 2899 1118 2953 Jesus
1149 2898 1404 2953 nondum
1444 2903 1564 2953 erat
1589 2899 1927 2954 clariticatus
1960 2901 2129 2971 (Joan.

433 3002 525 3053 vn,
574 2989 680 3048 39).
734 2987 799 3040 Et
846 2987 1126 3042 clamabat
1174 2987 1559 3058 prophetia’:
1616 2991 1897 3059 Quousque
1942 3004 2133 3057 graves

433 3073 865 3144 corde?ithuid
904 3076 1141 3144 diligitis
1179 3079 1494 3144 vanitatem,
1531 3081 1581 3132 et
1610 3081 1867 3147 quaeritis
1905 3078 2134 3133 menda-

434 3164 616 3218 cium?
639 3166 689 3217 et
710 3165 893 3217 scitote
913 3166 1168 3232 quoniam
1201 3167 1456 3220 Dominus
1483 3169 1854 3236 magniﬁcavit
1875 3169 2134 3223 Sanctum

434 3266 608 3305 suum.
645 3252 880 3318 Clamat,
922 3268 1228 3322 quousque;
1262 3254 1490 3324 clamat,
1522 3257 1746 3310 scitote:
1779 3260 1833 3310 et
1858 3272 1963 3327 ego
1993 3259 2135 3311 tam-

435 3338 534 3392 diu
563 3338 818 3393 nesciens
847 3338 1155 3394 vanitatem
1179 3340 1367 3409 dilexi,
1395 3345 1452 3395 et
1482 3341 1844 3396 mendacium
1867 3343 2131 3414 qumsivi;

434 3430 489 3480 et
516 3425 644 3482 ideo
672 3427 860 3482 audivi
896 3432 952 3483 et
989 3428 1326 3496 contremui,
1371 3429 1646 3501 quoniam
1687 3430 1895 3485 talibus
1930 3430 2138 3485 dicitur

434 3517 662 3587 qualem
693 3533 783 3572 me
813 3518 986 3573 fuisse
1029 3518 1452 3574 reminiscebar.
1505 3520 1570 3574 In
1594 3520 2094 3591 phantasmatibus
2114 3526 2135 3557 ³

434 3604 587 3660 enim
615 3622 744 3678 qua:
775 3623 876 3678 pro
908 3607 1142 3662 veritate
1166 3612 1486 3674 tenueram,
1509 3608 1729 3664 vanitas
1755 3612 1875 3663 erat
1894 3613 1949 3664 et
1979 3625 2136 3664 men-

434 3694 681 3749 dacium.
714 3696 778 3750 Et
805 3695 1035 3750 insonui
1057 3697 1240 3751 multa
1264 3697 1513 3767 graviter
1534 3702 1590 3752 et
1609 3697 1913 3752 fortiterin
1939 3698 2134 3753 dolore

435 3782 842 3836 recordationis
875 3800 1039 3838 mem.
1076 3785 1214 3849 Quae
1246 3785 1465 3839 utinam
1506 3785 1795 3840 audissent
1827 3786 1926 3858 qui
1952 3787 2137 3842 adhuc

436 3885 619 3940 usque
639 3869 890 3940 diligunt
909 3871 1236 3938 vanitatem,
1253 3878 1587 3945 etquaerunt
1609 3875 1988 3931 mendacium.
2008 3877 2138 3930 For-

435 3963 492 4012 te
524 3959 1022 4026 conturbarentur,
1058 3964 1114 4013 et
1143 3961 1526 4015 evomuissent
1555 3961 1726 4029 illud;
1753 3967 1809 4016 et
1838 3964 2135 4020 exaudires

436 4063 549 4109 eos,
573 4062 704 4101 cum
724 4047 1035 4102 clamarent
1064 4048 1134 4102 ad
1158 4054 1212 4103 te
1237 4065 1251 4104 :
1283 4050 1555 4121 quoniam
1585 4066 1716 4104 vera
1738 4055 1919 4106 morte
1951 4053 2135 4110 carnis

435 4139 696 4190 mortuus
726 4140 810 4191 est
839 4153 942 4208 pro
972 4137 1154 4207 nobis,
1191 4138 1290 4208 qui
1324 4144 1378 4194 te
1400 4138 1728 4211 interpellat
1756 4157 1858 4212 pro
1877 4141 2060 4198 nobis.

510 4228 594 4281 10.
632 4225 950 4296 Legebam:
982 4227 1312 4295 Irascimini,
1344 4233 1394 4282 et
1422 4230 1588 4284 nolite
1619 4245 1858 4300 peccare.
1897 4231 1961 4286 Et
1986 4247 2134 4304 quo-

437 4315 606 4370 modo
631 4315 921 4385 movebar,
955 4317 1102 4370 Deus
1129 4332 1312 4384 meus,
1344 4317 1445 4388 qui
1479 4318 1600 4388 jam
1629 4318 1941 4375 didiceram
1967 4321 2136 4377 irasci

434 4403 578 4458 mihi
604 4402 673 4458 de
712 4403 1037 4476 prmteritis,
1089 4409 1154 4459 ut
1191 4404 1259 4459 de
1306 4409 1509 4460 caetero
1549 4423 1663 4461 non
1705 4413 2041 4479 peccarem?
2073 4412 2136 4467 Et

434 4492 640 4548 merito
672 4493 858 4561 irasci,
892 4494 1028 4566 quia
1058 4510 1174 4550 non
1196 4494 1307 4550 alia
1335 4500 1540 4549 natura
1561 4497 1745 4566 gentis
1765 4499 2136 4556 tenebrarum

435 4582 505 4636 de
533 4598 625 4636 me
655 4584 942 4654 peccabat,
980 4584 1125 4639 sicut
1155 4584 1352 4640 dicunt
1381 4583 1481 4656 qui
1510 4583 1620 4639 sibi
1649 4601 1765 4640 non
1791 4586 2132 4656 irascuntur,

436 4673 495 4724 et
520 4671 906 4726 thesaurizant
926 4672 1031 4728 sibi
1059 4672 1204 4728 iram
1225 4673 1286 4728 in
1305 4673 1396 4728 die
1419 4673 1520 4727 iraa
1545 4678 1600 4728 et
1614 4675 1977 4731 revelationis
1991 4678 2136 4750 justi

498 4777 510 4809 1
546 4776 726 4840 Essent
772 4782 917 4837 tunc,
961 4780 1240 4840 ignorante
1279 4793 1364 4830 me
1403 4785 1592 4832 utrum
1639 4781 1914 4838 audirent,
1955 4785 2002 4833 et
2048 4799 2136 4836 me

435 4839 699 4948 11253233.“:
724 4839 868 4903 quod
895 4841 964 4891 ibi
982 4839 1188 4904 essent,
1216 4843 1372 4907 juxta
1391 4844 1475 4895 Er.
1515 4844 1679 4908 Lugd.
1714 4845 1837 4895 Lov.
1862 4844 2060 4896 Somm.
2085 4853 2138 4898 et

485 4913 610 4949 οηα.
633 4913 699 4948 Μ.

494 4964 515 4998 2
548 4961 834 5032 Propheta,
861 4963 1316 5032 juxtaeditionem
1332 4968 1708 5032 Elorentinem.
1728 4968 2135 5032 Etclamatpr’o-

430 5025 611 5089 pheta,
618 5023 772 5089 juxta
783 5023 1045 5089 ErILugd.
1059 5029 1188 5077 Ven.
1206 5031 1327 5079 Lov.
1343 5030 1539 5079 Somm.
1556 5032 1690 5080 Dub.
1705 5032 1852 5080 Mart.
1869 5023 2036 5080 Rond.
2057 5033 2105 5080 M
2117 5069 2130 5082 .

493 5089 512 5124 3
541 5087 663 5154 Bad_.
715 5101 837 5154 cum
878 5087 1091 5154 duobus
1132 5091 1285 5154 mss”
1327 5093 1635 5154 phantasiis.
1681 5094 1959 5143 Mendose:
2013 5108 2137 5144 nam

435 5149 764 5212 Augustinus
794 5151 848 5198 in
878 5149 1038 5218 hujus
1067 5153 1238 5214 Operis
1271 5128 1404 5204 litim
1430 5159 1475 5213 3,
1577 5160 1623 5212 6,
1650 5155 1955 5218 pbantasias
1989 5128 2140 5206 vocat

433 5225 617 5260 eorum
646 5226 765 5283 qtae
797 5217 940 5271 sunt,
975 5213 1341 5283 phantasmata
1377 5231 1501 5267 vero
1542 5213 1724 5283 eorum
1765 5233 1882 5283 quae
1919 5220 2138 5283 omnino

437 5288 543 5344 non
573 5278 699 5324 sunt
731 5275 1013 5344 corporum
1053 5275 1334 5344 imagines;
1366 5294 1496 5344 quas
1539 5281 1650 5344 ipse
1680 5275 1982 5331 Manichaais
2011 5281 2139 5331 olim

431 5336 1106 5405 adligereps,_pro_veritate
1135 5336 1531 5405 ainpleXabatur
1558 5336 1640 5378 ’-
1679 5344 1738 5392 In
1769 5345 1846 5398 Β..
1877 5343 2142 5405 phantas-

436 5401 608 5466 matis.
634 5399 715 5448 Er.
736 5399 899 5466 Lugd.
926 5401 1053 5466 Ven.
1079 5401 1203 5451 Lov.
1225 5399 1427 5462 Somm.
1454 5404 1584 5457 Dub.
1611 5405 1759 5456 Mart.
1783 5399 1918 5458 Flor.
1947 5406 2139 5466 Rond.,

435 5457 919 5528 pliantasniati6tis.
953 5462 1018 5514 Μ.

1626 199 2171 258 CONFESSIONUM
2235 198 2290 256 S.
2345 198 2752 256 AUGUSTINI.
3768 208 3835 261 768

345 340 349 350 ί
438 324 544 380 bar
562 339 658 380 eos
676 339 894 392 rursus,
917 324 1067 397 quod
1086 324 1184 380 illa
1203 327 1575 395 sacramenta,
1601 324 1698 379 illa
1716 324 2135 380 medicamenta

2242 322 2446 394 judicii
2475 322 2561 377 tui
2591 322 2761 393 (Rom.
2797 338 2857 390 ιι,
2886 319 2960 390 5).
2997 323 3110 377 Nec
3128 322 3250 392 jam
3270 321 3414 375 bona
3445 337 3560 377 mea
3583 323 3696 378 foris
3712 332 3838 391 erant,

2247 428 2353 468 nec
2381 412 2560 467 oculis
2597 411 2814 466 carneis
2843 410 2902 465 in
2932 410 3042 465 isto
3073 411 3190 465 sole
3219 411 3618 482 quaerebantur.
3646 414 3839 469 V'olentes

2247 500 2401 556 enim
2432 501 2682 573 gaudere
2714 499 3048 564 forinsecus,
3079 500 3244 554 facile
3276 504 3620 567 evanescunt;
3648 507 3694 556 et
3718 503 3842 557 ellua-

2247 589 2539 644 dunturin
2565 606 2628 643 ea
2655 605 2784 661 qua:
2806 587 3072 642 videntur
3092 592 3148 642 et
3167 588 3502 659 temporalia
3531 594 3662 652 sunt,
3688 591 3844 645 elima-

2247 679 2410 750 gines
2440 695 2634 732 eorum
2667 677 2926 732 famelica
2955 676 3300 749 cogitatione
3338 677 3598 732 lambunt.
3638 679 3693 733 Et
3725 679 3764 733 si
3793 680 3844 734 la-

2247 768 2502 839 tigentur
2529 767 2744 838 inedia,
2771 771 2826 821 et
2867 767 3086 821 dicant:
3121 767 3252 832 Quis
3291 768 3521 822 ostendet
3553 768 3683 821 nobis
3725 769 3847 822 bona?

2247 858 2312 913 Et
2361 857 2639 926 dicamus,
2686 860 2743 911 et
2771 856 3035 910 audiant:
3074 858 3361 922 Signatum
3388 861 3463 911 est
3491 859 3543 910 in
3576 857 3705 911 nobis
3729 857 3847 912 lumen

2244 947 2423 1001 vultus
2454 948 2558 1015 tui,
2589 947 2824 1000 Domine.
2860 946 2984 1000 Non
3015 945 3170 999 enim
3196 945 3392 999 lumen
3421 962 3523 998 nos
3551 961 3720 999 sumus
3743 947 3845 1016 quod

2246 1033 2532 1088 illuminat
2583 1049 2816 1088 omnem
2845 1033 3138 1088 hominem
3171 1034 3350 1102 (Joan.
3381 1051 3415 1101 ι,
3458 1033 3544 1102 9);
3571 1033 3656 1088 sed
3697 1032 3847 1087 illumi-

2247 1139 2453 1179 namur
2473 1141 2504 1178 a
2531 1128 2607 1191 te,
2642 1128 2704 1178 ut
2732 1123 2833 1194 qui
2862 1122 3075 1177 fuimus
3113 1122 3426 1193 aliquando
3455 1122 3700 1188 tenebrat,
3726 1123 3844 1176 simus

2245 1213 2341 1267 lux
2370 1212 2428 1266 in
2463 1217 2517 1267 te
2545 1213 2764 1282 (Ephes.
2799 1227 2852 1278 ν,
2897 1211 2971 1283 8).
3006 1212 3048 1266 Ο
3081 1212 3128 1266 si
3157 1211 3412 1267 viderent
3438 1211 3702 1266 internum
3731 1217 3840 1266 atter-

2244 1317 2386 1356 num
2419 1302 2458 1369 ¹,
2490 1300 2644 1373 quod
2675 1316 2780 1371 ego
2820 1299 2956 1370 quia
2984 1305 3367 1371 gustaveram,
3404 1301 3725 1366 frendebam,
3753 1317 3845 1372 quo.

2245 1390 2401 1445 niam
2433 1407 2550 1445 non
2589 1388 2669 1445 eis
2717 1393 2980 1460 poteram
3022 1391 3341 1458 ostendere,
3374 1389 3422 1444 si
3462 1390 3704 1444 afferrent
3726 1390 3776 1443 ad
3796 1405 3850 1442 me

2249 1495 2345 1533 cor
2373 1478 2434 1532 in
2465 1477 2646 1534 oculis
2675 1477 2792 1533 suis
2820 1477 2959 1532 foris
2991 1494 3021 1532 a
3050 1483 3125 1544 te,
3157 1482 3214 1533 et
3241 1478 3521 1534 dicerent:
3550 1481 3666 1550 ()uis
3689 1480 3851 1533 ostendet

2244 1569 2394 1623 nobis
2426 1567 2602 1623 bona?
2633 1566 2717 1622 Ibi
2746 1567 2920 1635 enim,
2956 1565 3053 1622 ubi
3083 1564 3107 1600 ²
3132 1567 3276 1622 mihi
3305 1567 3484 1622 iratus
3509 1583 3650 1621 eram
3675 1566 3791 1621 intus
3810 1566 3845 1620 in

2245 1657 2439 1725 cubili,
2476 1657 2571 1712 ubi
2601 1661 2978 1728 compunctus
3010 1673 3186 1718 eram.
3220 1655 3322 1711 ubi
3352 1657 3758 1711 sacriﬁcaveram
3780 1671 3851 1709 ma-

2244 1751 2401 1801 ctans
2424 1749 2763 1801 vetustatem
2812 1761 3022 1812 meam,
3071 1750 3129 1800 et
3166 1745 3434 1800 inchoata
3463 1745 3778 1800 meditatione
3796 1759 3851 1796 re»
3926 1757 3927 1786 1

2246 1834 2567 1890 novationis
2597 1851 2742 1890 mea:
2771 1850 3006 1905 sperans
3026 1833 3085 1888 in
3115 1838 3204 1900 te;
3233 1833 3311 1888 ibi
3339 1833 3481 1888 mihi
3503 1833 3851 1889 dulcescereue-

2244 1940 2432 1996 peras,
2465 1927 2522 1978 et
2550 1923 2786 1979 dederas
2815 1923 3072 1978 laetitiam
3101 1922 3163 1976 in
3191 1923 3362 1977 corde
3389 1938 3533 1977 meo.
3566 1923 3624 1976 Et
3653 1920 3848 1975 exclama-
3926 1989 3927 2004 ἦ

2245 2013 2377 2068 bam
2397 2014 2594 2084 legens
2616 2013 2740 2067 hinc
2758 2012 2916 2082 foris,
2940 2017 2996 2066 et
3015 2027 3330 2083 agnoscens
3355 2011 3538 2078 intus;
3561 2026 3654 2065 nec
3673 2009 3850 2064 volebam
3926 2011 3927 2042 ‘

2245 2102 2616 2173 multiplicari
2646 2102 2890 2157 terrenis
2919 2102 3102 2168 bonis,
3138 2102 3421 2156 devorans
3448 2107 3704 2173 tempora,
3736 2104 3778 2152 et
3794 2099 3852 2151 de-

2243 2196 2466 2245 voratus
2489 2191 2844 2262 temporibus
2872 2189 2914 2257 ³,
2947 2207 3077 2246 cum
3108 2190 3385 2245 haberem
3415 2190 3474 2245 in
3498 2185 3847 2257 mternasimpli-

2245 2279 2414 2335 citate
2446 2281 2600 2336 aliud
2631 2280 3006 2347 frumentum,
3040 2284 3097 2334 et
3119 2279 3340 2342 vinum,
3370 2283 3428 2334 et
3457 2280 3654 2335 oleum.

2318 2373 2401 2424 tt.
2445 2371 2512 2424 Et
2539 2369 2854 2424 clamabam
2883 2369 2942 2423 in
2971 2367 3344 2440 consequenti
3376 2384 3540 2423 versu
3559 2368 3762 2422 clamore
3782 2362 3851 2416 alto

2243 2458 2432 2513 cordis
2463 2458 2605 2514 mei:
2654 2459 2695 2514 Ο
2744 2459 2803 2513 in
2843 2460 3008 2528 pace!
3038 2473 3067 2512 ο
3099 2460 3158 2512 in
3205 2458 3484 2528 idipsum!
3512 2474 3543 2512 o
3582 2456 3702 2528 quid
3739 2453 3850 2507 dixit:
3926 2503 3927 2538 ξ

2245 2549 2591 2605 Obdormiam
2620 2552 2671 2603 et
2709 2563 2955 2603 somnum
2984 2549 3234 2617 capiam!
3261 2547 3545 2612 Quoniam
3573 2545 3686 2616 quis
3708 2539 3853 2596 resistet

2242 2635 2425 2696 nobis,
2458 2651 2590 2690 cum
2613 2637 2711 2690 tiet
2750 2651 2938 2690 sermo
2973 2635 3072 2706 qui
3104 2635 3352 2706 scriptus
3396 2640 3512 2690 est:
3556 2634 3781 2701 Absorpta
3811 2631 3853 2680 est

2243 2739 2384 2778 mors
2413 2725 2470 2777 in
2500 2723 2828 2779 victoriam?
2887 2726 2930 2792 (Ι
2979 2725 3099 2781 Cor.
3149 2739 3239 2790 xv,
3277 2725 3398 2793 5i.)
3433 2725 3496 2778 Et
3523 2727 3581 2776 tu
3608 2738 3658 2775 es
3684 2718 3854 2788 idipsun
3926 2717 3927 2794 ἐ

2243 2813 2405 2867 valde
2434 2811 2533 2884 qui
2557 2828 2673 2867 non
2699 2811 2976 2879 mutaris;
3008 2816 3063 2866 et
3088 2811 3148 2866 in
3179 2816 3234 2866 te
3255 2812 3487 2884 requies
3510 2808 3786 2865 obliviscens
3804 2803 3847 2857 la-
3926 2817 3927 2884 ἡ

2252 2849 2265 2867 1
2281 2849 2405 2867 ιιιυυ
2434 2849 2533 2884 aut
2557 2849 2673 2867 ιιυιι
2700 2849 2879 2867 laetata:
2894 2849 2940 2866 ιο
2963 2853 2976 2879 ,
3008 2849 3063 2866 νυ
3088 2849 3148 2866 ιιι
3184 2849 3234 2866 ιυ
3255 2849 3274 2866 Ι.
3287 2849 3487 2884 υιίιιιυο
3510 2849 3786 2865 υυιινιυννιι-
3804 2849 3835 2857 ⁵*

2243 2901 2449 2956 borum
2483 2901 2768 2968 omnium,
2787 2900 3062 2972 quoniam
3092 2901 3283 2955 nullus
3311 2900 3464 2956 alius
3489 2904 3676 2963 tecum,
3710 2910 3786 2949 nec
3813 2891 3853 2943 ad

2283 2990 2314 3002 ιο
2488 2991 2523 3002 ι,
2645 2989 2683 3002 ιο
2736 2990 2745 3000 υ
2905 2990 2920 3002 ι
3425 2993 3434 3002 .
3589 2989 3602 3002 1
3631 2991 3639 3002 ι
3727 2981 3788 3002 --.1
3808 2987 3838 3002 Α..

2243 2990 2357 3045 alia
2385 2991 2567 3045 multa
2596 2989 2980 3061 adipiscenda,
3015 3006 3143 3061 qua:
3161 3005 3277 3044 non
3302 2993 3443 3044 sunt
3463 2989 3607 3062 quod
3628 2991 3698 3048 tu,
3722 2981 3790 3038 sed
3806 2987 3853 3040 tu.
3926 2981 3927 3002 ‘

2243 3081 2485 3146 Domine,
2509 3080 2866 3146 singulariter
2887 3081 2946 3133 in
2970 3094 3062 3148 spe
3092 3080 3430 3134 constituisti
3447 3094 3542 3133 me.
3569 3071 3853 3147 Legebam,el

2244 3169 2542 3231 ardebam;
2577 3185 2680 3223 nec
2724 3168 3086 3223 inveniebam
3117 3168 3255 3240 quid
3296 3167 3546 3223 facerem
3577 3163 3738 3219 surdis
3759 3169 3854 3212 mor-

2243 3081 2485 3146 Domine,
2509 3080 2866 3146 singulariter
2887 3081 2946 3133 in
2970 3094 3062 3148 spe
3092 3080 3430 3134 constituisti
3447 3094 3542 3133 me.
3569 3071 3853 3147 Legebam,“

2244 3169 2542 3231 ardebam;
2577 3185 2680 3223 nec
2724 3168 3086 3223 inveniebam
3117 3168 3255 3240 quid
3296 3167 3546 3223 facerem
3577 3163 3738 3219 surdis
3759 3169 3854 3212 mor-

2247 3257 2380 3321 tuis,
2414 3275 2484 3312 ex
2513 3256 2720 3329 quibus
2749 3257 2968 3312 fueram
2987 3255 3163 3328 pestis
3184 3255 3230 3326 ⁸,
3255 3257 3499 3312 latrator
3515 3269 3712 3310 amarus
3736 3251 3776 3302 et
3790 3260 3852 3336 φ]-

2244 3365 2343 3402 cus
2370 3349 2641 3403 adversus
2669 3347 2907 3403 Litteras
2945 3347 3013 3402 de
3046 3348 3214 3401 melle
3240 3347 3371 3402 coeli
3403 3347 3643 3410 melleas,
3668 3337 3780 3396 etde
3800 3333 3853 3388 lu-
3926 3333 3927 3344 ‘

2248 3437 2401 3492 mine
2433 3441 2532 3491 tuo
2562 3436 2903 3491 luminosas:
2933 3439 2988 3490 et
3002 3451 3175 3507 super
3198 3434 3454 3490 inimicis
3473 3433 3495 3468 ⁵
3515 3432 3770 3503 Scriptura:
3788 3423 3849 3476 h0-

2244 3527 2341 3599 jus
2362 3525 2740 3581 tabescebam.

2321 3616 2404 3670 t2.
2443 3615 2682 3679 Quando
2717 3614 3055 3670 recordabor
3084 3616 3105 3652 ⁸
3134 3613 3333 3669 omnia
3358 3614 3578 3668 dierum
3605 3610 3784 3664 illorum
3804 3599 3852 3690 te:

2249 3702 2569 3758 riatorum?
2599 3703 2705 3758 Sed
2737 3719 2841 3758 nec
2870 3703 3080 3758 oblitus
3115 3719 3242 3758 sum
3287 3719 3396 3758 nec
3425 3702 3596 3757 silebo
3625 3689 3785 3766 ﬂagelli
3806 3691 3852 3739 tm

2246 3792 2632 3862 asperitatem,
2681 3795 2738 3846 et
2785 3791 3192 3847 misericordiae
3246 3796 3366 3847 tua:
3425 3788 3718 3846 mirabilem
3755 3776 3849 3833 cele-

2244 3880 2494 3935 ritatem.
2528 3880 2730 3935 Dolore
2755 3879 3014 3935 dentium
3037 3884 3175 3935 tunc
3203 3880 3565 3935 excruciabus
3595 3874 3850 3957 metu“?

2244 3969 2306 4024 in
2325 3973 2549 4024 tantum
2569 3969 2986 4040 ingravesceret
3003 3975 3066 4023 ut
3085 3985 3203 4023 non
3219 3971 3471 4024 valerem
3493 3964 3656 4039 loqui,
3684 3951 3851 4015 asoti“!it

2244 4058 2306 4112 in
2331 4073 2430 4112 cor
2459 4073 2653 4112 meum
2694 4059 3001 4113 admonere
3033 4074 3233 4113 omnes
3275 4075 3440 4114 meos
3472 4056 3567 4129 qui
3594 4051 3792 4108 aderant.

2245 4147 2693 4218 deprecarentur
2722 4151 2774 4203 te
2795 4164 2898 4218 pro
2920 4163 3032 4214 me,
3057 4148 3238 4202 Deum
3265 4147 3466 4202 salutis
3488 4125 3797 4200 bmnimode.
3813 4125 3850 4180 Εἴ

2248 4217 2446 4306 scripsi
2481 4235 2590 4291 hoc
2627 4236 2687 4290 in
2733 4217 2882 4303 cera,
2913 4240 2970 4291 et
2998 4236 3129 4291 dedi
3169 4241 3235 4290 ut
3272 4236 3356 4290 eis
3387 4236 3675 4307 legeretur.
3715 4217 3850 4307 Μοξυξ

2245 4299 2434 4396 genua
2462 4323 2705 4395 supplici
2747 4299 2952 4379 affectu
2997 4324 3248 4392 ﬁximus,
3298 4299 3630 4397 fugitvdolor
3666 4315 3754 4370 ille.
3786 4299 3852 4359 Sed

2245 4413 2374 4485 quis
2403 4413 2608 4468 dolor?
2652 4418 2752 4470 aut
2786 4414 3075 4486 quomodo
3105 4414 3290 4485 fugit?
3331 4396 3560 4485 Eapavi,
3589 4409 3755 4464 fateor.
3778 4396 3849 4448 00’
3926 4455 3927 4472 η

2310 4541 2321 4574 ¹
2343 4540 2398 4614 [η
2581 4539 2676 4614 0.in
2690 4537 3208 4614 viderent-internum
3223 4539 3409 4614 lumen
3421 4517 3854 4614 mter-nunt

2247 4585 2487 4686 92%.?
2505 4585 3854 4686 {istisistisZéBittis?riléétéesii't'ﬂtﬂi“:
3926 4601 3927 4680 ὲ

2246 4663 2482 4727 estsequi
2505 4663 2645 4727 alios
2673 4665 2886 4727 optimm
2912 4668 3053 4727 notae
3095 4665 3238 4727 Mss,
3268 4663 3416 4727 inter
3439 4674 3567 4727 quos
3591 4653 3854 4727 ρωυςξξξῗξ

2245 4704 2952 4804 Rngl.1,qnuica3teri§olmi_s|sis
2964 4726 3134 4804 verbis
3147 4704 3368 4804 praetera
3366 4704 3499 4804 9130
3508 4704 3857 4804 siqiflcffﬁig‘i’ﬁ'
3926 4751 3927 4804 ἐ

2246 4777 2376 4838 num
2401 4777 2683 4838 mternum!
2701 4789 2968 4846 —Quibus
2992 4777 3393 4850 suﬂ‘ra'ganturﬁ
3423 4787 3542 4835 Mss.
3564 4777 3854 4831 Florentio“-

2309 4852 2329 4870 ε)
2353 4850 2370 4870 ι
2396 4863 2458 4870 -_
2499 4849 2618 4870 α-..
2651 4866 2660 4870 -
2697 4851 2768 4870 13.:
2796 4854 2924 4870 uno...
2969 4848 3201 4870 :1-.-..-:L.--
3229 4853 3277 4870 ,ι
3304 4849 3407 4870 ιι..-
3446 4861 3556 4870 μη..
3579 4839 3669 4870 nni
3711 4823 3854 4870 Am.

2309 4833 3859 4920 etesse-:1!maneamne;assempater:
3926 4833 3927 4920 ι

2248 4895 2388 4960 mas;
2397 4895 2924 4962 Ἀἰ-ὧΜῶἃῶὧῖ
2937 4895 3094 4962 me;
3105 4895 3172 4948 ’ἔξ
3192 4895 3554 4962 vitassem
3569 4895 3747 4955 lectioni
3765 4895 3859 4938 acce-
3926 4903 3927 4942 γ

2248 4974 2436 5055 (³³.³εὲ
2467 4975 3032 5055 Ἃῖἓ·ῖ⁴’]9ῗθξ¹ἒῖ¹ἓί·ηλὲ·ι
3086 5035 3278 5055 ..-μμ
3333 4997 3692 5055 .-__--.‘..-.....
3741 5007 3855 5055 ..είς

2310 5037 2330 5069 ³
2363 5037 2439 5085 Ita
2468 5037 2612 5096 Mss.,
2638 5051 2743 5097 quo
2773 5037 2889 5086 loco
2924 5037 3054 5086 Edd.
3086 5035 3298 5089 habent,
3329 5027 3708 5097 temporalibus.
3741 5039 3784 5051 ’-
3803 5027 3855 5055 θλι-

2248 5097 2405 5173 etiam
2436 5098 2597 5173 editio
2619 5097 2922 5173 Florentiae
2943 5113 3062 5173 cum
3080 5113 3168 5173 se‘x
3196 5098 3322 5147 Mss.
3505 5156 3632 5173 Lm“
3665 5137 3794 5173 and,
3823 5131 3855 5173 εί

2311 5137 3004 5225 ΓῑνῖιῖξῖὶῖιἷιὶΞίἶ-’ἑέἱὶῑεξῗ
3014 5137 3168 5210 Εἱἆῖίῖ
3192 5137 3473 5225 Finitis,
3497 5156 3635 5220 juxta
3665 5137 3796 5195 Band.
3823 5143 3841 5177 ε

2249 5223 2566 5302 ΜῗΓῒῗ-Ῡυξξῖ
2589 5237 2696 5302 UB?
2718 5224 2994 5302 9135;”;
3338 5281 3606 5302 -__.-“......-.
3643 5262 3852 5302 cpi-intuit

2363 5264 3060 5346 Ᾰηῖῗὲἓιδὲῖῖιὸἷὲίέίιρεν
3075 5284 3300 5336 inimicis
3332 5281 3606 5346 scripturis
3637 5264 3802 5345 διῆρεν

2249 5345 2435 5405 hujus;
2465 5351 2520 5396 at
2544 5349 2665 5397 Mss.
2700 5348 2824 5396 Bad.
2860 5352 2912 5397 et
2934 5345 3061 5398 Arn.
3092 5351 3271 5398 carent
3291 5359 3418 5396 voce
3436 5345 3701 5405 scriptum.
3832 5377 3854 5410 ,.

2313 5408 2335 5435 5
2366 5409 2420 5435 1η
2451 5410 2486 5435 n
2572 5410 2895 5435 ...υκαι-ιη...
2943 5414 2990 5435 ..ι
3017 5410 3090 5435 ης..
3121 5410 3296 5435 :..,.:..:a
3325 5423 3420 5435 η-..
3475 5409 3541 5435 ιθ.
3570 5398 3654 5435 sui
3669 5401 3742 5435 nec
3765 5378 3838 5435 οΗι

2256 5398 2342 5520 tu:
2365 5398 2434 5520 [1161'
2451 5410 2525 5469 B.,
2571 5410 2912 5471 recordabar,
2942 5414 2994 5462 et
3016 5410 3093 5461 sic
3121 5410 3302 5475 incipit
3323 5423 3440 5472 cap.
3475 5398 3548 5456 125
3567 5398 3742 5451 ,ςεάηισ

2283 5483 2360 5519 us.
2385 5483 2452 5520 Μ.
