4058 6174
206 294 239 305 -

203 411 365 465 mine
416 425 601 479 meus,
637 410 785 465 Deus
814 425 1011 479 meus;
1044 410 1188 465 nihil
1226 411 1380 467 enim
1412 412 1522 468 tale
1569 412 1638 467 ab
1672 413 1910 470 ineunte

206 504 376 553 astate
405 502 673 569 expertus
702 499 943 554 fueram.
971 501 1033 554 Et
1063 499 1339 555 insinuati
1369 505 1501 555 sunt
1530 501 1669 556 mihi
1693 503 1753 557 in
1784 520 1911 574 pro-

205 588 389 643 fundo
422 592 596 642 nutus
634 588 755 655 tui;
802 593 857 642 et
886 588 1142 658 gaudens
1180 588 1239 643 in
1270 589 1379 644 ﬁde
1418 591 1645 645 laudavi
1696 608 1910 649 nomen

207 683 395 732 tuum.
428 678 491 730 Et
521 692 588 730 ea
631 676 772 731 fides
821 693 911 731 me
957 694 1221 732 securum
1267 695 1389 734 esse
1435 696 1551 735 non
1590 681 1811 736 sinebat
1840 682 1908 737 de

198 764 513 836 praeteritis
556 765 799 836 peccatis
842 766 1005 832 meis,
1054 783 1184 837 quae
1228 767 1371 822 mihi
1402 783 1506 839 per
1552 769 1908 841 Baptismum

198 860 373 910 tuum
395 854 635 909 remissa
663 856 923 911 nondum
954 860 1133 910 erant.

628 1027 633 1031 ,
914 962 1140 1017 CAPUT
1172 962 1232 1016 v.

490 1051 838 1105 Ambrosium
886 1052 1117 1105 consulit
1160 1051 1296 1120 quid
1320 1051 1619 1118 legendum.

280 1141 367 1194 t3.
402 1137 764 1207 Renuntiavi,
790 1138 1035 1210 peractis
1066 1137 1541 1206 viudemialibus;
1575 1143 1639 1194 ut
1684 1140 1905 1195 schola-

193 1225 363 1279 sticis
392 1226 510 1280 suis
542 1226 986 1281 Mediolanenses
1016 1226 1369 1282 venditorem
1390 1228 1697 1283 verborum
1726 1230 1906 1284 alium

192 1315 585 1384 providerent,
615 1315 771 1387 quod
800 1320 856 1369 et
886 1315 989 1370 tibi
1039 1333 1143 1387 ego
1188 1317 1398 1371 servire
1447 1316 1811 1387 delegissem,
1852 1322 1907 1372 et

189 1403 287 1457 illi
317 1403 676 1475 professioni,
702 1421 817 1475 prae
842 1404 1177 1459 difficultate
1208 1403 1464 1475 spirandi
1494 1422 1555 1459 ac
1585 1406 1781 1461 dolore
1809 1423 1906 1477 pe-

189 1493 395 1560 ctoris,
422 1510 540 1548 non
579 1494 921 1548 sufﬁcerem.
956 1495 1019 1547 Et
1048 1492 1467 1565 insinuavi-per
1496 1494 1711 1548 litteras
1752 1496 1904 1550 anti-

189 1580 320 1635 stiti
346 1586 468 1648 tuo,
491 1581 613 1636 viro
643 1586 837 1636 sancto
862 1581 1161 1637 Ambrosio
1179 1582 1448 1653 pristinos
1480 1599 1703 1638 errores
1726 1600 1902 1652 meos,

189 1674 254 1724 et
288 1686 539 1742 prmsens
569 1675 768 1725 votum
786 1668 1078 1737 meum,‘ut
1100 1676 1360 1725 moneret
1374 1670 1513 1742 quid
1541 1671 1904 1742 potissimum

188 1758 348 1812 mihi
377 1758 447 1812 de
480 1759 662 1813 Libris
688 1759 803 1813 tuis
832 1760 1141 1830 legendum
1176 1765 1343 1827 esset,
1376 1777 1490 1832 quo
1520 1760 1904 1833 percipienda:

187 1850 375 1901 tanta:
406 1847 606 1917 gratias
638 1849 889 1919 paratior
919 1850 1220 1921 aptiorque
1249 1850 1469 1904 fierem.
1516 1853 1589 1904 At
1614 1850 1707 1903 ille
1735 1850 1907 1920 jussit

188 1935 409 1991 Isaiam
444 1937 790 2007 prophetam
823 1954 837 2005 ;
868 1938 1058 2005 credo,
1104 1938 1257 2009 quod
1284 1955 1405 2009 prae
1452 1938 1672 1994 caeteris
1725 1940 1903 1993 Evan-

185 2024 341 2093 gelii
352 2025 772 2097 vocationisque
795 2026 1061 2081 Gentium
1086 2025 1160 2080 sit
1188 2026 1609 2097 prmnuntiator
1629 2026 1900 2097 apertior.

191 2115 607 2169 Verumtamen
635 2131 741 2185 ego
774 2115 1023 2185 primam
1054 2115 1227 2185 hujus
1258 2116 1555 2169 lectionem
1581 2132 1699 2169 non
1737 2115 1905 2169 intel-

183 2203 406 2273 ligens,
444 2207 746 2274 totumque
776 2205 948 2258 talem
971 2203 1275 2273 arbitrans,
1307 2204 1502 2260 distuli
1522 2205 1901 2282 repetendum

188 2292 561 2347 exercitatior
585 2294 646 2348 in
677 2293 961 2348 dominico
991 2293 1240 2364 eloquio.

877 2400 1099 2455 CAPUT
1140 2401 1232 2455 Vl.

336 2488 631 2543 Mediolani
660 2489 972 2557 baptizatur
988 2488 1333 2558 cumjAlypio
1363 2487 1729 2544 etAdeodato.

272 2577 360 2630 14.
398 2577 535 2631 Inde
565 2576 665 2630 ubi
694 2581 920 2648 tempus
951 2576 1178 2631 advenit
1224 2593 1338 2647 quo
1391 2592 1482 2630 me
1521 2592 1737 2631 nomen
1767 2576 1903 2631 dare

188 2670 513 2736 oporteret,
573 2666 771 2720 relicto
820 2681 978 2732 rure,
1047 2665 1429 2720 Mediolanum
1498 2664 1899 2720 remeavimus.

187 2752 422 2808 Placuit
459 2758 515 2807 et
546 2753 751 2824 Alypio
799 2752 1019 2809 renasci
1048 2754 1108 2808 in
1148 2759 1204 2808 te
1234 2770 1481 2820 mecum,
1519 2754 1641 2824 jam
1697 2753 1899 2808 induto

182 2841 523 2896 humilitate
554 2842 931 2897 Sacramentis
950 2842 1064 2896 tuis
1084 2859 1362 2913 congrua,
1383 2848 1441 2898 et
1468 2842 1775 2896 fortissimo
1806 2843 1903 2897 do-

180 2930 392 2985 mitori
408 2930 682 3002 corporis,
706 2947 887 3003 usque
904 2932 973 2985 ad
994 2931 1254 2985 Italicum
1268 2932 1454 2986 solum
1476 2931 1712 3001 glaciale
1745 2932 1899 2985 nudo

181 3019 344 3091 pede
392 3019 768 3073 obterendum
816 3018 1046 3073 insolito
1100 3035 1262 3074 ausu.
1310 3018 1688 3089 Adjunximus
1728 3019 1901 3074 etiam

182 3107 365 3165 nobis
385 3124 629 3180 puerum
661 3108 1014 3164 Adeodatum
1046 3125 1115 3163 ex
1146 3124 1238 3163 me
1268 3111 1467 3162 natum
1497 3108 1804 3163 carnaliter
1832 3108 1901 3163 de

182 3203 427 3271 peccato
454 3214 602 3254 meo.
635 3199 715 3252 Tu
765 3198 906 3252 bene
964 3198 1176 3251 feceras
1229 3213 1382 3253 eum.
1442 3199 1743 3252 Annorum
1782 3204 1902 3252 erat

182 3290 377 3343 ferme
404 3286 751 3358 quindecim,
788 3291 845 3341 et
872 3286 1104 3357 ingenio
1132 3286 1521 3357 praeveniebat
1547 3288 1757 3340 multos
1777 3301 1901 3357 gra-

184 3394 289 3432 ves
324 3380 379 3429 et
407 3377 603 3431 doctos
631 3376 800 3430 viros.
822 3376 1055 3431 Munera
1087 3379 1182 3429 tua
1204 3375 1309 3429 tibi
1326 3375 1628 3443 conﬁteor,
1658 3375 1899 3429 Domine

185 3468 349 3520 Deus
374 3480 552 3529 meus,
588 3468 808 3518 creator
833 3463 1116 3531 omnium,
1149 3468 1206 3518 et
1234 3465 1480 3520 multum
1496 3468 1700 3535 potens
1729 3464 1901 3519 refor-

185 3552 390 3610 mare‘
420 3558 619 3607 nostra
644 3553 957 3607 deformia:
983 3569 1117 3607 nam
1140 3568 1247 3623 ego
1278 3553 1339 3607 in
1369 3553 1465 3607 illo
1495 3568 1675 3623 puero
1689 3557 1901 3623 praeter

185 3642 473 3697 delictum
502 3642 647 3696 nihil
680 3643 986 3698 habebam.
1036 3642 1200 3706 Quod
1247 3642 1403 3696 enim
1450 3642 1899 3697 enutriebatura

185 3730 364 3786 nobis
391 3730 451 3784 in
480 3729 781 3800 disciplina
833 3735 949 3797 tua,
980 3734 1042 3783 tu
1068 3729 1449 3799 inspiraveras
1480 3730 1666 3799 nobis,
1706 3731 1897 3784 nullus

185 3819 376 3874 alius:
410 3834 651 3873 munera
676 3824 775 3873 tua
803 3818 908 3873 tibi
933 3817 1229 3872 confiteor.
1264 3818 1357 3872 Est
1382 3817 1528 3871 liber
1575 3821 1766 3871 noster
1797 3816 1897 3888 qui

182 3908 543 3975 inscribitur,
575 3908 644 3962 de
673 3907 937 3978 Magistro
961 3923 975 3961 :
997 3906 1119 3977 ipse
1148 3906 1229 3960 ibi
1259 3921 1482 3960 mecum
1512 3906 1785 3977 loquitur.
1815 3908 1895 3960 'l‘u

183 3997 304 4051 scis
333 3996 482 4051 illius
513 4013 633 4049 esse
664 4012 826 4051 sensa
844 3996 1039 4050 omnia
1066 4012 1195 4068 quae
1222 3994 1556 4050 inseruntur
1576 3995 1659 4050 ibi
1675 4012 1744 4050 ex
1772 4011 1897 4066 per-

183 4100 338 4141 sona
378 4084 735 4140 collocutoris
764 4084 902 4153 mei,
936 4100 1066 4138 cum
1105 4087 1253 4138 esset
1288 4083 1349 4138 in
1380 4083 1545 4138 annis
1589 4083 1894 4151 sexdecim,

181 4174 367 4229 Multa
411 4174 531 4243 ejus
581 4173 691 4228 alia
739 4173 1090 4228 mirabiliora
1130 4178 1403 4244 expertus
1451 4188 1600 4227 sum.
1656 4174 1891 4227 Horrori

183 4262 342 4317 mihi
365 4267 486 4317 erat
509 4263 650 4317 illud
664 4262 807 4317 illud
821 4261 1118 4333 ingenium
1145 4279 1158 4330 ;
1185 4266 1239 4316 et
1255 4261 1383 4333 quis
1404 4266 1614 4328 praeter
1624 4265 1678 4315 te
1692 4261 1893 4317 talium

180 4352 600 4407 miraculorum
648 4351 882 4423 opifex?
925 4351 1047 4405 Cito
1084 4352 1153 4406 de
1197 4355 1351 4404 terra
1389 4349 1672 4404 abstulisti
1718 4350 1893 4404 vitam

179 4440 353 4511 ejus;
384 4444 441 4493 et
465 4440 864 4495 securioreum
878 4440 1165 4509 recordor,
1194 4455 1311 4493 non
1329 4438 1539 4493 timens
1570 4437 1889 4509 quidquam

180 4528 479 4600 pueritiae,
512 4544 617 4583 nec
646 4529 1061 4595 adolescentiae,
1095 4544 1202 4583 nec
1231 4527 1466 4582 omnino
1510 4526 1731 4581 homini
1778 4527 1882 4583 illi.

183 4616 542 4672 Sociavimus
571 4633 704 4671 eum
726 4634 978 4671 coaevum
1006 4616 1171 4671 nobis
1200 4616 1261 4671 in
1285 4616 1469 4688 gratia
1494 4621 1612 4683 tua,
1644 4616 1891 4671 educan-

180 4707 329 4761 dum
360 4705 421 4759 in
451 4705 749 4776 disciplina
778 4710 909 4773 tua;
944 4710 1001 4760 et
1028 4705 1301 4776 haptizati
1324 4720 1543 4775 sumus,
1588 4709 1645 4759 et
1683 4705 1832 4776 fugit
1860 4724 1893 4760 a

180 4794 356 4848 nobis
402 4793 723 4849 sollicitudo
772 4794 906 4848 vitae
945 4794 1271 4865 praeteritae.
1324 4795 1436 4849 Nec
1488 4793 1735 4849 satiabar
1781 4795 1891 4849 illis

178 4882 387 4938 diebus
428 4883 729 4938 dulcedine
768 4882 1040 4949 mirabili,
1104 4882 1465 4937 considerare
1528 4882 1891 4939 altitudinem

177 4971 410 5027 consilii
440 4972 523 5026 tui
552 4988 725 5043 super
754 4973 997 5027 salutem
1028 4973 1256 5043 generis
1287 4971 1546 5028 humani.
1602 4973 1889 5039 Quantum

178 5061 315 5116 flevi
344 5060 406 5115 in
435 5060 659 5132 hymnis
708 5066 764 5115 et
803 5060 1060 5128 canticis,
1099 5077 1272 5115 suave
1328 5062 1583 5116 sonantis
1627 5061 1887 5116 Ecclesiae

178 5155 299 5204 tua:
339 5150 569 5205 vocibus
598 5154 918 5205 commotus
950 5150 1189 5205 acriter!
1226 5151 1400 5205 Voces
1428 5150 1542 5205 illae
1572 5149 1890 5205 inﬂuebant

180 5239 423 5294 auribus
451 5239 617 5309 meis,
649 5244 705 5294 et
733 5238 1100 5311 eliquabatur
1118 5238 1323 5294 veritas
1352 5239 1413 5294 in
1439 5256 1536 5293 cor
1573 5255 1766 5295 meum
1789 5259 1804 5307 ;
1835 5244 1891 5294 et

180 5329 532 5384 exaestuabat
559 5328 694 5384 inde
724 5329 958 5383 affectus
981 5327 1209 5399 pietatis
1236 5329 1275 5396 ³,
1290 5332 1346 5383 et
1374 5328 1679 5383 currebant
1706 5329 1886 5401 lacry-

246 5455 261 5488 ι
284 5454 345 5501 In
363 5454 484 5503 Mss.
498 5453 738 5517 pluribus
751 5455 801 5501 et
816 5452 1111 5517 potioribus
1128 5467 1139 5500 :
1156 5451 1389 5517 Multum
1398 5452 1596 5517 potens
1607 5450 1884 5517 formare;

179 5521 235 5565 et
249 5516 422 5588 paulo
448 5514 598 5588 post:
628 5514 833 5588 Ρνωιειξ
854 5515 1108 5588 delicta?
1131 5528 1229 5588 τι.οη
1255 5514 1530 5588 habebam.

245 5576 273 5613 2⁷
291 5579 415 5629 Lov.
433 5576 540 5630 {Et
566 5593 635 5632 ex
653 5592 715 5631 ea
739 5577 994 5630 aestuabat
1009 5576 1241 5641 a/I‘ectus
1266 5580 1495 5642 pictatis.

220 293 314 342 769a
1138 276 1151 283 ⁷
1718 291 1897 347 LlBEl

2073 294 2219 350 5T5.
3622 318 3723 367 ῑῖυ

2022 434 2153 487 mae,
2182 424 2240 475 et
2266 420 2411 477 bene
2446 424 2587 479 mihi
2615 432 2738 481 erat
2767 444 2895 483 cum
2923 430 3023 484 eis.

2689 516 2916 571 CAPUT
2953 520 3067 575 VII.

2018 596 2384 653 Ecclesiasticc'
2428 608 2617 657 cantus
2661 605 2932 659 institutio
2976 608 3285 667 Mediolani.
3319 614 3561 669 Iuventio
3594 631 3711 671 cor-

2370 706 2563 758 porum
2592 692 2690 747 SS.
2738 695 2975 748 Protusii
3004 702 3055 750 et
3086 698 3357 756 Gerrasii.

2092 777 2177 830 l5.
2211 777 2333 831 Non
2371 778 2538 849 longe
2569 787 2815 850 cmperat
2862 784 3290 841 Mcdiolanensis
3333 790 3577 845 Ecclesia
3618 810 3716 863 ge-

2018 877 2125 915 nus
2184 864 2290 918 hoc
2352 867 2760 921 consolationis
2815 874 2872 923 et
2923 873 3334 929 exhortationis
3409 879 3715 947 celebrare,

2019 966 2227 1021 magno
2253 954 2439 1008 studio
2469 956 2709 1010 fratrum
2741 958 3166 1015 concinentium
3197 964 3428 1018 vocibus
3458 971 3512 1019 et
3541 968 3718 1022 cordi-

2015 1040 2139 1095 bus.
2167 1042 2448 1097 Nimirum
2465 1061 2648 1099 aunus
2672 1052 2807 1111 erat,
2835 1053 2934 1101 aut
2956 1066 3067 1103 non
3088 1052 3267 1106 multo
3290 1054 3561 1123 amplius,
3583 1072 3713 1111 cum

2014 1129 2232 1184 Justina
2254 1132 2628 1187 Valentiniani
2650 1136 2800 1206 regis
2822 1138 2982 1207 pueri
3005 1143 3205 1201 mater,
3232 1141 3527 1197 hominem
3552 1148 3713 1198 tuum

2015 1219 2381 1274 Ambrosium
2424 1229 2880 1293 persequeretur,
2915 1226 3146 1280 hzeresis
3176 1245 3292 1281 suae.
3323 1246 3511 1296 causa,
3544 1248 3658 1303 qua
3686 1235 3701 1270 ¹

2014 1306 2197 1361 fuerat
2225 1310 2453 1363 seducta
2504 1315 2577 1365 ah
2626 1312 2868 1367 Arianis.
2923 1316 3244 1371 Excubabat
3294 1317 3390 1388 pia
3436 1320 3597 1390 plebs
3650 1321 3707 1375 in

2016 1396 2269 1464 ecclesia,
2301 1398 2447 1452 mori
2492 1404 2692 1469 parata
2721 1418 2851 1455 cum
2897 1402 3165 1473 episcopo
3216 1421 3340 1466 suo,
3396 1423 3555 1461 servo
3594 1412 3710 1465 tuo.

2016 1484 2098 1539 lbi
2125 1490 2307 1541 mater
2332 1503 2478 1554 mea,
2509 1489 2713 1543 ancilla
2738 1494 2855 1558 tua,
2880 1492 3277 1546 sollicitudinis
3298 1498 3354 1547 et
3385 1494 3713 1565 vigiliarum

2013 1574 2228 1646 primas
2258 1580 2476 1644 tenens,
2510 1578 2863 1633 orationibus
2892 1579 3134 1635 vivebat.
3168 1582 3279 1636 Nos
3307 1582 3493 1637 adhuc
3520 1584 3716 1655 frigidi

2014 1680 2047 1717 a
2080 1664 2265 1718 calore
2290 1665 2535 1734 Spiritus
2557 1667 2662 1731 tui,
2695 1668 3083 1723 excitabamur
3111 1674 3305 1724 tamen
3327 1670 3553 1726 civitate
3574 1678 3719 1728 atto-

2012 1750 2132 1805 nita
2155 1756 2324 1823 atque
2347 1752 2591 1808 turbata.
2615 1756 2771 1809 'l‘unc
2782 1755 2982 1827 hymni
3000 1761 3053 1810 et
3067 1758 3274 1826 psalmi
3296 1762 3717 1816 utcanerentur

2012 1841 2330 1894 secundum
2378 1857 2595 1896 morem
2628 1843 2997 1898 orientalium
3043 1845 3316 1915 partium,
3350 1862 3423 1901 ne
3460 1849 3711 1918 populus

2016 1928 2275 1983 mceroris
2305 1929 2472 1984 taedio
2504 1930 2943 1999 contabesceret,
2994 1932 3322 1989 institutum
3370 1939 3483 2002 est;
3534 1940 3590 1990 et
3637 1952 3704 1991 ex

2012 2017 2110 2071 illo
2134 2018 2194 2071 in
2220 2017 2584 2090 hodiernum,
2607 2024 2914 2087 retentum,
2939 2022 3134 2076 multis
3143 2023 3265 2093 jam
3289 2040 3353 2078 ac
3373 2040 3519 2094 pene
3534 2024 3716 2079 omni-

2014 2106 2119 2161 bus
2148 2107 2416 2177 gregibus
2445 2108 2577 2175 tuis,
2619 2113 2673 2163 et
2718 2126 2822 2181 per
2850 2114 3053 2165 caetera
3084 2112 3236 2166 orbis
3273 2112 3630 2175 imitantibus
3657 2112 3704 2169 ³.

2092 2200 2179 2251 16.
2226 2198 2381 2250 Tunc
2422 2202 2739 2252 memorato
2781 2199 3020 2254 antistiti
3058 2204 3157 2254 tuo
3212 2217 3316 2272 per
3343 2202 3527 2255 visum
3577 2218 3713 2272 ape-

2014 2285 2197 2351 ruisti,
2229 2302 2345 2356 quo
2395 2287 2518 2340 loco
2567 2287 2811 2342 laterent
2841 2294 3157 2360 martyrum
3204 2306 3446 2361 corpora
3472 2291 3714 2345 Protasii

2014 2379 2069 2429 et
2098 2374 2363 2440 Gervasii,
2392 2391 2520 2446 qua:
2550 2393 2653 2446 per
2680 2381 2763 2431 tot
2791 2394 2968 2431 annos
3001 2378 3333 2450 incorrupta
3361 2380 3420 2434 in
3444 2379 3713 2435 thesauro

2013 2464 2213 2519 secreti
2236 2464 2319 2518 tui
2348 2466 2937 2532 recondideras,unde
2964 2472 3285 2539 Opportune
3315 2485 3612 2539 promeres
3644 2472 3711 2526 ad

2013 2554 2384 2609 coercendam
2408 2554 2627 2609 rabiem
2644 2554 2974 2623 femineam,
2999 2558 3095 2611 sed
3120 2558 3360 2628 regiam.
3390 2561 3530 2614 Cum
3558 2560 3710 2614 enim

2010 2642 2310 2712 propalata
2338 2646 2396 2696 et
2415 2642 2617 2697 effossa
2648 2644 2824 2713 digno
2853 2661 2985 2699 cum
3006 2646 3226 2699 honore
3261 2647 3712 2703 transferrentur

2012 2732 2085 2785 ad
2104 2732 2548 2787 Ambrosianam
2568 2733 2883 2801 basilicam,
2908 2751 3025 2789 non
3046 2737 3235 2791 solum
3258 2753 3401 2808 quos
3427 2737 3713 2793 immundi

2012 2820 2290 2874 vexabant
2329 2820 2581 2890 spiritus,
2622 2822 2891 2876 confessis
2920 2823 3136 2877 eisdem
3166 2826 3523 2880 daemonibus
3547 2844 3711 2881 sana-

2010 2909 2239 2975 bantur,
2263 2925 2461 2963 verum
2491 2910 2663 2964 etiam
2691 2910 2926 2981 quidam
2953 2913 3146 2982 plures
3170 2929 3349 2968 annos
3368 2930 3545 2969 caecus
3577 2916 3713 2970 civis

2011 2996 2338 3068 civitatique
2370 2998 2715 3065 notissimus,
2752 3016 2883 3054 cum
2913 3000 3113 3071 populi
3139 3003 3541 3058 tumultuantis
3570 3004 3715 3058 laeti-

2011 3086 2106 3141 tiae
2155 3091 2175 3122 ³
2221 3104 2448 3143 causam
2510 3088 2809 3159 quaesisset
2872 3094 3045 3161 atque
3110 3091 3381 3159 audisset,
3446 3092 3708 3161 exsilivit,

2012 3192 2192 3247 eoque
2224 3193 2280 3230 se
2324 3180 2389 3232 ut
2435 3178 2686 3245 duceret,
2720 3195 2888 3234 suum
2919 3180 3125 3235 ducem
3155 3181 3397 3251 rogavit.
3426 3182 3551 3246 Quo
3579 3199 3713 3253 per-

2010 3264 2231 3331 ductus,
2277 3265 2605 3336 impetravit
2635 3266 2879 3334 admitti,
2915 3271 2979 3321 ut
3007 3268 3238 3323 sudario
3266 3273 3527 3341 tangeret
3564 3272 3710 3326 fere-

2011 3360 2163 3408 trum
2209 3354 2478 3424 pretiosaa
2525 3353 2587 3409 in
2636 3359 2937 3426 conspectu
2996 3360 3095 3411 tuo
3144 3357 3342 3411 mortis
3385 3362 3711 3413 sanctorum

2008 3446 2240 3496 tuorum
2272 3444 2441 3511 (Psal.
2472 3460 2589 3511 cxv,
2624 3444 2726 3514 15).
2757 3444 2919 3508 Quod
2948 3444 3046 3498 ubi
3083 3444 3233 3508 fecit,
3263 3450 3433 3517 atque
3464 3446 3712 3502 admovit

2009 3530 2207 3597 oculis,
2258 3532 2553 3586 confestim
2598 3533 2782 3603 aperti
2810 3536 2961 3587 sunt.
3012 3533 3147 3587 Inde
3176 3534 3329 3588 fama
3360 3534 3703 3599 discurrens,

2008 3619 2142 3674 inde
2174 3620 2370 3674 laudes
2400 3625 2514 3674 tuae
2544 3621 2845 3689 ferventes,
2892 3621 3150 3676 lucentes
3177 3626 3216 3688 ι,
3251 3622 3384 3677 inde
3422 3623 3577 3677 illius
3624 3623 3709 3677 in-

2008 3709 2194 3763 imica:
2225 3708 2449 3763 animus
2481 3708 2583 3763 etsi
2611 3710 2681 3763 ad
2706 3709 2976 3764 credendi
3000 3710 3299 3765 sanitatem
3328 3727 3447 3765 non
3473 3711 3709 3783 amplia-

2007 3802 2098 3853 tus
2126 3796 2171 3865 ⁵,
2202 3814 2236 3851 a
2281 3797 2666 3869 persequendi
2718 3800 2913 3853 tamen
2945 3798 3136 3853 furore
3170 3815 3529 3871 compressus
3587 3805 3695 3857 est.

2008 3886 2226 3942 Gratias
2257 3886 2384 3953 tibi,
2435 3888 2585 3941 Deus
2614 3903 2790 3941 meus.
2826 3888 2982 3943 Unde
3014 3893 3072 3943 et
3109 3905 3225 3960 quo
3271 3889 3482 3945 duxisti
3513 3906 3703 3945 recor-

2008 3975 2295 4030 dationem
2344 3992 2555 4043 meam,
2604 3981 2667 4031 ut
2710 3977 2831 4031 haec
2859 3977 3036 4032 etiam
3065 3980 3371 4034 confiterer
3397 3979 3525 4046 tibi,
3570 3996 3700 4052 quas

2007 4080 2216 4135 magna
2245 4064 2459 4119 oblitus
2498 4065 2929 4136 praeterieram?
2960 4067 3023 4121 Et
3070 4070 3265 4123 tamen
3293 4073 3428 4123 tunc
3468 4085 3596 4123 cum
3627 4070 3707 4124 ita

2005 4153 2285 4223 fragraret
2305 4155 2447 4209 odor
2473 4159 2903 4225 unguentorum
2932 4161 3163 4211 tuorum
3185 4174 3301 4211 non
3337 4158 3705 4212 currebamus

2004 4248 2135 4312 post
2162 4247 2217 4297 te
2250 4246 2483 4312 (Cantia.
2518 4261 2555 4310 ι,
2587 4244 2664 4314 3),
2690 4248 2746 4297 et
2770 4244 2900 4299 ideo
2929 4246 3060 4315 plus
3081 4246 3290 4300 flebam
3315 4246 3467 4300 inter
3486 4246 3704 4300 cantica

2005 4331 2349 4402 hymnorum
2392 4337 2647 4401 tuorum,
2680 4332 2817 4386 olim
2867 4333 3160 4403 suspirans
3203 4334 3331 4399 tibi,
3381 4338 3439 4387 et
3469 4334 3702 4389 tandem

2004 4420 2290 4491 respirans
2320 4419 2362 4488 δ,
2387 4425 2665 4492 quantum
2690 4425 2849 4492 patet
2877 4438 3016 4476 aura
3046 4421 3107 4476 in
3136 4421 3308 4477 domo
3335 4421 3520 4477 fenea.

2647 4530 2874 4585 CAPUT
2906 4531 3048 4585 VllI.

2003 4618 2203 4675 Ευοὰἰὶ
2231 4621 2519 4676 conversio.
2552 4618 2752 4674 Matris
2790 4620 2988 4687 obitus,
3016 4619 3241 4688 ejusque
3270 4635 3304 4674 a
3341 4622 3536 4676 teneris
3566 4618 3699 4678 edu-

2763 4709 2923 4762 cutio.

2076 4801 2162 4853 17.
2209 4798 2318 4863 Qui
2365 4796 2621 4853 habitare
2668 4795 2804 4850 facis
2848 4795 3151 4851 unanimes
3200 4797 3260 4853 in
3309 4798 3481 4855 domo
3528 4799 3695 4871 (Psal.

2009 4904 2175 4954 van,
2205 4889 2289 4957 7),
2332 4884 2665 4942 consociasti
2711 4883 2873 4939 nobis
2921 4890 2978 4941 et
3027 4886 3257 4943 Evodim
3303 4888 3578 4960 juvenem
3633 4906 3697 4945 ex

2066 5014 2081 5047 ¹
2115 5014 2252 5070 Quae,
2278 5011 2431 5075 juxta
2451 5024 2539 5060 sex
2568 5010 2687 5058 Mss.
2719 5010 2890 5069 Mart.,
2921 5013 2973 5059 et
3001 5011 3173 5062 Rond.
3206 5026 3325 5062 cum
3358 5015 3386 5061 2
3412 5013 3533 5061 Mss.
3565 5014 3632 5062 M.

2063 5077 2084 5110 ²
2096 5076 2291 5124 Somm.
2307 5076 2459 5122 Mart.
2472 5076 2571 5121 Per
2583 5075 2799 5122 crateras
2808 5076 2989 5135 partes
3003 5076 3345 5126 imitantibus.
3361 5077 3467 5126 Per
3480 5080 3700 5126 cazteras

2000 5135 2529 5209 ονέιέξρανίεῖενλιξξιεδ
2553 5136 2813 5209 “mea”
2846 5199 2878 5209 ..
3063 5199 3097 5209 --

2062 5198 2548 5261 3Aliquotilaztttta.
2580 5223 2639 5233 —
2683 5198 2767 5248 Sic
2812 5199 2969 5249 etiam
3017 5199 3177 5250 editio
3221 5200 3522 5250 Florentina
3576 5213 3696 5249 cum

2000 5276 2109 5311 uno
2131 5260 2250 5310 Mss.
2285 5260 2351 5309 Μ.

2061 5329 2081 5359 δ
2102 5327 2398 5387 Fer-uenter
2426 5322 2672 5387 lucentes,
2703 5323 2859 5387 juxta
2892 5323 3091 5374 Somm.
3127 5328 3179 5373 et
3208 5324 3359 5372 Rond
3408 5324 3478 5373 M.

2062 5390 2082 5422 ὅ
2111 5387 2195 5450 Sic
2215 5384 2659 5450 legendumjuxta
2680 5384 2782 5435 tres
2799 5388 2919 5435 Mss.
2946 5387 3121 5450 Angl.,
3152 5390 3211 5434 ut
3242 5385 3696 5450 constetantithe-

1998 5450 2069 5521 sis
2081 5449 2156 5521 ad.
2172 5446 2495 5521 subSequens
2507 5446 3094 5521 verb11n1,_co_nipre§siss
3109 5452 3207 5521 est.
3227 5472 3286 5483 —
3303 5446 3573 5521 [Απριὶοαι
3582 5463 3662 5499 us.
3678 5452 3692 5512 j

1996 5510 2482 5576 Applicitus,juxta
2510 5511 2595 5559 Er.
2622 5512 2784 5574 Lugd.
2825 5510 2951 5560 Ven.
2972 5513 3091 5559 Lov.
3128 5511 3324 5561 Somm.
3352 5510 3421 5560 M.

2060 5576 2080 5610 δ
2115 5574 2174 5623 ln
2208 5572 2375 5625 tribus
2402 5574 2621 5633 Mss.,at
2648 5576 2859 5627 tantum
2887 5577 3177 5637 respirans.
3199 5572 3267 5621 Μ.

2364 5676 2391 5691 κ
