4058 6174
357 248 456 299 ’171

359 369 557 421 nostro
583 362 920 435 municipio.
954 361 1062 428 Qui
1098 376 1229 416 cum
1255 375 1431 430 agens
1460 358 1521 412 in
1566 358 1734 412 rebus
1763 355 2056 422 militaret,

362 455 526 525 prior
569 454 736 509 nobis
765 454 836 508 ad
868 458 922 507 to
952 467 1257 506 conversus
1296 452 1380 502 est
1418 451 1472 502 et
1503 446 1842 517 baptizatus,
1883 449 1938 500 et
1967 462 2061 500 re—

362 547 495 602 licta
524 543 732 598 militia
760 541 972 607 smculi,
1015 541 1296 594 accinctus
1344 537 1404 591 in
1436 542 1552 591 tua.
1598 536 1776 590 Simul
1810 552 2058 600 eramus,

366 634 536 689 simul
555 631 863 686 habitaturi
883 629 900 662 ¹
915 628 1123 700 placito
1141 631 1354 680 sancto.
1377 625 1782 689 Quaerebamus
1799 623 2062 695 quisnam

367 723 526 777 locus
553 737 659 775 nos
687 719 886 773 utilius
922 717 1158 770 haberet
1205 713 1514 768 servientes
1543 713 1679 768 tibi:
1731 713 1946 782 pariter
1973 728 2062 766 re-

369 810 704 867 meabamus
732 807 795 860 in
838 804 1104 860 Africam.
1140 806 1361 858 Etcum
1406 803 1554 874 apud
1601 801 1755 858 Ostia
1799 801 2065 857 Tiberina

369 914 644 961 essemus,
695 899 877 950 mater
915 893 1182 948 defuncta
1223 895 1323 946 est.
1376 891 1547 946 Multa
1592 894 1890 960 praetereo,
1931 889 2066 961 quia

365 987 614 1043 multum
642 983 866 1039 festino.
915 981 1121 1051 Accipe
1149 979 1532 1035 confessiones
1564 995 1717 1032 meas
1763 983 1822 1032 et
1851 978 2065 1048 gratia-

368 1089 501 1129 rum
531 1071 800 1136 actiones,
837 1070 985 1123 Deus
1017 1083 1198 1133 meus,
1237 1067 1307 1120 de
1335 1066 1506 1120 rebus
1545 1065 2067 1120 innumerabilibus

371 1162 547 1218 etiam
576 1159 639 1214 in
673 1158 920 1213 silentio.
971 1155 1082 1211 Sed
1129 1171 1246 1209 non
1273 1155 1580 1225 praeteribo
1611 1153 1896 1225 quidquid
1925 1153 2070 1208 mihi

373 1251 567 1306 anima
586 1247 836 1320 parturit
863 1246 933 1300 de
953 1245 1052 1299 illa
1077 1244 1290 1298 famula
1316 1248 1436 1309 tua,
1465 1259 1594 1314 quas
1623 1259 1717 1297 me
1747 1242 2066 1314 parturivit;

373 1343 430 1396 et
464 1353 654 1404 carne,
702 1339 768 1391 ut
814 1335 878 1390 in
924 1335 1069 1390 banc
1108 1333 1522 1404 temporalem;
1569 1336 1626 1387 et
1672 1332 1862 1401 corde,
1905 1336 1968 1386 ut
2010 1331 2072 1385 in

373 1431 651 1482 aeternam
692 1425 879 1480 lucem
925 1438 1187 1477 nascerer
1210 1426 1250 1476 ³.
1285 1424 1410 1477 Non
1459 1421 1601 1492 ejus,
1636 1421 1733 1476 sed
1764 1426 1863 1476 tua
1888 1420 2073 1476 dicam

373 1516 524 1570 dona
560 1513 624 1569 in
652 1529 751 1581 ea;
795 1527 980 1584 neque
1015 1510 1170 1566 enim
1200 1510 1447 1581 seipsam
1475 1510 1704 1576 fecerat,
1741 1513 1841 1564 aut
1869 1509 2073 1564 educa-

371 1607 531 1658 verat
557 1601 823 1672 seipsam.
856 1601 941 1654 Tu
977 1599 1180 1653 creasti
1209 1614 1358 1667 eam,
1389 1613 1494 1652 nec
1543 1601 1704 1668 pater
1749 1612 1853 1650 nec
1893 1598 2075 1650 mater

372 1691 587 1746 sciebat
611 1689 798 1761 qualis
827 1704 891 1742 ex
923 1687 1004 1742 eis
1042 1688 1222 1741 ﬁeret.
1259 1687 1322 1740 Et
1351 1684 1601 1740 erudivit
1627 1701 1753 1739 eam
1783 1684 1845 1738 in
1869 1683 2074 1738 timore

371 1784 472 1835 tuo
497 1777 659 1848 virga
688 1775 893 1831 Christi
921 1775 1028 1846 tui,
1057 1774 1317 1846 regimen
1346 1773 1501 1828 unici
1529 1773 1657 1828 Filii
1687 1772 1774 1826 tui
1812 1771 1872 1826 in
1903 1771 2074 1825 domo

372 1867 553 1936 fideli,
595 1867 747 1920 bono
779 1865 1040 1919 membro
1072 1861 1331 1918 Ecclesia:
1369 1867 1504 1916 tum.
1550 1863 1663 1916 Nec
1692 1864 1911 1916 tantam
1941 1877 2079 1932 ergo.

375 1971 540 2011 suam
567 1953 898 2026 dicipliuam
914 1952 1272 2023 diligentiam
1291 1950 1488 2006 matris
1506 1950 1844 2021 prazdicabal
1863 1993 1874 2014 ,
1901 1966 2079 2021 quan-

373 2049 495 2101 tam
523 2044 755 2100 famulee
799 2042 1099 2114 cujusdam
1149 2040 1472 2111 decrepitae,
1509 2056 1637 2112 quae
1680 2043 1904 2110 patrem
1954 2039 2078 2110 ejus

374 2133 657 2189 infantem
723 2134 1064 2202 portaverat,
1128 2129 1274 2184 sicut
1321 2130 1488 2184 dorso
1543 2129 2078 2198 grandiuscularum

374 2222 698 2293 puellarum
729 2219 953 2290 parvuli
979 2218 1196 2290 portari
1227 2219 1430 2272 solent.
1466 2218 1640 2288 Cujus
1667 2216 1752 2271 rei
1781 2216 1988 2287 gratia,
2024 2221 2081 2271 et

375 2313 616 2380 propter
645 2313 931 2362 senectam
971 2323 1036 2360 ac
1076 2323 1262 2360 mores
1303 2306 1570 2377 optimos,
1620 2306 1680 2360 in
1727 2306 1896 2361 domo
1927 2305 2078 2360 chri-

377 2399 562 2453 stiana
586 2397 720 2451 satis
740 2415 772 2450 a
797 2395 1048 2451 dominis
1076 2395 1483 2450 honorabatur.
1509 2395 1665 2450 Unde
1686 2395 1861 2449 etiam
1883 2410 2080 2449 curam

381 2486 798 2542 dominicarum
829 2486 1076 2540 filiarum
1109 2484 1470 2539 commissam
1511 2483 1620 2538 sibi
1649 2483 1952 2554 diligenter
1979 2500 2082 2555 ge-

377 2577 560 2643 rebat,
607 2581 663 2631 et
709 2579 828 2629 erat
873 2574 934 2629 in
1001 2574 1083 2630 eis
1128 2574 1475 2641 coercendis,
1527 2589 1656 2628 cum
1723 2589 1867 2644 opus
1912 2577 2079 2639 esset,
2147 2616 2163 2623 -

380 2670 576 2720 sancta
605 2664 907 2719 severitate
939 2665 1265 2728 vehemens,
1300 2668 1472 2735 atque
1500 2661 1561 2716 in
1591 2661 1864 2717 docendis
1893 2661 2084 2716 sobria

377 2753 703 2827 prudentia.
753 2754 896 2808 Nam
953 2770 1068 2821 eas,
1116 2756 1327 2824 printer
1352 2752 1479 2806 illas
1523 2752 1694 2806 horas
1740 2751 1949 2823 quibus
2009 2749 2080 2804 ad

378 2860 641 2900 mensam
671 2848 974 2914 parentum
1017 2841 1473 2898 moderatissime
1504 2841 1824 2908 alebantur,
1859 2839 2082 2895 etiamsi

381 2933 823 2989 exardescerent
849 2931 963 3000 siti,
995 2947 1099 2986 nec
1129 2947 1338 3002 aquam
1368 2929 1565 2984 bibere
1598 2928 1841 2996 sinebat,
1867 2943 2084 2999 praeca-

379 3037 517 3078 vens
562 3019 1036 3075 consuetudinem
1078 3019 1311 3086 malam,
1360 3024 1418 3074 et
1448 3018 1666 3073 addens
1711 3017 1949 3072 verbum
1994 3033 2084 3070 sa-

384 3125 563 3165 num:
596 3108 754 3164 Modo
775 3124 976 3177 aquam
1006 3108 1210 3175 bibitis,
1243 3109 1374 3176 quia
1404 3110 1462 3161 in
1485 3111 1751 3177 potestate
1769 3108 1955 3161 vinum
1979 3122 2087 3161 non

382 3198 622 3264 habetis;
655 3212 776 3251 cum
805 3201 983 3250 autem
1015 3196 1088 3250 ad
1108 3199 1335 3250 maritos
1358 3197 1636 3262 veneritis,
1667 3197 1828 3262 facta:
1860 3195 2088 3250 domum

381 3287 769 3357 apothecarum
792 3289 843 3339 et
872 3286 1234 3352 cellar-torum,
1267 3300 1414 3353 aqua
1443 3284 1700 3351 sordebit,
1731 3283 1825 3338 sed
1847 3299 1959 3338 mos
1980 3299 2086 3353 po-

383 3376 545 3432 tandi
578 3375 920 3446 praevalebit.
960 3375 1072 3428 Hac
1100 3373 1323 3428 ratione
1358 3371 1727 3445 praecipiendi
1756 3376 1813 3427 et
1840 3371 2090 3426 auctori-

386 3469 503 3520 tate
533 3463 855 3536 imperandi
881 3463 1143 3518 frenabat
1172 3462 1504 3518 aviditatem
1541 3460 1845 3516 tenerioris
1882 3460 2084 3529 aetatis,

388 3558 446 3610 et
470 3554 654 3626 ipsam
682 3553 1006 3625 puellarum
1037 3551 1189 3606 sitim
1218 3551 1505 3607 formabat
1532 3551 1604 3606 ad
1632 3550 1944 3606 honestum
1969 3565 2088 3604 mo-

388 3643 551 3712 dum,
575 3648 640 3698 ut
653 3643 776 3714 jam
800 3659 906 3698 nec
933 3641 1140 3697 liberet
1166 3641 1322 3712 quod
1351 3657 1471 3696 non
1501 3640 1744 3695 deceret.

464 3739 548 3792 18.
579 3739 646 3792 Et
675 3741 1031 3808 surrepserat
1065 3742 1282 3804 tamen,
1330 3735 1476 3791 sicut
1502 3735 1648 3790 mihi
1703 3734 1823 3790 tilio
1869 3733 2088 3789 famula

383 3827 486 3879 tua
513 3824 805 3892 narrabat,
836 3829 1190 3895 surrepserat
1211 3824 1263 3878 ei
1291 3823 1620 3878 vinolentia.
1665 3825 1806 3878 Nam
1847 3839 1977 3878 cum
2021 3823 2091 3878 de

387 3928 572 3983 more,
595 3917 871 3984 tanquam
899 3913 1094 3984 puella
1124 3911 1331 3974 sobria,
1359 3912 1660 3982 juberetur
1689 3929 1720 3965 a
1758 3911 2091 3982 parentibus

385 4002 456 4058 de
485 4017 673 4073 cuppa
699 4000 897 4055 vinum
926 4001 1282 4072 depromere,
1313 3999 1595 4055 submisso
1625 3998 1828 4071 poculo
1869 4015 1983 4070 qua
2001 3998 2094 4053 de-

387 4107 559 4163 super
592 4093 774 4162 patet,
806 4089 1145 4161 priusquam
1173 4091 1234 4144 in
1275 4089 1642 4160 lagunculam
1671 4087 1940 4143 funderet
1966 4102 2091 4142 me-

393 4196 545 4250 rum,
592 4178 946 4251 primoribus
985 4177 1156 4232 labris
1188 4176 1452 4233 sorbebat
1479 4177 1774 4248 exiguum,
1807 4174 1943 4248 quia
1975 4191 2094 4231 non

395 4273 627 4341 poterat
654 4265 922 4339 amplius,
958 4283 1130 4321 sensu
1166 4271 1488 4322 recusante.
1522 4268 1649 4322 Non
1679 4265 1834 4320 enim
1863 4267 1980 4320 ulla
2013 4269 2098 4319 te-

394 4359 656 4413 mulenta
707 4354 731 4390 ³
775 4355 1044 4428 cupidine
1091 4354 1335 4410 faciebat
1398 4355 1527 4423 hoc,
1603 4354 1700 4409 sed
1753 4353 2098 4426 quibusdam

401 4444 886 4518 superﬂuentibus
913 4444 1094 4500 aetatis
1109 4443 1453 4513 excessibus,
1475 4444 1576 4514 qui
1593 4442 1827 4497 ludicris
1848 4442 2098 4498 motibus

391 4533 700 4604 ebulliunt,
715 4538 770 4587 et
786 4533 846 4588 in
856 4533 1175 4604 puerilibus
1189 4530 1396 4586 animis
1409 4531 1696 4603 majorum
1709 4532 1958 4603 pondere
1972 4547 2099 4603 pre-

386 4621 468 4676 mi
490 4622 692 4676 solent.
721 4622 920 4692 Itaque
933 4622 1004 4676 ad
1021 4621 1162 4676 illud
1187 4620 1480 4676 modicum
1507 4619 1842 4691 quotidiana
1871 4620 2096 4675 modica

390 4708 681 4776 addendo;
705 4709 980 4780 quoniam
1008 4709 1110 4781 qui
1137 4709 1360 4765 modica
1381 4709 1616 4781 spernit,
1640 4708 1919 4780 paulatim
1950 4708 2097 4765 deci-

393 4797 478 4853 dit
505 4797 690 4868 (Eccli.
721 4813 836 4867 xxx,
868 4799 938 4868 t);
973 4797 1035 4852 in
1077 4814 1205 4853 eam
1241 4797 1917 4869 consuetudinem-lapsa
1951 4801 2092 4866 erat,

387 4890 456 4942 ut
483 4901 662 4957 prope
675 4884 800 4956 jam
820 4884 1020 4956 plenos
1035 4902 1195 4941 mero
1220 4886 1483 4941 caliculos
1501 4886 1794 4941 inhianter
1811 4886 2089 4941 hauriret.

386 4973 500 5032 Ubi
530 4977 664 5030 tunc
721 4989 895 5044 sagax
923 4990 1089 5043 anus,
1139 4979 1196 5030 et
1243 4975 1550 5048 vehemens
1595 4974 1696 5030 illa
1740 4973 2095 5046 prohibitio?

387 5063 682 5136 Numquid
709 5063 934 5118 valebat
959 5063 1178 5134 aliquid
1208 5061 1479 5119 adversus
1504 5065 1775 5120 latentem
1807 5065 2092 5132 morbum,

386 5151 499 5209 nisi
545 5156 642 5209 tua
704 5150 1012 5220 medicina,
1069 5152 1334 5224 Domine,
1395 5152 1660 5225 vigilaret
1715 5170 1888 5225 super
1943 5154 2096 5209 nos?

452 5297 469 5331 ι
484 5294 570 5344 Sic
583 5292 783 5358 habent
803 5294 998 5358 Mss,_et
1017 5292 1164 5358 Arn.;
1183 5297 1236 5343 at
1255 5293 1378 5358 Bad.
1407 5294 1527 5344 Am.
1551 5295 1637 5344 Er.
1661 5296 1808 5358 Lov.,
1829 5293 2097 5348 habitaba-

387 5357 791 5420 musi.V—_Dein,
807 5359 860 5406 in
879 5355 1122 5420 placito,
1141 5355 1297 5419 juxta
1325 5357 1527 5420 Somm.
1549 5362 1601 5407 et
1619 5355 1803 5407 Rond.
1819 5359 1886 5408 Μ.

451 5418 473 5453 ³
501 5419 586 5468 Sic
613 5416 1048 5485 legendunicum
1078 5416 1202 5468 Mss.
1237 5443 1298 5454 —
1326 5416 1724 5485 [Renasce-rer].
1757 5421 1927 5472 ltond.
1966 5434 2032 5470 ex
2068 5421 2096 5470 8

389 5480 534 5543 Mss,
563 5480 844 5532 nascerer.
867 5482 936 5530 M.

452 5543 472 5579 ³
499 5541 747 5606 Lyrensis
776 5544 959 5608 codex,
991 5542 1325 5597 (enzulcntiw.

1546 230 2088 291 CONFESSIONUM
2143 229 2198 286 S.
2266 227 2673 286 AUGUSTINI.
3743 233 3827 284 77?.

2171 354 2419 410 Absente
2446 357 2608 426 patre
2635 356 2690 408 et
2723 355 2904 430 matre
2940 355 3000 408 et
3051 351 3450 419 nutritoribus,
3495 355 3554 407 tu
3591 369 3827 426 praesens,

2173 442 2274 515 qui
2305 444 2526 511 creasti,
2560 443 2660 514 qui
2688 459 2874 508 vocas,
2907 441 3006 513 qui
3037 441 3208 496 etiam
3239 458 3345 512 per
3372 443 3698 512 praepositos
3718 443 3734 476 ί
3754 444 3831 497 ho-

2174 533 2355 588 mines
2382 533 2518 586 boni
2551 532 2769 603 aliquid
2803 531 2924 601 agis
2955 531 3024 585 ad
3054 531 3381 585 animarum
3427 532 3680 597 salutem,
3720 533 3829 602 quid

2173 628 2308 676 tunc
2337 622 2523 693 egisti.
2559 624 2703 676 Deus
2735 622 2939 676 meus?
2963 623 3114 676 unde
3145 621 3355 675 curasti
3380 624 3410 676 ?
3438 621 3586 676 unde
3615 622 3831 675 sanasti?

2175 712 2373 766 Nonne
2403 710 2692 782 protulisti
2723 711 2930 765 durum
2963 715 3020 765 et
3068 715 3300 764 acutum
3349 726 3418 764 ex
3468 710 3639 764 altera
3677 709 3835 763 anima

2175 799 2517 868 convicium,
2563 805 2840 870 tanquam
2887 799 3225 853 medicinale
3269 799 3490 852 ferrum
3537 813 3602 852 ex
3639 798 3835 852 occultis
3940 801 3941 870 ἢ

2175 888 2596 960 provisionibus
2625 887 2832 958 tuis,:et
2859 903 2974 942 uno
3003 887 3118 942 ictu
3144 886 3514 958 putredinem
3545 886 3694 940 illam
3717 903 3834 957 prae-
3940 886 3941 960 1

2176 977 2403 1033 cidisti?
2447 976 2666 1032 Ancilla
2708 976 2865 1031 enim
2897 991 3029 1030 cum
3083 991 3197 1046 qua
3233 975 3458 1030 solebat
3499 973 3748 1031 accedere
3783 975 3833 1029 ad

2178 1083 2446 1137 cuppam,
2473 1065 2706 1137 litigaus
2726 1082 2858 1120 cum
2877 1065 3110 1121 domina
3131 1063 3379 1131 minore,
3403 1069 3470 1118 ut
3492 1063 3574 1130 ﬁt,
3600 1063 3712 1118 sola
3733 1079 3833 1117 cum

2181 1158 2320 1224 sola,
2376 1156 2584 1227 objecit
2628 1157 2736 1211 hoc
2804 1156 3040 1219 crimen,
3096 1154 3460 1210 amarissima
3512 1153 3833 1209 insultatione

2179 1262 2388 1300 vocans
2416 1245 2841 1300 meribibulam.
2877 1245 2998 1309 Quo
3038 1244 3136 1298 illa
3183 1243 3422 1298 stimulo
3460 1259 3728 1314 percussa,
3771 1259 3833 1297 re-

2183 1334 2368 1406 spexit
2395 1332 2710 1388 faaditatem
2735 1349 2917 1400 suam,
2950 1333 3366 1404 confestimque
3399 1331 3678 1386 damnavit
3703 1333 3833 1402 atque

2183 1423 2362 1479 exuit.
2403 1422 2559 1477 Sicut
2587 1421 2756 1477 amici
2785 1422 3082 1477 adulantes
3129 1425 3492 1493 pervertunt,
3541 1421 3617 1475 sic
3659 1420 3833 1474 inimici

2183 1511 2473 1583 litigantes
2503 1512 2843 1584 plerumque
2887 1511 3200 1582 corrigunt.
3234 1512 3350 1566 Nec
3396 1515 3460 1565 tu
3489 1509 3635 1582 quod
3661 1525 3749 1580 per
3765 1524 3834 1563 eos

2186 1600 2329 1671 agis,
2361 1601 2459 1655 sed
2489 1600 2647 1671 quod
2677 1599 2789 1671 ipsi
2819 1601 3141 1666 voluerunt,
3173 1599 3450 1654 retribuis
3479 1599 3576 1655 eis.
3603 1599 3693 1651 Illa
3716 1597 3831 1652 enim

2186 1688 2331 1744 irata
2355 1689 2644 1758 exagitare
2674 1688 2948 1760 appetivit
2976 1687 3267 1743 minorem
3297 1687 3610 1752 dominam,
3641 1701 3740 1740 non
3762 1701 3831 1737 sa-

2188 1793 2357 1832 nare:
2389 1782 2445 1832 et
2471 1776 2602 1832 ideo
2623 1778 2902 1843 clanculo,
2925 1780 3024 1831 aut
3043 1775 3180 1848 quia
3199 1777 3282 1830 ita
3295 1792 3390 1830 eas
3414 1775 3691 1830 invenerat
3715 1774 3832 1827 locus

2188 1871 2245 1923 et
2269 1871 2498 1938 tempus
2526 1866 2680 1934 litis;
2720 1870 2819 1920 aut
2854 1883 2927 1920 ne
2982 1865 3131 1920 forte
3185 1871 3244 1921 et
3298 1865 3426 1936 ipsa
3478 1863 3833 1935 periclitaretur

2190 1955 2344 2028 quod
2368 1960 2487 2011 tam
2514 1971 2639 2010 sero
2668 1953 3032 2027 prodidisset.
3060 1955 3131 2008 At
3166 1957 3255 2022 tu,
3287 1952 3542 2020 Domine,
3573 1955 3736 2005 rector
3754 1965 3830 2003 ca:-

2186 2045 2358 2100 litum
2377 2047 2398 2080 ²
2427 2047 2484 2098 et
2509 2047 2896 2111 terrenorum,
2927 2039 2998 2096 ad
3025 2058 3162 2096 usus
3190 2045 3328 2096 tuos
3348 2046 3706 2111 contorquens
3729 2054 3828 2108 pro-

2191 2133 2370 2189 funda
2382 2131 2668 2199 torrentis,
2703 2133 2922 2186 ﬂuxum
2945 2129 3289 2185 saeculorum
3337 2129 3603 2184 ordinans
3629 2132 3649 2164 ⁸
3674 2126 3827 2181 turbu-

2187 2225 2432 2294 lentum,
2492 2224 2665 2280 etiam
2727 2225 2798 2279 de
2844 2223 3080 2279 alterius
3145 2222 3358 2277 animae
3414 2220 3626 2275 insania
3664 2216 3824 2272 sanasti

2193 2314 2467 2380 alteram;
2512 2329 2582 2367 ne
2630 2312 2936 2384 quisquam
2982 2326 3114 2365 cum
3155 2310 3268 2364 hoc
3317 2307 3569 2369 advertit,
3611 2303 3828 2378 potentia:

2191 2420 2308 2458 sua:
2334 2402 2570 2470 tribuat,
2603 2401 2651 2456 si
2678 2401 2850 2456 verbo
2873 2400 2996 2473 ejus
3022 2400 3168 2455 alius
3197 2398 3538 2470 corrigatur,
3569 2412 3720 2468 quem
3743 2393 3828 2447 vult

2193 2491 2420 2563 corrigi.

2869 2579 3094 2634 CAPUT
3131 2578 3218 2633 IX.

2411 2666 2733 2724 Laudabiles
2763 2670 2959 2723 matris
2981 2683 3090 2722 sua:
3112 2681 3289 2721 mores
3313 2666 3665 2736 prosequitur.

2270 2760 2355 2813 t9.
2389 2757 2634 2813 Educata
2683 2757 2877 2829 itaque
2925 2755 3133 2827 pudice
3177 2771 3247 2809 ac
3295 2754 3498 2820 sobrie,
3529 2751 3827 2824 potiusquea

2194 2849 2251 2902 te
2281 2846 2511 2906 subdita
2554 2847 2908 2918 parentibus,
2959 2860 3133 2917 quam
3167 2861 3202 2898 a
3248 2843 3576 2916 parentibus
3617 2837 3724 2902 tibi,
3757 2830 3827 2886 ubi

2194 2934 2380 3007 plenis
2407 2935 2572 2990 annis
2603 2934 2814 2989 nubilis
2843 2934 2989 2989 facta
3012 2937 3112 3000 est,
3154 2932 3372 2988 tradita
3390 2932 3510 2986 viro
3540 2924 3736 2984 servivit
3755 2937 3828 2975 ve-

2196 3023 2303 3079 luti
2331 3023 2604 3092 domino;
2633 3027 2691 3078 et
2726 3023 2931 3094 sategit
2978 3038 3108 3077 eum
3153 3019 3372 3076 lucrari
3394 3019 3518 3087 tibi,
3546 3019 3750 3087 loquens
3791 3012 3829 3062 te

2196 3113 2281 3169 illi
2309 3112 2568 3168 moribus
2602 3112 2740 3182 suis,
2769 3113 2978 3184 quibus
3023 3126 3151 3166 eam
3196 3111 3502 3181 pulchram
3542 3103 3765 3167 faciebas,
3788 3104 3828 3153 et

2197 3207 2526 3258 reverenter
2549 3201 2856 3256 amabilem
2879 3205 3051 3272 atque
3073 3198 3405 3255 mirabilem
3422 3197 3556 3252 viro.
3584 3196 3657 3249 Ita
3679 3193 3825 3244 autem

2197 3291 2459 3346 toleravit
2487 3290 2689 3345 cubilis
2716 3289 2978 3361 injurias,
3023 3293 3090 3344 ut
3133 3289 3359 3344 nullam
3403 3287 3472 3342 de
3516 3285 3612 3341 hac
3653 3296 3702 3336 re
3730 3290 3824 3332 cum

2198 3379 2405 3435 marito
2425 3379 2930 3451 haberetunquam
2952 3378 3327 3434 simultatem.
3353 3371 3691 3446 Exspectabat
3711 3365 3824 3422 enim

2199 3469 2650 3528 misericordiam
2678 3474 2841 3524 tuam
2870 3485 3044 3541 super
3074 3485 3234 3537 eum,
3268 3474 3333 3524 ut
3358 3467 3416 3522 in
3447 3471 3501 3522 te
3540 3461 3737 3519 credens
3758 3471 3823 3510 ca-

2200 3560 2559 3616 stiﬁcaretur.
2583 3560 2714 3614 Erat
2732 3574 2866 3613 vero
2893 3558 2990 3613 ille
3012 3562 3316 3629 praeterea,
3341 3556 3483 3611 sicut
3499 3543 3824 3609 benevolentia

2201 3648 2541 3722 praecipuus,
2574 3648 2654 3703 ita
2681 3648 2767 3703 ira
2791 3647 3063 3703 fervidus.
3093 3647 3208 3702 Sed
3240 3649 3472 3702 noverat
3502 3643 3614 3698 hac
3636 3652 3734 3694 non
3754 3648 3822 3722 re-

2199 3721 2399 3794 sistere
2452 3738 2599 3793 irato
2654 3737 2797 3798 viro,
2847 3753 2966 3792 non
2995 3740 3222 3792 tantum
3270 3737 3434 3801 facto,
3464 3732 3558 3787 sed
3600 3744 3664 3784 ne
3696 3721 3822 3780 verbo

2200 3827 2434 3899 quidem
2447 3869 2461 3883 .
2489 3827 2516 3881 J
2521 3842 2614 3880 am
2632 3841 2766 3881 vero
2783 3825 3026 3880 refracto
3049 3829 3106 3880 et
3125 3825 3344 3896 quieto,
3363 3837 3488 3877 cum
3505 3818 3822 3899 opportunum

2199 3897 2438 3985 videret,
2469 3915 2752 3970 rationem
2795 3914 2930 3971 facti
2957 3914 3046 3969 sui
3095 3913 3392 3979 reddebat,
3425 3910 3472 3964 si
3492 3909 3625 3964 forte
3655 3903 3732 3958 ille
3755 3897 3822 3951 in-

2202 4003 2616 4061 consideratius
2645 4008 2967 4060 commotus
3017 4004 3223 4058 fuerat.
3276 4000 3546 4070 Denique,
3591 4007 3701 4048 cum
3736 3999 3822 4042 ma-

2201 4099 2382 4150 trona:
2411 4094 2609 4148 multae
2655 4109 2901 4166 quarum
2947 4091 3053 4146 viri
3103 4089 3512 4146 mansuetiores
3553 4075 3821 4166 erant,_p18'

2204 4199 2407 4256 garum
2417 4164 2690 4254 vestigia,
2709 4181 2884 4238 etiam
2904 4181 3280 4237 dehonestata
3289 4179 3426 4235 facie
3446 4173 3700 4248 gererent,
3719 4164 3825 4256 inter

2203 4252 2387 4328 amica
2405 4252 2693 4343 colloquia
2709 4271 2824 4326 illae
2845 4271 3164 4342 arguebant
3187 4269 3520 4323 maritorum
3546 4260 3714 4321 vitam,
3737 4252 3824 4306 haec

2204 4377 2402 4417 earum
2430 4361 2708 4432 linguam,
2739 4359 2917 4415 veluti
2946 4376 3050 4430 per
3073 4359 3269 4430 jocum
3298 4354 3535 4428 graviter
3556 4348 3824 4403 admonens,

2205 4467 2274 4507 ex
2297 4467 2410 4523 quo
2447 4450 2575 4504 illas
2603 4449 2825 4505 tabulas
2852 4465 2978 4521 quae
3007 4445 3455 4502 matrimoniales
3481 4438 3825 4523 vocantur,"r‘€'

2205 4538 2367 4594 citari
2389 4537 2703 4605 audissent,
2735 4542 3014 4610 tanquam
3041 4537 3419 4591 instrumenta
3446 4527 3636 4601 quibus
3655 4513 3826 4574 ancill”3

2204 4627 2366 4682 factm
2407 4631 2612 4690 essent,
2647 4625 2922 4698 deputare
2976 4624 3279 4690 debuisse,-
3329 4617 3558 4692 proinde
3603 4610 3825 4698 ωθωρτθδ

2205 4714 2573 4783 conditionis,
2600 4715 2894 4787 superbire
2913 4715 3184 4770 adversus
3201 4710 3456 4768 dominos
3477 4718 3586 4759 non
3603 4695 3824 4768 oportere.

2205 4805 2467 4875 Cumque
2509 4805 2860 4859 mirarentur
2881 4804 2996 4858 illa;
3025 4803 3267 4857 scientes
3296 4812 3464 4872 quam
3491 4788 3826 4876 ferocemfon‘

2198 4869 2399 4965 jugera
2428 4893 2756 4962 sustineret,
2779 4907 3074 4964 nunquam
3089 4890 3263 4946 fuisse
3278 4869 3547 4944 auditum,
3572 4877 3658 4931 aut
3677 4869 3824 4935 aliquo

2205 4964 2420 5037 indicio
2469 4982 2761 5053 claruisse,
2810 4982 2965 5055 quod
3007 4979 3284 5036 Patricius
3336 4967 3587 5030 ceciderit
3621 4964 3823 5058 p.10?ij

2207 5075 2307 5128 aut
2335 5072 2491 5144 quod
2521 5089 2554 5127 a
2580 5088 2638 5127 se
2666 5040 2912 5127 invicem
2940 5070 3028 5126 vel
3061 5085 3238 5124 unum
3268 5065 3417 5122 diem
3446 5048 3717 5144 domestica
3747 5040 3822 5144 Ῑξξθ

2208 5161 2602 5231 dissenserint,
2655 5165 2710 5216 et
2746 5176 2977 5216 causam
3009 5156 3370 5214 familiariter
3395 5139 3713 5222 quaererent;

2205 5249 2370 5306 cebat
2411 5250 2510 5305 illa
2567 5225 2898 5305 institutum
2935 5264 3126 5315 suum,
3171 5243 3324 5318 quod
3369 5250 3529 5309 supra
3569 5225 3821 5284 memora"

2271 5357 2287 5390 ί
2311 5355 2508 5427 Antpn.
2540 5354 2755 5407 Arnald.
2779 5354 3078 5427 suspicatur
3105 5349 3386 5427 legendum
3403 5354 3526 5401 esse,
3547 5344 3642 5403 Ρθν
3653 5327 3819 5393 W‘

2205 5429 2285 5469 sos
2306 5434 2325 5477 ;
2353 5417 2457 5475 vel,
2477 5432 2576 5482 per
2606 5415 2957 5482 prwpostc-ros
2984 5415 3239 5468 homines.

2275 5482 2296 5515 ²
2323 5481 2384 5528 In
2414 5482 2535 5530 Mss.
2562 5480 2909 5543 Beuigniano,
2945 5479 3062 5532 οιαὶ
3096 5481 3192 5533 tui.

2276 5544 2297 5578 τι
2325 5515 3062 5602 ἴοίίξῗὲεῒιὲὲῗῗόὶῖὰῖῑιᾶὶὲῗ
3096 5515 3192 5533 ”’“

3939 125 3941 229 Ι

3940 1464 3941 1516 ι

3939 1531 3941 1611 4
