4022 6176
114 311 238 361 773

113 427 273 491 Quae
306 422 703 491 observabant,
740 426 989 495 expertas
1035 422 1506 493 gratulabantur;
1549 439 1677 494 qua:
1723 440 1841 478 non

116 516 535 581 observabant,
570 514 832 585 subjectae
866 513 1233 567 vexabantur.

206 609 307 661 ‘20.
346 606 585 658 Socrum
613 602 785 656 etiam
832 619 993 656 suam
1044 602 1229 672 primo
1279 601 1524 655 susurris
1563 601 1840 654 malarum

124 696 473 750 ancillarum
506 693 770 746 adversus
814 708 871 744 se
914 691 1213 755 irritatam,
1249 689 1327 743 sic
1356 690 1486 743 vicit
1533 689 1842 759 obsequiis,

118 799 508 856 perseverans
549 780 851 834 tolerantia
882 785 937 833 et
966 779 1420 844 mansuetudine,
1464 784 1527 831 ut
1556 778 1653 830 illa
1697 778 1845 829 ultro

117 874 257 926 filio
289 888 392 924 suo
428 870 645 924 medias
676 868 902 940 linguas
932 868 1279 921 famularum
1319 865 1608 936 proderet,
1642 864 1847 935 quibus

115 960 290 1014 inter
312 976 370 1012 se
397 964 451 1012 et
472 974 681 1011 nurum
700 974 808 1028 pax
829 955 1137 1010 domestica
1156 955 1511 1018 turbabatur,
1537 957 1849 1021 expeteret-

116 1067 251 1120 que
276 1047 609 1102 vindictam.
636 1047 828 1116 Itaque
851 1049 1221 1115 posteaquam
1239 1043 1349 1105 ille,
1376 1047 1431 1095 et
1451 1040 1850 1095 matriobtem-

116 1154 371 1208 perans,
405 1141 462 1190 et
494 1151 698 1188 curans
740 1133 973 1188 familiae
1013 1132 1393 1204 disciplinam.
1435 1135 1491 1184 et
1533 1126 1851 1183 concordia:

119 1242 385 1280 suorum
432 1224 753 1289 consulens,
801 1222 1057 1293 proditas
1110 1222 1181 1275 ad
1214 1219 1512 1291 prodentis
1550 1216 1851 1272 arbitrium

119 1314 476 1369 verberibus
512 1312 791 1378 coercuit;
839 1310 1105 1381 promisit
1134 1310 1233 1363 illa
1262 1309 1399 1364 talia
1427 1308 1496 1362 de
1528 1323 1585 1360 se
1617 1304 1855 1376 praemia

121 1418 379 1474 sperare
426 1401 653 1467 debere,
710 1414 1090 1471 quatcumque
1140 1399 1207 1453 de
1238 1414 1341 1452 sua
1386 1412 1539 1451 nuru
1566 1394 1692 1457 sibi,
1739 1408 1852 1464 quo

124 1495 416 1563 placeret,
460 1490 597 1544 mali
628 1489 845 1560 aliquid
878 1490 1246 1559 loqueretur:
1286 1486 1557 1555 nullaque
1586 1483 1709 1553 jam
1744 1497 1851 1534 au-

125 1582 336 1648 dente,
359 1578 717 1634 memorabili
738 1577 888 1631 inter
899 1593 957 1632 se
973 1574 1390 1631 benevolentia:
1407 1572 1681 1627 suavitate
1705 1569 1852 1624 vixe-

128 1674 307 1725 runt

212 1763 311 1813 2t.
360 1759 476 1812 Hoc
523 1772 753 1827 quoque
785 1754 865 1809 illi
912 1753 1063 1808 bono
1112 1750 1402 1821 mancipio
1441 1755 1561 1816 tuo,
1595 1748 1656 1803 in
1698 1747 1858 1818 cujus

129 1854 317 1903 utero
368 1863 459 1900 me
528 1844 751 1911 creasti,
804 1846 953 1897 Deus
1015 1859 1199 1908 meus,
1258 1838 1653 1894 misericordia
1708 1853 1855 1904 mea,

132 1954 362 1992 munus
383 1936 595 2007 grande
619 1934 951 1998 donaveras,
978 1932 1133 2003 quod
1155 1931 1306 1984 inter
1323 1928 1659 1983 dissidentes
1683 1932 1855 1995 atque

133 2025 438 2081 discordes
480 2023 762 2095 quaslibet
790 2023 1033 2081 animas,
1068 2020 1166 2073 ubi
1192 2021 1432 2090 poterat,
1464 2021 1581 2071 tam
1608 2032 1665 2069 se
1706 2029 1855 2085 pra:-

132 2116 328 2171 bebat
357 2113 669 2185 paciﬁcam,
694 2116 759 2166 ut
779 2127 911 2166 cum
941 2110 1011 2163 ab
1042 2114 1284 2179 utraque
1315 2108 1496 2161 multa
1524 2106 1593 2159 de
1615 2103 1856 2157 invicem

136 2205 378 2259 audiret
428 2201 806 2269 amarissima,
866 2199 1058 2270 qualia
1116 2198 1259 2251 solet
1310 2198 1565 2249 ernetare
1623 2197 1858 2262 turgens

140 2299 329 2365 atque
361 2292 640 2361 indigesta
668 2288 970 2354 discordia,
1005 2286 1234 2358 quando
1266 2282 1534 2356 praesenti
1561 2281 1758 2334 amicae
1789 2280 1856 2334 de

139 2383 388 2437 absente
407 2381 639 2435 inimica
658 2395 761 2450 per
781 2378 940 2432 acida
962 2374 1243 2446 colloquia
1258 2369 1537 2427 cruditas'
1565 2370 1860 2423 exhalatnr

143 2471 455 2537 odiorum;
503 2468 647 2522 nihil
686 2472 883 2521 tamen
913 2464 1074 2519 alteri
1120 2464 1189 2517 de
1216 2462 1394 2515 altera
1438 2458 1717 2531 proderet,
1750 2455 1860 2510 nisi

148 2560 312 2631 quod
338 2558 406 2612 ad
433 2574 525 2612 eas
544 2554 993 2612 rceonciliandas
1014 2553 1244 2607 valeret.
1271 2548 1860 2604 Parvumhocbonum

149 2649 304 2704 mihi
345 2648 654 2715 videretur,
693 2644 805 2699 nisi
846 2644 1040 2697 turbas
1077 2637 1525 2694 innumerabiles
1563 2634 1735 2688 tristis
1768 2649 1861 2686 ex-

148 2740 402 2809 perirer,
439 2736 629 2790 nescio
671 2751 785 2805 qua
824 2730 1108 2786 horrenda
1146 2727 1472 2799 pestilentia
1500 2727 1863 2794 peccatorum

151 2828 437 2883 latissime
460 2827 826 2897 pervagante,
853 2838 969 2875 non
990 2820 1175 2873 solum
1199 2816 1479 2870 iratorum
1502 2811 1865 2865 inimicorum

152 2917 321 2971 iratis
351 2913 596 2970 inimicis
629 2914 778 2967 dicta
803 2910 1062 2981 prodere,
1089 2906 1185 2961 sed
1216 2904 1390 2959 etiam
1418 2917 1545 2973 qua:
1576 2916 1693 2953 non
1717 2898 1866 2952 dicta

156 3012 297 3062 sunt
313 3005 522 3059 addere
541 3022 555 3073 ;
573 3018 703 3056 cum
732 3003 931 3055 contra
962 2992 1224 3052 homini‘
1244 2994 1499 3047 humano
1518 3002 1721 3059 parum
1741 3003 1865 3040 esse

159 3096 372 3151 debeat
398 3090 725 3147 inimicitias
754 3087 1058 3142 hominum
1096 3100 1200 3138 nec
1239 3081 1485 3137 excitare
1518 3094 1623 3132 nec
1653 3092 1865 3147 augere

162 3186 314 3241 male
348 3180 661 3254 loquendo,
702 3177 813 3232 nisi
855 3193 949 3231 eas
992 3174 1165 3229 etiam
1210 3170 1576 3240 exstinguere
1607 3166 1753 3220 bene
1782 3163 1865 3219 lo-

162 3272 398 3346 quendo
424 3253 733 3335 studuerit;
756 3265 938 3338 qualis
960 3263 1056 3318 illa
1082 3265 1223 3332 erat,
1247 3260 1484 3315 docente
1504 3260 1560 3311 te
1593 3253 1867 3325 magistro

162 3362 371 3418 intimo
397 3360 456 3414 in
489 3358 684 3413 schola
712 3354 981 3427 pectoris.

237 3454 326 3506 2'2.
363 3448 617 3519 Denique
640 3445 809 3500 etiam
833 3444 1020 3497 virum
1050 3456 1217 3495 suum
1236 3439 1359 3510 jam
1388 3436 1449 3491 in
1474 3438 1730 3490 extrema
1757 3430 1871 3485 vita

164 3538 473 3610 temporali
522 3518 644 3607 ejus
691 3535 910 3589 lucrata
951 3534 1035 3586 est
1082 3529 1205 3595 tibi,
1254 3543 1359 3580 nec
1383 3525 1443 3579 in
1469 3541 1534 3578 eo
1556 3524 1677 3594 jam
1716 3518 1871 3575 ﬁdeli

164 3608 387 3699 planxit
416 3624 568 3697 quod
601 3623 660 3677 in
680 3622 937 3676 nondum
964 3617 1119 3673 ﬁdeli
1150 3616 1509 3670 toleraverat.
1539 3613 1665 3665 Erat
1696 3608 1865 3662 etiam

169 3733 334 3771 serva
360 3729 652 3769 servorum
674 3717 927 3766 tuorum.
951 3705 1218 3777 Quisquis
1241 3718 1440 3758 eorum
1462 3703 1695 3754 noverat
1722 3712 1870 3761 eam,

170 3804 421 3859 multum
450 3802 509 3856 in
536 3818 601 3856 ea
642 3798 909 3855 laudabat
947 3800 1005 3850 et
1044 3792 1363 3848 honorabat
1397 3792 1453 3843 et
1482 3785 1755 3857 diligebat
1786 3789 1871 3849 te;

172 3893 312 3966 quia
342 3891 622 3946 sentiebat
640 3885 1006 3961 praesentiam
1032 3889 1192 3938 tuam
1213 3882 1273 3935 in
1303 3878 1470 3933 corde
1490 3877 1634 3948 ejus,
1665 3877 1875 3927 sancta:

173 3979 620 4039 conversationis
658 3977 936 4033 fructibus
977 3972 1234 4028 testibus.
1271 3971 1476 4024 Fuerat
1513 3965 1668 4020 enim
1704 3962 1875 4017 unius

174 4072 285 4126 viri
323 4086 483 4136 uxor,
530 4072 792 4123 mutuam
823 4064 1001 4119 vicem
1038 4058 1372 4133 parentibus
1400 4054 1741 4118 reddiderat,
1775 4052 1876 4106 do-

177 4174 341 4215 mum
381 4174 542 4212 suam
592 4156 683 4227 pie
722 4155 1079 4212 tractaverat,
1120 4148 1179 4203 in
1208 4146 1474 4218 operibus
1517 4141 1679 4197 bonis
1725 4138 1879 4194 testi-

178 4249 443 4304 monium
461 4246 725 4301 habebat.
752 4240 1037 4296 Nutrierat
1050 4237 1218 4303 ﬁlios,
1236 4234 1399 4289 toties
1421 4249 1517 4286 eos
1529 4228 1877 4301 parturiens,

180 4337 407 4409 quoties
436 4336 535 4389 abs
565 4340 618 4389 te
654 4331 879 4388 deviare
906 4327 1195 4383 cernebat.
1227 4326 1519 4378 Postremo
1550 4317 1736 4383 nobis,
1773 4317 1878 4369 Do-

181 4426 359 4491 mine,
392 4423 675 4482 omnibus,
696 4419 833 4491 quia
858 4434 926 4472 ex
949 4430 1190 4471 munere
1221 4415 1321 4466 tuo
1352 4408 1489 4463 sinis
1517 4404 1676 4477 loqui
1704 4404 1881 4458 servis

179 4514 319 4583 tuis,
351 4512 452 4584 qui
482 4516 612 4565 ante
644 4490 1056 4564 dormitionem
1090 4502 1213 4571 ejus
1253 4499 1316 4553 in
1342 4502 1398 4552 te
1430 4496 1545 4567 iam
1575 4490 1882 4548 consociati

180 4581 511 4657 vivebamus
556 4599 825 4669 percepta
866 4590 1049 4663 gratia
1102 4583 1375 4658 Baptismi
1416 4582 1523 4650 tui,
1568 4581 1647 4636 ita
1685 4595 1881 4635 curam

183 4690 377 4763 gessit,
412 4667 574 4760 quasi
621 4700 821 4739 omnes
864 4678 1176 4753 genuisset,
1226 4675 1307 4730 ita
1352 4670 1580 4728 servivit
1616 4667 1778 4741 quasi
1812 4667 1882 4722 ab

182 4778 447 4855 omnibus
475 4776 666 4849 genita
695 4773 921 4829 fuisset.

872 4875 1097 4933 CAPUT
1135 4874 1198 4930 X.

395 4974 731 5044 Colloquium
762 4984 881 5024 cum
911 4970 1085 5021 matre
1113 4963 1179 5018 de
1208 4974 1372 5029 regno
1401 4957 1671 5044 caelorum.

252 5068 342 5122 23.
396 5042 767 5135 Impendente
802 5061 998 5112 autem
1046 5052 1139 5109 die
1180 5067 1292 5124 quo
1338 5066 1407 5103 ex
1452 5047 1567 5135 hac!
1604 5043 1718 5097 vita
1765 5042 1887 5135 erat

181 5156 425 5220 exitura,
478 5168 649 5223 quem
696 5148 848 5203 diem
878 5151 937 5200 tu
964 5159 1223 5211 noveras,
1262 5133 1659 5209 ignorantibus
1688 5128 1885 5195 nobis;

182 5244 543 5317 provenerat,
565 5243 628 5294 ut
648 5238 836 5300 credo,
851 5236 1194 5306 procurante
1216 5234 1270 5284 te
1284 5224 1518 5282 occultis
1540 5220 1655 5275 tuis
1680 5217 1885 5285 modis,

186 5306 251 5388 iit
269 5349 375 5405 ego
406 5335 461 5385 et
480 5306 605 5401 ipsa
624 5327 729 5382 soli
758 5330 1036 5380 staremus
1063 5318 1461 5375 incumbentes
1495 5311 1563 5365 ad
1580 5306 1887 5381 quamdam

249 5493 266 5525 ί
298 5487 451 5553 Apud
480 5487 605 5553 Bad.
636 5484 749 5553 Am.
773 5482 867 5553 Ἐς.
888 5484 940 5552 et
973 5479 1148 5553 plures
1173 5477 1317 5553 illas.3
1338 5468 1657 5553 ςζξιέείζὶςιζε.

248 5554 270 5587 2
293 5527 1319 5613 s'i‘éiégéﬁihhi'iiagiar'jimmemoris
1338 5540 1478 5585 notae
1509 5531 1635 5581 Cdd.
1666 5530 1725 5580 In
1755 5527 1887 5579 Edd.

188 5629 342 5681 porro
372 5608 663 5677 legebatur,
695 5608 875 5661 animo
904 5608 1150 5665 humano.

1646 300 1858 358 LIBER
1896 298 2157 359 NONUS.

3549 309 3656 364 774

1954 424 2281 491 fenestram,
2312 425 2465 479 unde
2494 425 2691 480 hortus
2722 425 2872 480 intra
2908 425 3143 482 domum
3182 445 3311 500 quae
3343 444 3445 484 nos
3472 430 3654 487 habe-

1955 513 2053 567 bat
2081 514 2568 584 prospeetabatur,
2606 515 2723 569 illic
2751 516 2903 586 apud
2938 517 3090 570 Ostia
3118 518 3406 583 Tiberina,
3438 518 3538 571 ubi
3563 535 3653 572 re-

1959 603 2099 657 moti
2115 604 2339 657 aturbis
2353 608 2480 674 post
2504 604 2661 673 longi
2682 604 2901 658 itineris
2923 606 3179 660 laborem
3196 605 3657 660 instaurabamus

1960 709 2059 746 nos
2090 693 2437 763 navigationi
2464 710 2477 746 :
2508 694 2975 764 colloquebamur
2995 710 3129 764 ergo
3161 694 3267 748 soli
3287 694 3447 748 valde
3477 693 3658 748 dulci-

1958 785 2085 848 ter;
2127 788 2183 835 et
2212 782 2501 853 praeterita
2549 782 2956 848 obliviscentes,
2992 782 3050 836 in
3080 801 3146 837 ea
3176 800 3304 854 quas
3350 788 3481 837 ante
3526 787 3661 837 sunt

1960 870 2173 924 extenti
2213 872 2471 939 (Philipp.
2508 887 2586 930 Ill,
2626 874 2727 939 l3),
2753 871 3153 941 quaerebamus
3184 870 3334 925 inter
3373 887 3472 924 nos
3503 870 3658 942 apud

1959 963 2300 1029 praesentem
2333 959 2660 1028 Veritatem,
2692 960 2846 1029 quod
2880 965 2937 1012 tu
2969 976 3049 1027 es,
3080 959 3263 1029 qualis
3288 960 3481 1013 futura
3513 962 3659 1013 esset

1960 1048 2077 1101 vita
2107 1054 2319 1102 aeterna
2364 1052 2711 1114 sanctorum,
2763 1064 2935 1118 quam
2980 1063 3083 1101 nec
3125 1048 3322 1102 oculus
3350 1047 3507 1115 vidit,
3554 1063 3659 1101 nec

1962 1136 2115 1190 auris
2136 1136 2370 1196 audivit,
2391 1153 2495 1190 nec
2522 1137 2581 1190 in
2602 1153 2697 1190 cor
2724 1136 2976 1190 hominis
2996 1136 3249 1190 ascendit
3277 1137 3322 1205 (Ι
3341 1138 3477 1192 Cor.
3501 1153 3557 1201 u,
3578 1135 3657 1206 9).

1964 1226 2073 1280 Sed
2100 1225 2460 1279 inhiabamus
2488 1241 2584 1278 ore
2618 1225 2801 1278 cordis
2830 1225 2890 1278 in
2938 1241 3185 1295 superna
3229 1227 3443 1278 lluenta
3485 1223 3659 1278 fontis

1962 1313 2069 1380 tui,
2122 1314 2297 1367 fontis
2342 1312 2471 1367 vitae
2503 1312 2603 1384 qui
2632 1318 2716 1367 est
2752 1312 2905 1382 apud
2946 1317 3003 1367 te
3032 1314 3202 1385 (Psal.
3240 1329 3405 1379 xxxv,
3452 1314 3560 1382 10),
3596 1316 3660 1365 ut

1966 1402 2101 1457 inde
2158 1418 2261 1473 pro
2305 1406 2475 1472 captu
2527 1405 2716 1479 nostro
2766 1401 2999 1473 aspersi,
3042 1416 3272 1473 quoquo
3314 1402 3485 1456 modo
3536 1417 3660 1455 rem

1967 1496 2187 1547 tantam
2219 1491 2619 1561 cogitaremus.

2038 1583 2126 1636 24.
2161 1582 2417 1651 Cumque
2447 1580 2517 1634 ad
2550 1596 2683 1633 eum
2712 1578 2887 1633 ﬁnem
2909 1594 3097 1632 sermo
3128 1578 3555 1649 perduceretur,
3600 1582 3664 1633 ut

1967 1670 2281 1725 carnalium
2307 1685 2578 1724 sensuum
2608 1668 2906 1723 delectatio
2936 1667 3309 1739 quantalibet,
3341 1667 3400 1721 in
3420 1672 3664 1739 quanta-

1968 1760 2109 1815 libet
2136 1760 2261 1813 luce
2293 1774 2581 1829 corporea,
2617 1774 2737 1828 pra:
2769 1756 2921 1810 illius
2952 1755 3080 1809 vita:
3120 1755 3503 1824 jucunditate,
3550 1772 3665 1810 non

1968 1847 2413 1918 comparatione,
2435 1848 2531 1900 sed
2554 1863 2625 1901 ne
2646 1844 3192 1900 commemoratione
3223 1842 3459 1914 quidem
3488 1844 3666 1915 digna

1967 1937 2259 1991 videretur
2282 1952 2295 2001 ;
2321 1935 2601 2004 erigentes
2617 1950 2721 1988 nos
2738 1931 3060 1987 ardentiore
3088 1932 3294 1985 affectu
3307 1930 3366 1984 in
3392 1929 3664 2000 idipsum,

1967 2023 2491 2097 perambulavimus
2512 2022 2796 2093 gradatim
2812 2025 3009 2075 cuncta
3033 2018 3369 2091 corporalia,
3395 2022 3451 2072 et
3477 2017 3667 2088 ipsum

1968 2115 2195 2180 coelum,
2222 2113 2375 2167 unde
2398 2113 2477 2165 sol
2496 2112 2697 2167 etluna
2723 2116 2777 2165 et
2805 2111 2981 2165 stellas
3011 2111 3205 2164 lucent
3219 2111 3663 2179 surperterram.

1970 2206 2035 2260 Et
2062 2204 2248 2258 adhuc
2271 2201 2711 2257 ascendebamus
2732 2200 2972 2254 interius
3001 2198 3327 2268 cogitando,
3352 2201 3409 2251 et
3426 2196 3663 2266 loquen-

1969 2294 2039 2349 do
2068 2294 2107 2360 ¹,
2140 2297 2196 2347 et
2228 2291 2491 2346 mirando
2523 2307 2696 2360 opera
2716 2293 2813 2343 tua
2836 2305 2849 2355 ;
2875 2293 2931 2342 et
2954 2287 3214 2341 venimus
3244 2285 3305 2339 in
3327 2289 3550 2339 mentes
3566 2299 3669 2337 no-

1971 2387 2136 2447 stras,
2161 2378 2682 2435 ettranscendimus
2712 2394 2826 2446 eas,
2848 2380 2913 2430 ut
2933 2376 3345 2445 attingeremus
3378 2372 3671 2443 regionem

1970 2469 2246 2526 ubertatis
2281 2468 2680 2533 indeﬁcientis,
2710 2465 2810 2520 ubi
2868 2464 3050 2535 pascis
3098 2464 3267 2516 Israel
3297 2462 3357 2515 in
3389 2466 3671 2515 internum

1972 2558 2229 2614 veritatis
2259 2556 2493 2628 pabulo,
2525 2561 2583 2610 et
2615 2555 2713 2609 ubi
2742 2555 2855 2608 vita
2893 2552 3175 2625 sapientia
3221 2556 3325 2616 est,
3358 2567 3462 2620 per
3491 2566 3668 2620 quam

1974 2650 2121 2704 ﬁunt
2148 2646 2341 2701 omnia
2370 2646 2495 2711 ista,
2522 2649 2577 2698 et
2593 2660 2720 2715 qua:
2750 2644 3004 2711 fuerunt,
3036 2647 3093 2695 et
3120 2656 3252 2711 qum
3280 2640 3475 2694 futura
3500 2642 3666 2704 sunt;

1976 2743 2033 2791 et
2061 2738 2185 2807 ipsa
2213 2752 2331 2789 non
2362 2735 2443 2800 ﬁt,
2475 2734 2574 2787 sed
2603 2732 2682 2786 sic
2712 2737 2796 2785 est
2827 2736 2888 2784 ut
2914 2730 3043 2796 fuit,
3071 2733 3127 2783 et
3156 2728 3233 2781 sic
3262 2728 3372 2781 erit
3402 2740 3663 2795 semper;

1977 2827 2117 2898 quin
2147 2824 2336 2896 potius
2361 2822 2555 2887 fuisse,
2588 2825 2643 2875 et
2672 2820 2929 2874 futurum
2953 2833 3075 2871 esse
3108 2831 3223 2869 non
3254 2820 3340 2868 est
3368 2812 3429 2866 in
3460 2829 3548 2879 ea,
3578 2811 3676 2865 sed

1977 2930 2099 2969 esse
2133 2913 2339 2976 solum,
2373 2908 2648 2981 quoniam
2678 2912 2893 2961 aeterna
2933 2910 3058 2959 est:
3095 2918 3229 2957 nam
3272 2901 3446 2956 fuisse
3490 2904 3547 2954 et
3586 2899 3678 2953 fu-

1978 3008 2171 3058 turum
2199 3016 2339 3065 esse,
2372 3014 2491 3052 non
2537 3001 2621 3050 est
2675 3000 2973 3050 aeternum.
3020 2993 3083 3048 Et
3110 2992 3248 3046 dum
3279 2988 3574 3060 loquimur
3620 2991 3679 3041 et

1978 3092 2267 3147 inhiamus
2294 3088 2397 3157 illi,
2430 3085 2720 3156 attigimus
2746 3100 2872 3138 eam
2902 3082 3125 3137 modice
3150 3084 3270 3133 toto
3299 3078 3415 3132 ictu
3447 3074 3633 3131 cordis
3659 3094 3675 3142 ;

1981 3187 2038 3238 et
2064 3178 2472 3251 suspiravimus
2500 3178 2523 3211 ³
2542 3180 2599 3230 et
2625 3172 2966 3245 reliquimus
2995 3170 3077 3225 ibi
3105 3168 3376 3239 religatas
3396 3164 3681 3237 primitias

1980 3271 2236 3343 spiritus,
2270 3272 2328 3323 et
2356 3263 2735 3321 remeavimus
2773 3262 2843 3316 ad
2871 3258 3173 3331 strepitum
3203 3257 3319 3311 oris
3350 3254 3545 3320 nostri,
3580 3252 3681 3308 ubi

1979 3341 2220 3417 verbum
2241 3363 2298 3412 et
2326 3355 2599 3426 incipitur
2627 3357 2684 3408 et
2712 3350 2937 3406 ﬁnitur.
2976 3350 3043 3404 Et
3086 3346 3229 3419 quid
3276 3344 3461 3399 simile
3493 3341 3678 3397 Verbo

1980 3454 2078 3505 tuo
2110 3446 2349 3503 Domino
2380 3448 2596 3510 nostro,
2630 3441 2687 3496 in
2738 3456 2795 3494 se
2840 3434 3203 3511 permanenti
3232 3434 3357 3489 sine
3400 3434 3678 3488 vetustate

1982 3544 2154 3609 atque
2182 3533 2475 3589 innovanti
2504 3530 2696 3587 omnia
2716 3531 2745 3583 ?
2776 3530 2926 3597 (Sep.
2951 3543 3046 3593 vn,
3073 3524 3187 3595 27.)

2053 3605 2142 3679 i5.
2177 3623 2512 3678 Dicebamns
2541 3634 2677 3689 ergo
2703 3634 2715 3671 :
2749 3617 2807 3671 Si
2838 3614 2929 3669 cui
2953 3613 3117 3666 sileat
3157 3609 3441 3665 tumultus
3471 3605 3677 3673 carnis,

1985 3714 2188 3769 sileant
2216 3708 2534 3783 phantasia:
2562 3712 2729 3761 terra:
2759 3708 2815 3758 et
2843 3716 3127 3774 aquarum
3179 3703 3238 3754 et
3282 3696 3448 3764 aeris,
3480 3696 3686 3750 sileant

1986 3808 2042 3860 et
2061 3801 2194 3875 poli,
2230 3805 2286 3854 et
2313 3800 2437 3870 ipsa
2464 3796 2572 3851 sibi
2598 3794 2789 3849 anima
2818 3793 3001 3860 sileat,
3032 3794 3089 3844 et
3122 3791 3372 3843 transeat
3400 3801 3459 3839 se
3480 3801 3597 3839 non
3628 3800 3687 3838 se

1986 3874 2313 3964 cogitando,
2347 3888 2551 3942 sileant
2576 3882 2799 3939 somnia
2825 3886 2882 3937 et
2902 3878 3260 3950 imaginariae
3283 3874 3680 3941 revelationes,

1987 3962 2171 4038 omnis
2191 3980 2391 4050 lingua
2420 3982 2477 4031 et
2501 3990 2671 4029 omne
2687 3972 3009 4044 signum,et
3030 3965 3315 4040 quidquid
3338 3962 3688 4019 transeundo

1988 4073 2073 4139 ﬁt,
2105 4070 2152 4125 si
2172 4068 2435 4125 cuisileat
2462 4063 2731 4131 omnino;
2750 4059 3025 4132 quoniam
3046 4056 3235 4129 siquis
3248 4053 3464 4116 audiat,
3491 4052 3692 4107 dicunt

1988 4163 2111 4217 haec
2136 4157 2349 4223 omnia,
2384 4156 2505 4210 Non
2539 4153 2660 4224 ipsa
2698 4167 2801 4204 nos
2829 4148 3087 4214 fecimus,
3122 4146 3223 4199 sed
3269 4142 3405 4197 fecit
3452 4157 3553 4195 nos
3591 4138 3693 4210 qui

1991 4253 2188 4302 manet
2214 4247 2272 4299 in
2303 4248 2582 4299 aeternum
2633 4240 2808 4310 (Psat.
2849 4253 2992 4302 xcxx,
3040 4238 3092 4303 3,
3136 4234 3225 4303 5):
3286 4230 3375 4285 his
3423 4227 3591 4283 dictis
3644 4225 3692 4279 si

1984 4335 2107 4407 jam
2139 4336 2363 4389 taceant
2401 4328 2674 4401 quoniam
2703 4328 3009 4381 erexerunt
3046 4336 3245 4376 aurem
3297 4317 3357 4372 in
3402 4332 3538 4370 eum
3587 4313 3690 4387 qui

1991 4401 2125 4480 fecit
2151 4440 2237 4488 ea,
2269 4427 2325 4477 et
2365 4421 2633 4490 loquatur
2662 4416 2783 4487 ipse
2815 4414 2990 4472 solus,
3023 4426 3138 4464 non
3180 4422 3282 4479 per
3328 4421 3416 4470 ea,
3464 4401 3560 4456 sed
3592 4416 3695 4472 per

1993 4514 2265 4585 seipsum,
2294 4513 2360 4565 ut
2384 4507 2682 4563 audiamus
2712 4503 2946 4558 verbum
2969 4499 3112 4570 ejus,
3143 4511 3262 4551 non
3282 4509 3383 4565 per
3435 4492 3694 4561 linguam

1993 4602 2199 4668 carnis,
2254 4614 2441 4670 neque
2496 4613 2599 4668 per
2648 4609 2844 4650 vocem
2901 4586 3106 4657 angeli,
3158 4600 3262 4639 nec
3307 4598 3412 4653 per
3441 4579 3694 4635 sonitum

1996 4692 2185 4761 nubis,
2205 4706 2308 4744 nec
2336 4704 2439 4759 per
2454 4685 2703 4755 aenigma
2723 4674 3149 4741 similitudinis;
3180 4672 3279 4727 sed
3299 4670 3489 4743 ipsum
3521 4684 3695 4740 quem

1996 4782 2056 4837 in
2084 4759 2180 4835 his
2202 4793 2480 4843 amamus,
2511 4776 2699 4845 ipsum
2729 4770 2849 4823 sine
2877 4766 2964 4820 his
3002 4763 3327 4829 audiamus,
3371 4759 3517 4814 sicut
3544 4773 3698 4813 nunc

1996 4869 2356 4927 extendimus
2412 4881 2536 4931 nos,
2594 4865 2651 4916 et
2695 4856 2897 4929 rapida
2950 4852 3295 4924 cogitatione
3347 4846 3645 4919 attigimus
3677 4849 3698 4880 ⁸

1997 4966 2267 5017 internum
2294 4952 2647 5025 Sapientiam
2676 4962 2849 5019 super
2877 4943 3073 5000 omnia
3102 4943 3431 4996 manentem
3457 4954 3472 5006 ;
3496 4936 3544 4990 si
3572 4950 3696 4990 con-

1997 5051 2252 5106 tionetur
2302 5046 2431 5107 hoc,
2487 5045 2542 5096 et
2588 5036 2997 5093 subtrahantur
3053 5031 3182 5086 alia:
3230 5029 3483 5084 visiones
3529 5026 3699 5094 longe

1996 5137 2233 5210 imparis
2261 5131 2506 5205 generis,
2527 5133 2584 5183 et
2607 5128 2728 5181 hinc
2755 5141 2868 5179 una
2894 5123 3081 5195 rapiat
3109 5127 3166 5176 et
3186 5119 3490 5175 absorbent
3519 5116 3577 5167 et
3604 5127 3699 5209 re-

2000 5198 2207 5283 coridat
2233 5198 2294 5278 in
2322 5219 2595 5276 interiora
2624 5214 2832 5288 gaudia
2858 5216 3229 5285 spectatorem
3250 5220 3439 5269 suum,
3471 5206 3537 5256 ut
3564 5198 3700 5288 talis

2002 5317 2074 5372 sit
2111 5312 2457 5385 sempiterna
2486 5308 2619 5374 vita,
2639 5287 2818 5378 quale
2847 5302 2957 5358 fuit
2985 5302 3093 5356 hoc
3122 5298 3481 5353 momentum
3530 5287 3701 5343 intel-

2069 5461 2081 5489 ¹
2115 5459 2267 5513 Lov.,
2306 5448 2572 5515 loquendo
2595 5450 2661 5499 te.
2686 5446 2921 5515 Abestte
2949 5459 2979 5493 a
3012 5434 3401 5500 manuscriptis.

2064 5523 2085 5557 2
2106 5522 2227 5569 Mss.
2254 5510 2433 5574 Certi,
2458 5526 2616 5563 suum
2649 5510 3000 5573 spirat-imus.
3060 5567 3073 5574 _
3092 5565 3136 5574 η
3205 5566 3213 5574 ι
3278 5572 3286 5574 Α

2065 5553 2328 5657 33.3135:
2335 5553 3078 5640 fcit.'&1iiiniﬁar'iiss;"apud
3090 5557 3608 5623 Mart.,attingtmus.
3630 5553 3699 5607 Μ.
