4058 6174
415 319 520 370 7'75

411 437 684 510 ligentiac,
717 435 809 490 cui
864 433 1309 506 suspiravimus;
1343 447 1531 487 nonne
1575 432 1682 484 hoc
1711 435 1815 499 est,
1865 433 2017 483 Intra
2047 431 2107 482 in

411 527 675 596 gaudium
742 527 956 579 Domini
1015 524 1138 578 tui?
1191 523 1411 593 (Matth.
1486 537 1611 588 xxv,
1664 519 1775 589 2|).
1838 520 1902 572 Et
1955 518 2106 572 istud

411 613 691 686 quando?
720 615 808 667 An
837 629 967 667 cum
995 628 1194 665 omnes
1225 625 1608 680 resurgemus,
1643 609 1739 662 sed
1771 624 1884 662 non
1908 623 2108 661 omnes

414 702 856 759 immutabimur
880 703 908 756 ?
931 703 976 770 (Ι
1001 703 1116 757 Cor.
1141 717 1230 765 xv,
1265 703 1321 753 51
1339 702 1378 769 .)

480 796 569 848 26.
603 791 870 847 Dicebam
891 792 1026 844 talia
1046 788 1206 855 ‘,etsi
1237 805 1352 842 non
1382 787 1488 841 isto
1511 787 1683 841 modo
1713 784 1868 839 ethis
1898 781 2105 844 verbis,

410 887 623 948 tamen,
660 869 921 946 Domine,
952 883 1014 932 tu
1045 878 1152 931 scis
1189 876 1340 948 quod
1390 876 1486 929 illo
1535 875 1646 941 die,
1698 889 1828 927 cum
1857 873 1994 926 talia
2021 872 2108 925 lo-

411 986 742 1043 queremur,
774 972 829 1022 et
855 967 1105 1022 mundus
1126 966 1230 1020 iste
1252 964 1420 1018 nobis
1449 963 1598 1018 inter
1624 963 1794 1016 verba
1816 961 2112 1015 vilesceret

413 1077 544 1115 cum
569 1059 835 1115 omnibus
873 1055 1343 1112 delectationibus
1370 1055 1505 1119 suis,
1537 1059 1673 1108 tunc
1691 1053 1769 1106 ait
1799 1053 1929 1105 illa:
1981 1053 2108 1116 Fili,

413 1155 676 1220 quantum
698 1149 772 1202 ad
792 1163 871 1201 me
891 1149 1102 1210 attinet,
1124 1147 1277 1199 nulla.
1301 1145 1420 1213 jam
1448 1159 1504 1196 re
1525 1143 1752 1196 delector
1771 1144 1826 1195 in
1854 1142 1952 1194 hac
1973 1142 2107 1194 cita.

412 1239 559 1306 Quid
587 1240 672 1293 hic
697 1240 904 1305 faciam
935 1236 1132 1302 adhuc,
1166 1239 1214 1288 et
1244 1250 1341 1287 cur
1370 1235 1456 1286 hic
1485 1235 1587 1286 sim
1623 1235 1816 1298 nescio,
1850 1231 1964 1300 iam
1989 1245 2111 1283 con-

413 1332 630 1398 sumpta
650 1342 742 1396 spe
762 1326 934 1394 hujus
960 1325 1143 1379 saeculi
1155 1366 1166 1378 .
1204 1326 1375 1376 Unum
1398 1326 1514 1375 erat
1534 1319 1909 1390 proPterquod
1926 1321 1983 1372 in
2009 1319 2111 1371 hac

413 1421 533 1472 vita
559 1417 901 1485 aliquantum
929 1414 1213 1467 immorari
1241 1411 1538 1480 cupiebam,
1578 1415 1638 1464 ut
1681 1414 1728 1464 te
1757 1409 2115 1463 christianum

417 1505 742 1560 catholicum
783 1503 1042 1568 viderem,
1087 1503 1414 1570 priusquam
1466 1513 1716 1553 morerer.
1779 1498 2114 1554 Cumulatius

420 1595 516 1648 hoc
564 1594 701 1646 mihi
740 1594 874 1645 Deus
903 1605 1050 1644 meus
1073 1591 1356 1659 praestitit,
1388 1593 1447 1642 ut
1488 1593 1536 1641 te
1581 1589 1761 1653 etiam,
1816 1589 2115 1655 contempta

417 1683 682 1749 felicitate
746 1685 976 1746 terrena,
1053 1693 1267 1733 servum
1333 1677 1449 1745 ejus
1504 1676 1758 1732 videam:
1831 1673 1965 1744 quid
2029 1675 2116 1728 hic

418 1771 566 1837 facio
583 1768 612 1823 ?

1105 1855 1330 1909 CAPUT
1362 1855 1449 1909 XI.

858 1946 933 2000 De
957 1946 1151 1999 ecstasi
1178 1950 1228 1998 ct
1256 1949 1424 1998 morte
1454 1943 1664 1997 matris.

487 2035 584 2090 27.
621 2033 706 2088 Ad
737 2033 860 2088 haec
885 2032 936 2087 ei
974 2032 1108 2104 quid
1153 2031 1571 2102 responderim,
1595 2046 1711 2085 non
1741 2029 1876 2085 satis
1907 2029 2113 2084 recolo.

420 2123 563 2178 Cum
591 2122 811 2177 interea
841 2122 931 2176 vix
962 2121 1113 2176 intra
1156 2122 1412 2192 quinque
1457 2121 1599 2190 dies,
1639 2123 1737 2174 aut
1777 2136 1893 2174 non
1935 2120 2116 2173 multo

419 2211 666 2282 amplius
698 2210 968 2266 decubuit
992 2210 1264 2265 febribus.
1297 2211 1510 2264 Etcum
1525 2213 1846 2279 aegrotaret,
1869 2208 2117 2280 quodam

422 2299 513 2354 die
546 2299 831 2354 defectum
862 2298 1068 2354 animae
1097 2314 1262 2369 passa
1284 2303 1388 2364 est,
1422 2301 1475 2351 et
1500 2297 1800 2368 paululum
1833 2297 2119 2350 subtracta

420 2403 453 2440 a
483 2387 882 2458 praesentibus.
917 2387 1031 2440 Nos
1057 2385 1470 2441 concurrimus.
1505 2385 1599 2440 sed
1635 2383 1748 2439 cito
1780 2384 2007 2440 reddita
2037 2387 2121 2438 est

421 2475 635 2544 sensui,
669 2480 724 2530 et
742 2475 964 2547 aspexit
992 2479 1240 2528 astantes
1268 2491 1360 2528 me
1384 2478 1440 2528 ct
1459 2473 1693 2528 fratrem
1719 2489 1934 2534 meum,
1963 2477 2018 2526 et
2043 2473 2121 2527 ait

420 2564 586 2620 nobis
615 2565 778 2636 quasi
807 2563 1086 2636 quaerenti
1123 2561 1324 2616 similis
1349 2579 1361 2616 :
1413 2563 1514 2615 Ubi
1540 2578 1685 2616 m'am
1709 2565 1737 2615 ?
1776 2561 1987 2616 Deinde
2017 2577 2120 2615 nos

420 2652 650 2707 intuens
669 2668 914 2706 mcerore
944 2650 1211 2706 attonitos
1235 2666 1249 2704 :
1283 2652 1496 2705 Ponctis
1524 2652 1628 2717 hic,
1663 2649 1869 2721 inquit,
1893 2655 2120 2704 matrem

419 2741 699 2798 vestram?
748 2743 864 2812 Ego
917 2740 1174 2806 silebam,
1216 2743 1272 2794 et
1309 2740 1511 2794 ﬂetum
1553 2739 1870 2794 frenabam.
1927 2740 2120 2794 Frater

419 2834 614 2885 autem
635 2846 796 2885 meus
815 2829 1087 2902 quiddam
1100 2831 1319 2883 locutus
1340 2834 1444 2898 est,
1459 2845 1573 2900 quo
1587 2845 1712 2882 eam
1731 2845 1846 2882 non
1856 2843 2117 2898 peregre,

419 2920 519 2976 sed
548 2921 608 2975 in
638 2919 824 2992 patria
851 2919 1088 2990 defungi
1117 2922 1392 2989 tanquam
1434 2918 1652 2972 felicius
1698 2923 1938 2988 optaret.
1995 2917 2118 2981 Quo

417 3011 634 3076 audito,
683 3009 782 3063 illa
815 3010 975 3064 vultu
1013 3008 1181 3062 anxio
1203 3008 1573 3062 reverberans
1605 3023 1739 3062 eum
1767 3006 1946 3061 oculis
1964 3007 2119 3078 quod

420 3098 560 3153 talia
584 3093 829 3168 saperet,
859 3101 1029 3168 atque
1060 3097 1194 3151 inde
1226 3113 1316 3150 me
1345 3096 1572 3152 intuens
1597 3113 1610 3150 :
1648 3096 1803 3164 Vide,
1831 3095 1930 3166 ait,
1984 3096 2121 3165 quid

421 3187 579 3242 dicit.
609 3188 673 3241 Et
696 3202 827 3240 mox
858 3186 1138 3240 ambobus
1163 3188 1392 3253 :Ponite,
1422 3185 1630 3257 inquit,
1657 3186 1751 3240 hoc
1776 3201 1969 3255 corpus
1998 3186 2118 3239 ubi-

421 3290 682 3343 cumque;
713 3275 855 3328 nihil
899 3289 991 3329 vos
1041 3275 1158 3343 ejus
1210 3291 1343 3329 cura
1387 3276 1696 3340 conturbet;
1742 3279 1951 3328 tantum
1979 3273 2120 3328 illud

419 3379 513 3418 vos
541 3379 688 3432 rogo,
747 3368 806 3418 ut
859 3364 934 3417 ad
981 3366 1198 3418 Domini
1249 3365 1423 3418 altare
1470 3366 1820 3418 memineritis
1870 3366 1976 3417 mei
2025 3363 2121 3417 ubi

419 3455 661 3520 fueritis.
715 3452 972 3524 Cumque
1002 3453 1146 3507 hanc
1176 3453 1517 3507 sententiam
1547 3452 1735 3506 verbis
1785 3452 1991 3523 quibus
2018 3468 2120 3522 po-

419 3546 564 3597 terat
591 3541 949 3613 explicasset,
1005 3541 1315 3608 conticuit;
1348 3546 1406 3596 et
1451 3541 1877 3611 ingravescente
1918 3539 2118 3594 morbo

420 3632 811 3688 exercebatur.

488 3722 578 3774 28.
612 3721 726 3790 Ego
757 3736 891 3774 vero
935 3719 1193 3790 cogitans
1246 3719 1396 3774 dona
1432 3722 1549 3783 tua,
1593 3719 1740 3772 Deus
1792 3716 2113 3784 invisibilis,

419 3823 549 3878 quae
577 3807 814 3862 immitis
841 3808 903 3862 in
932 3809 1102 3862 corda
1130 3808 1387 3862 fidelium
1416 3812 1666 3874 tuorum,
1689 3811 1746 3861 et
1771 3807 2122 3878 proveniunt

420 3895 555 3950 inde
583 3896 776 3965 fruges
806 3894 1168 3950 admirabiles
1191 3912 1204 3961 ;
1239 3896 1559 3965 gaudebam
1572 3900 1629 3949 et
1648 3895 1860 3965 gratias
1878 3896 2119 3966 agebam

420 3982 547 4050 tibi,
579 3983 837 4037 recolens
883 3983 1039 4052 quod
1092 3999 1382 4050 noveram,
1440 3986 1653 4053 quanta
1706 3999 1841 4037 cura
1894 4000 2121 4054 semper

423 4075 720 4126 eestuasset
746 4071 815 4125 de
849 4071 1110 4142 sepulcro
1141 4071 1294 4142 quod
1326 4071 1432 4125 sibi
1463 4071 1789 4142 providerat
1818 4077 1876 4126 et
1898 4088 2118 4143 pracpa-

419 4165 644 4216 raverat
687 4160 848 4232 juxta
881 4176 1090 4232 corpus
1113 4160 1220 4214 viri
1251 4160 1358 4216 sui.
1393 4160 1537 4225 Quia
1580 4159 1737 4215 enim
1771 4160 1929 4216 valde
1983 4177 2118 4215 con-

420 4249 668 4305 corditer
697 4249 976 4317 vixerant,
1031 4249 1090 4304 id
1141 4248 1315 4303 etiam
1359 4249 1604 4318 volebat,
1657 4253 1723 4303 ut
1776 4253 1861 4304 est
1893 4247 2120 4302 animus

419 4339 708 4394 humanus
763 4337 954 4392 minus
993 4353 1166 4409 capax
1203 4337 1528 4393 divinorum
1570 4338 1807 4409 adjungi
1835 4338 1904 4392 ad
1960 4337 2119 4391 illam

417 4427 767 4494 felicitatem,
798 4435 854 4481 et
877 4426 1319 4481 commemorari
1338 4427 1408 4481 ab
1420 4426 1776 4489 hominibus,
1790 4441 2120 4481 concessum

420 4515 529 4570 sibi
559 4533 678 4570 esse
708 4520 838 4587 post
865 4515 1307 4571 transmarinam
1335 4515 1882 4587 peregrinationem,
1903 4520 1967 4569 ut
1985 4530 2120 4568 con-

415 4605 615 4674 juncta
665 4609 818 4659 terra
873 4606 1174 4660 amborum
1228 4606 1539 4675 conjugum
1601 4608 1753 4658 terra
1805 4608 2116 4674 tegeretur.

421 4693 661 4758 Quando
692 4698 886 4749 autem
910 4694 1017 4749 ista
1044 4693 1292 4748 inanitas
1319 4692 1676 4765 plenitudine
1708 4692 1980 4747 bonitatis
2005 4696 2120 4747 tuae

421 4785 670 4851 cmperat
698 4781 758 4835 in
788 4783 909 4853 ejus
939 4783 1108 4838 corde
1137 4799 1257 4837 non
1295 4799 1436 4850 esse,
1468 4781 1812 4841 nesciebam.
1861 4786 1920 4837 et
1964 4783 2121 4836 laeta-

421 4867 526 4924 bar
553 4868 844 4924 admirans
874 4871 1027 4941 quod
1057 4871 1137 4925 sic
1182 4869 1325 4924 mihi
1350 4869 1669 4941 aperuisset
1701 4867 1757 4938 ²;
1789 4886 2120 4942 quanquam

422 4961 478 5012 et
507 4957 567 5012 in
593 4957 694 5011 illo
725 4973 987 5012 sermone
1017 4962 1212 5014 nostro
1239 4960 1309 5014 ad
1328 4958 1640 5013 fenestram
1662 4974 1790 5012 cum
1815 4958 1971 5026 dixit,
1999 4961 2122 5014 Jam

421 5047 559 5116 quid
571 5047 659 5101 hic
669 5049 816 5114 facio
833 5033 1000 5102 ?’non
1016 5048 1282 5120 apparuit
1294 5047 1617 5102 desiderare
1649 5047 1709 5102 in
1738 5047 1924 5118 patria
1950 5047 2119 5104 mori.

417 5135 628 5191 Audivi
659 5135 833 5190 etiam
870 5140 1087 5206 postea,
1133 5137 1289 5208 quod
1314 5137 1436 5208 jam
1483 5153 1615 5192 cum
1647 5137 1816 5192 Ostiis
1847 5152 2119 5205 essemus,

419 5240 549 5281 cum
583 5223 928 5297 quibusdam
959 5224 1158 5279 amicis
1175 5225 1316 5280 meis
1343 5229 1602 5281 materna
1619 5225 2123 5298 ﬁduciacolloque-

483 5405 506 5473 ξ
521 5403 683 5473 yart.
721 5415 841 5473 cum
871 5403 1099 5473 quatuor
1127 5401 1280 5461 Mss.,
1306 5399 1627 5473 dicebamus
1657 5399 1909 5473 (aliaalii.

485 5465 603 5514 ’Sic
618 5466 742 5514 Arn.
773 5468 826 5514 et
843 5460 1044 5527 aliquot
1061 5477 1125 5527 ex
1160 5460 1439 5527 praecipuis
1464 5464 1616 5527 Mss.;
1653 5467 1706 5512 at
1731 5461 1858 5527 Bad.
1895 5460 2119 5527 Am.__Er.

424 5527 571 5584 Lov.,
597 5525 956 5591 apparuisset.
975 5552 1035 5591 τ
1052 5526 1135 5576 Sic
1151 5525 1308 5576 etiam
1332 5525 1499 5576 Rond.
1523 5538 1642 5576 cum
1676 5529 1725 5576 ll
1751 5525 1873 5576 Mss.
1905 5529 1956 5576 et
1980 5525 2116 5575 Flor.

424 5601 544 5638 cum
575 5589 792 5640 totidem
818 5591 941 5640 Mss.
976 5589 1044 5639 M.

1624 305 1952 362 CONFESSI
1965 304 2164 361 ONUM
2207 303 2260 359 S.
2306 303 2686 359 AUGI'STINI
2699 343 2711 356 .
3783 312 3860 359 77b

2219 429 2388 483 batur
2417 428 2665 499 quodam
2705 425 2798 482 die
2843 424 2912 481 de
2937 429 3267 497 contemptu
3313 426 3439 481 vitta
3464 428 3626 499 hujus
3665 435 3715 485 et
3741 431 3864 486 bono

2219 518 2437 586 mortis,
2471 518 2570 572 ubi
2599 517 2718 588 ipse
2740 533 2853 570 non
2874 515 3134 581 aderam;
3161 515 3383 586 illisque
3411 518 3751 586 stupentibus
3776 520 3864 574 vir-

2217 612 2396 662 tutem
2430 607 2677 673 feminae,
2711 622 2885 677 quam
2911 610 2971 660 tu
3015 605 3250 658 dederas
3295 605 3368 670 ei,
3414 608 3865 679 quaerentibusque

2216 701 2410 750 utrum
2435 713 2549 750 non
2570 696 2902 750 formidaret
2928 700 3046 748 tam
3080 695 3247 763 longe
3278 709 3306 748 a
3331 711 3434 748 sua
3461 694 3670 750 civitate
3697 713 3869 767 corpus

2217 785 2580 856 relinquere:
2620 783 2793 852 Nihil,
2826 783 3032 853 inquit,
3066 783 3218 849 longe
3246 787 3323 836 est
3363 785 3494 851 Deo;
3523 799 3684 852 neque
3710 788 3866 838 timen-

2219 875 2347 929 dum
2373 880 2449 928 est
2477 890 2542 927 ne
2573 875 2663 928 ille
2687 889 2794 927 non
2823 877 3080 939 agnoscat
3111 875 3168 926 in
3186 872 3297 941 fine
3324 874 3525 938 szeculi,
3558 874 3690 927 unde
3716 889 3787 926 me
3811 890 3869 927 rc-

2219 966 2456 1018 suscitet.
2485 963 2637 1032 Ergo
2682 961 2774 1016 die
2802 977 2953 1015 nono
2982 961 3340 1031 (egritudinis
3381 977 3517 1027 sum,
3565 961 3870 1033 quinquage-

2221 1052 2362 1106 simo
2394 1057 2450 1105 et
2497 1056 2650 1106 sexto
2694 1067 2843 1105 anno
2883 1050 3067 1104 mtatis
3116 1066 3255 1116 suae,
3305 1050 3598 1120 trigesimo
3641 1056 3693 1105 et
3737 1051 3869 1105 tertio

2222 1140 2403 1195 astatis
2439 1156 2583 1195 mea:
2621 1140 2719 1211 (a),
2763 1138 2954 1194 anima
2986 1139 3083 1193 illa
3127 1138 3397 1210 religiosa
3441 1143 3498 1194 et
3543 1139 3634 1210 pia
3675 1155 3868 1210 corpore

2223 1229 2408 1283 soluta
2435 1233 2537 1283 est.

2885 1315 3109 1370 CAPUT
3146 1315 3257 1368 XII.

2330 1404 2598 1471 Quomodo
2625 1405 2824 1459 luxerit
2848 1408 3068 1458 mortem
3097 1405 3309 1458 matris.
3346 1402 3680 1474 Sacriﬁcium
3707 1420 3790 1474 pro

2924 1493 3217 1560 defunctis.

2294 1587 2382 1639 29.
2418 1583 2750 1638 Premebam
2796 1583 2986 1638 oculos
3033 1583 3177 1653 ejus,
3223 1586 3280 1637 et
3326 1581 3643 1637 conﬂuebat
3668 1582 3722 1636 in
3755 1598 3866 1652 pra!-

2225 1672 2417 1726 cordia
2439 1688 2565 1725 mea
2586 1671 2910 1726 moestitudo
2932 1670 3156 1742 ingens,
3187 1677 3244 1726 et
3261 1670 3630 1726 transfluebat
3656 1671 3710 1725 in
3735 1671 3868 1740 lacry-

2225 1777 2375 1828 mas;
2403 1761 2733 1831 ibidemque
2761 1760 2910 1814 oculi
2939 1761 3053 1814 mei
3085 1760 3334 1814 violento
3362 1759 3540 1814 animi
3565 1760 3781 1830 imperio
3807 1775 3868 1812 re-

2225 1853 2531 1908 sorbebant
2559 1854 2778 1908 fontem
2801 1869 2968 1906 suum
2989 1869 3168 1923 usque
3191 1853 3262 1906 ad
3293 1852 3620 1918 siccitatem,
3648 1857 3697 1907 et
3722 1852 3772 1906 in
3792 1851 3865 1906 tali

2225 1943 2535 1998 luctamine
2559 1943 2720 1998 valde
2749 1942 2896 1996 male
2929 1942 3069 1995 mihi
3098 1945 3237 1997 erat.
3260 1943 3407 1996 Tum
3429 1958 3558 1996 vero
3585 1942 3675 1996 ubi
3702 1940 3866 1995 efﬂavit

2226 2037 2547 2086 extremum
2585 2029 2911 2102 spiritum‘,
2952 2047 3098 2102 puer
3134 2031 3458 2086 Adeodatus
3499 2029 3796 2085 exclamavit
3822 2027 3864 2081 in

2225 2120 2540 2191 planctum,
2582 2124 2752 2191 atque
2782 2119 2852 2174 ab
2883 2119 3150 2174 omnibus
3189 2119 3361 2174 nobis
3401 2119 3668 2173 coercitus
3702 2117 3857 2172 tacuit.

2229 2210 2344 2263 Hoc
2371 2210 2543 2264 modo
2570 2209 2743 2263 etiam
2769 2225 2961 2262 meum
2984 2208 3258 2280 quiddam
3280 2208 3504 2279 puerile
3525 2207 3670 2280 quod
3695 2205 3864 2260 labeba-

2226 2301 2322 2352 tur
2350 2298 2409 2352 in
2440 2300 2606 2352 ﬂetus
2627 2297 2872 2369 juvenili
2899 2314 3031 2352 voce
3061 2297 3269 2364 cordis,
3305 2298 3665 2352 coercebatur
3689 2301 3862 2350 ettace-

2227 2387 2344 2443 bat.
2394 2389 2586 2459 Neque
2635 2386 2790 2440 enim
2847 2387 3044 2441 decere
3087 2385 3514 2440 arbitrabamur
3558 2385 3713 2439 funus
3761 2381 3864 2436 illud

2228 2475 2525 2547 questibus
2563 2475 2890 2546 lacrymosis
2932 2474 3359 2546 gemitibusque
3397 2472 3738 2540 celebrare”;
3766 2469 3864 2541 quia

2227 2563 2314 2618 his
2344 2565 2684 2635 plerumque
2709 2564 2851 2618 solet
2877 2563 3163 2633 deplorari
3201 2563 3472 2634 quaedam
3518 2559 3732 2615 miseria
3769 2574 3860 2612 mo-

2227 2654 2522 2721 rientium,
2555 2657 2654 2709 aut
2686 2653 2848 2724 quasi
2891 2651 3218 2707 omnimodo
3249 2651 3570 2706 exstinctio.
3601 2654 3667 2705 At
3688 2649 3768 2703 illa
3791 2663 3864 2702 nec

2228 2743 2434 2798 misere
2472 2743 2843 2809 moriebatur,
2885 2757 2988 2796 nec
3021 2741 3257 2796 omnino
3303 2741 3659 2796 moriebatur.
3699 2740 3790 2793 Hoc
3826 2740 3865 2790 et

2228 2832 2583 2887 documentis
2612 2847 2839 2886 morum
2869 2831 3010 2903 ejus,
3035 2835 3092 2886 et
3124 2830 3236 2885 tide
3261 2847 3384 2886 non
3414 2831 3561 2898 ﬁcta,
3588 2827 3864 2884 rationibus-

2229 2938 2340 2992 que
2370 2921 2536 2976 certis
2563 2920 2922 2976 tenebamus.

2301 3014 2387 3066 30.
2418 3009 2566 3075 Quid
2595 3026 2730 3081 ergo
2762 3014 2880 3064 erat
2898 3009 3048 3080 quod
3076 3007 3229 3062 intus
3248 3007 3401 3062 mihi
3423 3007 3657 3080 graviter
3673 3002 3862 3064 dolebat,

2226 3100 2336 3156 nisi
2366 3117 2434 3154 ex
2462 3099 2874 3154 consuetudine
2907 3097 3078 3152 simul
3100 3097 3334 3152 vivendi
3364 3097 3677 3152 dulcissima
3702 3098 3747 3147 et
3769 3092 3863 3144 cha-

2228 3188 2454 3243 rissima
2495 3193 2730 3258 repente
2778 3186 3035 3257 disrupta
3069 3186 3277 3240 vulnus
3325 3184 3561 3240 recens?
3598 3179 3865 3238 Gratulabar

2231 3277 2465 3348 quidem
2497 3275 2826 3330 testimonio
2851 3275 2992 3345 ejus,
3022 3274 3178 3345 quod
3205 3273 3267 3327 in
3297 3291 3365 3328 ea
3393 3274 3513 3346 ipsa
3541 3273 3720 3327 ultima
3745 3265 3865 3336 agri-

2229 3365 2447 3432 tudine,
2480 3363 2766 3434 obsequiis
2795 3363 2938 3417 meis
2963 3362 3440 3432 interblandiens,
3481 3359 3768 3432 appellabat
3798 3368 3863 3408 me

2228 3453 2410 3526 pium,
2468 3457 2524 3507 et
2580 3452 3067 3506 commemorabat
3115 3451 3326 3522 grandi
3373 3449 3676 3506 dilectionis
3709 3445 3864 3500 affectu

2230 3557 2526 3614 nunquam
2557 3557 2613 3596 se
2636 3539 2858 3595 audisse
2889 3557 2956 3594 ex
2986 3556 3085 3594 ore
3116 3555 3244 3594 meo
3296 3540 3605 3611 jaculatum
3650 3537 3701 3590 in
3725 3549 3772 3587 se
3792 3531 3864 3585 du-

2229 3647 2357 3686 rum
2379 3635 2476 3684 aut
2495 3628 2977 3685 contumeliosum
2999 3645 3204 3682 sonum
3227 3627 3268 3681 ³.
3300 3629 3409 3684 Sed
3431 3634 3614 3682 tamen
3633 3624 3748 3697 quid
3767 3619 3861 3679 tale.

2229 3721 2377 3775 Deus
2407 3735 2584 3782 meus,
2617 3719 2716 3790 qui
2745 3717 2925 3772 fecisti
2952 3733 3076 3784 nos,
3107 3717 3245 3788 quid
3273 3716 3650 3789 comparabile
3671 3709 3862 3768 habebat

2228 3809 2412 3864 honor
2439 3825 2472 3862 a
2500 3823 2592 3862 me
2614 3807 2834 3862 delatus
2863 3805 2967 3874 illi,
3001 3811 3057 3862 et
3085 3806 3329 3861 servitus
3359 3808 3430 3862 ab
3459 3806 3554 3860 illa
3580 3801 3738 3859 mihi?
3756 3799 3858 3863 Quo-

2227 3899 2383 3953 niam
2413 3897 2605 3968 itaque
2644 3896 2950 3950 deserebar
2989 3900 3107 3950 tam
3135 3912 3350 3968 magno
3381 3897 3504 3967 ejus
3541 3891 3736 3956 solatio,
3767 3899 3859 3939 sau-

2229 3986 2485 4041 ciabatur
2525 3984 2721 4039 anima
2753 3999 2902 4050 mea,
2932 3987 2989 4038 et
3021 3983 3185 4054 quasi
3215 3985 3598 4039 dilaniabatur
3621 3980 3738 4044 vita,
3764 3988 3858 4047 qua!

2227 4089 2344 4130 una
2368 4073 2512 4128 facta
2538 4077 2662 4127 erat
2689 4089 2751 4126 ex
2779 4088 2907 4126 mea
2936 4076 2990 4125 et
3018 4071 3198 4126 illius.

2301 4165 2388 4218 3t.
2417 4160 2678 4217 Cohibito
2708 4177 2844 4232 ergo
2875 4177 2908 4214 a
2937 4161 3077 4214 fletu
3105 4160 3202 4215 illo
3231 4177 3436 4232 puero,
3467 4156 3771 4216 Psalterium
3795 4163 3859 4203 ar-

2228 4251 2408 4324 ripuit
2443 4250 2711 4317 Evodius,
2750 4254 2806 4304 et
2847 4253 3073 4304 cantare
3122 4251 3299 4320 coepit
3344 4253 3652 4321 psalmum;
3691 4242 3766 4298 cui
3796 4253 3860 4292 re-

2229 4340 2652 4412 spondebamus
2673 4338 2859 4393 omnis
2881 4339 3118 4393 domus:
3143 4341 3570 4394 Misericordiam
3591 4341 3636 4391 et
3643 4331 3862 4406 judicium

2228 4411 2452 4484 cantabo
2496 4429 2616 4494 tibi,
2669 4430 2888 4482 Domine
2922 4427 3090 4496 (Psal.
3136 4444 3186 4495 c,
3224 4429 3294 4498 l).
3324 4428 3530 4482 Audito
3571 4430 3741 4479 autem
3757 4411 3860 4488 quid

2229 4523 2512 4590 ageretur,
2559 4521 2946 4571 convenerunt
2991 4515 3159 4570 multi
3205 4515 3413 4571 fratres
3441 4533 3503 4570 ac
3535 4503 3860 4582 rcligiosccfe-

2227 4607 2432 4675 minas;
2460 4611 2516 4660 et
2543 4605 2610 4660 de
2641 4621 2800 4671 more
2828 4604 2963 4671 illis,
3009 4620 3255 4676 quorum
3290 4605 3543 4659 ofﬁcium
3581 4603 3708 4667 erat,
3731 4597 3863 4650 {unus

2227 4695 2576 4762 curantibus,
2609 4711 2716 4765 ego
2747 4694 2808 4748 in
2837 4697 2996 4764 parte
3036 4693 3134 4748 ubi
3171 4693 3440 4747 decenter
3474 4695 3734 4763 poteram,
3764 4691 3863 4733 cum

2228 4785 2310 4839 eis
2339 4785 2436 4856 qui
2455 4800 2546 4838 me
2567 4801 2682 4838 non
2711 4782 3089 4838 deserendum
3116 4798 3236 4836 esse
3260 4782 3579 4842 censebant,
3613 4772 3747 4848 quod
3772 4770 3866 4856 erat

2227 4854 2475 4945 tempori
2503 4887 2820 4944 congruum
2855 4871 3245 4941 disputabam;
3282 4887 3466 4942 eoque
3495 4868 3727 4923 fomento
3750 4854 3863 4911 veri-

2228 4964 2359 5018 tatis
2419 4963 2750 5033 mitigabam
2811 4960 3126 5015 cruciatum
3176 4960 3280 5015 tibi
3327 4964 3547 5028 notum,
3601 4953 3701 5008 illis
3743 4948 3866 5039 igne

2228 5052 2489 5108 rantibus
2520 5057 2576 5107 et
2603 5050 2821 5106 intente
2862 5049 3243 5112 audientibus,
3278 5053 3336 5104 et
3363 5049 3485 5103 sine
3513 5057 3672 5101 sensu
3695 5036 3864 5093 doloris

2293 5214 2306 5246 ¹
2340 5212 2461 5274 Mss.
2488 5207 2726 5274 plerique
2743 5209 2998 5274 omittunt
3021 5211 3534 5274 verbumsplritum.

2289 5276 2309 5336 ξ
2341 5259 2653 5336 aeterm;
2661 5259 2812 5336 juxta
2837 5271 3006 5336 nona.
3034 5276 3086 5321 et
3114 5273 3219 5321 duo
3245 5259 3367 5322 M'ss;
3405 5269 3539 5334 apud
3559 5267 3694 5317 Mart.
3719 5259 3776 5309 Μ.

2292 5335 2310 5364 ³
2335 5337 2458 5384 Lov.
2483 5335 2703 5397 aliasque
2724 5335 2998 5388 editiones.
3021 5347 3335 5384 sermonem.
3469 5393 3502 5397 μ
3630 5392 3638 5397 _
3752 5375 3842 5397 JH,

2292 5379 2849 5461 missamissa;
2863 5379 3349 5461 'oaas."aifsssa
3379 5393 3604 5461 codices.
3622 5392 3724 5461 tum
3741 5379 3858 5461 sqifjv

2226 5450 2541 5523 turu'scripti
2563 5460 2860 5522 assignant;
2884 5457 3022 5523 unde
3048 5459 3359 5523 intelligitur
3379 5459 3548 5523 locum
3570 5450 3758 5523 ωἱιξίωθ

2229 5503 2737 5586 ἓῦᾗὶιίἶίίὲὲξεῖξιῖίὲἇ
2745 5503 3326 5586 gessieatasjgs'tésagg
3335 5503 3598 5570 manus.
3610 5513 3666 5564 ad
3687 5523 3760 5559 an.
3773 5503 3857 5556 388.

2230 5583 2395 5645 n.’7l,
2425 5588 2478 5636 et
2507 5585 2561 5633 in
2591 5583 2707 5635 Not.
2741 5584 2805 5635 ad
2837 5583 3012 5647 Mart.,
3035 5584 3118 5636 die
3140 5588 3166 5634 5
3190 5583 3334 5634 maii.
