4058 6174
447 282 552 331 7‘79

447 402 587 457 emit
615 404 680 455 ut
708 414 810 452 nos
835 396 1054 452 auferat
1081 394 1133 449 ei
1160 392 1176 428 1
1209 393 1237 448 ?
1263 392 1348 448 Ad
1379 390 1540 462 cujus
1557 386 1726 460 pretii
1753 386 1935 443 nostri
1953 402 2139 441 sacra-

448 492 706 544 mentum
735 485 933 557 ligavit
951 484 1264 539 ancillatua
1284 482 1536 535 animam
1553 492 1716 532 suam
1746 476 1971 531 vinculo
1984 474 2137 530 ﬁdei.

450 580 629 634 Nemo
659 592 692 630 a
719 574 1069 647 protectione
1099 577 1195 626 tua
1222 570 1542 638 disrumpat
1562 582 1707 621 eam.
1727 566 1852 620 Non
1881 581 1939 619 se
1960 564 2139 618 inter-

448 670 623 739 ponat
654 681 760 719 nec
805 662 859 716 vi
901 679 1007 716 nec
1049 658 1267 714 insidiis
1295 658 1384 712 leo
1413 662 1469 710 et
1495 656 1700 710 draco:
1742 669 1930 725 neque
1987 651 2140 706 enim

448 750 813 824 respondebit
841 750 940 803 illa
967 747 1111 802 nihil
1160 763 1217 800 se
1273 745 1501 810 debere,
1558 759 1631 797 ne
1676 742 2050 797 convincatur
2085 743 2144 794 et

448 842 773 897 obtineatur
795 839 866 892 ab
899 839 1217 891 accusatore
1246 832 1487 899 callido;
1520 831 1620 886 sed
1657 829 2022 901 respondebit
2051 828 2141 884 di-

447 930 618 985 missa
654 927 844 984 debita
881 942 982 980 sua
1033 923 1104 978 ab
1154 939 1241 989 eo,
1272 921 1365 976 cui
1393 935 1563 975 nemo
1593 919 1794 975 reddet
1822 917 1980 991 quod
2034 933 2140 989 pro

444 1017 611 1074 nobis
635 1033 753 1071 non
779 1014 993 1070 debens
1021 1010 1288 1067 reddidit.

515 1110 602 1162 37.
638 1106 720 1160 Sit
765 1120 901 1174 ergo
935 1103 995 1157 in
1030 1118 1168 1173 pace
1198 1116 1329 1155 cum
1361 1098 1506 1167 viro,
1541 1100 1669 1152 ante
1698 1111 1872 1167 quem
1900 1094 2046 1150 nulli
2087 1096 2144 1149 et

444 1200 572 1267 post
600 1209 772 1266 quem
800 1191 945 1247 nulli
975 1192 1158 1261 nupta
1210 1190 1315 1254 est,
1355 1186 1448 1241 cui
1492 1184 1721 1240 servivit
1747 1185 1998 1238 fructum
2037 1182 2143 1237 tibi

443 1284 686 1338 efferens
716 1297 848 1336 cum
877 1277 1182 1333 tolerantia
1226 1276 1378 1343 (Luc.
1419 1291 1536 1339 \‘lll,
1574 1273 1680 1343 t5),
1720 1276 1785 1326 ut
1821 1287 1953 1325 eum
1993 1286 2143 1342 quo-

444 1388 556 1444 que
609 1372 926 1425 lucraretur
963 1366 1084 1422 tibi.
1119 1367 1186 1420 Et
1230 1363 1462 1434 inspira,
1508 1360 1746 1416 Domine
1778 1375 1961 1425 meus,
1996 1360 2143 1413 Deus

444 1478 606 1516 meus
634 1465 677 1529 1,
709 1458 924 1529 inspira
976 1455 1152 1510 servis
1180 1454 1296 1508 tuis
1340 1451 1610 1507 fratribus
1646 1449 1807 1513 meis,
1857 1448 1990 1502 ﬁliis
2028 1447 2144 1501 tuis

444 1549 693 1605 dominis
726 1549 885 1615 meis,
936 1544 1144 1616 quibus
1174 1549 1230 1597 et
1257 1558 1388 1596 voce
1410 1545 1463 1595 et
1492 1539 1659 1595 corde
1708 1543 1765 1593 et
1793 1536 1997 1591 litteris
2025 1552 2142 1590 ser-

444 1639 559 1706 vio,
590 1642 655 1692 ut
683 1640 968 1709 quotquot
1009 1635 1130 1689 haac
1157 1630 1417 1702 legerint,
1465 1627 1834 1684 meminerint
1864 1625 1935 1680 ad
1965 1626 2144 1679 altare

508 1740 522 1771 1
549 1736 680 1804 _Arn.
712 1748 831 1783 cum
861 1733 1063 1804 aliquot
1090 1732 1234 1804 lli_ss.,
1273 1727 1495 1804 amarat;
1522 1726 1610 1799 sed
1646 1722 1992 1804 meliPs‘LBad.
2014 1721 2142 1771 Arn-

444 1799 529 1867 Er.
548 1799 675 1867 bov.
689 1811 819 1867 cum.
834 1785 1073 1867 pluribus
1103 1785 1245 1867 Mss,
1265 1785 1480 1867 qﬂerat
1504 1789 1570 1848 ei,
1589 1787 1787 1837 scilicet
1803 1785 2009 1835 Christo
2038 1796 2145 1833 em-

442 1860 597 1924 ptori,
626 1859 702 1907 uti
733 1854 885 1924 nobis
914 1856 1127 1919 quidem
1160 1854 1386 1924 videtur,

509 1922 527 1951 ²
553 1913 780 1971 Domine
813 1913 954 1969 Deus
978 1930 1143 1976 meus,
1171 1915 1325 1979 juxta
1349 1914 1480 1963 Ven.
1513 1913 1580 1961 M.

1636 261 2178 323 CONFESSIONUM
2234 260 2290 317 S.
2331 254 2742 318 AUGUSTINI.
3789 265 3870 316 780

2248 388 2415 439 tuum
2447 381 2717 438 Monnicee
2731 379 2963 435 famulae
2982 384 3096 434 tute
3118 377 3213 449 (a),
3236 393 3366 433 cum
3389 378 3609 434 Patricio
3633 383 3873 452 quondam

2250 473 2372 543 ejus
2395 472 2661 543 conjuge,
2692 486 2796 541 per
2820 484 3065 541 quorum
3097 484 3329 522 carnem
3373 468 3708 523 introduxisti
3733 486 3809 524 me
3830 472 3876 526 in

2249 562 2395 617 hanc
2423 561 2617 627 vitam,
2659 558 3141 630 quemadmodum
3174 556 3383 612 nescio.
3429 556 3753 611 Meminerint
3774 575 3876 613 cum

2250 650 2457 705 affectu
2486 649 2580 721 pio
2610 652 2910 719 parentum
2941 661 3200 700 meorum
3230 645 3293 699 in
3321 645 3423 698 hac
3449 645 3562 698 luce
3582 647 3876 714 transitoria,

2250 743 2306 794 et
2336 739 2572 793 fratrum
2616 752 2873 791 meorum
2903 735 3009 789 sub
3041 738 3097 789 te
3136 738 3298 805 patre
3336 733 3395 786 in
3420 737 3589 787 matre
3615 734 3875 801 Catholica,

2249 832 2305 883 et
2331 826 2542 882 civium
2577 841 2837 881 meorum
2868 824 2929 878 in
2971 827 3188 877 aeterna
3212 822 3539 889 Jerusalem,
3567 821 3652 876 cui
3679 822 3877 892 suspirat

2248 914 2633 988 peregrinatio
2664 911 2960 984 populitui
2986 911 3057 966 ab
3087 911 3241 965 exitu
3263 926 3439 981 usque
3462 909 3530 964 ad
3558 908 3780 963 reditum
3802 923 3814 977 ;
3835 914 3880 964 ut

2248 1004 2404 1076 quod
2434 1021 2466 1058 a
2495 1019 2586 1058 me
2600 1001 3320 1073 illapoposcitextremum,
3355 997 3577 1052 uberius
3595 997 3672 1051 illi
3696 1003 3879 1068 praeste-

2249 1099 2345 1149 tur
2371 1093 2431 1147 in
2459 1092 2771 1147 multorum
2791 1089 3145 1146 orationibus
3171 1104 3275 1161 per
3289 1084 3654 1142 confessiOnes
3683 1088 3719 1152 1,
3745 1102 3879 1157 quam

2250 1197 2353 1254 per
2382 1181 2666 1236 orationes
2694 1195 2869 1234 meas.

2316 1284 2545 1334 1lnEdd.
2570 1284 2827 1347 pluribus,
2845 1286 2951 1331 tam
2964 1294 3062 1347 per
3072 1279 3445 1345 confessiones.
3469 1280 3634 1339 Abest,
3646 1282 3736 1329 tam
3750 1294 3775 1328 ιι
3788 1279 3877 1328 Mss.

2250 1362 2381 1412 quos
2407 1348 2576 1412 magis
2587 1347 2905 1412 probamus.

2312 1411 2387 1473 ta)
2404 1402 2791 1473 lmitari’visum
2805 1412 2886 1473 est
2900 1408 3135 1454 vetustos
3152 1404 3479 1473 Codices,qui
3501 1417 3612 1452 cum
3633 1402 3880 1473 gemiualil-

2252 1465 2464 1520 tera'mt
2483 1470 2770 1533 praeferunt
2791 1471 3208 1533 Manniczggquo
3233 1472 3387 1533 pacto
3409 1465 3879 1533 etiamscriptumm

2252 1482 2361 1519 tera
2383 1483 2464 1520 πη
2483 1482 2770 1533 praeterunt
2791 1482 3040 1517 Μοηιηισιν
3060 1484 3077 1516 :

2251 1534 2452 1594 peritur
2472 1533 2527 1580 in
2546 1532 2803 1594 oratione,
2825 1543 2980 1594 quam
3014 1482 3142 1577 ψ’ίῇ

2250 1733 2277 1764 ‹‹
2296 1711 2553 1767 Μοοιιίὸω
2576 1732 2588 1776 ;
2603 1717 2707 1779 etsi
2732 1711 2859 1779 quid
2878 1729 2969 1778 pro
2981 1714 3258 1779 anima‘ﬁlii
3273 1711 3701 1779 ipsorumdomini
3716 1712 3882 1779 meiAu;

2252 1797 2278 1826 «
2305 1779 2525 1842 gustini,
2544 1772 3454 1842 dilectissimicongssoristui;_mibi
3476 1775 3655 1823 misero
3676 1772 3877 1842 peccaturi

2251 1859 2278 1889 «
2303 1834 2424 1891 licet
2450 1841 2533 1889 vel
2555 1841 2740 1889 intimo
2765 1839 2940 1888 cordis
2956 1839 3143 1888 affectu
3175 1837 3492 1892 desiderare,
3518 1854 3541 1878 ιι
3566 1841 3656 1884 etc.
3676 1834 3786 1892 Quae
3801 1847 3878 1881 ora-

2252 1906 2323 1954 tio
2356 1905 2562 1966 integra
2588 1902 2811 1952 habetur
2837 1902 2891 1950 in
2918 1901 3164 1950 Veterum
3182 1899 3552 1950 Analectorum
3577 1903 3708 1946 tomo
3729 1896 3875 1959 primo.

1510 2020 2025 2236 LIBER
2120 2020 2893 2229 DEM

507 2312 781 2361 Scrutatur
808 2306 1076 2368 deinceps,
1109 2317 1168 2368 ac
1185 2300 1359 2365 palam
1383 2300 1726 2351 contestatur,
1746 2307 1854 2368 non
1878 2292 2050 2368 qualis
2067 2293 2408 2368 anteacsset,
2421 2288 2521 2368 sed
2545 2288 2907 2368 (ἐξαμβρἚὲ
2922 2287 3289 2368 Βερωᾼᾳρςῃ
3308 2286 3480 2368 diligit
3499 2279 3879 2368 studet-igdjffﬁf

443 2343 784 2436 «1113213353
799 2343 1029 2436 singular
1046 2343 1386 2436 ducitrrerurn
1416 2373 1626 2434 genere,
1655 2343 1834 2430 multis
1856 2343 2085 2418 explicat
2131 2343 2405 2436 memorias.
2420 2352 2527 2399 vim
2547 2343 2703 2436 plane;
2722 2350 3055 2436 stupendum,
3077 2353 3128 2398 et
3145 2343 3290 2436 'qpod
3310 2343 3479 2397 sua‘in
3505 2343 3735 2436 memoria
3753 2343 3878 2390 locum

1038 2432 1046 2436 .
1368 2429 1377 2436 .
1566 2426 1641 2436 ,νη
1710 2433 1755 2436 Α
1805 2431 1984 2436 _-__-__
2046 2420 2090 2436 ,ι
2116 2430 2138 2436 -
2189 2429 2243 2436 --
2272 2429 2331 2436 ---
2355 2427 2475 2436 -..ιη
2497 2427 2555 2436 ..-
2607 2413 2683 2436 -εκ
2712 2412 2773 2436 ιηε
2834 2425 2895 2436 ...ι
2928 2425 2950 2436 ι.
2982 2412 3100 2436 ςηηη
3121 2426 3184 2436 ..η
3215 2411 3409 2436 ..ηιαοςρ
3453 2408 3683 2436 ...ςήηείοο
3709 2405 3743 2436 in
3762 2415 3807 2436 an
3823 2414 3878 2436 an.

444 2405 774 2436 υ-ωιιιυυνυ.
1049 2405 1385 2435 ,κνημῖπη
1417 2405 1626 2434 Vm”,
1776 2405 1783 2406 ,
1925 2405 1941 2418 ,
2552 2405 2566 2414 η
2636 2413 2646 2422 _
2712 2412 2722 2422 _
2814 2405 2827 2413 _
3045 2405 3049 2407 _
3166 2405 3182 2412 _

444 2438 582 2485 Deus
605 2434 797 2483 habeat
825 2429 1137 2491 gratulatur.
1162 2428 1386 2487 lnqmrnt
1419 2436 1473 2472 in
1502 2426 1669 2491 actus,
1708 2433 1763 2468 1n
1801 2431 2009 2491 sensus,
2042 2420 2094 2465 et
2113 2414 2567 2491 affectus‘su‘os‘ex
2583 2412 3100 2491 triplteitentatione
3121 2411 3429 2491 voluptatis,
3453 2405 3745 2458 curiositatis
3762 2414 3880 2491 ac

443 2474 1433 2561 perlﬂaQTDb—miitimﬁChristum.unum
1455 2474 1795 2533 mediatorem
1817 2480 1908 2529 Dei
1925 2483 1978 2528 et
1992 2474 2273 2528 hominum
2289 2476 2587 2535 conﬁtetur,
2621 2474 2838 2538 ejusque
2857 2488 2955 2536 ope
2976 2474 3137 2522 animi
3159 2474 3240 2523 sui
3260 2474 3545 2535 languores
3558 2481 3725 2519 omnes
3742 2476 3882 2513 sanan-

443 2555 540 2609 Ilos
564 2572 676 2608 esse
705 2555 942 2605 conﬁdit.

1011 2715 1236 2772 CAPUT
1276 2712 1569 2769 PRIMUM.

845 2813 906 2866 In
935 2811 1036 2863 Deo
1064 2807 1174 2861 solo
1203 2819 1322 2873 spes
1361 2807 1412 2857 et
1438 2800 1725 2870 gaudium.

516 2911 565 2962 t.
599 2906 949 2974 Cognoseam
994 2901 1072 2963 te,
1105 2893 1365 2964 cognitor
1400 2905 1582 2955 meus,
1618 2902 1959 2958 cognoscam
1990 2885 2135 2940 sicut

441 3000 498 3053 et
525 2992 785 3066 cognitus
811 3003 936 3044 sum
970 2985 1015 3057 (Ι
1045 2986 1161 3041 Cor.
1191 2998 1310 3052 vni,
1343 2980 1451 3051 l2).
1500 2978 1690 3032 Virtus
1718 2976 1927 3031 animae
1964 2990 2131 3041 meae,

439 3061 681 3141 intra'in
709 3094 856 3145 eam,
889 3079 945 3131 et
972 3076 1171 3144 coapta
1197 3070 1324 3137 tibi,
1374 3072 1439 3122 ut
1487 3066 1696 3121 habeas
1744 3068 1802 3120 et
1840 3061 2134 3135 possideas

439 3172 560 3228 sine
589 3167 814 3225 macula
843 3169 901 3219 et
922 3178 1068 3233 ruga
1097 3160 1310 3231 (Ephes.
1342 3156 1525 3225 v,27).
1550 3154 1681 3209 Haec
1706 3155 1792 3206 est
1820 3165 1951 3222 spes
1982 3164 2128 3214 mea,

438 3260 568 3316 ideo
600 3259 840 3328 loquor;
873 3255 931 3307 et
970 3250 1030 3305 in
1082 3264 1149 3303 ea
1178 3262 1276 3318 spe
1307 3243 1548 3316 gaudeo,
1595 3240 1824 3315 quando
1879 3254 2084 3294 sanum
2110 3235 2130 3270 1

435 3327 693 3422 gaudeo:
711 3344 927 3399 Caetera
954 3354 1089 3393 vero
1118 3336 1249 3392 vitae
1278 3335 1449 3404 hujus
1490 3336 1651 3386 tanto
1694 3329 1886 3384 minus
1917 3327 2130 3399 ﬂenda,

437 3418 652 3510 quanto
695 3431 878 3505 magis
922 3428 1126 3493 ﬂetur;
1169 3428 1228 3480 et
1252 3427 1413 3477 tanto
1445 3419 1630 3491 magis
1674 3418 1883 3485 ﬂenda,
1921 3420 2134 3488 quanto

435 3504 629 3584 minus
684 3524 854 3579 ﬂetur
900 3519 961 3574 in
1015 3517 1119 3571 eis.
1172 3515 1307 3569 Ecce
1337 3512 1491 3566 enim
1540 3509 1839 3564 veritatem
1887 3504 2134 3577 dilexisti

435 3616 601 3687 (Psal.
642 3630 689 3678 L,
723 3613 803 3681 8),
836 3605 1110 3681 quoniam
1137 3601 1238 3676 qui
1266 3600 1401 3655 facit
1437 3614 1586 3664 cam,
1617 3596 1773 3652 venit
1829 3595 1900 3649 ad
1946 3593 2132 3648 lucem

436 3685 615 3775 (Ioan.
653 3718 734 3768 in,
783 3698 894 3769 2t).
941 3695 1080 3750 Volo
1123 3706 1250 3747 eam
1278 3690 1462 3745 facere
1489 3687 1551 3741 in
1580 3685 1750 3741 corde
1781 3699 1911 3738 meo
1941 3697 2134 3736 coram

434 3770 490 3847 te
519 3792 581 3845 in
634 3785 1015 3851 confessione;
1047 3783 1109 3837 in
1139 3780 1269 3835 stilo
1309 3781 1503 3832 autem
1533 3790 1662 3830 meo
1699 3788 1894 3828 coram
1934 3770 2135 3825 multis

435 3878 697 3934 testibus.

1127 3954 1350 4010 CAPUT
1379 3953 1450 4007 ΙΙ.

541 4067 672 4141 cum
691 4064 795 4118 Deo
822 4062 951 4114 nota
979 4057 1089 4109 sint
1118 4066 1342 4120 arcana,
1374 4048 1510 4120 quid
1537 4052 1616 4104 est
1646 4049 1890 4117 conﬁteri
1916 4048 2023 4102 illi.

507 4175 560 4229 3.
598 4172 664 4226 Et
690 4166 794 4223 tibi
844 4163 1097 4238 quidem,
1136 4158 1394 4225 Domine,
1443 4157 1604 4228 cujus
1659 4154 1837 4209 oculis
1866 4153 2020 4209 nuda
2050 4158 2136 4208 est

434 4262 667 4333 abyssus
698 4258 968 4312 humanae
996 4248 1380 4317 conscientiae,
1411 4245 1547 4318 quid
1579 4244 1864 4299 occultum
1894 4247 2044 4297 esset
2074 4242 2133 4297 in

434 4369 547 4420 me,
580 4346 805 4406 etiamsi
832 4343 1044 4399 nollem
1072 4337 1336 4393 conﬁteri
1360 4334 1512 4391 tibi?
1542 4335 1618 4389 Te
1645 4333 1800 4388 enim
1831 4332 1975 4387 mihi
2004 4332 2132 4387 abs-

434 4440 765 4507 conderem,
808 4450 927 4489 non
966 4446 1060 4485 me
1099 4427 1224 4483 tibi.
1271 4426 1432 4480 Nunc
1476 4427 1670 4478 autem
1700 4421 1857 4494 quod
1886 4422 2134 4493 gemitus

433 4546 596 4585 meus
624 4524 783 4582 testis
812 4526 896 4577 est
915 4517 1212 4590 displicere
1243 4531 1335 4569 me
1364 4512 1528 4579 mihi,
1561 4517 1623 4567 tu
1654 4511 1901 4582 refulges
1922 4515 1979 4566 et
2007 4512 2130 4582 pla-

433 4633 544 4683 ces,
578 4619 635 4669 et
662 4609 871 4667 amaris
897 4612 956 4663 et
978 4601 1316 4661 desideraris
1341 4617 1355 4668 ;
1391 4604 1454 4654 ut
1481 4598 1809 4654 erubescam
1839 4597 1909 4651 de
1931 4614 2044 4665 me,
2076 4602 2134 4653 et

433 4702 699 4775 abjiciam
745 4714 838 4753 me
892 4700 1062 4768 atque
1113 4693 1322 4763 eligam
1373 4694 1451 4756 te,
1503 4691 1693 4742 etnec
1720 4685 1824 4741 tibi
1855 4702 1960 4741 nec
1988 4685 2132 4741 mihi

435 4773 689 4866 placeam
717 4786 831 4842 nisi
871 4785 940 4840 de
980 4789 1056 4839 te.
1100 4780 1230 4837 Tibi
1278 4794 1434 4849 ergo,
1492 4775 1757 4843 Domine,
1797 4773 2131 4829 manifestus

435 4861 564 4937 sum
590 4876 936 4950 quicumque
949 4872 1055 4926 sim
1074 4875 1161 4939 ;et
1190 4886 1304 4941 quo
1324 4864 1511 4922 fructu
1531 4865 1639 4920 tibi
1666 4862 1958 4932 conﬁtear,
1992 4861 2131 4917 dixi.
2169 4924 2178 4931 ,

432 4949 627 5039 Neque
667 4962 822 5019 enim
851 4961 906 5015 id
937 4976 1044 5031 ago
1072 4958 1259 5013 verbis
1287 4955 1472 5011 carnis
1505 4957 1560 5008 et
1586 4952 1843 5018 vocibus,
1875 4949 1972 5004 sed
2001 4966 2128 5004 ver-

429 5058 519 5115 bis
534 5038 757 5111 anima:
785 5053 844 5105 et
883 5048 1128 5103 clamore
1166 5043 1546 5116 cogitationis,
1579 5056 1753 5114 quem
1780 5038 1941 5095 novit
1976 5038 2130 5092 auris

429 5149 550 5200 tua.
598 5141 740 5197 Cum
768 5138 922 5194 enim
968 5136 1152 5191 malus
1198 5149 1345 5199 sum,
1376 5131 1520 5186 nihil
1550 5135 1637 5185 est
1686 5129 1839 5184 aliud
1872 5127 2130 5184 conﬁteri

427 5232 556 5296 tibi,
588 5245 759 5303 quam
806 5225 1106 5298 displicere
1144 5221 1317 5289 mihi;
1359 5236 1490 5275 cum
1512 5234 1655 5303 vero
1684 5217 1837 5290 pius,
1869 5216 2016 5272 nihil
2045 5221 2131 5272 est

425 5320 581 5376 aliud
593 5298 855 5375 conﬁteri
883 5312 1011 5382 tibi,
1034 5326 1210 5383 quam
1239 5310 1349 5365 hoc
1378 5324 1496 5364 non
1510 5298 1763 5363 tribuere
1777 5306 1958 5362 mihi:
1989 5321 2131 5378 quo-

427 5408 584 5465 niam
613 5412 699 5479 tu,
732 5402 992 5471 Domine,
1025 5396 1313 5455 benedicis
1335 5396 1558 5468 justum
1589 5397 1750 5469 (Psat.
1789 5412 1842 5461 v,
1890 5396 1995 5463 l3),

492 5534 508 5569 1
540 5537 691 5595 Sam,
711 5529 865 5596 juxta
893 5528 1093 5581 Somm.
1124 5528 1177 5576 et
1204 5536 1297 5576 sex
1331 5523 1453 5572 Mss.
1486 5520 1624 5585 apud
1654 5521 1810 5571 Mart.
1850 5521 1916 5570 M.

2246 2707 2407 2779 prius
2437 2722 2569 2761 eum
2615 2706 2895 2779 justiﬁcas
2934 2706 3178 2778 impium
3209 2705 3391 2776 (Rom.
3440 2721 3513 2769 iv,
3552 2704 3620 2771 5).
3655 2694 3881 2754 Confessio

2247 2797 2442 2868 itaque
2472 2812 2619 2863 mea,
2673 2798 2823 2851 Deus
2862 2811 3044 2861 mens,
3076 2796 3135 2849 in
3164 2798 3476 2867 conspectu
3504 2797 3601 2846 tuo
3628 2787 3721 2844 tibi
3753 2783 3879 2839 tacite
3980 2808 3981 2859 ἡ

2244 2883 2329 2951 ﬁt,
2359 2888 2417 2939 et
2443 2900 2559 2940 non
2588 2884 2776 2940 tacite.
2809 2885 2977 2939 Tacet
3005 2883 3157 2938 enim
3190 2882 3460 2954 strepitu,
3491 2880 3681 2935 clamat
3706 2874 3879 2928 aﬂ'ectu.

2244 2972 2441 3043 Neque
2471 2972 2661 3026 enim‘1
2693 2972 2819 3027 dico
2846 2971 2987 3025 recti
3017 2970 3233 3042 aliquid
3260 2968 3616 3027 hominibus,
3643 2960 3774 3036 quod
3798 2972 3878 3012 non

2247 3078 2278 3115 a
2310 3077 2402 3115 me
2427 3064 2489 3116 tu
2516 3062 2675 3132 prius
2703 3060 2956 3116 audieris
2980 3077 2994 3125 ;
3029 3064 3128 3114 aut
3155 3060 3335 3113 etiam
3366 3062 3430 3113 tu
3459 3054 3663 3128 aliquid
3689 3051 3780 3106 tale
3803 3063 3875 3101 au-

2244 3149 2329 3204 dis
2360 3166 2392 3204 a
2421 3166 2531 3213 me,
2560 3149 2715 3221 quod
2746 3164 2863 3204 non
2883 3148 3026 3203 mihi
3048 3151 3113 3202 tu
3142 3147 3307 3218 prius
3337 3146 3565 3202 dixeris.

2931 3237 3154 3293 CAPUT
3184 3235 3282 3290 III.

2245 3325 2357 3391 Quo
2382 3328 2570 3393 fructu
2595 3325 2945 3395 conﬁtebatur
2957 3325 3207 3395 deinceps
3226 3327 3358 3393 quis
3380 3326 3473 3390 sit,
3486 3337 3588 3377 non
3605 3320 3715 3389 quis
3730 3312 3875 3383 fuerit.

2317 3418 2367 3470 3.
2404 3415 2549 3480 Quid
2580 3414 2721 3470 mihi
2767 3431 2905 3487 ergo
2949 3417 3034 3469 est
3062 3430 3193 3469 cum
3245 3412 3580 3469 hominibus
3622 3413 3677 3463 ut
3703 3401 3882 3460 audiant
3980 3398 3981 3445 ξ

2244 3503 2624 3559 confessiones
2652 3520 2830 3574 meas,
2865 3502 3149 3575 quasiipsi
3178 3502 3443 3558 sanaturi
3460 3502 3572 3556 sint
3599 3510 3771 3553 omnes
3792 3492 3880 3544 lan-

2245 3607 2455 3663 guores
2481 3593 2679 3648 meos?
2711 3593 2787 3648 Cu
2799 3593 3012 3647 riosum
3042 3608 3223 3663 genus
3252 3592 3331 3647 ad
3375 3586 3795 3663 cognoscendam
3819 3575 3881 3629 τί·

2244 3686 2364 3736 tam
2402 3681 2669 3747 alienam,
2702 3680 3046 3736 desidiosum
3070 3680 3142 3735 ad
3167 3681 3572 3752 corrigendam
3589 3691 3751 3731 suam.
3769 3664 3877 3733 Quid

2245 3787 2279 3824 a
2306 3786 2399 3825 me
2429 3774 2696 3841 quaerunt
2717 3770 2915 3825 audire
2946 3769 3047 3841 qui
3078 3769 3206 3835 sim,
3243 3771 3346 3842 qui
3376 3769 3579 3825 nolunt
3605 3783 3635 3821 a
3660 3769 3708 3818 te
3734 3755 3878 3814 audire

2246 3858 2347 3930 qui
2375 3858 2531 3914 sint?
2562 3861 2628 3914 Et
2661 3859 2810 3914 unde
2862 3858 3071 3920 sciunt,
3122 3874 3255 3913 cum
3288 3874 3324 3913 a
3352 3858 3571 3929 meipso
3627 3854 3690 3908 de
3714 3847 3877 3930 meipso

2246 3947 2509 4017 audiunt,
2538 3963 2612 4002 an
2640 3963 2843 4003 verum
2871 3946 3057 4002 dicam
3089 3966 3105 4014 ;
3135 3944 3611 4018 quandoquidem
3637 3952 3784 3995 nemo
3806 3929 3879 3985 scil

2244 4036 2548 4091 hominum
2587 4035 2725 4108 quid
2758 4040 2958 4108 agatur
2984 4035 3045 4089 in
3071 4033 3335 4098 homine,
3370 4017 3483 4089 nisi
3511 4030 3727 4104 spiritus
3749 4017 3879 4079 hami.

2244 4126 2332 4180 nis
2363 4127 2460 4198 qui
2499 4127 2557 4181 in
2589 4125 2713 4197 ipso
2745 4128 2830 4181 est
2862 4125 2905 4197 (Ι
2936 4125 3054 4181 Cor.
3102 4141 3165 4194 ιι,
3200 4124 3290 4197 ll)
3310 4123 3340 4179 ?
3374 4124 3431 4178 Si
3478 4126 3662 4177 autem
3688 4117 3785 4171 ate
3807 4123 3876 4198 au:

2245 4194 2406 4269 diant
2432 4214 2501 4269 de
2536 4194 2758 4284 seipsis,
2788 4194 2905 4268 non
2934 4215 3206 4284 poterunt
3226 4194 3444 4282 dicere,
3470 4207 3725 4266 Mentitur
3744 4194 3880 4256 Domi-

2244 4318 2378 4357 nus.
2418 4300 2565 4366 Quid
2593 4305 2675 4356 est
2705 4300 2857 4356 enim
2888 4318 2922 4355 a
2952 4306 3009 4356 te
3039 4300 3238 4356 audire
3269 4300 3341 4356 de
3373 4280 3453 4367 se,
3481 4296 3591 4353 nisi
3605 4296 3879 4364 cognoscere
3980 4280 3981 4343 Ϊ

2243 4391 2346 4445 se?
2401 4389 2538 4455 Quis
2594 4406 2767 4461 porro
2836 4390 3150 4460 cognoscit,
3210 4394 3269 4445 et
3324 4387 3482 4455 dicit,
3549 4384 3755 4440 Falsum
3806 4374 3881 4461 esi.

2241 4479 2353 4534 nisi
2374 4479 2496 4552 ipse
2525 4457 2882 4535 mentiatur?
2911 4457 3023 4534 Sed
3068 4477 3205 4550 quia
3234 4476 3488 4533 charitas
3533 4471 3715 4529 omnia
3747 4457 3879 4552 credil

2242 4548 2546 4640 (Ibid.‘xm,
2575 4568 2654 4639 7),
2683 4567 2832 4622 inter
2860 4583 2955 4622 eos
2982 4548 3184 4638 utique
3217 4583 3369 4639 quos
3398 4575 3677 4620 connexos
3703 4548 3881 4609 sibimet

2240 4673 2419 4711 unum
2452 4656 2606 4723 facit,
2641 4672 2748 4728 ego
2778 4671 3030 4728 quoque,
3061 4654 3326 4717 Domine.
3358 4653 3532 4709 etiam
3562 4650 3637 4704 sic
3661 4642 3755 4701 tibi
3774 4652 3879 4693 con-

2240 4746 2427 4813 ﬁteor,
2455 4749 2520 4800 ut
2558 4745 2797 4800 audiant
2823 4744 3110 4812 homines,
3142 4744 3351 4816 quibus
3404 4741 3770 4798 demonstrare
3792 4738 3879 4783 non

2187 4847 2201 4862 '
2238 4850 2471 4906 possum
2502 4850 2575 4888 an
2604 4848 2736 4889 vera
2764 4833 3071 4901 conﬁtear;
3103 4832 3201 4887 sed
3231 4831 3467 4887 credant
3497 4827 3638 4886 mihi
3678 4828 3877 4896 quorum

2239 4922 2386 4979 mihi
2409 4939 2575 4979 aures
2603 4923 2850 4979 charitas
2879 4922 3085 4995 aperit.

2309 5014 2363 5069 4.
2395 5014 2802 5068 Verumtamen
2829 5016 2913 5076 tu,
2947 5011 3166 5067 medice
3209 5026 3379 5066 meus
3415 5008 3633 5072 intime,
3661 5015 3760 5071 quo
3791 4995 3880 5049 tm“

2238 5104 2362 5155 ctus
2391 5100 2498 5155 ista
2509 5100 2733 5168 faciam,
2749 5097 3114 5171 eliquamihi.
3134 5098 3278 5153 Nam
3292 5094 3676 5152 confessiones

2237 5189 2452 5246 itorum
2483 5166 2766 5245 malorum
2784 5166 3072 5258 meorum,
3098 5203 3229 5260 quas
3256 5185 3533 5243 remisisti
3559 5186 3613 5237 et
3638 5170 3800 5234 texisti
3835 5166 3880 5216 ιιί
3980 5166 3981 5235 Ϊ

2235 5278 2435 5334 beares
2485 5294 2578 5334 me
2631 5279 2690 5333 in
2740 5283 2796 5333 te
2832 5279 3004 5350 (Psal.
3063 5293 3212 5346 XXXI,
3270 5276 3347 5347 t),
3406 5277 3630 5329 mutans
3680 5261 3878 5320 animam

2026 5354 2127 5450 ξέά
2231 5384 2422 5424 meam
2451 5367 2562 5422 ﬁde
2589 5370 2645 5421 et
2672 5367 3036 5423 Sacramento
3080 5370 3204 5434 tuo,
3250 5380 3389 5419 cum
3436 5363 3693 5433 leguntur
3727 5354 3876 5450 etalt“
3980 5354 3981 5415 ξ

2300 5459 2314 5491 1
2349 5457 2406 5505 In
2421 5456 2478 5512 B.
2501 5456 2762 5519 omittitur
2779 5457 2949 5517 enim;
2971 5468 3131 5519 quam
3151 5428 3398 5503 voculam
3417 5428 3625 5501 serth
3638 5444 3719 5495 Er.
3746 5428 3860 5495 ιυεά

2234 5519 2366 5570 Ven.
2398 5520 2519 5568 Lov.
2550 5518 2685 5567 Dub.
2709 5516 2782 5566 M.

3147 1527 3316 1591 elmus
3341 1529 3520 1591 abbas,
3537 1528 3630 1591 piis
3654 1527 3880 1591 Augustini
3980 1582 3981 1585 η

2248 1588 2386 1642 votis
2406 1592 2800 1665 obteinperandi
2821 1588 3014 1665 studio,
3040 1590 3339 1665 composuit
3361 1590 3458 1665 sub
3474 1588 3552 1661 bis
3566 1589 3754 1665 verbis:
3774 1604 3795 1632 ‹‹
3805 1588 3881 1665 ξηε-
3980 1632 3981 1649 χ

2253 1674 2277 1700 α
2298 1661 2496 1714 mento,
2528 1649 2766 1714 Domine,
2789 1654 2979 1702 animus
2992 1649 3176 1701 famuli
3204 1653 3281 1700 tui
3302 1652 3527 1708 Patricii,
3552 1654 3602 1698 et
3615 1649 3881 1714 famulatum
3980 1666 3981 1669 η
