4022 6176
144 266 244 318 ’781

136 476 312 543 dicat,
347 481 472 535 Non
499 499 764 553 possum;
799 489 899 544 sed
928 491 1159 564 evigilat
1196 496 1257 551 in
1286 515 1482 557 amore
1516 505 1851 562 misericor—

137 565 253 620 dim
282 573 395 622 tuas
417 574 474 623 et
505 571 806 629 dulcedine
827 579 1174 650 gratiaetuae,
1200 601 1312 657 qua
1328 595 1535 658 potens
1556 598 1645 648 est
1664 597 1850 651 omnis
1893 617 1905 628 '

136 653 426 724 inﬁrmus,
461 659 561 729 qui
593 661 700 716 sibi
726 681 830 735 per
876 667 1060 738 ipsam
1092 673 1155 727 fit
1192 677 1451 732 conscius
1498 680 1849 740 inﬁrmitatis

134 756 280 798 sum.
324 746 388 799 Et
416 747 658 804 delectat
700 751 879 807 bonos
909 758 1109 813 audire
1148 765 1437 832 praeterita
1471 771 1617 824 mala
1650 788 1844 828 eorum

129 830 240 899 qui
264 832 387 901 jam
416 842 612 892 carent
641 839 749 905 eis;
785 858 888 897 nec
913 843 1042 900 ideo
1076 830 1316 906 delectat
1351 854 1487 925 quia
1516 859 1667 912 mala
1694 866 1846 930 sunt,

128 919 234 972 sed
266 921 402 991 quia
427 922 658 980 fuerunt
689 933 745 983 et
769 946 887 985 non
919 939 1071 989 sunt.
1108 937 1230 1002 Quo
1256 919 1450 1013 itaque
1480 944 1689 1015 fructu,
1736 919 1845 1003 Do:

127 1007 293 1062 mine
322 1025 486 1065 meus
515 1014 606 1067 cui
647 1018 903 1086 quotidie
950 1023 1256 1081 conﬁtetur
1302 1031 1646 1088 conscientia
1692 1052 1840 1104 mea,

125 1108 234 1163 spe
264 1095 669 1154 misericordias
692 1106 806 1157 tuae
838 1107 1090 1162 securior
1136 1127 1310 1182 quam
1340 1113 1669 1174 innocentia
1696 1138 1796 1176 sua
1823 1140 1837 1189 ;

124 1197 247 1252 quo
275 1182 484 1248 fructu,
519 1204 736 1258 quasso,
768 1192 940 1247 etiam
972 1196 1305 1255 hominibus
1332 1220 1525 1260 coram
1558 1212 1613 1262 te
1657 1212 1843 1265 conli-

122 1275 255 1323 teor
280 1288 387 1341 per
415 1274 517 1327 has
556 1276 771 1331 litteras
816 1282 997 1337 adhuc
1041 1281 1169 1356 quis
1217 1305 1324 1360 ego
1383 1292 1511 1361 sim,
1569 1312 1682 1350 non
1717 1299 1842 1368 quis

123 1358 389 1416 fuerim?
421 1364 562 1418 Nam
594 1365 759 1421 illum
808 1370 1057 1427 fructum
1098 1375 1215 1430 vidi
1268 1382 1324 1434 et
1370 1386 1834 1441 commemoravi.

118 1448 231 1502 Sed
265 1448 396 1520 quis
426 1452 611 1507 adhuc
655 1455 785 1525 sim,
815 1474 941 1514 ecce
991 1461 1051 1515 in
1081 1462 1205 1534 ipso
1234 1470 1493 1539 tempore
1522 1474 1837 1527 confessio-

119 1552 268 1592 num
304 1555 587 1612 mearum,
619 1548 675 1598 et
699 1547 867 1601 multi
899 1549 1004 1603 hoc
1033 1567 1196 1606 nosse
1225 1556 1466 1626 cupiunt
1495 1560 1594 1631 qui
1617 1577 1707 1615 me
1738 1580 1839 1617 no-

117 1630 334 1680 verunt
364 1632 556 1684 etnon
587 1647 676 1685 me
708 1642 1012 1707 noverunt,
1036 1639 1133 1710 qui
1167 1659 1233 1696 ex
1264 1660 1356 1698 me
1387 1647 1472 1700 vel
1501 1630 1570 1702 de
1601 1666 1693 1705 me
1725 1652 1829 1705 ali-

119 1714 270 1783 quid
306 1715 648 1785 audieruut;
694 1722 791 1777 sed
841 1725 997 1779 auris
1051 1744 1249 1784 eorum
1308 1749 1423 1787 non
1481 1739 1563 1790 est
1618 1739 1690 1793 ad
1745 1756 1840 1793 cor

116 1818 343 1869 meum,
376 1805 476 1858 ubi
502 1822 607 1878 ego
635 1825 763 1863 sum
785 1812 1131 1886 quicumque
1151 1834 1297 1874 sum.
1333 1821 1543 1878 Volunt
1566 1840 1703 1896 ergo
1734 1844 1832 1882 au-

112 1890 246 1946 dire
292 1893 663 1950 conﬁtentem
716 1915 807 1953 me
856 1902 1153 1981 quid‘ipse
1191 1905 1345 1962 intus
1388 1910 1518 1981 sim,
1569 1930 1683 1984 quo
1731 1932 1834 1970 nec

114 1980 359 2035 oculum
392 1997 496 2037 nec
527 2000 726 2040 aurem
772 2003 878 2043 nec
921 1980 1175 2048 mentem
1211 2003 1452 2065 possunt
1491 1999 1828 2067 intendere;

110 2068 397 2124 credituri
420 2075 611 2127 tamen
624 2075 843 2140 volunt,
858 2081 1141 2152 numquid
1161 2085 1492 2155 cognituri?
1513 2089 1659 2145 Dicit
1674 2092 1831 2147 enim

109 2155 203 2210 eis
234 2158 480 2213 charitas
514 2178 626 2233 qua
656 2163 791 2219 boni
842 2172 977 2221 sunt
1022 2185 1137 2225 non
1184 2174 1417 2229 mentiri
1477 2192 1570 2231 me
1625 2178 1694 2233 de
1736 2196 1827 2235 me

104 2246 512 2317 conﬁtentem,
545 2254 602 2305 et
629 2251 752 2323 ipsa
782 2253 840 2307 in
871 2256 953 2310 eis
975 2258 1155 2314 credit
1175 2261 1341 2316 mihi.

835 2363 1017 2418 APUT
1058 2366 1149 2419 IV.

835 2363 877 2414 A
1058 2366 1149 2419 IV.

214 2443 369 2508 Quod
394 2447 584 2513 magni
602 2449 712 2501 sint
740 2361 1313 2525 frictinl‘iujusmodi
1343 2460 1716 2525 confessionis.

187 2551 240 2601 Ei.
276 2548 383 2603 Sed
413 2566 528 2620 quo
558 2552 747 2608 fructu
778 2556 836 2610 id
867 2558 1113 2614 volunt?
1140 2562 1227 2616 An
1265 2566 1648 2635 congratulari
1679 2568 1821 2623 mihi

108 2636 366 2705 cupiunt
393 2654 523 2692 cum
546 2641 840 2699 audierint
884 2651 1163 2716 quantum
1192 2650 1262 2704 ad
1290 2657 1347 2706 te
1379 2653 1641 2709 accedam
1689 2673 1818 2711 mu-

103 2740 254 2779 nere
285 2729 404 2793 tuo,
430 2733 487 2781 et
511 2744 674 2784 orare
704 2749 809 2802 pro
841 2750 932 2789 me
957 2752 1086 2791 cum
1117 2739 1405 2797 audierint
1433 2748 1713 2814 quantum
1735 2763 1823 2802 re-

102 2814 307 2868 tarder
333 2816 587 2885 pondere
617 2835 747 2875 meo
770 2822 797 2876 Υ
827 2823 1096 2880 Indicabo
1125 2843 1218 2882 me
1254 2829 1479 2886 talibus.
1512 2834 1636 2887 Non
1666 2835 1819 2889 enim

99 2917 321 2971 parvus
351 2909 434 2958 est
462 2905 698 2974 fructus,
748 2909 988 2966 Domine
1035 2914 1184 2969 Deus
1230 2932 1411 2984 meus,
1454 2924 1580 2974 uta
1624 2923 1819 2977 multis

105 2989 217 3044 tibi
251 2990 451 3060 gratia:
480 2990 727 3064 agantur
754 2997 824 3052 de
852 3000 1038 3068 nobis,
1070 3007 1128 3057 et
1159 3020 1192 3057 a
1217 3006 1412 3060 multis
1458 3010 1681 3080 rogeris
1710 3028 1814 3082 pro

104 3076 304 3133 nobis.
332 3080 498 3134 Amet
532 3082 594 3135 in
619 3099 711 3138 me
739 3084 1026 3142 fraternus
1057 3090 1281 3145 animus
1330 3095 1484 3165 quod
1508 3099 1816 3155 amandum

107 3162 311 3234 doces,
344 3171 400 3220 et
428 3167 619 3224 doleat
645 3169 706 3225 in
728 3188 818 3228 me
850 3176 1005 3245 quod
1032 3162 1560 3238 dolendum—doces.
1575 3186 1818 3242 Animus

109 3251 214 3305 ille
248 3253 357 3307 hoc
386 3254 556 3310 faciat
578 3256 884 3326 fraternus,
920 3279 1035 3317 non
1063 3269 1384 3335 extraneus,
1415 3286 1533 3324 non
1561 3270 1815 3329 ﬁliorum

106 3340 462 3409 alienorum,
490 3360 740 3414 quorum
770 3365 832 3403 os
861 3351 1116 3407 locutum
1138 3359 1223 3409 est
1243 3357 1568 3425 vanitatem,
1606 3365 1661 3415 et
1687 3362 1816 3417 dex-

106 3433 239 3482 tera
270 3446 473 3485 eorum
503 3433 733 3489 dextera
758 3436 1077 3510 iniquitatis
1130 3442 1292 3513 (Psal.
1344 3462 1522 3512 CXLIII,
1567 3450 1664 3518 8);
1715 3452 1815 3506 sed

105 3518 404 3574 fraternus
432 3519 526 3575 ille
559 3522 659 3593 qui
689 3541 820 3579 cum
873 3530 1152 3600 approbat
1187 3547 1299 3599 me,
1347 3535 1559 3603 gaudet
1588 3538 1657 3592 de
1683 3554 1775 3593 me
1800 3560 1814 3607 ;

102 3622 247 3660 cum
275 3613 471 3663 autem
501 3610 789 3682 improbat
829 3631 941 3681 me,
976 3617 1342 3674 contristatur
1368 3638 1474 3692 pro
1506 3640 1598 3679 me
1630 3642 1643 3679 :
1678 3627 1814 3698 quia

102 3693 228 3748 sive
256 3697 539 3766 approbet
570 3715 685 3768 me,
717 3701 831 3755 sive
861 3703 1167 3775 improbet,
1198 3707 1385 3778 diligit
1411 3727 1524 3766 me.
1550 3693 1814 3769 Indicabo

103 3796 205 3835 me
231 3782 443 3837 talibus
468 3801 481 3850 ;
516 3786 800 3855 respirent
818 3788 877 3843 in
907 3791 1072 3845 bonis
1093 3794 1258 3860 meis,
1293 3797 1583 3868 suspirent
1610 3798 1670 3853 in
1696 3818 1815 3856 ma-

106 3867 183 3921 lis
220 3868 388 3926 meis.
442 3872 598 3927 Bona
640 3890 771 3928 mea
797 3876 1057 3933 instituta
1086 3885 1184 3934 tua
1222 3887 1359 3937 sunt
1402 3867 1464 3939 et
1492 3885 1643 3941 dona
1676 3892 1809 3955 tua;

108 3958 264 4011 mala
298 3975 428 4013 mea
459 3960 667 4017 delicta
694 3980 821 4018 mea
853 3971 986 4022 sunt
1020 3972 1078 4022 et
1103 3969 1324 4039 judicia
1350 3976 1473 4029 tua.
1513 3976 1815 4047 Respirent

106 4046 166 4099 in
196 4045 331 4113 illis,
357 4052 414 4102 et
441 4049 731 4121 suspirant
750 4052 811 4107 in
839 4052 927 4108 his
951 4073 965 4124 ;
998 4062 1053 4110 et
1080 4057 1328 4128 hymnus
1359 4065 1413 4114 et
1434 4062 1601 4117 ﬁetus
1626 4045 1814 4120 ascen-

102 4135 247 4189 dant
271 4134 335 4189 in
360 4143 724 4209 conspectum
756 4144 920 4196 tuum
950 4144 1018 4198 de
1047 4144 1314 4200 fraternis
1351 4150 1639 4219 cordibus,
1675 4154 1812 4208 thu-

103 4223 312 4277 ribulis
342 4225 454 4279 tuis
484 4226 673 4297 (Apoc.
706 4246 823 4295 vm,
857 4230 932 4300 3).
975 4233 1057 4285 Tu
1104 4238 1320 4302 autem,
1356 4237 1619 4306 Domine,
1653 4240 1809 4296 dele-

105 4315 294 4365 ctatus
324 4312 497 4367 odore
531 4316 709 4370 sancti
742 4319 940 4386 templi
989 4320 1093 4386 tui,
1133 4322 1402 4378 miserere
1448 4326 1562 4380 mei
1609 4344 1812 4384 secun-

104 4399 248 4452 dum
279 4414 552 4470 magnam
570 4402 1020 4461 misericordiam
1032 4412 1189 4464 tuam
1203 4412 1372 4483 (Psat.
1397 4430 1446 4481 L,
1479 4418 1554 4485 l),
1576 4422 1815 4489 prOpter

102 4502 327 4541 nomen
372 4492 579 4557 tuum;
629 4496 685 4546 et
733 4509 1098 4568 nequaquam
1140 4499 1405 4557 deserens
1451 4510 1635 4576 coepta
1689 4512 1809 4575 tua,

102 4590 450 4631 consumma
478 4578 809 4649 imperfecta
831 4599 979 4639 mea.

175 4666 231 4717 6.
270 4664 372 4718 Hic
400 4672 485 4720 est
520 4668 736 4723 fructus
765 4672 1186 4729 confessionum
1216 4692 1496 4749 mearum,
1532 4697 1650 4736 non
1679 4698 1815 4754 qua—

103 4751 171 4805 lis
200 4752 438 4820 fuerim,
469 4756 566 4811 sed
595 4758 780 4829 qualis
809 4759 939 4828 sim,
970 4766 1035 4816 ut
1074 4763 1186 4818 hoc
1213 4768 1487 4823 conﬁtear
1512 4767 1652 4825 ‘non
1686 4775 1811 4826 tan-

109 4845 239 4895 tum
262 4857 460 4899 coram
507 4848 563 4899 te
609 4852 826 4903 secreta
869 4850 1243 4907 exsultatione
1290 4870 1420 4909 cum
1463 4861 1711 4914 tremore
1758 4865 1816 4914 et

102 4934 330 4984 secreto
357 4947 604 4988 maerore
635 4950 767 4990 cum
797 4953 895 5007 spe
926 4938 1189 5010 (Philipp.
1254 4959 1310 5011 ιι,
1353 4945 1468 5015 l2);
1513 4946 1612 5001 sed
1641 4948 1814 5003 etiam

100 5018 159 5073 in
192 5019 433 5075 auribus
465 5023 825 5087 credentium
856 5026 1110 5083 ﬁliorum
1161 5030 1486 5102 hominum,
1526 5036 1812 5092 sociorum

99 5106 312 5177 gaudii
338 5109 454 5165 mei
493 5117 548 5167 et
594 5115 940 5170 consortium
990 5120 1346 5176 mortalitatis
1388 5138 1552 5187 meae,
1604 5124 1814 5180 civium

104 5212 379 5251 meorum
433 5204 490 5255 et
550 5217 779 5257 mecum
841 5206 1312 5278 peregrinorum,
1367 5211 1813 5281 praecedentium

107 5291 165 5338 et
218 5289 700 5359 consequentium
754 5295 812 5347 et
861 5293 1139 5350 comitum
1191 5296 1297 5352 viae
1340 5314 1503 5354 mese.
1559 5300 1627 5354 Hi
1678 5307 1813 5358 sunt

162 5413 177 5444 ι
214 5409 539 5487 Nonlferunt
556 5415 592 5487 ιξ
621 5429 633 5463 :
659 5417 781 5487 Non
809 5418 985 5487 qualis
1002 5418 1226 5487 fuerim,
1272 5421 1368 5487 sed
1395 5423 1571 5487 qualis
1600 5426 1723 5480 sim,
1748 5428 1810 5478 ut

97 5470 525 5549 hocuconﬁlear;
556 5476 766 5549 desunt
784 5470 950 5549 e'tiam‘
972 5470 1086 5549 haec
1113 5470 1355 5549 verba
1391 5470 1809 5549 pluribus—ﬁdi

96 5550 159 5583 ac
194 5534 371 5598 Mssi;
406 5550 469 5585 ea
489 5550 614 5586 vero
644 5538 774 5589 dant
800 5543 1239 5603 prmstantissimi.
1266 5545 1335 5595 M.

1620 292 1824 350 LIBER
1880 297 2209 359 DECIMUS.

135 386 398 455 diuntur,
431 392 681 449 excitant
709 412 808 452 cor
843 415 918 455 ne
963 402 1213 462 dormiat
1246 408 1306 463 in
1355 411 1749 485 desperatione
1801 425 1858 476 et

3555 346 3661 400 782

1961 428 2107 482 servi
2160 431 2245 485 tui
2304 433 2505 492 fratres
2573 444 2706 511 mei,
2775 463 2917 519 quos
2983 452 3132 509 ﬁlios
3188 462 3315 514 tuos
3370 480 3492 520 esse
3550 485 3654 523 vo-

1961 513 2136 584 luisti,
2195 521 2461 580 dominos
2514 545 2671 585 meos
2726 536 2934 605 quibus
2981 542 3201 612 jussisti
3272 553 3333 603 ut
3381 555 3644 626 serviam,

1963 604 2003 626 ,ε
2037 607 2153 626 ..ᾼΙΔ
2215 615 2225 626 ι
2464 616 2480 626 ‘
2575 623 2583 626 ‘
2704 621 2715 626 ⁸

1961 604 2007 684 si
2036 607 2163 661 volo
2210 615 2400 668 tecum
2449 616 2517 670 de
2569 623 2624 672 te
2666 621 2870 702 vivere.
2933 604 3001 683 Et
3043 632 3152 686 hoc
3206 635 3349 691 mihi

1958 696 2123 749 tuum
2171 713 2373 767 parum
2424 710 2546 759 erat
2592 707 2639 761 si
2690 698 2980 782 loqu'endo
3026 721 3383 793 praeciperet,
3432 729 3545 785 nisi
3596 738 3655 788 et

1956 780 2214 884 faciendo
2244 790 2496 859 praeiret,
2543 796 2608 849 Et
2652 780 2864 869 ego—id
2911 780 3046 875 ago-
3064 780 3224 864 factis
3267 817 3323 867 et
3369 780 3561 884 dictis,

1956 885 2062 939 ago
2075 872 2180 926 sub
2204 876 2308 930 alis
2331 879 2444 933 tuis
2471 881 2642 936 nimis
2672 902 2803 942 cum
2822 888 3043 961 ingenti
3072 898 3359 969 periculo;
3384 905 3493 960 nisi
3518 908 3655 979 quia

1954 959 2058 1013 sub
2084 961 2187 1015 alis
2214 965 2327 1019 tuis
2359 967 2463 1022 tibi
2494 971 2722 1028 subdita
2752 980 2836 1030 est
2866 959 3235 1057 anima-mea,
3263 959 3651 1051 et

1954 1060 2081 1100 mea
2120 1049 2219 1105 tibi
2246 1058 2381 1109 nota
2427 1064 2547 1113 est-
2581 1062 2857 1120 Parvulas
2905 1085 3054 1138 sum,
3103 1076 3202 1129 sed
3244 1077 3380 1133 vivit
3426 1098 3652 1156 semper

1956 1134 2121 1156 ηιμ
2150 1154 2177 1156 _,
2400 1147 2409 1156 .
2449 1145 2500 1156 ..

1953 1134 2124 1191 Pater
2149 1154 2332 1209 meus,
2362 1147 2417 1198 et
2446 1145 2687 1203 idoneus
2730 1158 2816 1207 est
2867 1157 3008 1212 mihi
3056 1164 3209 1217 tutor
3246 1182 3445 1235 meus;
3496 1134 3647 1231 idlem

1952 1220 2073 1291 ipse
2128 1231 2211 1281 est
2264 1231 2418 1286 enim
2449 1235 2548 1304 qui
2603 1241 2802 1306 genuit
2831 1259 2920 1297 me
2976 1252 3031 1302 et
3079 1255 3271 1308 tuetur
3303 1272 3394 1312 me
3432 1276 3444 1312 ε
3477 1265 3533 1315 et
3588 1268 3650 1319 tu

1950 1414 2025 1464 es,
2057 1409 2113 1455 et
2156 1404 2492 1477 priusquam
2538 1416 2725 1467 tecum
2774 1417 2900 1473 sim.
2949 1404 3215 1481 Indicabo
3266 1404 3399 1502 ergo
3444 1404 3651 1493 talibus

1949 1489 2213 1558 qualibus
2235 1493 2403 1563 jubes
2443 1503 2505 1552 ut
2535 1502 2797 1572 serviam,
2824 1523 2938 1562 non
2968 1511 3096 1580 quis
3132 1489 3363 1586 fuerim:
3396 1523 3495 1576 sed
3523 1526 3650 1596 quis

1944 1576 2062 1646 jam
2096 1579 2223 1646 sim,
2258 1586 2315 1635 et
2338 1584 2468 1655 quis
2498 1587 2682 1643 adhuc
2709 1592 2850 1661 sim;
2883 1597 2982 1651 sed
3024 1615 3212 1673 neque
3243 1576 3647 1677 meipsumldi-

1940 1663 2135 1733 judico
2167 1669 2207 1729 (Ι
2239 1670 2357 1727 Cor.
2395 1690 2468 1739 ιν,
2502 1677 2549 1745 3)
2583 1695 2600 1730 :
2634 1678 2715 1733 sic
2741 1680 2934 1752 itaque
2964 1663 3184 1746 audiar.

2621 1769 2848 1827 CAPUT
2894 1776 2961 1832 V.

2368 1854 2532 1908 Homo
2569 1871 2680 1912 sese
2712 1864 2881 1917 totum
2910 1880 3016 1920 non
3044 1873 3211 1926 novit.

2011 1936 2068 1988 ‘7.
2125 1935 2208 1989 Tu
2272 1938 2448 2007 enim,
2497 1943 2759 2011 Domine,
2820 1950 3099 2022 dijudicas
3168 1975 3282 2027 me,
3351 1964 3485 2035 quia
3537 1970 3643 2024 etsi

1943 2034 2112 2075 nemo
2144 2023 2246 2077 scit
2270 2025 2572 2084 hominum
2623 2049 2751 2104 quae
2780 2043 2913 2093 sunt
2962 2041 3232 2114 hominis,
3266 2023 3388 2105 nisi
3408 2054 3640 2124 spiritus

1940 2106 2193 2164 hominis
2223 2113 2322 2182 qui
2354 2114 2413 2168 in
2442 2115 2567 2187 ipso
2599 2125 2683 2176 est
2711 2122 2758 2195 (Ι
2786 2125 2904 2181 Cor.
2937 2145 2996 2192 ιι,
3032 2132 3111 2203 ll)
3139 2150 3152 2200 ;
3185 2106 3377 2192 tamen
3409 2106 3637 2200 est—ali:

1939 2196 2079 2266 quid
2106 2198 2357 2255 hominis
2409 2207 2560 2275 quod
2606 2225 2711 2265 nec
2768 2212 2889 2283 ipse
2942 2216 3175 2288 spiritus
3224 2224 3476 2283 hominis
3529 2233 3631 2303 qui

1936 2283 1996 2337 in
2054 2285 2177 2356 ipso
2208 2294 2325 2357 est;
2368 2295 2433 2346 tu
2461 2300 2675 2366 autem,
2710 2301 2969 2372 Domine,
3011 2307 3118 2362 scis
3155 2310 3278 2381 ejus
3308 2316 3500 2372 omnia
3537 2283 3639 2391 qui

1936 2372 2036 2391 ευ,
2075 2375 2110 2391 ,.
2340 2381 2378 2391 .-

1932 2372 2114 2428 fecisti
2152 2392 2302 2432 eum.
2339 2381 2453 2451 Ego
2483 2400 2616 2439 vero
2650 2391 2907 2458 quamvis
2932 2410 3052 2464 prae
3080 2402 3179 2453 tuo
3201 2409 3509 2475 conspectu
3536 2372 3628 2464 me

1934 2459 2267 2534 despiciam,
2298 2470 2355 2520 et
2385 2470 2664 2529 testimem
2688 2492 2781 2531 me
2801 2483 3012 2538 terram
3039 2489 3093 2539 et
3123 2459 3371 2545 cinerem
3396 2510 3409 2560 ;
3443 2497 3634 2551 tamen

1933 2548 2151 2621 aliquid
2181 2554 2250 2608 de
2278 2558 2334 2609 te
2363 2556 2477 2612 scio
2526 2563 2679 2632 quod
2713 2564 2783 2619 de
2813 2582 2906 2622 me
2948 2573 3156 2629 nescio.
3192 2577 3257 2631 Et
3300 2586 3450 2636 certe
3479 2600 3633 2640 nunc

1932 2636 2190 2694 videmus
2218 2658 2324 2711 per
2352 2648 2647 2714 speculum
2700 2652 2763 2705 in
2792 2654 3116 2727 aenigmate,
3175 2667 3435 2723 nondum
3486 2671 3631 2728 facie

1929 2724 2001 2779 ad
2025 2726 2228 2783 faciem
2259 2730 2419 2801 (Ibid.
2443 2752 2562 2804 xm,
2601 2738 2683 2808 12)
2716 2755 2732 2794 :
2765 2746 2822 2796 et
2841 2724 2970 2799 ideo
2997 2724 3274 2818 quamdiu
3292 2724 3631 2827 peregrino;-

1929 2814 2029 2869 abs
2056 2820 2130 2886 te,
2164 2818 2307 2875 mihi
2337 2838 2465 2877 sum
2511 2830 2855 2896 prmsentior
2885 2814 3058 2904 quam
3089 2838 3215 2907 tibi,
3263 2814 3319 2895 et
3350 2814 3541 2901 tamen
3571 2814 3625 2903 te

1926 2904 2060 2958 novi
2098 2906 2256 2962 nullo
2288 2910 2457 2965 modo
2487 2929 2656 2983 posse
2684 2917 2922 2987 violari;
2958 2939 3062 2995 ego
3092 2942 3224 2982 vero
3254 2930 3463 3001 quibus
3492 2938 3619 2990 ten—

1926 2992 2241 3049 tationibus
2294 2997 2555 3056 resistere
2607 3006 2847 3073 valeam,
2890 2992 3165 3081 quibusve
3202 3033 3320 3074 non
3375 3022 3621 3095 valeam,

1926 3081 2139 3138 nescio.
2173 3085 2237 3139 Et
2266 3102 2392 3157 spes
2422 3093 2526 3158 est,
2560 3091 2694 3163 quia
2721 3094 2903 3150 ﬁdelis
2930 3114 3009 3166 es,
3072 3103 3300 3173 quinos
3328 3125 3444 3165 non
3482 3114 3622 3168 sinis

1926 3171 2133 3225 tentari
2162 3188 2335 3244 supra
2364 3192 2537 3247 quam
2583 3196 2889 3250 possumus
2934 3171 3107 3256 ferre,
3157 3194 3254 3248 sed
3303 3196 3439 3253 facis
3486 3218 3617 3258 eum

1926 3258 2237 3314 tentatione
2268 3263 2443 3317 etiam
2467 3266 2679 3322 exitum
2709 3274 2773 3325 ut
2790 3275 3077 3343 possimus
3107 3282 3406 3341 sustinere.
3432 3289 3620 3345 Conﬁ-

1926 3347 2049 3398 tear
2077 3363 2211 3417 ergo
2242 3350 2378 3419 quid
2409 3352 2477 3407 de
2507 3370 2598 3410 me
2630 3357 2823 3427 sciam,
2857 3364 3128 3421 conﬁtear
3180 3374 3234 3425 et
3261 3374 3397 3443 quid
3428 3378 3497 3432 de
3527 3396 3620 3435 me

1926 3432 2199 3490 nesciam.
2239 3436 2523 3500 Quoniam
2554 3447 2608 3497 et
2647 3448 2800 3515 quod
2827 3449 2897 3504 de
2930 3468 3020 3507 me
3061 3456 3196 3524 scio,
3255 3464 3309 3514 te
3350 3464 3495 3519 mihi
3526 3468 3619 3522 lu-

1925 3524 2087 3575 cente
2117 3522 2269 3591 scio-;
2304 3530 2360 3580 et
2411 3530 2561 3599 quod
2612 3531 2681 3586 de
2733 3549 2824 3589 me
2879 3541 3090 3608 nescio,
3152 3549 3371 3603 tamdiu
3402 3556 3615 3619 nescio,

1923 3608 2103 3663 donec
2131 3611 2272 3667 ﬁant
2294 3616 2542 3672 tenebrae
2570 3635 2712 3674 meae
2743 3623 2885 3680 sicut
2923 3630 3189 3685 meridies
3242 3635 3300 3690 in
3326 3640 3483 3695 vultu
3516 3646 3614 3698 tuo

1925 3698 2072 3767 (Isai.
2110 3714 2258 3769 Lvm,
2296 3705 2403 3774 10).

2516 3975 2655 4051 Deus
2674 3984 3029 4044 cognoscitur.

1993 4053 2044 4106 8.
2078 4052 2202 4108 Non
2227 4054 2401 4111 dubia
2445 4060 2544 4114 sed
2573 4070 2728 4118 certa
2773 4071 3137 4144 conscientia,
3172 4079 3432 4150 Domine,
3481 4102 3611 4141 amo

1920 4142 1998 4193 te.
2070 4142 2402 4200 Percussisti
2465 4164 2563 4202 cor
2619 4168 2812 4209 meum
2883 4161 3051 4216 verbo
3116 4142 3235 4233 tuo,
3307 4177 3363 4223 et
3426 4176 3610 4228 amavi

1922 4232 1997 4284 te.
2044 4229 2155 4284 Sed
2202 4236 2259 4285 et
2299 4234 2525 4303 coelum,
2581 4242 2637 4293 et
2686 4246 2858 4308 terra,
2912 4252 2968 4302 et
3013 4253 3208 4307 omnia
3254 4272 3382 4325 quas
3424 4258 3483 4313 in
3531 4262 3612 4315 eis

1923 4321 2074 4383 sunt,
2137 4334 2260 4373 ecce
2313 4322 2568 4393 undique
2615 4329 2759 4384 mihi
2809 4333 3007 4391 dicunt
3061 4344 3127 4393 ut
3181 4346 3235 4396 te
3265 4360 3474 4414 amem,
3507 4366 3609 4405 nec

1921 4410 2143 4459 cessant
2167 4406 2354 4463 dicere
2380 4413 2649 4469 omnibus
2676 4421 2741 4472 ut
2768 4419 2882 4476 sint
2915 4424 3324 4484 inexcusabiles
3352 4434 3518 4501 (Rom.
3572 4457 3609 4506 ι,

1920 4492 2027 4562 20).
2060 4494 2242 4548 Altius
2272 4501 2463 4553 autem
2495 4505 2558 4555 tu
2585 4503 2943 4563 misereberis
2982 4512 3070 4565 cui
3100 4516 3365 4572 misertus
3393 4522 3524 4590 eris,
3557 4533 3613 4579 et

1920 4578 2371 4640 misericordiam
2403 4592 2702 4658 praestabis
2734 4595 2825 4650 cui
2872 4597 3191 4656 misericors
3218 4604 3393 4660 fueris
3426 4626 3438 4663 :
3473 4611 3612 4667 alio-

1920 4666 2061 4737 quin
2091 4669 2299 4725 coelum
2330 4678 2387 4727 et
2414 4678 2565 4730 terra
2611 4680 2798 4734 surdis
2851 4682 3164 4753 loquuntur
3226 4691 3418 4747 laudes
3460 4699 3606 4756 tuas.

1920 4754 2068 4818 Quid
2100 4762 2289 4813 autem
2319 4777 2610 4829 amo,cum
2625 4770 2679 4821 te
2697 4782 2828 4821 amo
2850 4767 2877 4823 ?
2905 4770 3028 4825 Non
3056 4776 3304 4845 speciem
3333 4785 3608 4854 corporis,

1920 4858 2025 4898 nec
2052 4844 2221 4900 decus
2249 4852 2541 4921 temporis,
2583 4869 2688 4908 nec
2738 4857 3044 4915 candorem
3094 4844 3238 4920 lucis
3287 4866 3453 4924 ecce‘
3486 4873 3609 4928 istis

1920 4932 2169 4989 amicum
2209 4939 2408 5006 oculis,
2462 4956 2577 4995 non
2630 4942 2821 4999 dulces
2874 4948 3147 5006 melodias
3196 4958 3609 5017 cantilenarum

1920 5023 2401 5090 omnimodarum,
2430 5044 2545 5083 non
2568 5030 2778 5086 florum
2795 5038 2853 5089 et
2869 5044 3291 5107 unguentorum
3305 5051 3362 5100 et
3383 5063 3608 5102 aroma-

1918 5114 2043 5166 tum
2072 5116 2672 5186 suaveolentiam,non
2704 5130 2983 5180 mannaet
2997 5129 3184 5199 mella,
3215 5148 3332 5187 non
3351 5136 3607 5191 membra

1920 5201 2287 5271 acceptabilia
2317 5203 2501 5258 carnis
2543 5208 2916 5277 amplexibus.
2966 5216 3091 5271 Non
3120 5218 3240 5274 haec
3276 5237 3427 5288 amo,
3474 5240 3604 5279 cum

1920 5302 2051 5342 amo
2080 5290 2263 5346 Deum
2290 5307 2522 5362 meum;
2564 5300 2618 5351 et
2652 5300 2847 5355 tamen
2876 5319 3005 5359 amo
3053 5309 3359 5377 quamdam
3397 5311 3604 5379 lucem,

1920 5380 1977 5431 et
2003 5378 2310 5449 quamdam
2344 5397 2559 5451 vocem,
2591 5389 2648 5440 et
2675 5390 2981 5459 quemdam
3014 5395 3267 5463 odorem,
3300 5402 3356 5451 et
3400 5378 3607 5471 quem;

1921 5465 2054 5520 dam
2080 5466 2291 5535 cibum,
2321 5474 2380 5525 et
2407 5474 2717 5543 quemdam
2753 5480 3097 5549 amplexum,
3122 5499 3250 5538 cum
3271 5500 3400 5541 amo
3428 5489 3604 5546 Deum

1982 5556 1998 5587 ¹
2060 5554 2405 5620 Etiamjuxta
2434 5560 2562 5611 Ven.
2596 5563 2661 5612 M.
