4058 6174
436 263 543 316 783

438 400 658 449 meum,
705 385 913 448 lucem.
958 401 1178 451 vocem,
1226 388 1478 449 odorem,
1536 382 1749 448 cibum,
1810 381 2139 453 amplexum

437 474 727 530 interioris
754 473 1004 530 hominis
1033 474 1145 528 mei
1173 489 1187 539 ;
1220 472 1320 527 ubi
1348 472 1526 542 fulget
1572 470 1781 524 animas
1810 486 1955 524 mete
1984 470 2137 541 quod

441 578 558 618 non
585 564 739 634 capit
766 564 943 627 locus,
977 566 1032 615 et
1062 561 1157 614 ubi
1185 564 1344 614 sonat
1375 558 1526 630 quod
1569 575 1682 612 non
1712 560 1860 630 rapit
1887 563 2136 630 tempus,

442 655 501 707 et
528 651 629 706 ubi
659 652 773 705 olet
802 650 954 722 quod
987 665 1101 703 non
1129 646 1346 722 spargit
1375 648 1563 712 ﬂatus,
1596 651 1654 701 et
1681 647 1783 701 ubi
1814 647 1963 719 sapit
1985 637 2138 718 quod

441 756 559 795 non
590 738 801 794 minuit
817 715 1093 801 edacitas,
1129 715 1186 790 et
1215 715 1523 790 ubihaaret
1570 735 1726 806 quod
1766 715 1895 790 non—
1924 715 2144 790 divellit

442 828 690 883 satietas.
726 828 842 881 Hoc
872 828 955 879 est
997 823 1147 896 quod
1187 839 1339 886 amo,
1383 839 1515 878 cum
1546 824 1725 878 Deum
1759 840 1949 878 meum
1989 839 2139 878 amo.

513 919 564 971 9.
599 916 666 969 Et
695 913 833 985 quid
864 917 950 966 est
989 911 1096 966 hoc
1119 911 1147 966 ?
1191 911 1541 983 Interrogavi
1588 916 1825 979 terram,
1875 916 1932 967 et
1979 907 2177 980 dixit,’

438 1004 565 1059 Non
594 1018 720 1056 sum
744 1018 758 1069 ;
782 1005 840 1055 et
868 1015 1245 1071 quaecumque
1275 999 1333 1054 in
1366 1000 1564 1055 eadem
1618 1005 1773 1072 sunt,
1808 1001 1960 1055 idem
2004 1017 2139 1056 con-

437 1091 585 1147 fessa
638 1094 792 1145 sunt.
848 1088 1203 1159 Interrogavi
1252 1104 1411 1143 mare
1442 1093 1497 1143 et
1545 1088 1797 1159 abyssos,
1831 1093 1886 1143 ct
1918 1088 2145 1160 reptilia

438 1180 760 1233 animarum
830 1176 1085 1231 vivarum
1158 1180 1215 1230 et
1267 1177 1888 1248 responderunt:Non
1946 1194 2142 1232 sumus

439 1268 590 1322 Deus
619 1272 751 1321 tuus
780 1283 794 1334 ;
821 1282 1015 1338 qua-re
1048 1280 1219 1336 super
1241 1281 1363 1319 nos.
1398 1264 1753 1335 Interrogavi
1791 1281 1959 1319 auras
1986 1265 2144 1319 ﬂabi-

438 1356 543 1423 les,
575 1361 632 1411 et
659 1355 849 1427 inquit
877 1354 1176 1408 universus
1198 1369 1439 1408 aereum
1470 1354 1674 1407 incolis
1707 1353 1827 1407 suis
1856 1370 1870 1408 :
1902 1353 2139 1408 Fallitur

442 1444 867 1509 Anaximenes;
922 1458 1038 1496 non
1096 1457 1225 1496 sum
1278 1443 1443 1496 Deus.
1504 1442 1855 1513 Interrogavi
1912 1443 2141 1505 ccelum,

440 1533 641 1599 solem,
665 1533 883 1598 lunam,
916 1531 1107 1585 stellas
1134 1550 1150 1598 ;
1182 1546 1367 1601 neque
1395 1547 1503 1584 nos
1530 1547 1728 1584 sumus
1758 1533 1938 1585 Deum
1970 1547 2141 1602 quem

440 1621 668 1693 quaeris,
702 1620 990 1691 inquiunt.
1026 1619 1089 1673 Et
1132 1618 1251 1673 dixi
1295 1618 1560 1672 omnibus
1608 1619 1676 1673 iis
1718 1635 1848 1691 qum
1898 1619 2141 1673 circum-

440 1714 591 1764 stant
605 1709 755 1762 fores
774 1707 960 1762 carnis
976 1723 1120 1760 mea:
1149 1723 1162 1760 :
1190 1706 1418 1760 Dixistis
1443 1706 1583 1760 milii
1606 1707 1674 1761 de
1698 1708 1813 1761 Deo
1838 1723 1964 1761 meo
1987 1707 2138 1777 quod

438 1811 537 1849 vos
556 1811 672 1850 non
704 1795 857 1861 estis,
881 1794 1050 1849 dicite
1080 1794 1223 1848 mihi
1244 1794 1312 1848 de
1343 1794 1442 1847 illo
1456 1794 1693 1864 aliquid.
1718 1796 1783 1849 Et
1800 1795 2143 1849 exclamave-

438 1888 574 1939 runt
600 1900 736 1939 voce
766 1900 975 1955 magna
1007 1900 1020 1938 :
1053 1884 1179 1953 Ipse
1199 1882 1330 1936 fecit
1361 1898 1467 1937 nos
1497 1883 1818 1952 (Psal.xcrx,
1850 1884 1928 1953 3).
1961 1884 2146 1938 Inter-

437 1972 663 2044 rogatio
692 1987 845 2040 mea,
869 1971 1112 2026 intentio
1126 1987 1283 2039 mea;
1304 1971 1663 2042 etresponsio
1684 1987 1905 2039 eorum,
1926 1971 2141 2038 species

439 2076 660 2116 eorum.
704 2062 769 2116 Et
797 2059 976 2115 direxi
1008 2076 1098 2114 me
1149 2060 1220 2114 ad
1270 2076 1383 2128 me,
1414 2064 1472 2114 et
1511 2059 1629 2114 dixi
1663 2060 1825 2125 mihi,
1876 2061 1960 2115 Tu
2009 2060 2140 2131 quis

442 2148 549 2204 es?
583 2150 651 2203 Et
677 2149 973 2220 respondi,
1005 2150 1206 2203 Homo.
1242 2150 1309 2202 Et
1338 2164 1466 2203 ecce
1519 2164 1724 2220 corpus
1762 2152 1818 2202 et
1846 2148 2039 2202 anima
2079 2149 2137 2203 in

439 2250 534 2289 me
564 2234 707 2289 mihi
737 2240 946 2307 praesto
977 2241 1147 2305 sunt;
1183 2252 1365 2291 unum
1395 2237 1664 2304 exterius,
1697 2240 1754 2291 et
1782 2236 2028 2291 alterum
2057 2236 2141 2291 in-

439 2323 638 2379 terius.
671 2324 816 2389 Quid
850 2325 1060 2379 horum
1122 2329 1207 2379 est
1252 2325 1402 2379 unde
1450 2341 1707 2397 quaerere
1755 2325 1926 2380 debui
1958 2326 2137 2380 Deum

438 2427 659 2480 meum,
684 2429 856 2483 quem
863 2414 983 2484 jam
1010 2412 1259 2483 qumsive
1269 2429 1387 2466 ram
1402 2428 1507 2483 per
1517 2429 1724 2483 corpus
1737 2429 1768 2467 a
1784 2418 1938 2468 terra
1956 2430 2138 2485 usque

441 2501 511 2555 ad
539 2501 765 2569 coelum,
801 2516 1102 2573 quousque
1147 2501 1312 2572 potui
1362 2502 1589 2555 mittere
1636 2500 1893 2570 nuntios,
1947 2503 2140 2557 radios

443 2588 736 2643 oculorum
792 2590 1099 2643 meorum?
1147 2589 1254 2644 Sed
1301 2589 1508 2644 melius
1566 2589 1718 2660 quod
1760 2588 2022 2645 interius.
2076 2590 2139 2645 Ei

443 2676 654 2749 quippe
681 2677 1088 2733 renuntiabant
1116 2694 1313 2733 omnes
1349 2678 1540 2733 nuntii
1584 2680 1903 2750 corporales
1938 2680 2139 2751 prmsi-

442 2767 602 2821 denti
632 2767 986 2836 etjudicanti
1018 2767 1087 2822 de
1126 2767 1368 2839 singulis
1416 2767 1883 2839 responsionibus
1931 2768 2057 2823 coeli
2084 2772 2140 2823 et

437 2858 608 2910 terrae
641 2860 697 2910 et
716 2855 973 2910 omnium
1001 2872 1130 2928 quas
1160 2855 1221 2910 in
1247 2855 1328 2910 eis
1345 2861 1479 2910 sunt
1508 2856 1819 2912 dicentium
1852 2873 1865 2911 :
1895 2857 2016 2913 Non
2048 2872 2139 2912 su-

437 2959 568 2998 mus
600 2944 769 3011 Deus,
801 2944 898 2999 sed
927 2945 1047 3015 ipse
1077 2944 1210 2999 fecit
1240 2960 1363 2999 nos.
1427 2946 1605 2999 Homo
1653 2945 1895 3000 interior
1922 2960 2137 3016 cogno-

438 3032 519 3085 vit
581 3031 704 3086 haec
758 3047 864 3101 per
919 3031 1213 3087 exterioris
1268 3032 1692 3100 ministerium;
1742 3049 1849 3105 ego
1900 3033 2140 3088 interior

441 3119 683 3188 cognovi
710 3119 855 3186 haec,
888 3135 1010 3190 ego.
1069 3136 1175 3191 ego
1228 3121 1454 3175 animus
1503 3136 1607 3192 per
1657 3136 1856 3176 sensus
1884 3122 2139 3193 corporis

440 3207 575 3262 mei.
600 3208 953 3278 Interrogavi
983 3208 1187 3263 mundi
1225 3210 1434 3263 molem
1494 3209 1562 3263 de
1611 3209 1727 3263 Deo
1764 3225 1916 3278 meo,
1947 3215 2004 3265 et
2040 3227 2135 3265 re-

440 3294 674 3368 spondit
704 3295 847 3349 mihi
881 3312 895 3351 :
930 3297 1052 3351 Non
1094 3312 1202 3367 ego
1234 3296 1492 3363 sr.m,sed
1524 3296 1640 3368 ipse
1670 3313 1763 3351 me
1793 3298 1945 3353 fecit.

520 3386 601 3439 ιο.
637 3384 835 3439 Nonne
864 3384 1132 3439 omnibus
1162 3385 1371 3456 quibus
1404 3385 1627 3456 integer
1668 3402 1867 3441 sensus
1896 3390 2000 3455 est,
2032 3403 2134 3459 ap-

437 3476 601 3545 paret
629 3474 752 3528 hasc
782 3473 1039 3545 species?
1070 3474 1182 3529 Cur
1203 3489 1318 3527 non
1336 3472 1604 3527 omnibus
1630 3473 2137 3545 eademloquitur?

436 3561 721 3617 Animalia
751 3562 956 3634 pusilla
987 3566 1046 3617 et
1085 3578 1292 3633 magna
1319 3560 1516 3616 vident
1545 3577 1690 3625 eam,
1752 3561 1849 3616 sed
1888 3561 2135 3617 interro-

438 3666 573 3719 gare
592 3656 925 3722 nequeunt;
962 3667 1074 3705 non
1108 3652 1263 3706 enim
1293 3649 1600 3722 pra-posita
1628 3653 1714 3704 est
1744 3649 1804 3704 in
1858 3650 1940 3705 eis
1980 3667 2136 3706 nun-

437 3739 712 3794 tiantibus
743 3739 1003 3794 sensibus
1030 3740 1203 3810 judex
1243 3739 1409 3794 ratio.
1459 3737 1732 3793 Homines
1780 3743 1973 3793 autem
2004 3756 2135 3810 pos-

439 3828 963 3898 suntinterrogare,
1001 3833 1065 3882 ut
1098 3826 1403 3881 invisibilia
1436 3825 1558 3894 Dei,
1590 3842 1695 3896 per
1740 3843 1807 3881 ea
1834 3843 1963 3898 quae
1992 3828 2137 3883 facta

438 3915 592 3980 sunt,
652 3913 942 3968 intellecta
989 3913 1458 3985 conspiciantur'
1525 3915 1692 3983 (Rom.
1743 3930 1782 3981 ι,
1840 3918 1967 3986 20);
2039 3917 2136 3971 sed

440 4017 634 4057 amore
661 4001 986 4057 subdantur
1003 4002 1105 4068 eis,
1134 4007 1190 4057 et
1212 4002 1427 4057 subditi
1449 4002 1709 4073 judicare
1736 4019 1852 4058 non
1873 4009 2131 4075 possunt.

439 4091 553 4146 Nec
582 4090 930 4163 respondent
950 4090 1057 4146 ista
1084 4091 1570 4162 interrogantibus
1600 4091 1710 4146 nisi
1726 4092 2133 4163 judicantibus;

435 4195 541 4234 nec
576 4195 772 4234 vocem
831 4196 993 4234 suam
1047 4183 1294 4246 mutant,
1347 4179 1406 4233 id
1458 4183 1542 4234 est
1569 4179 1816 4250 speciem
1850 4197 2032 4249 suam,
2091 4183 2135 4236 si

435 4268 582 4323 alius
616 4272 841 4323 tantum
876 4268 1087 4335 videat,
1116 4267 1264 4322 alius
1313 4272 1504 4322 autem
1552 4269 1750 4324 videns
1801 4269 2133 4343 interroget,

430 4361 497 4411 ut
520 4356 683 4412 aliter
701 4356 783 4411 illi
812 4361 1107 4428 appareat,
1142 4356 1310 4411 aliter
1355 4357 1525 4424 huic;
1573 4357 1668 4412 sed
1713 4359 1913 4414 eodem
1962 4359 2134 4414 modo

435 4445 663 4516 utrique
688 4461 992 4517 apparens,
1030 4445 1116 4499 illi
1146 4448 1305 4499 muta
1348 4448 1453 4515 est,
1504 4445 1637 4499 huic
1686 4446 1977 4517 loquitur:
2022 4449 2134 4502 imo

433 4550 568 4588 vero
601 4534 869 4589 omnibus
898 4533 1156 4607 loquitur
1184 4550 1199 4601 ;
1230 4534 1327 4589 sed
1372 4533 1457 4587 illi
1506 4533 1838 4606 intelligunt
1882 4535 1983 4607 qui
2012 4537 2136 4609 ejus

430 4635 624 4675 vocem
656 4628 942 4692 acceptam
975 4621 1114 4677 foris
1157 4622 1312 4697 intus
1347 4638 1477 4676 cum
1522 4622 1762 4676 veritate
1808 4623 2130 4682 conferunt.

432 4707 651 4762 Veritas
681 4708 834 4764 enim
864 4709 1000 4765 dicit
1030 4709 1172 4765 mihi
1198 4726 1211 4764 :
1237 4711 1362 4764 Non
1394 4714 1482 4764 est
1536 4711 1683 4765 Deus
1739 4714 1872 4765 tuus
1901 4712 2133 4782 caelum,

433 4799 492 4850 et
520 4799 712 4864 terra;
742 4813 926 4869 neque
957 4815 1126 4854 omne
1155 4815 1387 4871 corpus.
1446 4800 1563 4854 IIoc
1618 4799 1754 4854 dicit
1786 4816 1983 4854 eorum
2026 4815 2133 4853 na-

431 4888 563 4939 tura
592 4883 844 4941 videnti:
880 4888 1050 4942 Moles
1093 4892 1209 4955 est;
1269 4888 1452 4943 moles
1507 4887 1699 4943 minor
1755 4892 1840 4943 est
1876 4888 1937 4943 in
1968 4892 2132 4959 parte

432 4987 607 5045 quam
638 4970 700 5026 in
728 4974 869 5027 toto.
906 4974 1029 5029 Jam
1060 4979 1125 5031 tu
1176 4975 1382 5030 melior
1408 4991 1467 5031 es
1496 4992 1511 5045 ;
1543 4975 1649 5030 tibi
1702 4975 1848 5044 dico,
1897 4975 2127 5045 anima;

432 5060 708 5132 quoniam
738 5064 798 5117 tu
827 5066 1057 5133 vegetas
1083 5063 1298 5118 molem
1329 5063 1583 5136 corporis
1625 5064 1730 5135 tui,
1785 5065 2047 5136 praebens
2076 5065 2131 5120 ei

429 5151 630 5221 vitam,
662 5149 816 5222 quod
862 5151 1089 5206 nullum
1146 5168 1354 5224 corpus
1406 5157 1646 5225 praestat
1699 5153 1946 5225 corpori.
1979 5155 2130 5210 Deus

427 5248 621 5299 autem
650 5247 781 5299 tuus
811 5241 984 5298 etiam
1013 5241 1120 5297 tibi
1147 5242 1277 5298 vitae
1306 5242 1420 5299 vita
1449 5247 1533 5298 est
1552 5241 1596 5299 ³.

493 5403 507 5469 ξ
539 5401 1082 5469 Qpnspiciuntjuxta
1112 5402 1291 5469 Sillss.
1311 5401 1471 5469 yart.
1497 5401 1567 5452 Μ.

487 5464 619 5527 ’βία
651 5464 782 5516 Arn.
824 5471 879 5516 et
905 5464 1047 5525 Mss;
1078 5468 1132 5515 at
1161 5464 1280 5514 Am.
1311 5464 1397 5515 Er.
1416 5464 1563 5527 Lov.,
1589 5465 1754 5516 etiam
1786 5464 1885 5517 tibi
1905 5466 2016 5517 vim
2034 5466 2125 5517 est.

426 5551 487 5562 —
516 5526 600 5577 Sic
621 5528 779 5578 etiam
800 5528 933 5580 Ven.
962 5531 1014 5578 et
1034 5526 1198 5591 Lugd.
1220 5527 1291 5578 M.

1626 256 2166 316 CONFESSIONUM
2206 255 2262 314 S.
2312 259 2722 317 AUGUSTINI.
3773 278 3853 331 783i

2907 386 3133 441 cseur
3171 386 3288 457 vn.

2338 491 2602 561 Corporea
2630 496 2727 545 aut
2755 493 3012 547 sensitan
3041 495 3242 548 virtute
3264 495 3399 549 Deus
3416 510 3514 550 non
3538 499 3792 554 invenitur.

2322 602 2405 655 tt.
2442 598 2588 663 Quid
2617 615 2753 670 ergo
2774 616 2925 665 amo,
2957 616 3086 655 cum
3120 601 3297 655 Deum
3329 618 3509 657 meum
3552 608 3709 660 amo?
3748 607 3858 671 Quis

2250 691 2334 742 est
2360 687 2456 742 ille
2486 705 2658 759 super
2687 694 2855 759 caput
2875 689 3083 744 animae
3115 705 3259 744 mere.
3281 691 3310 744 ?
3338 692 3441 745 Per
3468 691 3633 763 ipsam
3660 694 3863 750 animam

2250 792 2437 831 meam
2467 776 2768 832 ascendam
2802 777 2871 832 ad
2901 777 3085 832 illum.
3118 778 3390 833 Transibo
3435 779 3540 835 vim
3572 797 3755 848 meam,
3780 799 3865 854 qua

2248 867 2442 921 haereo
2482 866 2726 937 corpori,
2770 871 2827 920 et
2881 865 3127 920 vitaliter
3172 883 3498 940 compagem
3542 869 3654 940 ejus
3692 871 3862 941 repleo.

2253 956 2375 1009 Non
2423 970 2489 1009 ea
2516 953 2570 1008 vi
2600 954 2824 1025 reperio
2864 956 3041 1010 Deum
3080 972 3276 1011 meum
3307 975 3324 1010 :
3362 972 3489 1011 nam
3543 958 3784 1029 reperiret
3826 965 3866 1013 et

2251 1061 2452 1116 equus,
2497 1049 2554 1100 et
2595 1045 2807 1109 mulus,
2845 1045 3053 1117 quibus
3102 1061 3218 1100 non
3264 1050 3345 1100 est
3394 1045 3689 1100 intellectus
3730 1048 3860 1116 (Psal.

2250 1150 2399 1194 xxxx.
2431 1135 2478 1200 9)
2509 1150 2523 1199 ;
2554 1133 2689 1205 quia
2715 1137 2799 1187 est
2831 1134 3030 1189 eadem
3060 1134 3145 1188 vis
3176 1150 3292 1205 qua
3318 1132 3508 1189 vivunt
3537 1134 3690 1188 etiam
3715 1151 3865 1189 eorum

2250 1239 2510 1293 corpora.
2550 1224 2643 1277 Est
2693 1222 2805 1277 alia
2860 1222 2944 1276 vis
2997 1238 3114 1277 non
3162 1223 3343 1277 solum
3392 1238 3501 1293 qua
3550 1222 3761 1286 vivitico,
3798 1224 3866 1278 sed

2250 1310 2422 1365 etiam
2455 1328 2566 1382 qua
2589 1311 2847 1365 sensilico
2866 1327 3093 1366 carnem
3114 1327 3302 1366 meam
3325 1327 3492 1383 quam
3523 1311 3649 1365 mihi
3689 1312 3867 1366 fabrica-

2249 1398 2330 1452 vit
2362 1399 2673 1454 Dominus:
2701 1399 2910 1469 jubens
2941 1400 3106 1454 oculo
3132 1403 3197 1453 ut
3224 1415 3337 1453 non
3382 1398 3584 1461 audiat.
3616 1404 3667 1453 et
3700 1399 3799 1453 auri
3822 1404 3868 1453 ut

2251 1503 2366 1541 non
2399 1487 2618 1553 videat;
2652 1488 2750 1542 sed
2772 1487 2854 1541 illi
2875 1503 2980 1558 per
3004 1503 3177 1559 quem
3196 1487 3419 1541 videam
3445 1487 3604 1553 ;buic
3630 1503 3721 1558 per
3738 1505 3864 1559 quam

2252 1576 2477 1630 audiam
2514 1593 2527 1630 :
2562 1579 2618 1630 et
2637 1576 2868 1647 propria
2900 1576 3234 1647 singillatim
3264 1576 3481 1631 caeteris
3509 1576 3741 1630 sensibus
3763 1576 3868 1630 sedi-

2251 1663 2356 1718 bus
2388 1663 2505 1717 suis
2538 1668 2595 1718 et
2625 1665 2827 1718 officiis
2848 1665 2964 1719 suis
2992 1681 3006 1731 ;
3031 1681 3159 1736 qum
3178 1665 3399 1719 diversa
3425 1680 3526 1734 per
3554 1681 3641 1719 eos
3655 1680 3747 1736 ago
3760 1680 3867 1719 unus

2250 1767 2355 1823 ego
2383 1752 2610 1807 animus
2637 1752 2653 1785 ⁴
2672 1793 2685 1807 .
2717 1754 2988 1808 Transibo
3019 1760 3076 1807 et
3101 1752 3268 1807 istam
3311 1752 3426 1807 vim
3460 1768 3632 1807 meam
3658 1769 3671 1807 :
3698 1768 3801 1806 nam
3830 1756 3869 1805 et

2249 1841 2398 1896 hanc
2420 1841 2592 1896 habet
2621 1859 2823 1914 equus,
2875 1848 2933 1897 ct
2986 1842 3214 1910 mulus;
3269 1841 3520 1897 sentiunt
3566 1842 3704 1897 enim
3743 1841 3867 1895 etiam

2250 1930 2357 2001 ipsi
2387 1947 2492 2003 per
2519 1945 2744 2002 corpus.

2894 2057 3118 2112 CAPUT
3156 2056 3303 2111 VIII.

2893 2165 3163 2219 Memoriae
3189 2165 3294 2217 eis.

2323 2268 2413 2323 t2.
2447 2267 2720 2323 Transibo
2753 2284 2891 2340 ergo
2922 2273 2979 2323 et
3005 2267 3172 2322 istam
3201 2267 3322 2323 vim
3356 2271 3572 2322 naturae
3608 2281 3747 2330 mete,
3772 2279 3865 2334 gra-

2249 2355 2416 2410 dibus
2446 2357 2756 2411 ascendens
2792 2357 2862 2412 ad
2919 2372 3049 2412 eum
3082 2356 3183 2428 qui
3237 2356 3378 2412 fecit
3425 2372 3515 2411 me
3540 2375 3554 2423 ;
3579 2358 3632 2409 et
3670 2352 3806 2407 venio
3828 2350 3865 2403 in

2247 2459 2481 2514 campos
2510 2448 2568 2499 et
2595 2446 2709 2499 lata
2738 2444 3008 2515 praetoria
3039 2445 3360 2513 memoria,
3392 2444 3491 2499 ubi
3519 2447 3643 2498 sunt
3672 2439 3867 2498 thesauri

2246 2532 2755 2588 innumerabilium
2812 2533 3131 2605 imaginum
3179 2533 3249 2589 de
3309 2527 3867 2604 cujuscemodi'rebus
3972 2538 3973 2599 ι

2248 2621 2426 2675 sensis
2453 2621 2829 2677 invectarum.
2861 2621 2944 2676 Ibi
2966 2620 3331 2677 reconditum
3362 2626 3448 2677 est
3474 2616 3727 2693 quidquid
3744 2615 3869 2671 etiam

2246 2709 2584 2781 cogitamus,
2614 2710 2703 2764 vel
2733 2709 2996 2780 augendo
3027 2711 3113 2765 vel
3145 2710 3484 2773 minuendo,
3520 2709 3603 2761 vel
3627 2711 3869 2805 utcumque
3972 2712 3973 2805 χ

2243 2797 2514 2854 variando
2547 2816 2613 2853 ea
2669 2816 2798 2871 quae
2831 2815 3029 2854 sensus
3057 2799 3354 2871 attigerit;
3418 2804 3476 2853 et
3503 2797 3549 2852 si
3595 2795 3715 2868 quid
3758 2789 3869 2846 aliud

2246 2887 2709 2942 commendatum
2734 2891 2791 2942 et
2837 2886 3149 2959 repositum
3182 2892 3291 2955 est,
3348 2886 3501 2960 quod
3547 2883 3770 2940 nondum
3798 2879 3869 2932 ab-

2245 2976 2467 3031 sorbuit
2493 2981 2551 3032 et
2580 2977 2837 3048 sepelivit
2865 2976 3095 3033 oblivio.
3129 2977 3211 3033 Ibi
3241 2977 3476 3050 quando
3494 2991 3633 3039 sum,
3664 2986 3801 3044 posco
3824 2970 3870 3020 ut

2244 3065 2571 3137 proferatur
2617 3065 2897 3137 quidquid
2942 3066 3092 3127 volo.
3144 3070 3203 3120 et
3248 3065 3517 3137 quaedam
3564 3062 3731 3116 statim
3773 3072 3868 3129 pro-

2247 3154 2456 3221 deunt;
2491 3156 2754 3225 quaedam
2784 3154 3157 3227 requiruntur
3189 3154 3431 3221 diutius,
3466 3157 3521 3208 et
3565 3155 3796 3221 tanquam
3820 3144 3870 3197 de

2247 3242 2686 3297 abstrusioribus
2701 3242 3043 3314 quibusdam
3063 3243 3388 3314 receptaeul
3396 3243 3440 3297 is
3453 3244 3736 3301 eruuntur;
3757 3248 3871 3305 qua!-

2247 3331 2380 3405 dam
2411 3331 2738 3386 catervatim
2769 3347 2827 3384 se
2854 3336 3140 3402 proruunt
3157 3336 3199 3399 ³,
3223 3336 3285 3387 et
3304 3332 3442 3388 dum
3481 3329 3626 3385 aliud
3653 3323 3874 3399 petituret

2247 3419 2548 3491 quasritur,
2578 3419 2892 3490 prosiliunt
2919 3421 2979 3474 in
3026 3420 3292 3476 medium
3343 3419 3503 3493 quasi
3550 3414 3779 3478 dicentia,
3818 3408 3874 3462 NP

2245 3509 2392 3563 forte
2423 3524 2526 3562 nos
2557 3523 2754 3562 sumus
2784 3508 2813 3564 ?
2844 3509 2910 3563 Et
2937 3507 3106 3580 abigo
3163 3525 3230 3563 ea
3292 3525 3470 3565 manu
3514 3504 3685 3561 cordis
3711 3518 3737 3555 a
3770 3496 3871 3553 facie

2243 3596 2655 3652 recordationis
2696 3612 2860 3657 meae.
2915 3597 3095 3652 donec
3148 3598 3489 3652 enubiletur
3535 3593 3676 3667 quod
3709 3595 3728 3625 ι
3764 3585 3872 3643 volo.
3930 3598 3937 3607 ν

2245 3690 2417 3756 atque
2446 3684 2508 3739 in
2537 3690 2902 3757 conspectum
2924 3686 3165 3756 prodeat
3185 3702 3254 3740 ex
3284 3685 3513 3741 abditis.
3544 3682 3660 3739 Alia
3683 3674 3873 3733 faciliter

2246 3779 2416 3846 atque
2445 3773 2859 3844 imperturbata
2887 3774 3052 3842 serie,
3089 3774 3238 3830 sicut
3266 3778 3580 3847 poscuntur
3625 3775 3873 3838 suggerun-

2242 3867 2370 3931 tur;
2405 3868 2463 3918 et
2516 3864 2728 3919 cedunt
2751 3864 3134 3934 praecedentia
3165 3862 3678 3936 consequentibus:
3723 3858 3769 3907 et
3808 3864 3869 3901 οϐ’

2244 3952 2429 4006 dendo
2472 3952 2818 4018 conduntur,
2868 3952 3076 4007 iterum
3125 3968 3259 4006 cum
3305 3953 3539 4007 voluero
3586 3951 3868 4019 processura.

2244 4039 2407 4104 Quod
2436 4044 2621 4095 totum
2652 4040 2736 4108 fit,
2769 4057 2898 4095 cum
2931 4040 3146 4113 aliquid
3172 4057 3351 4096 narro
3382 4038 3712 4095 memoriter.

2317 4131 2401 4183 t3.
2435 4128 2518 4183 Ibi
2546 4132 2679 4183 sunt
2725 4130 2919 4184 omnia
2949 4130 3211 4185 distincte
3242 4128 3668 4202 generatimque
3694 4117 3872 4174 servata.

2244 4234 2373 4288 qum
2400 4234 2502 4272 suo
2534 4234 2778 4289 quaeque
2810 4218 2965 4274 aditu
2996 4219 3217 4290 ingesta
3248 4224 3410 4285 sunt,
3442 4218 3580 4271 sicut
3627 4214 3711 4267 lux
3750 4210 3873 4274 atque

2244 4323 2444 4362 omnes
2476 4307 2693 4360 colores
2725 4307 3044 4379 formasque
3091 4323 3401 4379 corporum
3430 4321 3534 4378 per
3576 4300 3769 4362 oculus;
3804 4303 3876 4363 P"

2244 4411 2408 4450 aures
2434 4399 2622 4450 autem
2646 4395 2838 4450 omnia
2851 4412 3061 4466 genera
3089 4413 3368 4451 sonorum
3399 4404 3697 4461 omnesque
3726 4383 3875 4438 odores

2241 4499 2346 4554 per
2371 4483 2587 4537 aditum
2618 4483 2846 4537 narium
2873 4500 2887 4550 ;
2919 4500 3119 4538 omnes
3140 4500 3376 4556 sapores
3396 4497 3499 4555 per
3513 4478 3624 4535 oris
3640 4473 3838 4556 aditum;
3856 4478 3876 4513 ιι

2242 4587 2412 4626 sensu
2444 4575 2634 4626 autem
2663 4572 2838 4626 totius
2870 4572 3142 4643 corporis,
3165 4555 3307 4644 quid
3339 4572 3568 4634 durum,
3595 4562 3716 4636 quid
3731 4555 3877 4614 molle,

2242 4660 2381 4733 quid
2411 4660 2657 4714 calidum
2710 4659 3077 4732 frigidumve,
3113 4661 3241 4714 lene
3303 4663 3407 4714 aut
3451 4666 3720 4728 asperum,
3751 4654 3878 4733 gift"e

2241 4730 2336 4802 seu
2369 4749 2506 4814 leve,
2534 4748 2650 4801 sive
2680 4730 3026 4803 extrinsecus
3048 4748 3162 4802 sive
3182 4746 3534 4801 intrinsecus
3550 4733 3769 4809 corpori.
3785 4730 3879 4785 Hmc

2240 4836 2435 4892 omnia
2460 4836 2665 4908 recipit
2691 4838 2989 4893 recolenda
3043 4852 3173 4892 cum
3208 4852 3359 4907 opus
3390 4838 3474 4888 est
3502 4836 3558 4886 et
3584 4814 3879 4883 retractanda

2235 4925 2468 4997 grandis
2494 4929 2787 4980 memoriae.
2820 4942 3092 4993 recessus,
3115 4930 3172 4981 et
3195 4924 3395 4980 nescio
3415 4920 3515 4994 qui
3542 4912 3877 5005 secretialglle

2237 4995 2553 5069 ineffabiles
2582 5013 2739 5068 sinus
2759 5015 2882 5085 ejus
2909 5031 2923 5083 ;
2957 5030 3085 5086 quae
3103 5013 3296 5069 omnia
3319 5010 3439 5066 suis
3467 5017 3695 5081 quosque
3713 4995 3882 5054 foribus

2236 5103 2455 5165 intrant
2486 5101 2558 5157 ad
2590 5117 2741 5171 eam,
2773 5106 2828 5156 ct
2857 5106 3218 5174 reponuntur
3240 5101 3303 5156 in
3335 5117 3423 5155 ea.
3447 5100 3557 5154 Nec
3583 5095 3697 5166 ipsa
3731 5092 3880 5174 tam?“

2237 5191 2476 5260 intrant,
2510 5191 2609 5247 sed
2655 5207 2851 5247 rerum
2881 5207 3179 5247 sensarum
3235 5189 3530 5261 imagines
3583 5181 3689 5237 illic
3712 5172 3877 5250 praesto

2298 5337 2316 5405 ξ
2357 5342 2498 5405 Unus
2518 5353 2617 5404 ago
2638 5342 2863 5405 animus,
2889 5339 3044 5405 juxta
3072 5341 3204 5391 Ven.
3234 5340 3303 5405 Mf.

2296 5398 2716 5467 {*Hujusce'modi,
2746 5398 2907 5467 juxta'
2928 5404 3013 5453 Er.
3046 5405 3174 5454 Ven.
3196 5407 3251 5452 et
3274 5399 3443 5466 Lugd.
3465 5398 3534 5448 Μ.

2295 5465 2317 5530 if
2351 5470 2423 5530 ge
2461 5465 2914 5530 promunt,'juxt§
2944 5467 3074 5530 \‘egn.
3099 5467 3167 5530 Ill.

2299 5526 2317 5554 ‘
2349 5524 2500 5579 quit
2527 5526 2681 5590 quod,
2703 5524 2858 5591 ju'xta
2875 5528 2959 5578 Er.
2983 5528 3112 5578 Ven.
3142 5524 3314 5590 Lugd.
3339 5527 3410 5576 M.
