  <div class='ocr_page' id='page_1' title='image "/cluster/home/n/w/nwhite01/storage/ocr_20150623/32/hvd.32044096580550/413.png"; bbox 0 0 4058 6174; ppageno 0'>
   <div class='ocr_carea' id='block_1_1' title="bbox 1093 370 1428 424">
    <p class='ocr_par' dir='ltr' id='par_1_1' title="bbox 1093 370 1428 424">
     <span class='ocr_line' id='line_1_1' title="bbox 1093 370 1428 424; baseline 0.006 -3"><span class='ocrx_word' id='word_1_1' title='bbox 1093 370 1314 423; x_wconf 74' lang='lat' dir='ltr'>CAPUT</span> <span class='ocrx_word' id='word_1_2' title='bbox 1345 371 1408 424; x_wconf 73' lang='lat' dir='ltr'>XI</span> <span class='ocrx_word' id='word_1_3' title='bbox 1419 413 1428 423; x_wconf 93' lang='lat'>.</span> 
     </span>
    </p>
   </div>
   <div class='ocr_carea' id='block_1_2' title="bbox 1015 457 1511 524">
    <p class='ocr_par' dir='ltr' id='par_1_2' title="bbox 1015 457 1511 524">
     <span class='ocr_line' id='line_1_2' title="bbox 1015 457 1511 524; baseline 0.012 -15"><span class='ocrx_word' id='word_1_4' title='bbox 1015 457 1157 524; x_wconf 82' lang='lat' dir='ltr'>Quid</span> <span class='ocrx_word' id='word_1_5' title='bbox 1183 460 1253 511; x_wconf 78' lang='lat' dir='ltr'>sit</span> <span class='ocrx_word' id='word_1_6' title='bbox 1283 459 1511 516; x_wconf 82' lang='lat' dir='ltr'>discere.</span> 
     </span>
    </p>
   </div>
   <div class='ocr_carea' id='block_1_3' title="bbox 495 543 2117 608">
    <p class='ocr_par' dir='ltr' id='par_1_3' title="bbox 495 543 2117 608">
     <span class='ocr_line' id='line_1_3' title="bbox 495 543 2117 608; baseline 0.006 -12"><span class='ocrx_word' id='word_1_7' title='bbox 495 545 584 598; x_wconf 82' lang='lat' dir='ltr'>t8.</span> <span class='ocrx_word' id='word_1_8' title='bbox 643 543 922 608; x_wconf 86' lang='lat' dir='ltr'>Quocirca</span> <span class='ocrx_word' id='word_1_9' title='bbox 968 544 1289 600; x_wconf 86' lang='lat' dir='ltr'>invenimus</span> <span class='ocrx_word' id='word_1_10' title='bbox 1336 546 1480 600; x_wconf 89' lang='lat' dir='ltr'>nihil</span> <span class='ocrx_word' id='word_1_11' title='bbox 1528 563 1649 600; x_wconf 90' lang='lat' dir='ltr'>esse</span> <span class='ocrx_word' id='word_1_12' title='bbox 1696 548 1850 603; x_wconf 86' lang='lat' dir='ltr'>aliud</span> <span class='ocrx_word' id='word_1_13' title='bbox 1903 550 2117 605; x_wconf 81' lang='lat' dir='ltr'>discere</span> 
     </span>
    </p>
   </div>
   <div class='ocr_carea' id='block_1_4' title="bbox 420 631 2116 707">
    <p class='ocr_par' dir='ltr' id='par_1_4' title="bbox 420 631 2116 707">
     <span class='ocr_line' id='line_1_4' title="bbox 420 631 2116 707; baseline 0.005 -23"><span class='ocrx_word' id='word_1_14' title='bbox 420 631 548 699; x_wconf 87' lang='lat' dir='ltr'>ista,</span> <span class='ocrx_word' id='word_1_15' title='bbox 581 648 831 706; x_wconf 89' lang='lat' dir='ltr'>quorum</span> <span class='ocrx_word' id='word_1_16' title='bbox 863 648 982 686; x_wconf 87' lang='lat' dir='ltr'>non</span> <span class='ocrx_word' id='word_1_17' title='bbox 1010 649 1113 702; x_wconf 89' lang='lat' dir='ltr'>per</span> <span class='ocrx_word' id='word_1_18' title='bbox 1144 649 1341 685; x_wconf 87' lang='lat' dir='ltr'>sensus</span> <span class='ocrx_word' id='word_1_19' title='bbox 1370 633 1988 707; x_wconf 84' lang='lat' dir='ltr'>haurimusimagines,</span> <span class='ocrx_word' id='word_1_20' title='bbox 2020 638 2116 693; x_wconf 90' lang='lat' dir='ltr'>sed</span> 
     </span>
    </p>
   </div>
   <div class='ocr_carea' id='block_1_5' title="bbox 419 720 2118 796">
    <p class='ocr_par' dir='ltr' id='par_1_5' title="bbox 419 720 2118 796">
     <span class='ocr_line' id='line_1_5' title="bbox 419 720 2118 796; baseline 0 -16"><span class='ocrx_word' id='word_1_21' title='bbox 419 728 540 782; x_wconf 87' lang='lat' dir='ltr'>sine</span> <span class='ocrx_word' id='word_1_22' title='bbox 573 723 884 796; x_wconf 89' lang='lat' dir='ltr'>imginibus</span> <span class='ocrx_word' id='word_1_23' title='bbox 913 720 1075 773; x_wconf 84' lang='lat' dir='ltr'>sicuti</span> <span class='ocrx_word' id='word_1_24' title='bbox 1108 725 1235 774; x_wconf 91' lang='lat' dir='ltr'>sunt</span> <span class='ocrx_word' id='word_1_25' title='bbox 1267 738 1368 791; x_wconf 88' lang='lat' dir='ltr'>per</span> <span class='ocrx_word' id='word_1_26' title='bbox 1397 722 1581 791; x_wconf 88' lang='lat' dir='ltr'>seipsa</span> <span class='ocrx_word' id='word_1_27' title='bbox 1613 723 1765 777; x_wconf 91' lang='lat' dir='ltr'>intus</span> <span class='ocrx_word' id='word_1_28' title='bbox 1795 726 2118 793; x_wconf 88' lang='lat' dir='ltr'>cernimus;</span> 
     </span>
    </p>
   </div>
   <div class='ocr_carea' id='block_1_6' title="bbox 421 809 2116 883">
    <p class='ocr_par' dir='ltr' id='par_1_6' title="bbox 421 809 2116 883">
     <span class='ocr_line' id='line_1_6' title="bbox 421 809 2116 883; baseline -0.001 -14"><span class='ocrx_word' id='word_1_29' title='bbox 421 815 528 870; x_wconf 89' lang='lat' dir='ltr'>nisi</span> <span class='ocrx_word' id='word_1_30' title='bbox 561 831 626 875; x_wconf 77' lang='lat' dir='ltr'>ea</span> <span class='ocrx_word' id='word_1_31' title='bbox 656 829 782 883; x_wconf 65' lang='lat' dir='ltr'>qua:</span> <span class='ocrx_word' id='word_1_32' title='bbox 813 809 1024 881; x_wconf 80' lang='lat' dir='ltr'>passim</span> <span class='ocrx_word' id='word_1_33' title='bbox 1056 811 1226 878; x_wconf 86' lang='lat' dir='ltr'>atque</span> <span class='ocrx_word' id='word_1_34' title='bbox 1263 809 1599 879; x_wconf 88' lang='lat' dir='ltr'>indisposite</span> <span class='ocrx_word' id='word_1_35' title='bbox 1630 814 1907 867; x_wconf 85' lang='lat' dir='ltr'>memoria</span> <span class='ocrx_word' id='word_1_36' title='bbox 1932 814 2116 868; x_wconf 91' lang='lat' dir='ltr'>conti-</span> 
     </span>
    </p>
   </div>
   <div class='ocr_carea' id='block_1_7' title="bbox 421 895 2120 969">
    <p class='ocr_par' dir='ltr' id='par_1_7' title="bbox 421 895 2120 969">
     <span class='ocr_line' id='line_1_7' title="bbox 421 895 2120 969; baseline -0.008 -12"><span class='ocrx_word' id='word_1_37' title='bbox 421 904 611 968; x_wconf 83' lang='lat' dir='ltr'>nebat,</span> <span class='ocrx_word' id='word_1_38' title='bbox 656 897 957 968; x_wconf 88' lang='lat' dir='ltr'>cogitando</span> <span class='ocrx_word' id='word_1_39' title='bbox 1006 895 1167 966; x_wconf 84' lang='lat' dir='ltr'>quasi</span> <span class='ocrx_word' id='word_1_40' title='bbox 1214 897 1500 966; x_wconf 82' lang='lat' dir='ltr'>colligere,</span> <span class='ocrx_word' id='word_1_41' title='bbox 1543 905 1712 969; x_wconf 83' lang='lat' dir='ltr'>atque</span> <span class='ocrx_word' id='word_1_42' title='bbox 1759 903 2120 958; x_wconf 67' lang='lat' dir='ltr'>animadver-</span> 
     </span>
    </p>
   </div>
   <div class='ocr_carea' id='block_1_8' title="bbox 417 986 2114 1061">
    <p class='ocr_par' dir='ltr' id='par_1_8' title="bbox 417 986 2114 1061">
     <span class='ocr_line' id='line_1_8' title="bbox 417 986 2114 1061; baseline 0.001 -18"><span class='ocrx_word' id='word_1_43' title='bbox 417 989 589 1044; x_wconf 89' lang='lat' dir='ltr'>tendo</span> <span class='ocrx_word' id='word_1_44' title='bbox 635 1002 856 1050; x_wconf 88' lang='lat' dir='ltr'>curare,</span> <span class='ocrx_word' id='word_1_45' title='bbox 905 988 964 1036; x_wconf 92' lang='lat' dir='ltr'>ut</span> <span class='ocrx_word' id='word_1_46' title='bbox 996 989 1270 1054; x_wconf 87' lang='lat' dir='ltr'>tanquam</span> <span class='ocrx_word' id='word_1_47' title='bbox 1318 986 1386 1038; x_wconf 90' lang='lat' dir='ltr'>ad</span> <span class='ocrx_word' id='word_1_48' title='bbox 1418 1002 1656 1041; x_wconf 89' lang='lat' dir='ltr'>manum</span> <span class='ocrx_word' id='word_1_49' title='bbox 1685 989 1869 1058; x_wconf 88' lang='lat' dir='ltr'>posita</span> <span class='ocrx_word' id='word_1_50' title='bbox 1899 990 1958 1044; x_wconf 92' lang='lat' dir='ltr'>in</span> <span class='ocrx_word' id='word_1_51' title='bbox 1991 991 2114 1061; x_wconf 88' lang='lat' dir='ltr'>ipsa</span> 
     </span>
    </p>
   </div>
   <div class='ocr_carea' id='block_1_9' title="bbox 421 1072 2120 1149">
    <p class='ocr_par' dir='ltr' id='par_1_9' title="bbox 421 1072 2120 1149">
     <span class='ocr_line' id='line_1_9' title="bbox 421 1072 2120 1149; baseline 0.002 -18"><span class='ocrx_word' id='word_1_52' title='bbox 421 1075 722 1143; x_wconf 87' lang='lat' dir='ltr'>memoria,</span> <span class='ocrx_word' id='word_1_53' title='bbox 748 1073 847 1128; x_wconf 89' lang='lat' dir='ltr'>ubi</span> <span class='ocrx_word' id='word_1_54' title='bbox 880 1088 1075 1141; x_wconf 86' lang='lat' dir='ltr'>sparsa</span> <span class='ocrx_word' id='word_1_55' title='bbox 1105 1072 1263 1141; x_wconf 89' lang='lat' dir='ltr'>prius</span> <span class='ocrx_word' id='word_1_56' title='bbox 1293 1077 1347 1126; x_wconf 91' lang='lat' dir='ltr'>et</span> <span class='ocrx_word' id='word_1_57' title='bbox 1369 1076 1626 1144; x_wconf 85' lang='lat' dir='ltr'>neglecta</span> <span class='ocrx_word' id='word_1_58' title='bbox 1659 1077 2120 1149; x_wconf 87' lang='lat' dir='ltr'>latitabant,jam</span> 
     </span>
    </p>
   </div>
   <div class='ocr_carea' id='block_1_10' title="bbox 420 1161 2124 1238">
    <p class='ocr_par' dir='ltr' id='par_1_10' title="bbox 420 1161 2124 1238">
     <span class='ocr_line' id='line_1_10' title="bbox 420 1161 2124 1238; baseline 0.001 -16"><span class='ocrx_word' id='word_1_59' title='bbox 420 1166 691 1222; x_wconf 83' lang='lat' dir='ltr'>familiari</span> <span class='ocrx_word' id='word_1_60' title='bbox 724 1161 1025 1218; x_wconf 81' lang='lat' dir='ltr'>intentioni</span> <span class='ocrx_word' id='word_1_61' title='bbox 1056 1162 1219 1216; x_wconf 84' lang='lat' dir='ltr'>facile</span> <span class='ocrx_word' id='word_1_62' title='bbox 1249 1170 1566 1218; x_wconf 80' lang='lat' dir='ltr'>occurrant.</span> <span class='ocrx_word' id='word_1_63' title='bbox 1619 1168 1685 1220; x_wconf 88' lang='lat' dir='ltr'>Et</span> <span class='ocrx_word' id='word_1_64' title='bbox 1727 1185 1902 1238; x_wconf 87' lang='lat' dir='ltr'>quam</span> <span class='ocrx_word' id='word_1_65' title='bbox 1943 1171 2124 1224; x_wconf 89' lang='lat' dir='ltr'>multa</span> 
     </span>
    </p>
   </div>
   <div class='ocr_carea' id='block_1_11' title="bbox 424 1250 2119 1326">
    <p class='ocr_par' dir='ltr' id='par_1_11' title="bbox 424 1250 2119 1326">
     <span class='ocr_line' id='line_1_11' title="bbox 424 1250 2119 1326; baseline 0.001 -15"><span class='ocrx_word' id='word_1_66' title='bbox 424 1253 759 1326; x_wconf 85' lang='lat' dir='ltr'>hujusmodi</span> <span class='ocrx_word' id='word_1_67' title='bbox 793 1250 1265 1322; x_wconf 87' lang='lat' dir='ltr'>gestatmemoria</span> <span class='ocrx_word' id='word_1_68' title='bbox 1287 1268 1412 1305; x_wconf 91' lang='lat' dir='ltr'>mea</span> <span class='ocrx_word' id='word_1_69' title='bbox 1434 1254 1697 1324; x_wconf 84' lang='lat' dir='ltr'>quaejam</span> <span class='ocrx_word' id='word_1_70' title='bbox 1717 1255 1950 1310; x_wconf 80' lang='lat' dir='ltr'>inventa</span> <span class='ocrx_word' id='word_1_71' title='bbox 1968 1263 2119 1325; x_wconf 89' lang='lat' dir='ltr'>sunt,</span> 
     </span>
    </p>
   </div>
   <div class='ocr_carea' id='block_1_12' title="bbox 425 1338 2124 1414">
    <p class='ocr_par' dir='ltr' id='par_1_12' title="bbox 425 1338 2124 1414">
     <span class='ocr_line' id='line_1_12' title="bbox 425 1338 2124 1414; baseline 0 -15"><span class='ocrx_word' id='word_1_72' title='bbox 425 1350 483 1399; x_wconf 90' lang='lat' dir='ltr'>et</span> <span class='ocrx_word' id='word_1_73' title='bbox 510 1345 655 1397; x_wconf 87' lang='lat' dir='ltr'>sicut</span> <span class='ocrx_word' id='word_1_74' title='bbox 684 1340 820 1406; x_wconf 82' lang='lat' dir='ltr'>dixi,</span> <span class='ocrx_word' id='word_1_75' title='bbox 871 1338 1032 1410; x_wconf 88' lang='lat' dir='ltr'>quasi</span> <span class='ocrx_word' id='word_1_76' title='bbox 1079 1339 1149 1391; x_wconf 88' lang='lat' dir='ltr'>ad</span> <span class='ocrx_word' id='word_1_77' title='bbox 1181 1355 1417 1394; x_wconf 89' lang='lat' dir='ltr'>manum</span> <span class='ocrx_word' id='word_1_78' title='bbox 1447 1341 1651 1412; x_wconf 86' lang='lat' dir='ltr'>posita,</span> <span class='ocrx_word' id='word_1_79' title='bbox 1692 1360 1820 1414; x_wconf 86' lang='lat' dir='ltr'>quae</span> <span class='ocrx_word' id='word_1_80' title='bbox 1859 1345 2124 1399; x_wconf 87' lang='lat' dir='ltr'>didicisse</span> 
     </span>
    </p>
   </div>
   <div class='ocr_carea' id='block_1_13' title="bbox 424 1428 2123 1501">
    <p class='ocr_par' dir='ltr' id='par_1_13' title="bbox 424 1428 2123 1501">
     <span class='ocr_line' id='line_1_13' title="bbox 424 1428 2123 1501; baseline 0 -14"><span class='ocrx_word' id='word_1_81' title='bbox 424 1438 482 1488; x_wconf 87' lang='lat' dir='ltr'>et</span> <span class='ocrx_word' id='word_1_82' title='bbox 513 1446 677 1486; x_wconf 89' lang='lat' dir='ltr'>nosse</span> <span class='ocrx_word' id='word_1_83' title='bbox 708 1428 981 1483; x_wconf 86' lang='lat' dir='ltr'>dicimur!</span> <span class='ocrx_word' id='word_1_84' title='bbox 1014 1428 1150 1491; x_wconf 72' lang='lat' dir='ltr'>Qua:</span> <span class='ocrx_word' id='word_1_85' title='bbox 1192 1429 1238 1480; x_wconf 90' lang='lat' dir='ltr'>si</span> <span class='ocrx_word' id='word_1_86' title='bbox 1273 1429 1542 1482; x_wconf 86' lang='lat' dir='ltr'>modestis</span> <span class='ocrx_word' id='word_1_87' title='bbox 1593 1435 1919 1501; x_wconf 85' lang='lat' dir='ltr'>temporum</span> <span class='ocrx_word' id='word_1_88' title='bbox 1945 1433 2123 1488; x_wconf 91' lang='lat' dir='ltr'>inter-</span> 
     </span>
    </p>
   </div>
   <div class='ocr_carea' id='block_1_14' title="bbox 426 1515 2129 1592">
    <p class='ocr_par' dir='ltr' id='par_1_14' title="bbox 426 1515 2129 1592">
     <span class='ocr_line' id='line_1_14' title="bbox 426 1515 2129 1592; baseline 0.002 -20"><span class='ocrx_word' id='word_1_89' title='bbox 426 1521 588 1573; x_wconf 84' lang='lat' dir='ltr'>vallis</span> <span class='ocrx_word' id='word_1_90' title='bbox 627 1518 878 1571; x_wconf 83' lang='lat' dir='ltr'>recolere</span> <span class='ocrx_word' id='word_1_91' title='bbox 922 1516 1196 1582; x_wconf 80' lang='lat' dir='ltr'>desivero,</span> <span class='ocrx_word' id='word_1_92' title='bbox 1229 1515 1304 1569; x_wconf 89' lang='lat' dir='ltr'>ita</span> <span class='ocrx_word' id='word_1_93' title='bbox 1355 1533 1552 1571; x_wconf 87' lang='lat' dir='ltr'>rursus</span> <span class='ocrx_word' id='word_1_94' title='bbox 1591 1519 2022 1592; x_wconf 80' lang='lat' dir='ltr'>demerguntur,</span> <span class='ocrx_word' id='word_1_95' title='bbox 2072 1527 2129 1576; x_wconf 89' lang='lat' dir='ltr'>et</span> 
     </span>
    </p>
   </div>
   <div class='ocr_carea' id='block_1_15' title="bbox 428 1603 2126 1677">
    <p class='ocr_par' dir='ltr' id='par_1_15' title="bbox 428 1603 2126 1677">
     <span class='ocr_line' id='line_1_15' title="bbox 428 1603 2126 1677; baseline 0.002 -16"><span class='ocrx_word' id='word_1_96' title='bbox 428 1607 598 1677; x_wconf 88' lang='lat' dir='ltr'>quasi</span> <span class='ocrx_word' id='word_1_97' title='bbox 644 1606 704 1660; x_wconf 88' lang='lat' dir='ltr'>in</span> <span class='ocrx_word' id='word_1_98' title='bbox 737 1603 1046 1658; x_wconf 90' lang='lat' dir='ltr'>remotiora</span> <span class='ocrx_word' id='word_1_99' title='bbox 1074 1605 1388 1673; x_wconf 83' lang='lat' dir='ltr'>penetralia</span> <span class='ocrx_word' id='word_1_100' title='bbox 1431 1605 1783 1674; x_wconf 90' lang='lat' dir='ltr'>dilabuntur,</span> <span class='ocrx_word' id='word_1_101' title='bbox 1825 1614 1888 1662; x_wconf 92' lang='lat' dir='ltr'>ut</span> <span class='ocrx_word' id='word_1_102' title='bbox 1939 1610 2126 1664; x_wconf 88' lang='lat' dir='ltr'>denuo</span> 
     </span>
    </p>
   </div>
   <div class='ocr_carea' id='block_1_16' title="bbox 430 1691 2130 1768">
    <p class='ocr_par' dir='ltr' id='par_1_16' title="bbox 430 1691 2130 1768">
     <span class='ocr_line' id='line_1_16' title="bbox 430 1691 2130 1768; baseline 0.002 -21"><span class='ocrx_word' id='word_1_103' title='bbox 430 1697 585 1749; x_wconf 88' lang='lat' dir='ltr'>velut</span> <span class='ocrx_word' id='word_1_104' title='bbox 633 1710 775 1747; x_wconf 92' lang='lat' dir='ltr'>nova</span> <span class='ocrx_word' id='word_1_105' title='bbox 805 1691 1174 1761; x_wconf 83' lang='lat' dir='ltr'>excogitanda</span> <span class='ocrx_word' id='word_1_106' title='bbox 1205 1692 1316 1746; x_wconf 88' lang='lat' dir='ltr'>sint</span> <span class='ocrx_word' id='word_1_107' title='bbox 1345 1693 1597 1748; x_wconf 83' lang='lat' dir='ltr'>indidem</span> <span class='ocrx_word' id='word_1_108' title='bbox 1628 1695 1873 1750; x_wconf 79' lang='lat' dir='ltr'>iterum‘</span> <span class='ocrx_word' id='word_1_109' title='bbox 1925 1702 2130 1768; x_wconf 86' lang='lat' dir='ltr'>(neque</span> 
     </span>
    </p>
   </div>
   <div class='ocr_carea' id='block_1_17' title="bbox 431 1780 2129 1854">
    <p class='ocr_par' dir='ltr' id='par_1_17' title="bbox 431 1780 2129 1854">
     <span class='ocr_line' id='line_1_17' title="bbox 431 1780 2129 1854; baseline 0.001 -17"><span class='ocrx_word' id='word_1_110' title='bbox 431 1784 585 1837; x_wconf 90' lang='lat' dir='ltr'>enim</span> <span class='ocrx_word' id='word_1_111' title='bbox 631 1786 712 1835; x_wconf 90' lang='lat' dir='ltr'>est</span> <span class='ocrx_word' id='word_1_112' title='bbox 753 1782 862 1834; x_wconf 90' lang='lat' dir='ltr'>alia</span> <span class='ocrx_word' id='word_1_113' title='bbox 909 1780 1066 1850; x_wconf 83' lang='lat' dir='ltr'>regio</span> <span class='ocrx_word' id='word_1_114' title='bbox 1131 1781 1373 1850; x_wconf 91' lang='lat' dir='ltr'>eorum),</span> <span class='ocrx_word' id='word_1_115' title='bbox 1425 1785 1481 1834; x_wconf 92' lang='lat' dir='ltr'>et</span> <span class='ocrx_word' id='word_1_116' title='bbox 1520 1784 1776 1854; x_wconf 86' lang='lat' dir='ltr'>cogenda</span> <span class='ocrx_word' id='word_1_117' title='bbox 1820 1801 2018 1839; x_wconf 86' lang='lat' dir='ltr'>rursus</span> <span class='ocrx_word' id='word_1_118' title='bbox 2065 1789 2129 1838; x_wconf 91' lang='lat' dir='ltr'>ut</span> 
     </span>
    </p>
   </div>
   <div class='ocr_carea' id='block_1_18' title="bbox 429 1868 2128 1942">
    <p class='ocr_par' dir='ltr' id='par_1_18' title="bbox 429 1868 2128 1942">
     <span class='ocr_line' id='line_1_18' title="bbox 429 1868 2128 1942; baseline 0.002 -17"><span class='ocrx_word' id='word_1_119' title='bbox 429 1872 560 1925; x_wconf 89' lang='lat' dir='ltr'>sciri</span> <span class='ocrx_word' id='word_1_120' title='bbox 602 1869 840 1940; x_wconf 85' lang='lat' dir='ltr'>possint,</span> <span class='ocrx_word' id='word_1_121' title='bbox 868 1868 922 1922; x_wconf 89' lang='lat' dir='ltr'>id</span> <span class='ocrx_word' id='word_1_122' title='bbox 945 1873 1032 1922; x_wconf 90' lang='lat' dir='ltr'>est</span> <span class='ocrx_word' id='word_1_123' title='bbox 1074 1869 1229 1922; x_wconf 84' lang='lat' dir='ltr'>velut</span> <span class='ocrx_word' id='word_1_124' title='bbox 1256 1885 1321 1922; x_wconf 81' lang='lat' dir='ltr'>ex</span> <span class='ocrx_word' id='word_1_125' title='bbox 1352 1870 1598 1940; x_wconf 89' lang='lat' dir='ltr'>quadam</span> <span class='ocrx_word' id='word_1_126' title='bbox 1627 1872 1982 1942; x_wconf 88' lang='lat' dir='ltr'>dispersione</span> <span class='ocrx_word' id='word_1_127' title='bbox 2013 1875 2128 1928; x_wconf 90' lang='lat' dir='ltr'>col-</span> 
     </span>
    </p>
   </div>
   <div class='ocr_carea' id='block_1_19' title="bbox 430 1956 2122 2032">
    <p class='ocr_par' dir='ltr' id='par_1_19' title="bbox 430 1956 2122 2032">
     <span class='ocr_line' id='line_1_19' title="bbox 430 1956 2122 2032; baseline 0.001 -19"><span class='ocrx_word' id='word_1_128' title='bbox 430 1959 676 2030; x_wconf 88' lang='lat' dir='ltr'>ligenda,</span> <span class='ocrx_word' id='word_1_129' title='bbox 715 1957 864 2011; x_wconf 89' lang='lat' dir='ltr'>unde</span> <span class='ocrx_word' id='word_1_130' title='bbox 912 1956 1128 2010; x_wconf 89' lang='lat' dir='ltr'>dictum</span> <span class='ocrx_word' id='word_1_131' title='bbox 1160 1961 1244 2010; x_wconf 90' lang='lat' dir='ltr'>est</span> <span class='ocrx_word' id='word_1_132' title='bbox 1290 1956 1560 2025; x_wconf 87' lang='lat' dir='ltr'>cogitare.</span> <span class='ocrx_word' id='word_1_133' title='bbox 1596 1960 1738 2013; x_wconf 85' lang='lat' dir='ltr'>Nam</span> <span class='ocrx_word' id='word_1_134' title='bbox 1769 1977 1909 2032; x_wconf 84' lang='lat' dir='ltr'>cogo</span> <span class='ocrx_word' id='word_1_135' title='bbox 1946 1966 2003 2015; x_wconf 89' lang='lat' dir='ltr'>et</span> <span class='ocrx_word' id='word_1_136' title='bbox 2032 1978 2122 2015; x_wconf 92' lang='lat' dir='ltr'>co-</span> 
     </span>
    </p>
   </div>
   <div class='ocr_carea' id='block_1_20' title="bbox 428 2044 2119 2115">
    <p class='ocr_par' dir='ltr' id='par_1_20' title="bbox 428 2044 2119 2115">
     <span class='ocr_line' id='line_1_20' title="bbox 428 2044 2119 2115; baseline 0.003 -17"><span class='ocrx_word' id='word_1_137' title='bbox 428 2045 568 2115; x_wconf 90' lang='lat' dir='ltr'>gito,</span> <span class='ocrx_word' id='word_1_138' title='bbox 597 2044 675 2097; x_wconf 91' lang='lat' dir='ltr'>sic</span> <span class='ocrx_word' id='word_1_139' title='bbox 706 2047 791 2097; x_wconf 88' lang='lat' dir='ltr'>est</span> <span class='ocrx_word' id='word_1_140' title='bbox 815 2047 880 2096; x_wconf 90' lang='lat' dir='ltr'>ut</span> <span class='ocrx_word' id='word_1_141' title='bbox 915 2058 1019 2113; x_wconf 89' lang='lat' dir='ltr'>ago</span> <span class='ocrx_word' id='word_1_142' title='bbox 1059 2048 1113 2097; x_wconf 87' lang='lat' dir='ltr'>et</span> <span class='ocrx_word' id='word_1_143' title='bbox 1141 2044 1312 2114; x_wconf 89' lang='lat' dir='ltr'>agito,</span> <span class='ocrx_word' id='word_1_144' title='bbox 1360 2044 1503 2098; x_wconf 88' lang='lat' dir='ltr'>facio</span> <span class='ocrx_word' id='word_1_145' title='bbox 1536 2050 1591 2098; x_wconf 91' lang='lat' dir='ltr'>et</span> <span class='ocrx_word' id='word_1_146' title='bbox 1618 2046 1834 2101; x_wconf 86' lang='lat' dir='ltr'>factito.</span> <span class='ocrx_word' id='word_1_147' title='bbox 1881 2049 2119 2102; x_wconf 85' lang='lat' dir='ltr'>Verum-</span> 
     </span>
    </p>
   </div>
   <div class='ocr_carea' id='block_1_21' title="bbox 432 2131 2133 2205">
    <p class='ocr_par' dir='ltr' id='par_1_21' title="bbox 432 2131 2133 2205">
     <span class='ocr_line' id='line_1_21' title="bbox 432 2131 2133 2205; baseline 0.003 -20"><span class='ocrx_word' id='word_1_148' title='bbox 432 2137 627 2186; x_wconf 90' lang='lat' dir='ltr'>tamen</span> <span class='ocrx_word' id='word_1_149' title='bbox 657 2131 766 2185; x_wconf 87' lang='lat' dir='ltr'>sibi</span> <span class='ocrx_word' id='word_1_150' title='bbox 798 2131 1021 2184; x_wconf 90' lang='lat' dir='ltr'>animus</span> <span class='ocrx_word' id='word_1_151' title='bbox 1042 2131 1147 2184; x_wconf 90' lang='lat' dir='ltr'>hoc</span> <span class='ocrx_word' id='word_1_152' title='bbox 1178 2132 1416 2185; x_wconf 84' lang='lat' dir='ltr'>verbum</span> <span class='ocrx_word' id='word_1_153' title='bbox 1446 2133 1678 2204; x_wconf 88' lang='lat' dir='ltr'>proprie</span> <span class='ocrx_word' id='word_1_154' title='bbox 1716 2135 2042 2205; x_wconf 86' lang='lat' dir='ltr'>vindicavit,</span> <span class='ocrx_word' id='word_1_155' title='bbox 2069 2140 2133 2189; x_wconf 90' lang='lat' dir='ltr'>ut</span> 
     </span>
    </p>
   </div>
   <div class='ocr_carea' id='block_1_22' title="bbox 433 2219 2132 2295">
    <p class='ocr_par' dir='ltr' id='par_1_22' title="bbox 433 2219 2132 2295">
     <span class='ocr_line' id='line_1_22' title="bbox 433 2219 2132 2295; baseline 0.002 -20"><span class='ocrx_word' id='word_1_156' title='bbox 433 2236 551 2276; x_wconf 90' lang='lat' dir='ltr'>non</span> <span class='ocrx_word' id='word_1_157' title='bbox 583 2219 738 2291; x_wconf 86' lang='lat' dir='ltr'>quod</span> <span class='ocrx_word' id='word_1_158' title='bbox 770 2219 926 2286; x_wconf 85' lang='lat' dir='ltr'>alibi,</span> <span class='ocrx_word' id='word_1_159' title='bbox 962 2221 1058 2274; x_wconf 89' lang='lat' dir='ltr'>sed</span> <span class='ocrx_word' id='word_1_160' title='bbox 1097 2221 1251 2290; x_wconf 89' lang='lat' dir='ltr'>quod</span> <span class='ocrx_word' id='word_1_161' title='bbox 1279 2220 1340 2273; x_wconf 91' lang='lat' dir='ltr'>in</span> <span class='ocrx_word' id='word_1_162' title='bbox 1383 2221 1575 2275; x_wconf 90' lang='lat' dir='ltr'>animo</span> <span class='ocrx_word' id='word_1_163' title='bbox 1607 2221 1913 2295; x_wconf 83' lang='lat' dir='ltr'>colligitur,</span> <span class='ocrx_word' id='word_1_164' title='bbox 1959 2225 2016 2279; x_wconf 91' lang='lat' dir='ltr'>id</span> <span class='ocrx_word' id='word_1_165' title='bbox 2048 2229 2132 2278; x_wconf 89' lang='lat' dir='ltr'>est</span> 
     </span>
    </p>
   </div>
   <div class='ocr_carea' id='block_1_23' title="bbox 435 2308 1621 2381">
    <p class='ocr_par' dir='ltr' id='par_1_23' title="bbox 435 2308 1621 2381">
     <span class='ocr_line' id='line_1_23' title="bbox 435 2308 1621 2381; baseline 0 -16"><span class='ocrx_word' id='word_1_166' title='bbox 435 2308 677 2381; x_wconf 90' lang='lat' dir='ltr'>cogitur,</span> <span class='ocrx_word' id='word_1_167' title='bbox 708 2308 944 2380; x_wconf 89' lang='lat' dir='ltr'>cogitari</span> <span class='ocrx_word' id='word_1_168' title='bbox 963 2308 1197 2378; x_wconf 89' lang='lat' dir='ltr'>proprie</span> <span class='ocrx_word' id='word_1_169' title='bbox 1221 2309 1342 2379; x_wconf 87' lang='lat' dir='ltr'>jam</span> <span class='ocrx_word' id='word_1_170' title='bbox 1375 2309 1621 2365; x_wconf 90' lang='lat' dir='ltr'>dicatur.</span> 
     </span>
    </p>
   </div>
   <div class='ocr_carea' id='block_1_24' title="bbox 1101 2416 1460 2470">
    <p class='ocr_par' dir='ltr' id='par_1_24' title="bbox 1101 2416 1460 2470">
     <span class='ocr_line' id='line_1_24' title="bbox 1101 2416 1460 2470; baseline -0.003 0"><span class='ocrx_word' id='word_1_171' title='bbox 1101 2416 1324 2470; x_wconf 82' lang='lat' dir='ltr'><strong>CAPUT</strong></span> <span class='ocrx_word' id='word_1_172' title='bbox 1347 2417 1460 2470; x_wconf 80' lang='lat' dir='ltr'>XII.</span> 
     </span>
    </p>
   </div>
   <div class='ocr_carea' id='block_1_25' title="bbox 763 2505 1794 2561">
    <p class='ocr_par' dir='ltr' id='par_1_25' title="bbox 763 2505 1794 2561">
     <span class='ocr_line' id='line_1_25' title="bbox 763 2505 1794 2561; baseline 0.001 -1"><span class='ocrx_word' id='word_1_173' title='bbox 763 2507 961 2560; x_wconf 84' lang='lat' dir='ltr'>Rerum</span> <span class='ocrx_word' id='word_1_174' title='bbox 981 2505 1488 2560; x_wconf 81' lang='lat' dir='ltr'>Mathematicarum</span> <span class='ocrx_word' id='word_1_175' title='bbox 1519 2509 1794 2561; x_wconf 72' lang='lat' dir='ltr'>memoria.</span> 
     </span>
    </p>
   </div>
   <div class='ocr_carea' id='block_1_26' title="bbox 513 2593 2130 2650">
    <p class='ocr_par' dir='ltr' id='par_1_26' title="bbox 513 2593 2130 2650">
     <span class='ocr_line' id='line_1_26' title="bbox 513 2593 2130 2650; baseline 0.001 -1"><span class='ocrx_word' id='word_1_176' title='bbox 513 2598 595 2650; x_wconf 80' lang='grc'>19.</span> <span class='ocrx_word' id='word_1_177' title='bbox 631 2595 774 2649; x_wconf 91' lang='lat' dir='ltr'>Item</span> <span class='ocrx_word' id='word_1_178' title='bbox 804 2593 1058 2648; x_wconf 85' lang='lat' dir='ltr'>continet</span> <span class='ocrx_word' id='word_1_179' title='bbox 1086 2593 1363 2648; x_wconf 90' lang='lat' dir='ltr'>memoria</span> <span class='ocrx_word' id='word_1_180' title='bbox 1401 2610 1777 2649; x_wconf 90' lang='lat' dir='ltr'>numerorum</span> <span class='ocrx_word' id='word_1_181' title='bbox 1820 2595 2130 2650; x_wconf 83' lang='lat' dir='ltr'>dimensio-</span> 
     </span>
    </p>
   </div>
   <div class='ocr_carea' id='block_1_27' title="bbox 439 2681 2131 2754">
    <p class='ocr_par' dir='ltr' id='par_1_27' title="bbox 439 2681 2131 2754">
     <span class='ocr_line' id='line_1_27' title="bbox 439 2681 2131 2754; baseline 0 -15"><span class='ocrx_word' id='word_1_182' title='bbox 439 2699 696 2754; x_wconf 88' lang='lat' dir='ltr'>numque</span> <span class='ocrx_word' id='word_1_183' title='bbox 740 2681 993 2736; x_wconf 88' lang='lat' dir='ltr'>rationes</span> <span class='ocrx_word' id='word_1_184' title='bbox 1037 2685 1093 2735; x_wconf 92' lang='lat' dir='ltr'>et</span> <span class='ocrx_word' id='word_1_185' title='bbox 1139 2683 1290 2752; x_wconf 83' lang='lat' dir='ltr'>leges</span> <span class='ocrx_word' id='word_1_186' title='bbox 1349 2681 1817 2751; x_wconf 88' lang='lat' dir='ltr'>innumerabiles,</span> <span class='ocrx_word' id='word_1_187' title='bbox 1885 2699 2131 2754; x_wconf 88' lang='lat' dir='ltr'>quarum</span> 
     </span>
    </p>
   </div>
   <div class='ocr_carea' id='block_1_28' title="bbox 437 2769 2134 2842">
    <p class='ocr_par' dir='ltr' id='par_1_28' title="bbox 437 2769 2134 2842">
     <span class='ocr_line' id='line_1_28' title="bbox 437 2769 2134 2842; baseline 0 -15"><span class='ocrx_word' id='word_1_188' title='bbox 437 2773 656 2828; x_wconf 92' lang='lat' dir='ltr'>nullam</span> <span class='ocrx_word' id='word_1_189' title='bbox 699 2769 952 2840; x_wconf 89' lang='lat' dir='ltr'>corporis</span> <span class='ocrx_word' id='word_1_190' title='bbox 997 2786 1194 2824; x_wconf 88' lang='lat' dir='ltr'>sensus</span> <span class='ocrx_word' id='word_1_191' title='bbox 1220 2770 1538 2841; x_wconf 87' lang='lat' dir='ltr'>impressit;</span> <span class='ocrx_word' id='word_1_192' title='bbox 1567 2771 1704 2842; x_wconf 86' lang='lat' dir='ltr'>quia</span> <span class='ocrx_word' id='word_1_193' title='bbox 1738 2787 1842 2826; x_wconf 90' lang='lat' dir='ltr'>nec</span> <span class='ocrx_word' id='word_1_194' title='bbox 1870 2772 2010 2842; x_wconf 82' lang='lat' dir='ltr'>ipsae</span> <span class='ocrx_word' id='word_1_195' title='bbox 2041 2789 2134 2828; x_wconf 92' lang='lat' dir='ltr'>co-</span> 
     </span>
    </p>
   </div>
   <div class='ocr_carea' id='block_1_29' title="bbox 432 2859 2139 2931">
    <p class='ocr_par' dir='ltr' id='par_1_29' title="bbox 432 2859 2139 2931">
     <span class='ocr_line' id='line_1_29' title="bbox 432 2859 2139 2931; baseline 0 -15"><span class='ocrx_word' id='word_1_196' title='bbox 432 2863 633 2916; x_wconf 57' lang='lat' dir='ltr'>loratas</span> <span class='ocrx_word' id='word_1_197' title='bbox 663 2864 816 2926; x_wconf 90' lang='lat' dir='ltr'>sunt,</span> <span class='ocrx_word' id='word_1_198' title='bbox 857 2863 958 2913; x_wconf 90' lang='lat' dir='ltr'>aut</span> <span class='ocrx_word' id='word_1_199' title='bbox 988 2864 1212 2926; x_wconf 87' lang='lat' dir='ltr'>sonant,</span> <span class='ocrx_word' id='word_1_200' title='bbox 1259 2864 1353 2912; x_wconf 89' lang='lat' dir='ltr'>aut</span> <span class='ocrx_word' id='word_1_201' title='bbox 1395 2859 1568 2922; x_wconf 90' lang='lat' dir='ltr'>olent,</span> <span class='ocrx_word' id='word_1_202' title='bbox 1620 2865 1717 2914; x_wconf 90' lang='lat' dir='ltr'>aut</span> <span class='ocrx_word' id='word_1_203' title='bbox 1746 2865 2010 2931; x_wconf 87' lang='lat' dir='ltr'>gustatae,</span> <span class='ocrx_word' id='word_1_204' title='bbox 2039 2866 2139 2916; x_wconf 87' lang='lat' dir='ltr'>aut</span> 
     </span>
    </p>
   </div>
   <div class='ocr_carea' id='block_1_30' title="bbox 434 2946 2138 3020">
    <p class='ocr_par' dir='ltr' id='par_1_30' title="bbox 434 2946 2138 3020">
     <span class='ocr_line' id='line_1_30' title="bbox 434 2946 2138 3020; baseline -0.001 -17"><span class='ocrx_word' id='word_1_205' title='bbox 434 2951 794 3004; x_wconf 88' lang='lat' dir='ltr'>contrectatae</span> <span class='ocrx_word' id='word_1_206' title='bbox 815 2950 966 3000; x_wconf 89' lang='lat' dir='ltr'>sunt.</span> <span class='ocrx_word' id='word_1_207' title='bbox 990 2946 1195 3000; x_wconf 81' lang='lat' dir='ltr'>Audivi</span> <span class='ocrx_word' id='word_1_208' title='bbox 1219 2961 1386 3000; x_wconf 91' lang='lat' dir='ltr'>sonos</span> <span class='ocrx_word' id='word_1_209' title='bbox 1411 2946 1714 3001; x_wconf 86' lang='lat' dir='ltr'>verborum</span> <span class='ocrx_word' id='word_1_210' title='bbox 1736 2947 1945 3019; x_wconf 86' lang='lat' dir='ltr'>quibus</span> <span class='ocrx_word' id='word_1_211' title='bbox 1967 2948 2138 3020; x_wconf 88' lang='lat' dir='ltr'>signi-</span> 
     </span>
    </p>
   </div>
   <div class='ocr_carea' id='block_1_31' title="bbox 431 3034 2131 3104">
    <p class='ocr_par' dir='ltr' id='par_1_31' title="bbox 431 3034 2131 3104">
     <span class='ocr_line' id='line_1_31' title="bbox 431 3034 2131 3104; baseline 0.001 -13"><span class='ocrx_word' id='word_1_212' title='bbox 431 3038 675 3092; x_wconf 84' lang='lat' dir='ltr'>ﬁcantur</span> <span class='ocrx_word' id='word_1_213' title='bbox 704 3051 834 3088; x_wconf 91' lang='lat' dir='ltr'>cum</span> <span class='ocrx_word' id='word_1_214' title='bbox 867 3035 936 3088; x_wconf 89' lang='lat' dir='ltr'>de</span> <span class='ocrx_word' id='word_1_215' title='bbox 953 3035 1041 3088; x_wconf 87' lang='lat' dir='ltr'>bis</span> <span class='ocrx_word' id='word_1_216' title='bbox 1063 3034 1390 3102; x_wconf 86' lang='lat' dir='ltr'>disseritur;</span> <span class='ocrx_word' id='word_1_217' title='bbox 1423 3036 1520 3090; x_wconf 91' lang='lat' dir='ltr'>sed</span> <span class='ocrx_word' id='word_1_218' title='bbox 1545 3035 1628 3090; x_wconf 90' lang='lat' dir='ltr'>illi</span> <span class='ocrx_word' id='word_1_219' title='bbox 1649 3036 1766 3104; x_wconf 87' lang='lat' dir='ltr'>alii,</span> <span class='ocrx_word' id='word_1_220' title='bbox 1788 3036 1911 3091; x_wconf 59' lang='lat' dir='ltr'>istas</span> <span class='ocrx_word' id='word_1_221' title='bbox 1939 3041 2131 3092; x_wconf 89' lang='lat' dir='ltr'>autem</span> 
     </span>
    </p>
   </div>
   <div class='ocr_carea' id='block_1_32' title="bbox 435 3122 2135 3192">
    <p class='ocr_par' dir='ltr' id='par_1_32' title="bbox 435 3122 2135 3192">
     <span class='ocr_line' id='line_1_32' title="bbox 435 3122 2135 3192; baseline 0.001 -13"><span class='ocrx_word' id='word_1_222' title='bbox 435 3125 562 3179; x_wconf 51' lang='lat' dir='ltr'>alia).</span> <span class='ocrx_word' id='word_1_223' title='bbox 581 3128 732 3178; x_wconf 89' lang='lat' dir='ltr'>sunt:</span> <span class='ocrx_word' id='word_1_224' title='bbox 750 3138 884 3176; x_wconf 91' lang='lat' dir='ltr'>nam</span> <span class='ocrx_word' id='word_1_225' title='bbox 899 3122 982 3176; x_wconf 92' lang='lat' dir='ltr'>illi</span> <span class='ocrx_word' id='word_1_226' title='bbox 995 3123 1159 3176; x_wconf 88' lang='lat' dir='ltr'>aliter</span> <span class='ocrx_word' id='word_1_227' title='bbox 1174 3139 1376 3192; x_wconf 61' lang='lat' dir='ltr'>graece,</span> <span class='ocrx_word' id='word_1_228' title='bbox 1400 3123 1752 3179; x_wconf 88' lang='lat' dir='ltr'>aliterlatine</span> <span class='ocrx_word' id='word_1_229' title='bbox 1770 3131 1995 3192; x_wconf 90' lang='lat' dir='ltr'>sonant;</span> <span class='ocrx_word' id='word_1_230' title='bbox 2011 3126 2135 3180; x_wconf 68' lang='lat' dir='ltr'>ista:</span> 
     </span>
    </p>
   </div>
   <div class='ocr_carea' id='block_1_33' title="bbox 432 3211 2135 3286">
    <p class='ocr_par' dir='ltr' id='par_1_33' title="bbox 432 3211 2135 3286">
     <span class='ocr_line' id='line_1_33' title="bbox 432 3211 2135 3286; baseline 0.002 -19"><span class='ocrx_word' id='word_1_231' title='bbox 432 3228 566 3267; x_wconf 92' lang='lat' dir='ltr'>vero</span> <span class='ocrx_word' id='word_1_232' title='bbox 595 3228 700 3266; x_wconf 90' lang='lat' dir='ltr'>nec</span> <span class='ocrx_word' id='word_1_233' title='bbox 722 3227 921 3280; x_wconf 64' lang='lat' dir='ltr'>graecae</span> <span class='ocrx_word' id='word_1_234' title='bbox 940 3227 1043 3264; x_wconf 90' lang='lat' dir='ltr'>nec</span> <span class='ocrx_word' id='word_1_235' title='bbox 1058 3211 1252 3265; x_wconf 83' lang='lat' dir='ltr'>latinae</span> <span class='ocrx_word' id='word_1_236' title='bbox 1274 3218 1428 3280; x_wconf 90' lang='lat' dir='ltr'>sunt,</span> <span class='ocrx_word' id='word_1_237' title='bbox 1463 3229 1566 3267; x_wconf 91' lang='lat' dir='ltr'>nec</span> <span class='ocrx_word' id='word_1_238' title='bbox 1587 3213 1741 3268; x_wconf 91' lang='lat' dir='ltr'>aliud</span> <span class='ocrx_word' id='word_1_239' title='bbox 1773 3215 2135 3286; x_wconf 90' lang='lat' dir='ltr'>eloquiorum</span> 
     </span>
    </p>
   </div>
   <div class='ocr_carea' id='block_1_34' title="bbox 433 3298 2129 3373">
    <p class='ocr_par' dir='ltr' id='par_1_34' title="bbox 433 3298 2129 3373">
     <span class='ocr_line' id='line_1_34' title="bbox 433 3298 2129 3373; baseline 0.002 -19"><span class='ocrx_word' id='word_1_240' title='bbox 433 3316 636 3373; x_wconf 90' lang='lat' dir='ltr'>genus.</span> <span class='ocrx_word' id='word_1_241' title='bbox 668 3299 794 3353; x_wconf 89' lang='lat' dir='ltr'>Vidi</span> <span class='ocrx_word' id='word_1_242' title='bbox 825 3298 1001 3352; x_wconf 89' lang='lat' dir='ltr'>lineas</span> <span class='ocrx_word' id='word_1_243' title='bbox 1045 3299 1358 3366; x_wconf 89' lang='lat' dir='ltr'>fabrorum,</span> <span class='ocrx_word' id='word_1_244' title='bbox 1403 3301 1490 3354; x_wconf 91' lang='lat' dir='ltr'>vel</span> <span class='ocrx_word' id='word_1_245' title='bbox 1531 3301 1705 3356; x_wconf 89' lang='lat' dir='ltr'>etiam</span> <span class='ocrx_word' id='word_1_246' title='bbox 1741 3303 2129 3372; x_wconf 88' lang='lat' dir='ltr'>tenuissimas,</span> 
     </span>
    </p>
   </div>
   <div class='ocr_carea' id='block_1_35' title="bbox 434 3388 2136 3457">
    <p class='ocr_par' dir='ltr' id='par_1_35' title="bbox 434 3388 2136 3457">
     <span class='ocr_line' id='line_1_35' title="bbox 434 3388 2136 3457; baseline 0.002 -13"><span class='ocrx_word' id='word_1_247' title='bbox 434 3390 581 3444; x_wconf 87' lang='lat' dir='ltr'>sicut</span> <span class='ocrx_word' id='word_1_248' title='bbox 608 3389 770 3442; x_wconf 83' lang='lat' dir='ltr'>ﬁlum</span> <span class='ocrx_word' id='word_1_249' title='bbox 800 3403 1059 3455; x_wconf 80' lang='lat' dir='ltr'>araneae;</span> <span class='ocrx_word' id='word_1_250' title='bbox 1094 3389 1192 3443; x_wconf 90' lang='lat' dir='ltr'>sed</span> <span class='ocrx_word' id='word_1_251' title='bbox 1224 3388 1336 3442; x_wconf 83' lang='lat' dir='ltr'>illae</span> <span class='ocrx_word' id='word_1_252' title='bbox 1368 3388 1493 3442; x_wconf 85' lang='lat' dir='ltr'>aliae</span> <span class='ocrx_word' id='word_1_253' title='bbox 1523 3395 1678 3457; x_wconf 90' lang='lat' dir='ltr'>sunt,</span> <span class='ocrx_word' id='word_1_254' title='bbox 1704 3407 1818 3445; x_wconf 92' lang='lat' dir='ltr'>non</span> <span class='ocrx_word' id='word_1_255' title='bbox 1839 3398 1972 3446; x_wconf 90' lang='lat' dir='ltr'>sunt</span> <span class='ocrx_word' id='word_1_256' title='bbox 1997 3393 2136 3448; x_wconf 89' lang='lat' dir='ltr'>ima-</span> 
     </span>
    </p>
   </div>
   <div class='ocr_carea' id='block_1_36' title="bbox 436 3476 2134 3551">
    <p class='ocr_par' dir='ltr' id='par_1_36' title="bbox 436 3476 2134 3551">
     <span class='ocr_line' id='line_1_36' title="bbox 436 3476 2134 3551; baseline 0.002 -19"><span class='ocrx_word' id='word_1_257' title='bbox 436 3479 598 3551; x_wconf 90' lang='lat' dir='ltr'>gines</span> <span class='ocrx_word' id='word_1_258' title='bbox 631 3492 828 3533; x_wconf 90' lang='lat' dir='ltr'>earum</span> <span class='ocrx_word' id='word_1_259' title='bbox 863 3492 1004 3546; x_wconf 88' lang='lat' dir='ltr'>quas</span> <span class='ocrx_word' id='word_1_260' title='bbox 1047 3476 1191 3530; x_wconf 92' lang='lat' dir='ltr'>mihi</span> <span class='ocrx_word' id='word_1_261' title='bbox 1222 3477 1507 3532; x_wconf 79' lang='lat' dir='ltr'>nuntiavit</span> <span class='ocrx_word' id='word_1_262' title='bbox 1540 3479 1726 3533; x_wconf 90' lang='lat' dir='ltr'>carnis</span> <span class='ocrx_word' id='word_1_263' title='bbox 1765 3483 1997 3535; x_wconf 91' lang='lat' dir='ltr'>oculus:</span> <span class='ocrx_word' id='word_1_264' title='bbox 2029 3499 2134 3536; x_wconf 92' lang='lat' dir='ltr'>no-</span> 
     </span>
    </p>
   </div>
   <div class='ocr_carea' id='block_1_37' title="bbox 431 3565 2134 3640">
    <p class='ocr_par' dir='ltr' id='par_1_37' title="bbox 431 3565 2134 3640">
     <span class='ocr_line' id='line_1_37' title="bbox 431 3565 2134 3640; baseline 0.001 -18"><span class='ocrx_word' id='word_1_265' title='bbox 431 3567 513 3622; x_wconf 89' lang='lat' dir='ltr'>vit</span> <span class='ocrx_word' id='word_1_266' title='bbox 551 3583 644 3622; x_wconf 89' lang='lat' dir='ltr'>eas</span> <span class='ocrx_word' id='word_1_267' title='bbox 691 3566 948 3638; x_wconf 87' lang='lat' dir='ltr'>quisquis</span> <span class='ocrx_word' id='word_1_268' title='bbox 985 3565 1106 3620; x_wconf 91' lang='lat' dir='ltr'>sine</span> <span class='ocrx_word' id='word_1_269' title='bbox 1155 3567 1272 3620; x_wconf 89' lang='lat' dir='ltr'>ulla</span> <span class='ocrx_word' id='word_1_270' title='bbox 1321 3567 1668 3636; x_wconf 89' lang='lat' dir='ltr'>cogitatione</span> <span class='ocrx_word' id='word_1_271' title='bbox 1704 3568 2134 3640; x_wconf 91' lang='lat' dir='ltr'>qualiscumque</span> 
     </span>
    </p>
   </div>
   <div class='ocr_carea' id='block_1_38' title="bbox 431 3655 2131 3726">
    <p class='ocr_par' dir='ltr' id='par_1_38' title="bbox 431 3655 2131 3726">
     <span class='ocr_line' id='line_1_38' title="bbox 431 3655 2131 3726; baseline 0.001 -15"><span class='ocrx_word' id='word_1_272' title='bbox 431 3655 685 3726; x_wconf 90' lang='lat' dir='ltr'>corporis</span> <span class='ocrx_word' id='word_1_273' title='bbox 710 3656 864 3709; x_wconf 91' lang='lat' dir='ltr'>intus</span> <span class='ocrx_word' id='word_1_274' title='bbox 894 3655 1124 3726; x_wconf 88' lang='lat' dir='ltr'>agnovit</span> <span class='ocrx_word' id='word_1_275' title='bbox 1153 3671 1267 3709; x_wconf 89' lang='lat' dir='ltr'>eas.</span> <span class='ocrx_word' id='word_1_276' title='bbox 1313 3656 1477 3710; x_wconf 86' lang='lat' dir='ltr'>Sensi</span> <span class='ocrx_word' id='word_1_277' title='bbox 1505 3657 1680 3710; x_wconf 87' lang='lat' dir='ltr'>etiam</span> <span class='ocrx_word' id='word_1_278' title='bbox 1710 3673 1982 3712; x_wconf 89' lang='lat' dir='ltr'>numeros</span> <span class='ocrx_word' id='word_1_279' title='bbox 2007 3675 2131 3712; x_wconf 89' lang='lat' dir='ltr'>om-</span> 
     </span>
    </p>
   </div>
   <div class='ocr_carea' id='block_1_39' title="bbox 431 3743 2135 3813">
    <p class='ocr_par' dir='ltr' id='par_1_39' title="bbox 431 3743 2135 3813">
     <span class='ocr_line' id='line_1_39' title="bbox 431 3743 2135 3813; baseline 0.001 -16"><span class='ocrx_word' id='word_1_280' title='bbox 431 3744 602 3797; x_wconf 88' lang='lat' dir='ltr'>nibus</span> <span class='ocrx_word' id='word_1_281' title='bbox 661 3743 914 3812; x_wconf 91' lang='lat' dir='ltr'>corporis</span> <span class='ocrx_word' id='word_1_282' title='bbox 953 3743 1213 3796; x_wconf 88' lang='lat' dir='ltr'>sensibus</span> <span class='ocrx_word' id='word_1_283' title='bbox 1262 3760 1407 3813; x_wconf 91' lang='lat' dir='ltr'>quos</span> <span class='ocrx_word' id='word_1_284' title='bbox 1447 3759 1848 3811; x_wconf 89' lang='lat' dir='ltr'>numeramus;</span> <span class='ocrx_word' id='word_1_285' title='bbox 1901 3746 1998 3799; x_wconf 92' lang='lat' dir='ltr'>sed</span> <span class='ocrx_word' id='word_1_286' title='bbox 2051 3745 2135 3799; x_wconf 93' lang='lat' dir='ltr'>illi</span> 
     </span>
    </p>
   </div>
   <div class='ocr_carea' id='block_1_40' title="bbox 433 3830 2133 3900">
    <p class='ocr_par' dir='ltr' id='par_1_40' title="bbox 433 3830 2133 3900">
     <span class='ocr_line' id='line_1_40' title="bbox 433 3830 2133 3900; baseline 0.002 -16"><span class='ocrx_word' id='word_1_287' title='bbox 433 3830 530 3884; x_wconf 89' lang='lat' dir='ltr'>alii</span> <span class='ocrx_word' id='word_1_288' title='bbox 567 3834 698 3884; x_wconf 88' lang='lat' dir='ltr'>sunt</span> <span class='ocrx_word' id='word_1_289' title='bbox 728 3830 935 3899; x_wconf 89' lang='lat' dir='ltr'>quibus</span> <span class='ocrx_word' id='word_1_290' title='bbox 981 3847 1369 3897; x_wconf 88' lang='lat' dir='ltr'>numeramus,</span> <span class='ocrx_word' id='word_1_291' title='bbox 1421 3847 1526 3884; x_wconf 90' lang='lat' dir='ltr'>nec</span> <span class='ocrx_word' id='word_1_292' title='bbox 1573 3831 1856 3900; x_wconf 89' lang='lat' dir='ltr'>imagines</span> <span class='ocrx_word' id='word_1_293' title='bbox 1888 3834 2133 3888; x_wconf 89' lang='lat' dir='ltr'>istorum</span> 
     </span>
    </p>
   </div>
   <div class='ocr_carea' id='block_1_41' title="bbox 434 3917 2136 3985">
    <p class='ocr_par' dir='ltr' id='par_1_41' title="bbox 434 3917 2136 3985">
     <span class='ocr_line' id='line_1_41' title="bbox 434 3917 2136 3985; baseline 0.002 -13"><span class='ocrx_word' id='word_1_294' title='bbox 434 3922 588 3985; x_wconf 87' lang='lat' dir='ltr'>sunt,</span> <span class='ocrx_word' id='word_1_295' title='bbox 637 3921 692 3971; x_wconf 91' lang='lat' dir='ltr'>et</span> <span class='ocrx_word' id='word_1_296' title='bbox 730 3917 859 3970; x_wconf 90' lang='lat' dir='ltr'>ideo</span> <span class='ocrx_word' id='word_1_297' title='bbox 908 3918 1068 3971; x_wconf 90' lang='lat' dir='ltr'>valde</span> <span class='ocrx_word' id='word_1_298' title='bbox 1121 3923 1270 3971; x_wconf 88' lang='lat' dir='ltr'>sunt.</span> <span class='ocrx_word' id='word_1_299' title='bbox 1313 3918 1513 3972; x_wconf 79' lang='lat' dir='ltr'>Rideat</span> <span class='ocrx_word' id='word_1_300' title='bbox 1561 3935 1652 3972; x_wconf 89' lang='lat' dir='ltr'>me</span> <span class='ocrx_word' id='word_1_301' title='bbox 1703 3920 1810 3974; x_wconf 89' lang='lat' dir='ltr'>ista</span> <span class='ocrx_word' id='word_1_302' title='bbox 1855 3922 2136 3976; x_wconf 88' lang='lat' dir='ltr'>dicentem</span> 
     </span>
    </p>
   </div>
   <div class='ocr_carea' id='block_1_42' title="bbox 437 4003 1922 4076">
    <p class='ocr_par' dir='ltr' id='par_1_42' title="bbox 437 4003 1922 4076">
     <span class='ocr_line' id='line_1_42' title="bbox 437 4003 1922 4076; baseline 0.003 -18"><span class='ocrx_word' id='word_1_303' title='bbox 437 4005 539 4076; x_wconf 90' lang='lat' dir='ltr'>qui</span> <span class='ocrx_word' id='word_1_304' title='bbox 568 4021 664 4059; x_wconf 90' lang='lat' dir='ltr'>eos</span> <span class='ocrx_word' id='word_1_305' title='bbox 693 4020 809 4058; x_wconf 88' lang='lat' dir='ltr'>non</span> <span class='ocrx_word' id='word_1_306' title='bbox 835 4003 1008 4070; x_wconf 90' lang='lat' dir='ltr'>videt,</span> <span class='ocrx_word' id='word_1_307' title='bbox 1039 4008 1094 4058; x_wconf 90' lang='lat' dir='ltr'>et</span> <span class='ocrx_word' id='word_1_308' title='bbox 1123 4020 1229 4075; x_wconf 88' lang='lat' dir='ltr'>ego</span> <span class='ocrx_word' id='word_1_309' title='bbox 1261 4006 1486 4059; x_wconf 90' lang='lat' dir='ltr'>doleam</span> <span class='ocrx_word' id='word_1_310' title='bbox 1508 4007 1786 4061; x_wconf 89' lang='lat' dir='ltr'>ridentem</span> <span class='ocrx_word' id='word_1_311' title='bbox 1810 4025 1922 4064; x_wconf 89' lang='lat' dir='ltr'>me.</span> 
     </span>
    </p>
   </div>
   <div class='ocr_carea' id='block_1_43' title="bbox 1087 4112 1484 4168">
    <p class='ocr_par' dir='ltr' id='par_1_43' title="bbox 1087 4112 1484 4168">
     <span class='ocr_line' id='line_1_43' title="bbox 1087 4112 1484 4168; baseline 0 -1"><span class='ocrx_word' id='word_1_312' title='bbox 1087 4112 1313 4167; x_wconf 84' lang='lat' dir='ltr'><strong>CAPUT</strong></span> <span class='ocrx_word' id='word_1_313' title='bbox 1344 4114 1484 4168; x_wconf 81' lang='lat' dir='ltr'>XIII.</span> 
     </span>
    </p>
   </div>
   <div class='ocr_carea' id='block_1_44' title="bbox 733 4202 1831 4256">
    <p class='ocr_par' dir='ltr' id='par_1_44' title="bbox 733 4202 1831 4256">
     <span class='ocr_line' id='line_1_44' title="bbox 733 4202 1831 4256; baseline 0.002 -2"><span class='ocrx_word' id='word_1_314' title='bbox 733 4202 991 4255; x_wconf 78' lang='lat' dir='ltr'>Memoria</span> <span class='ocrx_word' id='word_1_315' title='bbox 1021 4205 1325 4256; x_wconf 76' lang='lat' dir='ltr'>meminisse</span> <span class='ocrx_word' id='word_1_316' title='bbox 1355 4217 1451 4256; x_wconf 87' lang='lat' dir='ltr'>nos</span> <span class='ocrx_word' id='word_1_317' title='bbox 1472 4203 1831 4256; x_wconf 81' lang='lat' dir='ltr'>meminimus.</span> 
     </span>
    </p>
   </div>
   <div class='ocr_carea' id='block_1_45' title="bbox 504 4289 2134 4361">
    <p class='ocr_par' dir='ltr' id='par_1_45' title="bbox 504 4289 2134 4361">
     <span class='ocr_line' id='line_1_45' title="bbox 504 4289 2134 4361; baseline 0.002 -19"><span class='ocrx_word' id='word_1_318' title='bbox 504 4291 602 4346; x_wconf 84' lang='lat'>20.</span> <span class='ocrx_word' id='word_1_319' title='bbox 639 4289 769 4344; x_wconf 69' lang='lat' dir='ltr'>Haec</span> <span class='ocrx_word' id='word_1_320' title='bbox 799 4289 992 4344; x_wconf 89' lang='lat' dir='ltr'>omnia</span> <span class='ocrx_word' id='word_1_321' title='bbox 1022 4289 1298 4344; x_wconf 90' lang='lat' dir='ltr'>memoria</span> <span class='ocrx_word' id='word_1_322' title='bbox 1328 4295 1520 4359; x_wconf 88' lang='lat' dir='ltr'>teneo,</span> <span class='ocrx_word' id='word_1_323' title='bbox 1553 4293 1608 4344; x_wconf 88' lang='lat' dir='ltr'>et</span> <span class='ocrx_word' id='word_1_324' title='bbox 1636 4290 1928 4361; x_wconf 89' lang='lat' dir='ltr'>quomodo</span> <span class='ocrx_word' id='word_1_325' title='bbox 1960 4307 2026 4346; x_wconf 89' lang='lat' dir='ltr'>ea</span> <span class='ocrx_word' id='word_1_326' title='bbox 2054 4291 2134 4346; x_wconf 88' lang='lat' dir='ltr'>di-</span> 
     </span>
    </p>
   </div>
   <div class='ocr_carea' id='block_1_46' title="bbox 438 4378 2139 4451">
    <p class='ocr_par' dir='ltr' id='par_1_46' title="bbox 438 4378 2139 4451">
     <span class='ocr_line' id='line_1_46' title="bbox 438 4378 2139 4451; baseline 0.001 -19"><span class='ocrx_word' id='word_1_327' title='bbox 438 4378 676 4432; x_wconf 91' lang='lat' dir='ltr'>dicerim</span> <span class='ocrx_word' id='word_1_328' title='bbox 721 4379 999 4434; x_wconf 90' lang='lat' dir='ltr'>memoria</span> <span class='ocrx_word' id='word_1_329' title='bbox 1038 4383 1229 4433; x_wconf 87' lang='lat' dir='ltr'>teneo.</span> <span class='ocrx_word' id='word_1_330' title='bbox 1281 4381 1454 4434; x_wconf 87' lang='lat' dir='ltr'>Multa</span> <span class='ocrx_word' id='word_1_331' title='bbox 1499 4381 1669 4434; x_wconf 91' lang='lat' dir='ltr'>etiam</span> <span class='ocrx_word' id='word_1_332' title='bbox 1709 4397 1837 4451; x_wconf 64' lang='lat' dir='ltr'>quae</span> <span class='ocrx_word' id='word_1_333' title='bbox 1870 4380 2139 4435; x_wconf 87' lang='lat' dir='ltr'>adversus</span> 
     </span>
    </p>
   </div>
   <div class='ocr_carea' id='block_1_47' title="bbox 438 4467 2132 4541">
    <p class='ocr_par' dir='ltr' id='par_1_47' title="bbox 438 4467 2132 4541">
     <span class='ocr_line' id='line_1_47' title="bbox 438 4467 2132 4541; baseline 0.001 -20"><span class='ocrx_word' id='word_1_334' title='bbox 438 4467 560 4521; x_wconf 52' lang='lat' dir='ltr'>haec</span> <span class='ocrx_word' id='word_1_335' title='bbox 590 4468 892 4523; x_wconf 88' lang='lat' dir='ltr'>falsissime</span> <span class='ocrx_word' id='word_1_336' title='bbox 920 4469 1287 4541; x_wconf 88' lang='lat' dir='ltr'>disputantur</span> <span class='ocrx_word' id='word_1_337' title='bbox 1312 4469 1523 4536; x_wconf 89' lang='lat' dir='ltr'>audivi,</span> <span class='ocrx_word' id='word_1_338' title='bbox 1555 4473 1610 4522; x_wconf 91' lang='lat' dir='ltr'>et</span> <span class='ocrx_word' id='word_1_339' title='bbox 1636 4468 1916 4522; x_wconf 91' lang='lat' dir='ltr'>memoria</span> <span class='ocrx_word' id='word_1_340' title='bbox 1944 4472 2132 4522; x_wconf 90' lang='lat' dir='ltr'>teneo:</span> 
     </span>
    </p>
   </div>
   <div class='ocr_carea' id='block_1_48' title="bbox 437 4557 2138 4625">
    <p class='ocr_par' dir='ltr' id='par_1_48' title="bbox 437 4557 2138 4625">
     <span class='ocr_line' id='line_1_48' title="bbox 437 4557 2138 4625; baseline 0.001 -16"><span class='ocrx_word' id='word_1_341' title='bbox 437 4571 567 4625; x_wconf 70' lang='lat' dir='ltr'>quae</span> <span class='ocrx_word' id='word_1_342' title='bbox 597 4557 823 4610; x_wconf 88' lang='lat' dir='ltr'>tametsi</span> <span class='ocrx_word' id='word_1_343' title='bbox 853 4558 993 4614; x_wconf 85' lang='lat' dir='ltr'>falsa</span> <span class='ocrx_word' id='word_1_344' title='bbox 1031 4561 1184 4622; x_wconf 89' lang='lat' dir='ltr'>sunt,</span> <span class='ocrx_word' id='word_1_345' title='bbox 1220 4561 1412 4610; x_wconf 91' lang='lat' dir='ltr'>tamen</span> <span class='ocrx_word' id='word_1_346' title='bbox 1439 4573 1504 4610; x_wconf 91' lang='lat' dir='ltr'>ea</span> <span class='ocrx_word' id='word_1_347' title='bbox 1533 4557 1862 4610; x_wconf 90' lang='lat' dir='ltr'>meminisse</span> <span class='ocrx_word' id='word_1_348' title='bbox 1894 4573 1985 4611; x_wconf 90' lang='lat' dir='ltr'>me</span> <span class='ocrx_word' id='word_1_349' title='bbox 2023 4573 2138 4610; x_wconf 91' lang='lat' dir='ltr'>non</span> 
     </span>
    </p>
   </div>
   <div class='ocr_carea' id='block_1_49' title="bbox 438 4642 2138 4711">
    <p class='ocr_par' dir='ltr' id='par_1_49' title="bbox 438 4642 2138 4711">
     <span class='ocr_line' id='line_1_49' title="bbox 438 4642 2138 4711; baseline 0.003 -16"><span class='ocrx_word' id='word_1_350' title='bbox 438 4647 521 4696; x_wconf 90' lang='lat' dir='ltr'>est</span> <span class='ocrx_word' id='word_1_351' title='bbox 547 4642 780 4711; x_wconf 90' lang='lat' dir='ltr'>falsum;</span> <span class='ocrx_word' id='word_1_352' title='bbox 823 4650 878 4700; x_wconf 90' lang='lat' dir='ltr'>et</span> <span class='ocrx_word' id='word_1_353' title='bbox 924 4645 1253 4700; x_wconf 89' lang='lat' dir='ltr'>discrevisse</span> <span class='ocrx_word' id='word_1_354' title='bbox 1293 4661 1383 4699; x_wconf 90' lang='lat' dir='ltr'>me</span> <span class='ocrx_word' id='word_1_355' title='bbox 1429 4645 1581 4699; x_wconf 90' lang='lat' dir='ltr'>inter</span> <span class='ocrx_word' id='word_1_356' title='bbox 1629 4645 1725 4698; x_wconf 89' lang='lat' dir='ltr'>illa</span> <span class='ocrx_word' id='word_1_357' title='bbox 1756 4661 1885 4698; x_wconf 90' lang='lat' dir='ltr'>vera</span> <span class='ocrx_word' id='word_1_358' title='bbox 1917 4650 1973 4700; x_wconf 90' lang='lat' dir='ltr'>et</span> <span class='ocrx_word' id='word_1_359' title='bbox 2016 4646 2138 4700; x_wconf 65' lang='lat' dir='ltr'>haec</span> 
     </span>
    </p>
   </div>
   <div class='ocr_carea' id='block_1_50' title="bbox 437 4729 2136 4806">
    <p class='ocr_par' dir='ltr' id='par_1_50' title="bbox 437 4729 2136 4806">
     <span class='ocr_line' id='line_1_50' title="bbox 437 4729 2136 4806; baseline 0.002 -22"><span class='ocrx_word' id='word_1_360' title='bbox 437 4729 579 4784; x_wconf 88' lang='lat' dir='ltr'>falsa</span> <span class='ocrx_word' id='word_1_361' title='bbox 625 4746 754 4800; x_wconf 76' lang='lat' dir='ltr'>quae</span> <span class='ocrx_word' id='word_1_362' title='bbox 797 4735 1282 4801; x_wconf 91' lang='lat' dir='ltr'>contradicuntur,</span> <span class='ocrx_word' id='word_1_363' title='bbox 1316 4738 1370 4788; x_wconf 89' lang='lat' dir='ltr'>et</span> <span class='ocrx_word' id='word_1_364' title='bbox 1417 4734 1526 4788; x_wconf 90' lang='lat' dir='ltr'>hoc</span> <span class='ocrx_word' id='word_1_365' title='bbox 1561 4733 1825 4797; x_wconf 88' lang='lat' dir='ltr'>memini;</span> <span class='ocrx_word' id='word_1_366' title='bbox 1858 4735 2136 4806; x_wconf 90' lang='lat' dir='ltr'>aliterque</span> 
     </span>
    </p>
   </div>
   <div class='ocr_carea' id='block_1_51' title="bbox 439 4818 2137 4890">
    <p class='ocr_par' dir='ltr' id='par_1_51' title="bbox 439 4818 2137 4890">
     <span class='ocr_line' id='line_1_51' title="bbox 439 4818 2137 4890; baseline 0.004 -20"><span class='ocrx_word' id='word_1_367' title='bbox 439 4832 593 4872; x_wconf 91' lang='lat' dir='ltr'>nunc</span> <span class='ocrx_word' id='word_1_368' title='bbox 622 4818 783 4873; x_wconf 90' lang='lat' dir='ltr'>video</span> <span class='ocrx_word' id='word_1_369' title='bbox 809 4821 1125 4876; x_wconf 89' lang='lat' dir='ltr'>discernere</span> <span class='ocrx_word' id='word_1_370' title='bbox 1158 4839 1249 4876; x_wconf 90' lang='lat' dir='ltr'>me</span> <span class='ocrx_word' id='word_1_371' title='bbox 1280 4822 1408 4890; x_wconf 90' lang='lat' dir='ltr'>ista,</span> <span class='ocrx_word' id='word_1_372' title='bbox 1466 4822 1631 4876; x_wconf 90' lang='lat' dir='ltr'>aliter</span> <span class='ocrx_word' id='word_1_373' title='bbox 1673 4827 1864 4876; x_wconf 89' lang='lat' dir='ltr'>autem</span> <span class='ocrx_word' id='word_1_374' title='bbox 1895 4823 2137 4878; x_wconf 90' lang='lat' dir='ltr'>memini</span> 
     </span>
    </p>
   </div>
   <div class='ocr_carea' id='block_1_52' title="bbox 439 4910 2138 4986">
    <p class='ocr_par' dir='ltr' id='par_1_52' title="bbox 439 4910 2138 4986">
     <span class='ocr_line' id='line_1_52' title="bbox 439 4910 2138 4986; baseline 0.004 -24"><span class='ocrx_word' id='word_1_375' title='bbox 439 4925 590 4980; x_wconf 63' lang='lat' dir='ltr'>sepe</span> <span class='ocrx_word' id='word_1_376' title='bbox 613 4925 707 4963; x_wconf 88' lang='lat' dir='ltr'>me</span> <span class='ocrx_word' id='word_1_377' title='bbox 735 4910 1060 4968; x_wconf 87' lang='lat' dir='ltr'>discrevisse</span> <span class='ocrx_word' id='word_1_378' title='bbox 1086 4930 1216 4968; x_wconf 91' lang='lat' dir='ltr'>cum</span> <span class='ocrx_word' id='word_1_379' title='bbox 1248 4930 1314 4968; x_wconf 91' lang='lat' dir='ltr'>ea</span> <span class='ocrx_word' id='word_1_380' title='bbox 1345 4930 1494 4986; x_wconf 66' lang='lat' dir='ltr'>smpe</span> <span class='ocrx_word' id='word_1_381' title='bbox 1524 4913 1860 4984; x_wconf 88' lang='lat' dir='ltr'>cogitarem.</span> <span class='ocrx_word' id='word_1_382' title='bbox 1906 4915 2051 4985; x_wconf 85' lang='lat' dir='ltr'>Ergo</span> <span class='ocrx_word' id='word_1_383' title='bbox 2082 4919 2138 4969; x_wconf 89' lang='lat' dir='ltr'>et</span> 
     </span>
    </p>
   </div>
   <div class='ocr_carea' id='block_1_53' title="bbox 437 4996 2138 5072">
    <p class='ocr_par' dir='ltr' id='par_1_53' title="bbox 437 4996 2138 5072">
     <span class='ocr_line' id='line_1_53' title="bbox 437 4996 2138 5072; baseline 0.004 -23"><span class='ocrx_word' id='word_1_384' title='bbox 437 4996 783 5051; x_wconf 82' lang='lat' dir='ltr'>intellexisse</span> <span class='ocrx_word' id='word_1_385' title='bbox 813 5014 904 5052; x_wconf 91' lang='lat' dir='ltr'>me</span> <span class='ocrx_word' id='word_1_386' title='bbox 936 5001 1145 5072; x_wconf 59' lang='lat' dir='ltr'>sepius</span> <span class='ocrx_word' id='word_1_387' title='bbox 1172 5002 1279 5056; x_wconf 89' lang='lat' dir='ltr'>ista</span> <span class='ocrx_word' id='word_1_388' title='bbox 1300 5002 1536 5056; x_wconf 91' lang='lat' dir='ltr'>memini</span> <span class='ocrx_word' id='word_1_389' title='bbox 1562 5019 1574 5069; x_wconf 92' lang='lat'>;</span> <span class='ocrx_word' id='word_1_390' title='bbox 1600 5006 1654 5056; x_wconf 88' lang='lat' dir='ltr'>et</span> <span class='ocrx_word' id='word_1_391' title='bbox 1681 5002 1834 5072; x_wconf 90' lang='lat' dir='ltr'>quod</span> <span class='ocrx_word' id='word_1_392' title='bbox 1858 5018 2008 5056; x_wconf 91' lang='lat' dir='ltr'>nunc</span> <span class='ocrx_word' id='word_1_393' title='bbox 2027 5003 2138 5056; x_wconf 91' lang='lat' dir='ltr'>dis-</span> 
     </span>
    </p>
   </div>
   <div class='ocr_carea' id='block_1_54' title="bbox 439 5086 2140 5162">
    <p class='ocr_par' dir='ltr' id='par_1_54' title="bbox 439 5086 2140 5162">
     <span class='ocr_line' id='line_1_54' title="bbox 439 5086 2140 5162; baseline 0.005 -24"><span class='ocrx_word' id='word_1_394' title='bbox 439 5100 610 5139; x_wconf 89' lang='lat' dir='ltr'>cerno</span> <span class='ocrx_word' id='word_1_395' title='bbox 658 5091 714 5139; x_wconf 90' lang='lat' dir='ltr'>et</span> <span class='ocrx_word' id='word_1_396' title='bbox 755 5086 1033 5158; x_wconf 84' lang='lat' dir='ltr'>intelligo,</span> <span class='ocrx_word' id='word_1_397' title='bbox 1083 5091 1330 5144; x_wconf 90' lang='lat' dir='ltr'>recondo</span> <span class='ocrx_word' id='word_1_398' title='bbox 1373 5090 1435 5144; x_wconf 91' lang='lat' dir='ltr'>in</span> <span class='ocrx_word' id='word_1_399' title='bbox 1484 5092 1784 5158; x_wconf 89' lang='lat' dir='ltr'>memoria,</span> <span class='ocrx_word' id='word_1_400' title='bbox 1835 5096 1899 5145; x_wconf 89' lang='lat' dir='ltr'>ut</span> <span class='ocrx_word' id='word_1_401' title='bbox 1940 5097 2140 5162; x_wconf 89' lang='lat' dir='ltr'>postea</span> 
     </span>
    </p>
   </div>
   <div class='ocr_carea' id='block_1_55' title="bbox 441 5175 2138 5250">
    <p class='ocr_par' dir='ltr' id='par_1_55' title="bbox 441 5175 2138 5250">
     <span class='ocr_line' id='line_1_55' title="bbox 441 5175 2138 5250; baseline 0.005 -22"><span class='ocrx_word' id='word_1_402' title='bbox 441 5189 535 5229; x_wconf 91' lang='lat' dir='ltr'>me</span> <span class='ocrx_word' id='word_1_403' title='bbox 566 5190 717 5229; x_wconf 91' lang='lat' dir='ltr'>nunc</span> <span class='ocrx_word' id='word_1_404' title='bbox 745 5175 1092 5231; x_wconf 83' lang='lat' dir='ltr'>intellexisse</span> <span class='ocrx_word' id='word_1_405' title='bbox 1120 5179 1506 5234; x_wconf 90' lang='lat' dir='ltr'>meminerim.</span> <span class='ocrx_word' id='word_1_406' title='bbox 1540 5181 1684 5250; x_wconf 87' lang='lat' dir='ltr'>Ergo</span> <span class='ocrx_word' id='word_1_407' title='bbox 1724 5184 1779 5234; x_wconf 89' lang='lat' dir='ltr'>et</span> <span class='ocrx_word' id='word_1_408' title='bbox 1808 5180 2138 5236; x_wconf 88' lang='lat' dir='ltr'>meminisse</span> 
     </span>
    </p>
   </div>
   <div class='ocr_carea' id='block_1_56' title="bbox 503 5297 2138 5375">
    <p class='ocr_par' dir='ltr' id='par_1_56' title="bbox 503 5297 2138 5375">
     <span class='ocr_line' id='line_1_56' title="bbox 503 5297 2138 5375; baseline 0.004 -29"><span class='ocrx_word' id='word_1_409' title='bbox 503 5299 628 5375; x_wconf 42' lang='lat' dir='ltr'>tlt‘a</span> <span class='ocrx_word' id='word_1_410' title='bbox 660 5297 903 5375; x_wconf 79' lang='lat' dir='ltr'>meliores</span> <span class='ocrx_word' id='word_1_411' title='bbox 933 5300 1078 5370; x_wconf 66' lang='lat' dir='ltr'>Mss,</span> <span class='ocrx_word' id='word_1_412' title='bbox 1113 5303 1169 5375; x_wconf 70' lang='lat' dir='ltr'>et</span> <span class='ocrx_word' id='word_1_413' title='bbox 1200 5301 1273 5375; x_wconf 77' lang='lat' dir='ltr'>sic</span> <span class='ocrx_word' id='word_1_414' title='bbox 1303 5299 1585 5375; x_wconf 78' lang='lat' dir='ltr'>legendum</span> <span class='ocrx_word' id='word_1_415' title='bbox 1633 5316 1746 5352; x_wconf 90' lang='lat' dir='ltr'>esse</span> <span class='ocrx_word' id='word_1_416' title='bbox 1781 5304 1966 5366; x_wconf 89' lang='lat' dir='ltr'>probat</span> <span class='ocrx_word' id='word_1_417' title='bbox 1999 5304 2138 5375; x_wconf 79' lang='lat' dir='ltr'>quod</span> 
     </span>
    </p>
   </div>
   <div class='ocr_carea' id='block_1_57' title="bbox 437 5365 2141 5438">
    <p class='ocr_par' dir='ltr' id='par_1_57' title="bbox 437 5365 2141 5438">
     <span class='ocr_line' id='line_1_57' title="bbox 437 5365 2141 5438; baseline 0.004 -30"><span class='ocrx_word' id='word_1_418' title='bbox 437 5365 694 5431; x_wconf 79' lang='lat' dir='ltr'>sequitur,</span> <span class='ocrx_word' id='word_1_419' title='bbox 717 5373 895 5438; x_wconf 49' lang='lat' dir='ltr'>neque</span> <span class='ocrx_word' id='word_1_420' title='bbox 923 5365 1063 5410; x_wconf 89' lang='lat' dir='ltr'>enim</span> <span class='ocrx_word' id='word_1_421' title='bbox 1075 5365 1148 5411; x_wconf 83' lang='lat' dir='ltr'>est</span> <span class='ocrx_word' id='word_1_422' title='bbox 1176 5365 1291 5438; x_wconf 44' lang='lat' dir='ltr'>al‘ia</span> <span class='ocrx_word' id='word_1_423' title='bbox 1314 5366 1697 5438; x_wconf 50' lang='lat' dir='ltr'>regiqeorum,</span> <span class='ocrx_word' id='word_1_424' title='bbox 1728 5365 1795 5414; x_wconf 65' lang='lat' dir='ltr'>ei</span> <span class='ocrx_word' id='word_1_425' title='bbox 1814 5365 2141 5438; x_wconf 41' lang='lat' dir='ltr'>qu.a_sc._ilicet</span> 
     </span>
    </p>
   </div>
   <div class='ocr_carea' id='block_1_58' title="bbox 439 5425 2136 5549">
    <p class='ocr_par' dir='ltr' id='par_1_58' title="bbox 439 5425 2136 5549">
     <span class='ocr_line' id='line_1_58' title="bbox 439 5425 2136 5498; baseline 0.006 -29"><span class='ocrx_word' id='word_1_426' title='bbox 439 5425 556 5484; x_wconf 83' lang='lat' dir='ltr'>cogi</span> <span class='ocrx_word' id='word_1_427' title='bbox 589 5425 809 5485; x_wconf 86' lang='lat' dir='ltr'>possint.</span> <span class='ocrx_word' id='word_1_428' title='bbox 847 5425 1017 5495; x_wconf 77' lang='lat' dir='ltr'>Quare</span> <span class='ocrx_word' id='word_1_429' title='bbox 1053 5425 1374 5498; x_wconf 81' lang='lat' dir='ltr'>emendandi</span> <span class='ocrx_word' id='word_1_430' title='bbox 1406 5427 1532 5477; x_wconf 87' lang='lat' dir='ltr'>editi</span> <span class='ocrx_word' id='word_1_431' title='bbox 1557 5428 1763 5479; x_wconf 86' lang='lat' dir='ltr'>codices</span> <span class='ocrx_word' id='word_1_432' title='bbox 1801 5425 1892 5491; x_wconf 79' lang='lat' dir='ltr'>qui</span> <span class='ocrx_word' id='word_1_433' title='bbox 1921 5429 2136 5487; x_wconf 87' lang='lat' dir='ltr'>habent,</span> 
     </span>
     <span class='ocr_line' id='line_1_59' title="bbox 440 5485 1206 5549; baseline 0.005 -16"><span class='ocrx_word' id='word_1_434' title='bbox 440 5487 493 5533; x_wconf 71' lang='lat' dir='ltr'>et</span> <span class='ocrx_word' id='word_1_435' title='bbox 515 5485 571 5534; x_wconf 68' lang='lat' dir='ltr'>in</span> <span class='ocrx_word' id='word_1_436' title='bbox 595 5485 765 5549; x_wconf 66' lang='lat' dir='ltr'>idem;</span> <span class='ocrx_word' id='word_1_437' title='bbox 784 5486 884 5547; x_wconf 89' lang='lat' dir='ltr'>vel,</span> <span class='ocrx_word' id='word_1_438' title='bbox 917 5491 966 5539; x_wconf 76' lang='lat' dir='ltr'>et</span> <span class='ocrx_word' id='word_1_439' title='bbox 995 5485 1206 5538; x_wconf 64' lang='lat' dir='ltr'>ibidem.</span> 
     </span>
    </p>
   </div>
   <div class='ocr_carea' id='block_1_59' title="bbox 1599 249 3872 313">
    <p class='ocr_par' dir='ltr' id='par_1_59' title="bbox 1599 249 3872 313">
     <span class='ocr_line' id='line_1_60' title="bbox 1599 249 3872 313; baseline 0.006 -13"><span class='ocrx_word' id='word_1_440' title='bbox 1599 249 2138 308; x_wconf 72' lang='lat' dir='ltr'>CONFESSIONUM</span> <span class='ocrx_word' id='word_1_441' title='bbox 2188 251 2241 307; x_wconf 92' lang='lat' dir='ltr'>S.</span> <span class='ocrx_word' id='word_1_442' title='bbox 2303 251 2707 308; x_wconf 75' lang='lat' dir='ltr'>AUGUS&#39;I‘INI.</span> <span class='ocrx_word' id='word_1_443' title='bbox 3794 263 3872 313; x_wconf 72' lang='lat'>788</span> 
     </span>
    </p>
   </div>
   <div class='ocr_carea' id='block_1_60' title="bbox 2227 391 3876 463">
    <p class='ocr_par' dir='ltr' id='par_1_60' title="bbox 2227 391 3876 463">
     <span class='ocr_line' id='line_1_61' title="bbox 2227 391 3876 463; baseline 0.003 -17"><span class='ocrx_word' id='word_1_444' title='bbox 2227 408 2316 446; x_wconf 87' lang='lat' dir='ltr'>me</span> <span class='ocrx_word' id='word_1_445' title='bbox 2345 391 2614 458; x_wconf 89' lang='lat' dir='ltr'>memini;</span> <span class='ocrx_word' id='word_1_446' title='bbox 2651 391 2796 446; x_wconf 87' lang='lat' dir='ltr'>sicut</span> <span class='ocrx_word' id='word_1_447' title='bbox 2841 396 3037 462; x_wconf 90' lang='lat' dir='ltr'>postea</span> <span class='ocrx_word' id='word_1_448' title='bbox 3086 393 3236 463; x_wconf 88' lang='lat' dir='ltr'>quod</span> <span class='ocrx_word' id='word_1_449' title='bbox 3270 393 3391 447; x_wconf 66' lang='lat' dir='ltr'>haec</span> <span class='ocrx_word' id='word_1_450' title='bbox 3440 394 3714 448; x_wconf 89' lang='lat' dir='ltr'>reminisci</span> <span class='ocrx_word' id='word_1_451' title='bbox 3755 413 3876 452; x_wconf 89' lang='lat' dir='ltr'>nunc</span> 
     </span>
    </p>
   </div>
   <div class='ocr_carea' id='block_1_61' title="bbox 2224 480 3875 552">
    <p class='ocr_par' dir='ltr' id='par_1_61' title="bbox 2224 480 3875 552">
     <span class='ocr_line' id='line_1_62' title="bbox 2224 480 3875 552; baseline 0.004 -18"><span class='ocrx_word' id='word_1_452' title='bbox 2224 480 2389 551; x_wconf 86' lang='lat' dir='ltr'>potui</span> <span class='ocrx_word' id='word_1_453' title='bbox 2418 481 2464 534; x_wconf 91' lang='lat' dir='ltr'>si</span> <span class='ocrx_word' id='word_1_454' title='bbox 2494 481 2858 548; x_wconf 88' lang='lat' dir='ltr'>recordabor,</span> <span class='ocrx_word' id='word_1_455' title='bbox 2899 480 3099 552; x_wconf 89' lang='lat' dir='ltr'>utique</span> <span class='ocrx_word' id='word_1_456' title='bbox 3131 498 3236 552; x_wconf 90' lang='lat' dir='ltr'>per</span> <span class='ocrx_word' id='word_1_457' title='bbox 3267 481 3379 536; x_wconf 91' lang='lat' dir='ltr'>vim</span> <span class='ocrx_word' id='word_1_458' title='bbox 3408 483 3688 538; x_wconf 69' lang='lat' dir='ltr'>memoria:</span> <span class='ocrx_word' id='word_1_459' title='bbox 3717 500 3875 540; x_wconf 88' lang='lat' dir='ltr'>recor-</span> 
     </span>
    </p>
   </div>
   <div class='ocr_carea' id='block_1_62' title="bbox 2225 570 2422 624">
    <p class='ocr_par' dir='ltr' id='par_1_62' title="bbox 2225 570 2422 624">
     <span class='ocr_line' id='line_1_63' title="bbox 2225 570 2422 624; baseline -0.005 0"><span class='ocrx_word' id='word_1_460' title='bbox 2225 570 2422 624; x_wconf 87' lang='lat' dir='ltr'>dabor.</span> 
     </span>
    </p>
   </div>
   <div class='ocr_carea' id='block_1_63' title="bbox 2877 675 3271 730">
    <p class='ocr_par' dir='ltr' id='par_1_63' title="bbox 2877 675 3271 730">
     <span class='ocr_line' id='line_1_64' title="bbox 2877 675 3271 730; baseline 0.023 -9"><span class='ocrx_word' id='word_1_461' title='bbox 2877 675 3103 728; x_wconf 71' lang='lat' dir='ltr'>CAPUT</span> <span class='ocrx_word' id='word_1_462' title='bbox 3135 675 3271 730; x_wconf 76' lang='lat' dir='ltr'>XIV.</span> 
     </span>
    </p>
   </div>
   <div class='ocr_carea' id='block_1_64' title="bbox 2225 762 3875 831">
    <p class='ocr_par' dir='ltr' id='par_1_64' title="bbox 2225 762 3875 831">
     <span class='ocr_line' id='line_1_65' title="bbox 2225 762 3875 831; baseline 0.002 -16"><span class='ocrx_word' id='word_1_463' title='bbox 2225 762 2492 828; x_wconf 82' lang='lat' dir='ltr'>Quomodo</span> <span class='ocrx_word' id='word_1_464' title='bbox 2531 764 2787 816; x_wconf 84' lang='lat' dir='ltr'>memoria</span> <span class='ocrx_word' id='word_1_465' title='bbox 2829 783 2922 816; x_wconf 63' lang='lat' dir='ltr'>iw</span> <span class='ocrx_word' id='word_1_466' title='bbox 2954 767 3062 816; x_wconf 65' lang='lat' dir='ltr'>iuet</span> <span class='ocrx_word' id='word_1_467' title='bbox 3104 764 3326 831; x_wconf 77' lang='lat' dir='ltr'>affectus</span> <span class='ocrx_word' id='word_1_468' title='bbox 3373 766 3565 818; x_wconf 81' lang='lat' dir='ltr'>animi.</span> <span class='ocrx_word' id='word_1_469' title='bbox 3612 769 3745 820; x_wconf 69' lang='lat' dir='ltr'>Laeta</span> <span class='ocrx_word' id='word_1_470' title='bbox 3798 784 3875 819; x_wconf 72' lang='lat' dir='ltr'>non</span> 
     </span>
    </p>
   </div>
   <div class='ocr_carea' id='block_1_65' title="bbox 2691 852 3460 920">
    <p class='ocr_par' dir='ltr' id='par_1_65' title="bbox 2691 852 3460 920">
     <span class='ocr_line' id='line_1_66' title="bbox 2691 852 3460 920; baseline 0.003 -16"><span class='ocrx_word' id='word_1_471' title='bbox 2691 853 2800 905; x_wconf 69' lang='lat' dir='ltr'>[arti</span> <span class='ocrx_word' id='word_1_472' title='bbox 2819 852 3078 920; x_wconf 87' lang='lat' dir='ltr'>quomodo</span> <span class='ocrx_word' id='word_1_473' title='bbox 3096 852 3460 906; x_wconf 80' lang='lat' dir='ltr'>recordamur.</span> 
     </span>
    </p>
   </div>
   <div class='ocr_carea' id='block_1_66' title="bbox 2299 939 3874 1012">
    <p class='ocr_par' dir='ltr' id='par_1_66' title="bbox 2299 939 3874 1012">
     <span class='ocr_line' id='line_1_67' title="bbox 2299 939 3874 1012; baseline 0.003 -20"><span class='ocrx_word' id='word_1_474' title='bbox 2299 943 2385 993; x_wconf 75' lang='lat'>‘21.</span> <span class='ocrx_word' id='word_1_475' title='bbox 2419 939 2760 993; x_wconf 80' lang='lat' dir='ltr'>Affectiones</span> <span class='ocrx_word' id='word_1_476' title='bbox 2804 957 3033 1012; x_wconf 89' lang='lat' dir='ltr'>quoque</span> <span class='ocrx_word' id='word_1_477' title='bbox 3060 940 3238 995; x_wconf 89' lang='lat' dir='ltr'>animi</span> <span class='ocrx_word' id='word_1_478' title='bbox 3263 941 3377 994; x_wconf 91' lang='lat' dir='ltr'>mei</span> <span class='ocrx_word' id='word_1_479' title='bbox 3407 941 3604 995; x_wconf 89' lang='lat' dir='ltr'>eadem</span> <span class='ocrx_word' id='word_1_480' title='bbox 3643 944 3874 996; x_wconf 83' lang='lat' dir='ltr'>memoria</span> 
     </span>
    </p>
   </div>
   <div class='ocr_carea' id='block_1_67' title="bbox 2228 1028 3872 1101">
    <p class='ocr_par' dir='ltr' id='par_1_67' title="bbox 2228 1028 3872 1101">
     <span class='ocr_line' id='line_1_68' title="bbox 2228 1028 3872 1101; baseline 0.001 -19"><span class='ocrx_word' id='word_1_481' title='bbox 2228 1028 2511 1091; x_wconf 87' lang='lat' dir='ltr'>continet;</span> <span class='ocrx_word' id='word_1_482' title='bbox 2543 1045 2658 1082; x_wconf 90' lang='lat' dir='ltr'>non</span> <span class='ocrx_word' id='word_1_483' title='bbox 2693 1028 2790 1082; x_wconf 92' lang='lat' dir='ltr'>illo</span> <span class='ocrx_word' id='word_1_484' title='bbox 2823 1029 2986 1082; x_wconf 90' lang='lat' dir='ltr'>modo</span> <span class='ocrx_word' id='word_1_485' title='bbox 3019 1046 3131 1100; x_wconf 82' lang='lat' dir='ltr'>quo</span> <span class='ocrx_word' id='word_1_486' title='bbox 3184 1045 3278 1083; x_wconf 87' lang='lat' dir='ltr'>eas</span> <span class='ocrx_word' id='word_1_487' title='bbox 3326 1029 3497 1083; x_wconf 89' lang='lat' dir='ltr'>habet</span> <span class='ocrx_word' id='word_1_488' title='bbox 3528 1029 3642 1101; x_wconf 91' lang='lat' dir='ltr'>ipse</span> <span class='ocrx_word' id='word_1_489' title='bbox 3689 1032 3872 1084; x_wconf 87' lang='lat' dir='ltr'>animus</span> 
     </span>
    </p>
   </div>
   <div class='ocr_carea' id='block_1_68' title="bbox 2230 1116 3874 1187">
    <p class='ocr_par' dir='ltr' id='par_1_68' title="bbox 2230 1116 3874 1187">
     <span class='ocr_line' id='line_1_69' title="bbox 2230 1116 3874 1187; baseline 0.002 -18"><span class='ocrx_word' id='word_1_490' title='bbox 2230 1132 2359 1170; x_wconf 90' lang='lat' dir='ltr'>cum</span> <span class='ocrx_word' id='word_1_491' title='bbox 2389 1116 2606 1187; x_wconf 86' lang='lat' dir='ltr'>patitur</span> <span class='ocrx_word' id='word_1_492' title='bbox 2637 1134 2760 1182; x_wconf 82' lang='lat' dir='ltr'>eas;</span> <span class='ocrx_word' id='word_1_493' title='bbox 2805 1116 2902 1170; x_wconf 91' lang='lat' dir='ltr'>sed</span> <span class='ocrx_word' id='word_1_494' title='bbox 2930 1117 3044 1170; x_wconf 91' lang='lat' dir='ltr'>alio</span> <span class='ocrx_word' id='word_1_495' title='bbox 3075 1118 3322 1171; x_wconf 90' lang='lat' dir='ltr'>multum</span> <span class='ocrx_word' id='word_1_496' title='bbox 3351 1117 3593 1184; x_wconf 90' lang='lat' dir='ltr'>diverso,</span> <span class='ocrx_word' id='word_1_497' title='bbox 3626 1119 3758 1173; x_wconf 88' lang='lat' dir='ltr'>sicut</span> <span class='ocrx_word' id='word_1_498' title='bbox 3783 1137 3874 1173; x_wconf 80' lang='lat' dir='ltr'>sese</span> 
     </span>
    </p>
   </div>
   <div class='ocr_carea' id='block_1_69' title="bbox 2232 1203 3873 1260">
    <p class='ocr_par' dir='ltr' id='par_1_69' title="bbox 2232 1203 3873 1260">
     <span class='ocr_line' id='line_1_70' title="bbox 2232 1203 3873 1260; baseline 0.002 -4"><span class='ocrx_word' id='word_1_499' title='bbox 2232 1204 2404 1257; x_wconf 89' lang='lat' dir='ltr'>habet</span> <span class='ocrx_word' id='word_1_500' title='bbox 2433 1203 2514 1255; x_wconf 90' lang='lat' dir='ltr'>vis</span> <span class='ocrx_word' id='word_1_501' title='bbox 2536 1203 2850 1258; x_wconf 63' lang='lat' dir='ltr'>memoriae.</span> <span class='ocrx_word' id='word_1_502' title='bbox 2887 1205 3028 1257; x_wconf 81' lang='lat' dir='ltr'>Nam</span> <span class='ocrx_word' id='word_1_503' title='bbox 3059 1208 3116 1257; x_wconf 88' lang='lat' dir='ltr'>et</span> <span class='ocrx_word' id='word_1_504' title='bbox 3154 1205 3408 1259; x_wconf 62' lang='lat' dir='ltr'>laetatum</span> <span class='ocrx_word' id='word_1_505' title='bbox 3440 1222 3529 1259; x_wconf 90' lang='lat' dir='ltr'>me</span> <span class='ocrx_word' id='word_1_506' title='bbox 3551 1206 3712 1260; x_wconf 90' lang='lat' dir='ltr'>fuisse</span> <span class='ocrx_word' id='word_1_507' title='bbox 3740 1206 3873 1260; x_wconf 87' lang='lat' dir='ltr'>remi-</span> 
     </span>
    </p>
   </div>
   <div class='ocr_carea' id='block_1_70' title="bbox 2232 1293 3876 1365">
    <p class='ocr_par' dir='ltr' id='par_1_70' title="bbox 2232 1293 3876 1365">
     <span class='ocr_line' id='line_1_71' title="bbox 2232 1293 3876 1365; baseline 0.002 -19"><span class='ocrx_word' id='word_1_508' title='bbox 2232 1293 2419 1358; x_wconf 77' lang='lat' dir='ltr'>niscor</span> <span class='ocrx_word' id='word_1_509' title='bbox 2439 1309 2556 1345; x_wconf 90' lang='lat' dir='ltr'>non</span> <span class='ocrx_word' id='word_1_510' title='bbox 2577 1293 2760 1358; x_wconf 80' lang='lat' dir='ltr'>laetus,</span> <span class='ocrx_word' id='word_1_511' title='bbox 2785 1298 2840 1347; x_wconf 90' lang='lat' dir='ltr'>et</span> <span class='ocrx_word' id='word_1_512' title='bbox 2858 1293 3147 1348; x_wconf 90' lang='lat' dir='ltr'>tristitiam</span> <span class='ocrx_word' id='word_1_513' title='bbox 3170 1311 3357 1348; x_wconf 87' lang='lat' dir='ltr'>meam</span> <span class='ocrx_word' id='word_1_514' title='bbox 3380 1294 3718 1365; x_wconf 78' lang='lat' dir='ltr'>praeteritam</span> <span class='ocrx_word' id='word_1_515' title='bbox 3731 1312 3876 1349; x_wconf 88' lang='lat' dir='ltr'>recor-</span> 
     </span>
    </p>
   </div>
   <div class='ocr_carea' id='block_1_71' title="bbox 2234 1381 3871 1452">
    <p class='ocr_par' dir='ltr' id='par_1_71' title="bbox 2234 1381 3871 1452">
     <span class='ocr_line' id='line_1_72' title="bbox 2234 1381 3871 1452; baseline 0 -17"><span class='ocrx_word' id='word_1_516' title='bbox 2234 1382 2336 1436; x_wconf 90' lang='lat' dir='ltr'>dor</span> <span class='ocrx_word' id='word_1_517' title='bbox 2373 1397 2489 1434; x_wconf 90' lang='lat' dir='ltr'>non</span> <span class='ocrx_word' id='word_1_518' title='bbox 2517 1381 2716 1448; x_wconf 90' lang='lat' dir='ltr'>tristis,</span> <span class='ocrx_word' id='word_1_519' title='bbox 2745 1386 2800 1434; x_wconf 90' lang='lat' dir='ltr'>et</span> <span class='ocrx_word' id='word_1_520' title='bbox 2832 1398 2922 1436; x_wconf 89' lang='lat' dir='ltr'>me</span> <span class='ocrx_word' id='word_1_521' title='bbox 2962 1383 3271 1452; x_wconf 88' lang='lat' dir='ltr'>aliquando</span> <span class='ocrx_word' id='word_1_522' title='bbox 3304 1382 3563 1437; x_wconf 88' lang='lat' dir='ltr'>timuisse</span> <span class='ocrx_word' id='word_1_523' title='bbox 3589 1384 3758 1437; x_wconf 88' lang='lat' dir='ltr'>recolo</span> <span class='ocrx_word' id='word_1_524' title='bbox 3780 1383 3871 1435; x_wconf 74' lang='lat' dir='ltr'>sine</span> 
     </span>
    </p>
   </div>
   <div class='ocr_carea' id='block_1_72' title="bbox 2235 1467 3874 1542">
    <p class='ocr_par' dir='ltr' id='par_1_72' title="bbox 2235 1467 3874 1542">
     <span class='ocr_line' id='line_1_73' title="bbox 2235 1467 3874 1542; baseline 0.003 -23"><span class='ocrx_word' id='word_1_525' title='bbox 2235 1467 2460 1534; x_wconf 84' lang='lat' dir='ltr'>timore,</span> <span class='ocrx_word' id='word_1_526' title='bbox 2507 1473 2564 1521; x_wconf 89' lang='lat' dir='ltr'>et</span> <span class='ocrx_word' id='word_1_527' title='bbox 2614 1469 2870 1538; x_wconf 62' lang='lat' dir='ltr'>pristina:</span> <span class='ocrx_word' id='word_1_528' title='bbox 2918 1471 3247 1541; x_wconf 89' lang='lat' dir='ltr'>cupiditatis</span> <span class='ocrx_word' id='word_1_529' title='bbox 3277 1469 3401 1526; x_wconf 90' lang='lat' dir='ltr'>sine</span> <span class='ocrx_word' id='word_1_530' title='bbox 3447 1472 3740 1542; x_wconf 88' lang='lat' dir='ltr'>cupiditate</span> <span class='ocrx_word' id='word_1_531' title='bbox 3780 1488 3874 1524; x_wconf 87' lang='lat' dir='ltr'>sum</span> 
     </span>
    </p>
   </div>
   <div class='ocr_carea' id='block_1_73' title="bbox 2237 1556 3875 1628">
    <p class='ocr_par' dir='ltr' id='par_1_73' title="bbox 2237 1556 3875 1628">
     <span class='ocr_line' id='line_1_74' title="bbox 2237 1556 3875 1628; baseline 0.001 -19"><span class='ocrx_word' id='word_1_532' title='bbox 2237 1571 2488 1623; x_wconf 88' lang='lat' dir='ltr'>memor;</span> <span class='ocrx_word' id='word_1_533' title='bbox 2510 1556 2867 1628; x_wconf 83' lang='lat' dir='ltr'>aliquandoe</span> <span class='ocrx_word' id='word_1_534' title='bbox 2901 1560 3185 1613; x_wconf 90' lang='lat' dir='ltr'>contrario</span> <span class='ocrx_word' id='word_1_535' title='bbox 3222 1559 3512 1613; x_wconf 88' lang='lat' dir='ltr'>tristitiam</span> <span class='ocrx_word' id='word_1_536' title='bbox 3550 1576 3722 1614; x_wconf 88' lang='lat' dir='ltr'>meam</span> <span class='ocrx_word' id='word_1_537' title='bbox 3743 1566 3875 1612; x_wconf 88' lang='lat' dir='ltr'>trans-</span> 
     </span>
    </p>
   </div>
   <div class='ocr_carea' id='block_1_74' title="bbox 2235 1646 3873 1716">
    <p class='ocr_par' dir='ltr' id='par_1_74' title="bbox 2235 1646 3873 1716">
     <span class='ocr_line' id='line_1_75' title="bbox 2235 1646 3873 1716; baseline 0.001 -18"><span class='ocrx_word' id='word_1_538' title='bbox 2235 1649 2420 1698; x_wconf 89' lang='lat' dir='ltr'>actam</span> <span class='ocrx_word' id='word_1_539' title='bbox 2450 1646 2613 1699; x_wconf 74' lang='lat' dir='ltr'>laetus</span> <span class='ocrx_word' id='word_1_540' title='bbox 2643 1646 3001 1716; x_wconf 89' lang='lat' dir='ltr'>reminiscor,</span> <span class='ocrx_word' id='word_1_541' title='bbox 3032 1651 3087 1700; x_wconf 92' lang='lat' dir='ltr'>et</span> <span class='ocrx_word' id='word_1_542' title='bbox 3114 1647 3292 1701; x_wconf 89' lang='lat' dir='ltr'>tristis</span> <span class='ocrx_word' id='word_1_543' title='bbox 3333 1648 3605 1702; x_wconf 71' lang='lat' dir='ltr'>lzetitiam.</span> <span class='ocrx_word' id='word_1_544' title='bbox 3633 1649 3774 1712; x_wconf 90' lang='lat' dir='ltr'>Quod</span> <span class='ocrx_word' id='word_1_545' title='bbox 3798 1648 3873 1700; x_wconf 88' lang='lat' dir='ltr'>mi-</span> 
     </span>
    </p>
   </div>
   <div class='ocr_carea' id='block_1_75' title="bbox 2237 1735 3873 1806">
    <p class='ocr_par' dir='ltr' id='par_1_75' title="bbox 2237 1735 3873 1806">
     <span class='ocr_line' id='line_1_76' title="bbox 2237 1735 3873 1806; baseline 0 -19"><span class='ocrx_word' id='word_1_546' title='bbox 2237 1735 2480 1788; x_wconf 90' lang='lat' dir='ltr'>randum</span> <span class='ocrx_word' id='word_1_547' title='bbox 2538 1751 2651 1788; x_wconf 90' lang='lat' dir='ltr'>non</span> <span class='ocrx_word' id='word_1_548' title='bbox 2699 1739 2782 1788; x_wconf 91' lang='lat' dir='ltr'>est</span> <span class='ocrx_word' id='word_1_549' title='bbox 2829 1736 2898 1789; x_wconf 91' lang='lat' dir='ltr'>de</span> <span class='ocrx_word' id='word_1_550' title='bbox 2961 1752 3227 1806; x_wconf 86' lang='lat' dir='ltr'>corpore:</span> <span class='ocrx_word' id='word_1_551' title='bbox 3287 1737 3445 1791; x_wconf 89' lang='lat' dir='ltr'>aliud</span> <span class='ocrx_word' id='word_1_552' title='bbox 3493 1737 3639 1790; x_wconf 89' lang='lat' dir='ltr'>enim</span> <span class='ocrx_word' id='word_1_553' title='bbox 3683 1736 3873 1800; x_wconf 88' lang='lat' dir='ltr'>animus,</span> 
     </span>
    </p>
   </div>
   <div class='ocr_carea' id='block_1_76' title="bbox 2239 1823 3873 1894">
    <p class='ocr_par' dir='ltr' id='par_1_76' title="bbox 2239 1823 3873 1894">
     <span class='ocr_line' id='line_1_77' title="bbox 2239 1823 3873 1894; baseline 0 -18"><span class='ocrx_word' id='word_1_554' title='bbox 2239 1823 2390 1877; x_wconf 89' lang='lat' dir='ltr'>aliud</span> <span class='ocrx_word' id='word_1_555' title='bbox 2421 1839 2640 1893; x_wconf 89' lang='lat' dir='ltr'>corpus.</span> <span class='ocrx_word' id='word_1_556' title='bbox 2687 1825 2885 1894; x_wconf 86' lang='lat' dir='ltr'>Itaque</span> <span class='ocrx_word' id='word_1_557' title='bbox 2917 1825 2962 1877; x_wconf 91' lang='lat' dir='ltr'>si</span> <span class='ocrx_word' id='word_1_558' title='bbox 2992 1825 3353 1894; x_wconf 72' lang='lat' dir='ltr'>prmteritum</span> <span class='ocrx_word' id='word_1_559' title='bbox 3401 1826 3649 1879; x_wconf 86' lang='lat' dir='ltr'>dolorem</span> <span class='ocrx_word' id='word_1_560' title='bbox 3677 1823 3873 1894; x_wconf 80' lang='lat' dir='ltr'>corporis</span> 
     </span>
    </p>
   </div>
   <div class='ocr_carea' id='block_1_77' title="bbox 2239 1911 3871 1981">
    <p class='ocr_par' dir='ltr' id='par_1_77' title="bbox 2239 1911 3871 1981">
     <span class='ocr_line' id='line_1_78' title="bbox 2239 1911 3871 1981; baseline -0.001 -17"><span class='ocrx_word' id='word_1_561' title='bbox 2239 1911 2493 1981; x_wconf 88' lang='lat' dir='ltr'>gaudens</span> <span class='ocrx_word' id='word_1_562' title='bbox 2541 1911 2799 1979; x_wconf 91' lang='lat' dir='ltr'>memini,</span> <span class='ocrx_word' id='word_1_563' title='bbox 2831 1929 2946 1966; x_wconf 91' lang='lat' dir='ltr'>non</span> <span class='ocrx_word' id='word_1_564' title='bbox 2991 1913 3066 1966; x_wconf 90' lang='lat' dir='ltr'>ita</span> <span class='ocrx_word' id='word_1_565' title='bbox 3098 1913 3311 1967; x_wconf 89' lang='lat' dir='ltr'>mirum</span> <span class='ocrx_word' id='word_1_566' title='bbox 3347 1919 3454 1968; x_wconf 89' lang='lat' dir='ltr'>est.</span> <span class='ocrx_word' id='word_1_567' title='bbox 3504 1913 3598 1967; x_wconf 88' lang='lat' dir='ltr'>Hic</span> <span class='ocrx_word' id='word_1_568' title='bbox 3628 1929 3743 1967; x_wconf 86' lang='lat' dir='ltr'>vero</span> <span class='ocrx_word' id='word_1_569' title='bbox 3780 1929 3871 1965; x_wconf 90' lang='lat' dir='ltr'>cum</span> 
     </span>
    </p>
   </div>
   <div class='ocr_carea' id='block_1_78' title="bbox 2240 1998 3871 2070">
    <p class='ocr_par' dir='ltr' id='par_1_78' title="bbox 2240 1998 3871 2070">
     <span class='ocr_line' id='line_1_79' title="bbox 2240 1998 3871 2070; baseline 0 -19"><span class='ocrx_word' id='word_1_570' title='bbox 2240 1998 2467 2052; x_wconf 89' lang='lat' dir='ltr'>animus</span> <span class='ocrx_word' id='word_1_571' title='bbox 2493 1999 2562 2051; x_wconf 87' lang='lat' dir='ltr'>sit</span> <span class='ocrx_word' id='word_1_572' title='bbox 2592 1999 2763 2053; x_wconf 88' lang='lat' dir='ltr'>etiam</span> <span class='ocrx_word' id='word_1_573' title='bbox 2794 2001 2915 2070; x_wconf 90' lang='lat' dir='ltr'>ipsa</span> <span class='ocrx_word' id='word_1_574' title='bbox 2947 2001 3251 2054; x_wconf 86' lang='lat' dir='ltr'>memoria:</span> <span class='ocrx_word' id='word_1_575' title='bbox 3286 2018 3420 2054; x_wconf 89' lang='lat' dir='ltr'>nam</span> <span class='ocrx_word' id='word_1_576' title='bbox 3459 2005 3515 2054; x_wconf 89' lang='lat' dir='ltr'>et</span> <span class='ocrx_word' id='word_1_577' title='bbox 3543 2017 3665 2054; x_wconf 90' lang='lat' dir='ltr'>cum</span> <span class='ocrx_word' id='word_1_578' title='bbox 3691 1999 3871 2053; x_wconf 83' lang='lat' dir='ltr'>manda-</span> 
     </span>
    </p>
   </div>
   <div class='ocr_carea' id='block_1_79' title="bbox 2241 2085 3870 2156">
    <p class='ocr_par' dir='ltr' id='par_1_79' title="bbox 2241 2085 3870 2156">
     <span class='ocr_line' id='line_1_80' title="bbox 2241 2085 3870 2156; baseline -0.002 -17"><span class='ocrx_word' id='word_1_579' title='bbox 2241 2101 2368 2139; x_wconf 91' lang='lat' dir='ltr'>mus</span> <span class='ocrx_word' id='word_1_580' title='bbox 2398 2085 2613 2156; x_wconf 88' lang='lat' dir='ltr'>aliquid</span> <span class='ocrx_word' id='word_1_581' title='bbox 2640 2090 2704 2139; x_wconf 91' lang='lat' dir='ltr'>ut</span> <span class='ocrx_word' id='word_1_582' title='bbox 2725 2087 3058 2140; x_wconf 88' lang='lat' dir='ltr'>memoriter</span> <span class='ocrx_word' id='word_1_583' title='bbox 3088 2087 3391 2154; x_wconf 86' lang='lat' dir='ltr'>habeatur,</span> <span class='ocrx_word' id='word_1_584' title='bbox 3420 2086 3670 2152; x_wconf 88' lang='lat' dir='ltr'>dicimus,</span> <span class='ocrx_word' id='word_1_585' title='bbox 3702 2086 3810 2138; x_wconf 82' lang='lat' dir='ltr'>Vide</span> <span class='ocrx_word' id='word_1_586' title='bbox 3829 2089 3870 2136; x_wconf 86' lang='lat' dir='ltr'>ut</span> 
     </span>
    </p>
   </div>
   <div class='ocr_carea' id='block_1_80' title="bbox 2239 2173 3869 2242">
    <p class='ocr_par' dir='ltr' id='par_1_80' title="bbox 2239 2173 3869 2242">
     <span class='ocr_line' id='line_1_81' title="bbox 2239 2173 3869 2242; baseline -0.002 -15"><span class='ocrx_word' id='word_1_587' title='bbox 2239 2174 2379 2228; x_wconf 92' lang='lat' dir='ltr'>illud</span> <span class='ocrx_word' id='word_1_588' title='bbox 2403 2174 2462 2227; x_wconf 93' lang='lat' dir='ltr'>in</span> <span class='ocrx_word' id='word_1_589' title='bbox 2482 2173 2673 2228; x_wconf 89' lang='lat' dir='ltr'>animo</span> <span class='ocrx_word' id='word_1_590' title='bbox 2723 2175 2962 2242; x_wconf 89' lang='lat' dir='ltr'>habeas;</span> <span class='ocrx_word' id='word_1_591' title='bbox 3014 2180 3218 2229; x_wconf 89' lang='lat' dir='ltr'>etcum</span> <span class='ocrx_word' id='word_1_592' title='bbox 3245 2174 3648 2239; x_wconf 90' lang='lat' dir='ltr'>obliviscimur,</span> <span class='ocrx_word' id='word_1_593' title='bbox 3668 2174 3869 2236; x_wconf 80' lang='lat' dir='ltr'>dicimus,</span> 
     </span>
    </p>
   </div>
   <div class='ocr_carea' id='block_1_81' title="bbox 2242 2262 3869 2334">
    <p class='ocr_par' dir='ltr' id='par_1_81' title="bbox 2242 2262 3869 2334">
     <span class='ocr_line' id='line_1_82' title="bbox 2242 2262 3869 2334; baseline -0.002 -17"><span class='ocrx_word' id='word_1_594' title='bbox 2242 2263 2364 2317; x_wconf 88' lang='lat' dir='ltr'>Non</span> <span class='ocrx_word' id='word_1_595' title='bbox 2393 2263 2499 2318; x_wconf 91' lang='lat' dir='ltr'>fuit</span> <span class='ocrx_word' id='word_1_596' title='bbox 2536 2262 2596 2316; x_wconf 90' lang='lat' dir='ltr'>in</span> <span class='ocrx_word' id='word_1_597' title='bbox 2641 2263 2861 2317; x_wconf 91' lang='lat' dir='ltr'>animo:</span> <span class='ocrx_word' id='word_1_598' title='bbox 2915 2268 2990 2331; x_wconf 89' lang='lat' dir='ltr'>et,</span> <span class='ocrx_word' id='word_1_599' title='bbox 3035 2265 3302 2334; x_wconf 85' lang='lat' dir='ltr'>Elapsum</span> <span class='ocrx_word' id='word_1_600' title='bbox 3355 2268 3440 2318; x_wconf 90' lang='lat' dir='ltr'>est</span> <span class='ocrx_word' id='word_1_601' title='bbox 3477 2264 3689 2332; x_wconf 84' lang='lat' dir='ltr'>animo;</span> <span class='ocrx_word' id='word_1_602' title='bbox 3734 2263 3869 2332; x_wconf 87' lang='lat' dir='ltr'>ipsam</span> 
     </span>
    </p>
   </div>
   <div class='ocr_carea' id='block_1_82' title="bbox 2241 2347 3867 2424">
    <p class='ocr_par' dir='ltr' id='par_1_82' title="bbox 2241 2347 3867 2424">
     <span class='ocr_line' id='line_1_83' title="bbox 2241 2347 3867 2424; baseline -0.003 -18"><span class='ocrx_word' id='word_1_603' title='bbox 2241 2352 2581 2406; x_wconf 87' lang='lat' dir='ltr'>memoriam</span> <span class='ocrx_word' id='word_1_604' title='bbox 2619 2356 2882 2407; x_wconf 89' lang='lat' dir='ltr'>vocantes</span> <span class='ocrx_word' id='word_1_605' title='bbox 2915 2353 3202 2406; x_wconf 90' lang='lat' dir='ltr'>animum:</span> <span class='ocrx_word' id='word_1_606' title='bbox 3239 2369 3374 2408; x_wconf 90' lang='lat' dir='ltr'>cum</span> <span class='ocrx_word' id='word_1_607' title='bbox 3410 2369 3542 2424; x_wconf 89' lang='lat' dir='ltr'>ergo</span> <span class='ocrx_word' id='word_1_608' title='bbox 3575 2354 3646 2406; x_wconf 86' lang='lat' dir='ltr'>ita</span> <span class='ocrx_word' id='word_1_609' title='bbox 3665 2352 3742 2419; x_wconf 88' lang='lat' dir='ltr'>sit,</span> <span class='ocrx_word' id='word_1_610' title='bbox 3768 2347 3867 2421; x_wconf 89' lang='lat' dir='ltr'>quid</span> 
     </span>
    </p>
   </div>
   <div class='ocr_carea' id='block_1_83' title="bbox 2242 2439 3868 2511">
    <p class='ocr_par' dir='ltr' id='par_1_83' title="bbox 2242 2439 3868 2511">
     <span class='ocr_line' id='line_1_84' title="bbox 2242 2439 3868 2511; baseline -0.002 -17"><span class='ocrx_word' id='word_1_611' title='bbox 2242 2444 2325 2494; x_wconf 90' lang='lat' dir='ltr'>est</span> <span class='ocrx_word' id='word_1_612' title='bbox 2360 2440 2468 2494; x_wconf 91' lang='lat' dir='ltr'>hoc</span> <span class='ocrx_word' id='word_1_613' title='bbox 2497 2439 2649 2511; x_wconf 89' lang='lat' dir='ltr'>quod</span> <span class='ocrx_word' id='word_1_614' title='bbox 2686 2456 2817 2494; x_wconf 90' lang='lat' dir='ltr'>cum</span> <span class='ocrx_word' id='word_1_615' title='bbox 2845 2439 3134 2494; x_wconf 90' lang='lat' dir='ltr'>tristitiam</span> <span class='ocrx_word' id='word_1_616' title='bbox 3168 2456 3361 2494; x_wconf 90' lang='lat' dir='ltr'>meam</span> <span class='ocrx_word' id='word_1_617' title='bbox 3386 2440 3719 2511; x_wconf 63' lang='lat' dir='ltr'>praeteritam</span> <span class='ocrx_word' id='word_1_618' title='bbox 3747 2439 3868 2493; x_wconf 59' lang='lat' dir='ltr'>Iratus</span> 
     </span>
    </p>
   </div>
   <div class='ocr_carea' id='block_1_84' title="bbox 2241 2524 3865 2597">
    <p class='ocr_par' dir='ltr' id='par_1_84' title="bbox 2241 2524 3865 2597">
     <span class='ocr_line' id='line_1_85' title="bbox 2241 2524 3865 2597; baseline -0.004 -15"><span class='ocrx_word' id='word_1_619' title='bbox 2241 2527 2502 2597; x_wconf 91' lang='lat' dir='ltr'>memini,</span> <span class='ocrx_word' id='word_1_620' title='bbox 2551 2527 2774 2582; x_wconf 90' lang='lat' dir='ltr'>animus</span> <span class='ocrx_word' id='word_1_621' title='bbox 2813 2528 2985 2582; x_wconf 91' lang='lat' dir='ltr'>habet</span> <span class='ocrx_word' id='word_1_622' title='bbox 3021 2528 3303 2596; x_wconf 75' lang='lat' dir='ltr'>laetitiam,</span> <span class='ocrx_word' id='word_1_623' title='bbox 3338 2534 3394 2584; x_wconf 91' lang='lat' dir='ltr'>et</span> <span class='ocrx_word' id='word_1_624' title='bbox 3436 2527 3697 2583; x_wconf 88' lang='lat' dir='ltr'>memoria</span> <span class='ocrx_word' id='word_1_625' title='bbox 3735 2524 3865 2579; x_wconf 88' lang='lat' dir='ltr'>tristi-</span> 
     </span>
    </p>
   </div>
   <div class='ocr_carea' id='block_1_85' title="bbox 2241 2613 3868 2690">
    <p class='ocr_par' dir='ltr' id='par_1_85' title="bbox 2241 2613 3868 2690">
     <span class='ocr_line' id='line_1_86' title="bbox 2241 2613 3868 2690; baseline -0.002 -20"><span class='ocrx_word' id='word_1_626' title='bbox 2241 2617 2378 2671; x_wconf 88' lang='lat' dir='ltr'>tiam</span> <span class='ocrx_word' id='word_1_627' title='bbox 2410 2634 2423 2684; x_wconf 90' lang='lat'>;</span> <span class='ocrx_word' id='word_1_628' title='bbox 2459 2617 2735 2689; x_wconf 83' lang='lat' dir='ltr'>laetusque</span> <span class='ocrx_word' id='word_1_629' title='bbox 2767 2621 2852 2672; x_wconf 90' lang='lat' dir='ltr'>est</span> <span class='ocrx_word' id='word_1_630' title='bbox 2878 2618 3103 2672; x_wconf 88' lang='lat' dir='ltr'>animus</span> <span class='ocrx_word' id='word_1_631' title='bbox 3130 2633 3285 2672; x_wconf 78' lang='lat' dir='ltr'>exeo</span> <span class='ocrx_word' id='word_1_632' title='bbox 3308 2618 3464 2690; x_wconf 90' lang='lat' dir='ltr'>quod</span> <span class='ocrx_word' id='word_1_633' title='bbox 3483 2618 3624 2672; x_wconf 91' lang='lat' dir='ltr'>inest</span> <span class='ocrx_word' id='word_1_634' title='bbox 3642 2615 3689 2671; x_wconf 89' lang='lat' dir='ltr'>ei</span> <span class='ocrx_word' id='word_1_635' title='bbox 3709 2613 3868 2678; x_wconf 70' lang='lat' dir='ltr'>laatitia,</span> 
     </span>
    </p>
   </div>
   <div class='ocr_carea' id='block_1_86' title="bbox 2242 2703 3871 2777">
    <p class='ocr_par' dir='ltr' id='par_1_86' title="bbox 2242 2703 3871 2777">
     <span class='ocr_line' id='line_1_87' title="bbox 2242 2703 3871 2777; baseline -0.005 -17"><span class='ocrx_word' id='word_1_636' title='bbox 2242 2706 2522 2760; x_wconf 90' lang='lat' dir='ltr'>memoria</span> <span class='ocrx_word' id='word_1_637' title='bbox 2548 2722 2680 2760; x_wconf 85' lang='lat' dir='ltr'>vero</span> <span class='ocrx_word' id='word_1_638' title='bbox 2712 2722 2781 2760; x_wconf 81' lang='lat' dir='ltr'>ex</span> <span class='ocrx_word' id='word_1_639' title='bbox 2810 2723 2877 2760; x_wconf 91' lang='lat' dir='ltr'>eo</span> <span class='ocrx_word' id='word_1_640' title='bbox 2911 2707 3060 2777; x_wconf 88' lang='lat' dir='ltr'>quod</span> <span class='ocrx_word' id='word_1_641' title='bbox 3091 2705 3238 2760; x_wconf 90' lang='lat' dir='ltr'>inest</span> <span class='ocrx_word' id='word_1_642' title='bbox 3273 2707 3328 2761; x_wconf 91' lang='lat' dir='ltr'>ei</span> <span class='ocrx_word' id='word_1_643' title='bbox 3365 2705 3587 2761; x_wconf 88' lang='lat' dir='ltr'>tristitia</span> <span class='ocrx_word' id='word_1_644' title='bbox 3613 2703 3764 2759; x_wconf 86' lang='lat' dir='ltr'>tristis</span> <span class='ocrx_word' id='word_1_645' title='bbox 3787 2715 3871 2755; x_wconf 87' lang='lat' dir='ltr'>non</span> 
     </span>
    </p>
   </div>
   <div class='ocr_carea' id='block_1_87' title="bbox 2243 2789 3863 2866">
    <p class='ocr_par' dir='ltr' id='par_1_87' title="bbox 2243 2789 3863 2866">
     <span class='ocr_line' id='line_1_88' title="bbox 2243 2789 3863 2866; baseline -0.006 -17"><span class='ocrx_word' id='word_1_646' title='bbox 2243 2795 2363 2850; x_wconf 88' lang='lat' dir='ltr'>est?</span> <span class='ocrx_word' id='word_1_647' title='bbox 2395 2796 2540 2849; x_wconf 82' lang='lat' dir='ltr'>Num</span> <span class='ocrx_word' id='word_1_648' title='bbox 2571 2795 2715 2849; x_wconf 84' lang='lat' dir='ltr'>forte</span> <span class='ocrx_word' id='word_1_649' title='bbox 2764 2811 2877 2849; x_wconf 90' lang='lat' dir='ltr'>non</span> <span class='ocrx_word' id='word_1_650' title='bbox 2920 2795 3171 2866; x_wconf 89' lang='lat' dir='ltr'>pertinet</span> <span class='ocrx_word' id='word_1_651' title='bbox 3219 2795 3291 2849; x_wconf 90' lang='lat' dir='ltr'>ad</span> <span class='ocrx_word' id='word_1_652' title='bbox 3314 2795 3609 2850; x_wconf 83' lang='lat' dir='ltr'>animum?</span> <span class='ocrx_word' id='word_1_653' title='bbox 3635 2790 3751 2858; x_wconf 86' lang='lat' dir='ltr'>Quis</span> <span class='ocrx_word' id='word_1_654' title='bbox 3787 2789 3863 2843; x_wconf 84' lang='lat' dir='ltr'>hoc</span> 
     </span>
    </p>
   </div>
   <div class='ocr_carea' id='block_1_88' title="bbox 2243 2880 3870 2955">
    <p class='ocr_par' dir='ltr' id='par_1_88' title="bbox 2243 2880 3870 2955">
     <span class='ocr_line' id='line_1_89' title="bbox 2243 2880 3870 2955; baseline -0.007 -17"><span class='ocrx_word' id='word_1_655' title='bbox 2243 2883 2482 2938; x_wconf 84' lang='lat' dir='ltr'>dixerit?</span> <span class='ocrx_word' id='word_1_656' title='bbox 2528 2883 2813 2938; x_wconf 85' lang='lat' dir='ltr'>Nimirum</span> <span class='ocrx_word' id='word_1_657' title='bbox 2869 2899 3005 2954; x_wconf 92' lang='lat' dir='ltr'>ergo</span> <span class='ocrx_word' id='word_1_658' title='bbox 3064 2883 3350 2939; x_wconf 89' lang='lat' dir='ltr'>memoria</span> <span class='ocrx_word' id='word_1_659' title='bbox 3406 2883 3565 2955; x_wconf 90' lang='lat' dir='ltr'>quasi</span> <span class='ocrx_word' id='word_1_660' title='bbox 3609 2885 3774 2935; x_wconf 84' lang='lat' dir='ltr'>venter</span> <span class='ocrx_word' id='word_1_661' title='bbox 3809 2880 3870 2929; x_wconf 86' lang='lat' dir='ltr'>est</span> 
     </span>
    </p>
   </div>
   <div class='ocr_carea' id='block_1_89' title="bbox 2244 2963 3868 3044">
    <p class='ocr_par' dir='ltr' id='par_1_89' title="bbox 2244 2963 3868 3044">
     <span class='ocr_line' id='line_1_90' title="bbox 2244 2963 3868 3044; baseline -0.007 -17"><span class='ocrx_word' id='word_1_662' title='bbox 2244 2971 2444 3034; x_wconf 89' lang='lat' dir='ltr'>animi,</span> <span class='ocrx_word' id='word_1_663' title='bbox 2477 2971 2676 3025; x_wconf 67' lang='lat' dir='ltr'>laetitia</span> <span class='ocrx_word' id='word_1_664' title='bbox 2713 2987 2846 3025; x_wconf 89' lang='lat' dir='ltr'>vero</span> <span class='ocrx_word' id='word_1_665' title='bbox 2891 2977 3062 3043; x_wconf 90' lang='lat' dir='ltr'>atque</span> <span class='ocrx_word' id='word_1_666' title='bbox 3093 2971 3332 3026; x_wconf 88' lang='lat' dir='ltr'>tristitia</span> <span class='ocrx_word' id='word_1_667' title='bbox 3360 2972 3520 3044; x_wconf 89' lang='lat' dir='ltr'>quasi</span> <span class='ocrx_word' id='word_1_668' title='bbox 3557 2970 3698 3025; x_wconf 89' lang='lat' dir='ltr'>cibus</span> <span class='ocrx_word' id='word_1_669' title='bbox 3737 2963 3868 3021; x_wconf 84' lang='lat' dir='ltr'>dulcis</span> 
     </span>
    </p>
   </div>
   <div class='ocr_carea' id='block_1_90' title="bbox 2245 3055 3868 3129">
    <p class='ocr_par' dir='ltr' id='par_1_90' title="bbox 2245 3055 3868 3129">
     <span class='ocr_line' id='line_1_91' title="bbox 2245 3055 3868 3129; baseline -0.006 -13"><span class='ocrx_word' id='word_1_670' title='bbox 2245 3064 2301 3116; x_wconf 88' lang='lat' dir='ltr'>et</span> <span class='ocrx_word' id='word_1_671' title='bbox 2328 3076 2587 3115; x_wconf 90' lang='lat' dir='ltr'>amarus:</span> <span class='ocrx_word' id='word_1_672' title='bbox 2625 3076 2758 3114; x_wconf 90' lang='lat' dir='ltr'>cum</span> <span class='ocrx_word' id='word_1_673' title='bbox 2787 3060 3083 3116; x_wconf 66' lang='lat' dir='ltr'>memoriae</span> <span class='ocrx_word' id='word_1_674' title='bbox 3115 3061 3592 3116; x_wconf 88' lang='lat' dir='ltr'>commendantur</span> <span class='ocrx_word' id='word_1_675' title='bbox 3627 3055 3762 3129; x_wconf 86' lang='lat' dir='ltr'>quasi</span> <span class='ocrx_word' id='word_1_676' title='bbox 3783 3060 3868 3107; x_wconf 84' lang='lat' dir='ltr'>tra-</span> 
     </span>
    </p>
   </div>
   <div class='ocr_carea' id='block_1_91' title="bbox 2237 3149 3867 3222">
    <p class='ocr_par' dir='ltr' id='par_1_91' title="bbox 2237 3149 3867 3222">
     <span class='ocr_line' id='line_1_92' title="bbox 2237 3149 3867 3222; baseline -0.005 -19"><span class='ocrx_word' id='word_1_677' title='bbox 2237 3150 2389 3221; x_wconf 85' lang='lat' dir='ltr'>jecta</span> <span class='ocrx_word' id='word_1_678' title='bbox 2435 3149 2496 3204; x_wconf 88' lang='lat' dir='ltr'>in</span> <span class='ocrx_word' id='word_1_679' title='bbox 2541 3152 2798 3204; x_wconf 89' lang='lat' dir='ltr'>ventrem</span> <span class='ocrx_word' id='word_1_680' title='bbox 2835 3149 3066 3204; x_wconf 91' lang='lat' dir='ltr'>recondi</span> <span class='ocrx_word' id='word_1_681' title='bbox 3117 3150 3234 3204; x_wconf 90' lang='lat' dir='ltr'>illic</span> <span class='ocrx_word' id='word_1_682' title='bbox 3279 3153 3535 3222; x_wconf 89' lang='lat' dir='ltr'>possunt,</span> <span class='ocrx_word' id='word_1_683' title='bbox 3582 3160 3752 3217; x_wconf 88' lang='lat' dir='ltr'>sapere</span> <span class='ocrx_word' id='word_1_684' title='bbox 3787 3155 3867 3194; x_wconf 90' lang='lat' dir='ltr'>non</span> 
     </span>
    </p>
   </div>
   <div class='ocr_carea' id='block_1_92' title="bbox 2242 3238 3867 3310">
    <p class='ocr_par' dir='ltr' id='par_1_92' title="bbox 2242 3238 3867 3310">
     <span class='ocr_line' id='line_1_93' title="bbox 2242 3238 3867 3310; baseline -0.005 -19"><span class='ocrx_word' id='word_1_685' title='bbox 2242 3243 2502 3310; x_wconf 90' lang='lat' dir='ltr'>possunt.</span> <span class='ocrx_word' id='word_1_686' title='bbox 2538 3238 2866 3293; x_wconf 85' lang='lat' dir='ltr'>Ridiculum</span> <span class='ocrx_word' id='word_1_687' title='bbox 2905 3244 2991 3293; x_wconf 87' lang='lat' dir='ltr'>est</span> <span class='ocrx_word' id='word_1_688' title='bbox 3034 3239 3156 3294; x_wconf 69' lang='lat' dir='ltr'>haec</span> <span class='ocrx_word' id='word_1_689' title='bbox 3183 3239 3301 3293; x_wconf 89' lang='lat' dir='ltr'>illis</span> <span class='ocrx_word' id='word_1_690' title='bbox 3339 3239 3547 3294; x_wconf 88' lang='lat' dir='ltr'>similia</span> <span class='ocrx_word' id='word_1_691' title='bbox 3581 3241 3772 3308; x_wconf 87' lang='lat' dir='ltr'>putare,</span> <span class='ocrx_word' id='word_1_692' title='bbox 3795 3242 3867 3284; x_wconf 85' lang='lat' dir='ltr'>nec</span> 
     </span>
    </p>
   </div>
   <div class='ocr_carea' id='block_1_93' title="bbox 2241 3327 3306 3382">
    <p class='ocr_par' dir='ltr' id='par_1_93' title="bbox 2241 3327 3306 3382">
     <span class='ocr_line' id='line_1_94' title="bbox 2241 3327 3306 3382; baseline -0.001 0"><span class='ocrx_word' id='word_1_693' title='bbox 2241 3332 2438 3382; x_wconf 90' lang='lat' dir='ltr'>tamen</span> <span class='ocrx_word' id='word_1_694' title='bbox 2458 3332 2593 3382; x_wconf 88' lang='lat' dir='ltr'>sunt</span> <span class='ocrx_word' id='word_1_695' title='bbox 2622 3327 2954 3382; x_wconf 91' lang='lat' dir='ltr'>omnimodo</span> <span class='ocrx_word' id='word_1_696' title='bbox 2984 3327 3306 3382; x_wconf 85' lang='lat' dir='ltr'>dissimilia.</span> 
     </span>
    </p>
   </div>
   <div class='ocr_carea' id='block_1_94' title="bbox 2314 3411 3865 3487">
    <p class='ocr_par' dir='ltr' id='par_1_94' title="bbox 2314 3411 3865 3487">
     <span class='ocr_line' id='line_1_95' title="bbox 2314 3411 3865 3487; baseline -0.006 -16"><span class='ocrx_word' id='word_1_697' title='bbox 2314 3419 2403 3471; x_wconf 83' lang='lat'>22.</span> <span class='ocrx_word' id='word_1_698' title='bbox 2436 3416 2544 3472; x_wconf 92' lang='lat' dir='ltr'>Sed</span> <span class='ocrx_word' id='word_1_699' title='bbox 2577 3432 2702 3471; x_wconf 93' lang='lat' dir='ltr'>ecce</span> <span class='ocrx_word' id='word_1_700' title='bbox 2743 3417 2812 3471; x_wconf 93' lang='lat' dir='ltr'>de</span> <span class='ocrx_word' id='word_1_701' title='bbox 2851 3417 3131 3472; x_wconf 89' lang='lat' dir='ltr'>memoria</span> <span class='ocrx_word' id='word_1_702' title='bbox 3177 3417 3440 3487; x_wconf 82' lang='lat' dir='ltr'>profero,</span> <span class='ocrx_word' id='word_1_703' title='bbox 3470 3430 3592 3470; x_wconf 90' lang='lat' dir='ltr'>cum</span> <span class='ocrx_word' id='word_1_704' title='bbox 3623 3411 3729 3466; x_wconf 88' lang='lat' dir='ltr'>dico</span> <span class='ocrx_word' id='word_1_705' title='bbox 3765 3421 3865 3478; x_wconf 85' lang='lat' dir='ltr'>qua-</span> 
     </span>
    </p>
   </div>
   <div class='ocr_carea' id='block_1_95' title="bbox 2244 3496 3866 3577">
    <p class='ocr_par' dir='ltr' id='par_1_95' title="bbox 2244 3496 3866 3577">
     <span class='ocr_line' id='line_1_96' title="bbox 2244 3496 3866 3577; baseline -0.004 -16"><span class='ocrx_word' id='word_1_706' title='bbox 2244 3510 2376 3561; x_wconf 91' lang='lat' dir='ltr'>tuor</span> <span class='ocrx_word' id='word_1_707' title='bbox 2393 3521 2513 3560; x_wconf 91' lang='lat' dir='ltr'>esse</span> <span class='ocrx_word' id='word_1_708' title='bbox 2529 3505 2990 3577; x_wconf 89' lang='lat' dir='ltr'>perturbationes</span> <span class='ocrx_word' id='word_1_709' title='bbox 3011 3504 3217 3571; x_wconf 84' lang='lat' dir='ltr'>animi;</span> <span class='ocrx_word' id='word_1_710' title='bbox 3244 3505 3630 3576; x_wconf 86' lang='lat' dir='ltr'>cupiditatem,</span> <span class='ocrx_word' id='word_1_711' title='bbox 3649 3496 3866 3554; x_wconf 63' lang='lat' dir='ltr'>laetitiam.</span> 
     </span>
    </p>
   </div>
   <div class='ocr_carea' id='block_1_96' title="bbox 2243 3591 3864 3665">
    <p class='ocr_par' dir='ltr' id='par_1_96' title="bbox 2243 3591 3864 3665">
     <span class='ocr_line' id='line_1_97' title="bbox 2243 3591 3864 3665; baseline -0.005 -17"><span class='ocrx_word' id='word_1_712' title='bbox 2243 3598 2485 3664; x_wconf 89' lang='lat' dir='ltr'>metum,</span> <span class='ocrx_word' id='word_1_713' title='bbox 2514 3593 2839 3649; x_wconf 89' lang='lat' dir='ltr'>tristitiam:</span> <span class='ocrx_word' id='word_1_714' title='bbox 2874 3599 2930 3649; x_wconf 91' lang='lat' dir='ltr'>et</span> <span class='ocrx_word' id='word_1_715' title='bbox 2961 3593 3244 3665; x_wconf 89' lang='lat' dir='ltr'>quidquid</span> <span class='ocrx_word' id='word_1_716' title='bbox 3298 3595 3367 3648; x_wconf 92' lang='lat' dir='ltr'>de</span> <span class='ocrx_word' id='word_1_717' title='bbox 3397 3593 3483 3648; x_wconf 82' lang='lat' dir='ltr'>his</span> <span class='ocrx_word' id='word_1_718' title='bbox 3524 3591 3773 3662; x_wconf 72' lang='lat' dir='ltr'>disputem</span> <span class='ocrx_word' id='word_1_719' title='bbox 3796 3599 3864 3654; x_wconf 83' lang='lat' dir='ltr'>p0-</span> 
     </span>
    </p>
   </div>
   <div class='ocr_carea' id='block_1_97' title="bbox 2244 3679 3862 3753">
    <p class='ocr_par' dir='ltr' id='par_1_97' title="bbox 2244 3679 3862 3753">
     <span class='ocr_line' id='line_1_98' title="bbox 2244 3679 3862 3753; baseline -0.006 -17"><span class='ocrx_word' id='word_1_720' title='bbox 2244 3686 2430 3751; x_wconf 91' lang='lat' dir='ltr'>tuero,</span> <span class='ocrx_word' id='word_1_721' title='bbox 2459 3683 2762 3738; x_wconf 91' lang='lat' dir='ltr'>dividendo</span> <span class='ocrx_word' id='word_1_722' title='bbox 2793 3682 3022 3752; x_wconf 85' lang='lat' dir='ltr'>singula</span> <span class='ocrx_word' id='word_1_723' title='bbox 3051 3698 3155 3753; x_wconf 90' lang='lat' dir='ltr'>per</span> <span class='ocrx_word' id='word_1_724' title='bbox 3178 3681 3400 3752; x_wconf 90' lang='lat' dir='ltr'>species</span> <span class='ocrx_word' id='word_1_725' title='bbox 3423 3680 3507 3735; x_wconf 87' lang='lat' dir='ltr'>sui</span> <span class='ocrx_word' id='word_1_726' title='bbox 3534 3679 3770 3748; x_wconf 86' lang='lat' dir='ltr'>cujusque</span> <span class='ocrx_word' id='word_1_727' title='bbox 3793 3685 3862 3739; x_wconf 79' lang='lat' dir='ltr'>ge-</span> 
     </span>
    </p>
   </div>
   <div class='ocr_carea' id='block_1_98' title="bbox 2244 3764 3862 3842">
    <p class='ocr_par' dir='ltr' id='par_1_98' title="bbox 2244 3764 3862 3842">
     <span class='ocr_line' id='line_1_99' title="bbox 2244 3764 3862 3842; baseline -0.003 -18"><span class='ocrx_word' id='word_1_728' title='bbox 2244 3772 2397 3826; x_wconf 91' lang='lat' dir='ltr'>neris</span> <span class='ocrx_word' id='word_1_729' title='bbox 2436 3777 2491 3826; x_wconf 90' lang='lat' dir='ltr'>et</span> <span class='ocrx_word' id='word_1_730' title='bbox 2532 3772 2886 3839; x_wconf 83' lang='lat' dir='ltr'>deﬁniendo;</span> <span class='ocrx_word' id='word_1_731' title='bbox 2933 3771 3014 3826; x_wconf 91' lang='lat' dir='ltr'>ibi</span> <span class='ocrx_word' id='word_1_732' title='bbox 3063 3771 3191 3825; x_wconf 89' lang='lat' dir='ltr'>inve</span> <span class='ocrx_word' id='word_1_733' title='bbox 3214 3771 3312 3825; x_wconf 93' lang='lat' dir='ltr'>nio</span> <span class='ocrx_word' id='word_1_734' title='bbox 3343 3770 3481 3842; x_wconf 89' lang='lat' dir='ltr'>quid</span> <span class='ocrx_word' id='word_1_735' title='bbox 3519 3767 3702 3829; x_wconf 89' lang='lat' dir='ltr'>dicam,</span> <span class='ocrx_word' id='word_1_736' title='bbox 3739 3764 3862 3828; x_wconf 65' lang='lat' dir='ltr'>atque</span> 
     </span>
    </p>
   </div>
   <div class='ocr_carea' id='block_1_99' title="bbox 2244 3848 3862 3931">
    <p class='ocr_par' dir='ltr' id='par_1_99' title="bbox 2244 3848 3862 3931">
     <span class='ocr_line' id='line_1_100' title="bbox 2244 3848 3862 3931; baseline -0.006 -17"><span class='ocrx_word' id='word_1_737' title='bbox 2244 3859 2377 3915; x_wconf 89' lang='lat' dir='ltr'>inde</span> <span class='ocrx_word' id='word_1_738' title='bbox 2415 3861 2676 3931; x_wconf 84' lang='lat' dir='ltr'>profero:</span> <span class='ocrx_word' id='word_1_739' title='bbox 2727 3877 2832 3914; x_wconf 88' lang='lat' dir='ltr'>nec</span> <span class='ocrx_word' id='word_1_740' title='bbox 2877 3864 3067 3914; x_wconf 89' lang='lat' dir='ltr'>tamen</span> <span class='ocrx_word' id='word_1_741' title='bbox 3111 3861 3231 3914; x_wconf 90' lang='lat' dir='ltr'>ulla</span> <span class='ocrx_word' id='word_1_742' title='bbox 3281 3875 3478 3914; x_wconf 90' lang='lat' dir='ltr'>earum</span> <span class='ocrx_word' id='word_1_743' title='bbox 3514 3848 3862 3928; x_wconf 73' lang='lat' dir='ltr'>perturbatione</span> 
     </span>
    </p>
   </div>
   <div class='ocr_carea' id='block_1_100' title="bbox 2245 3941 3862 4020">
    <p class='ocr_par' dir='ltr' id='par_1_100' title="bbox 2245 3941 3862 4020">
     <span class='ocr_line' id='line_1_101' title="bbox 2245 3941 3862 4020; baseline -0.009 -17"><span class='ocrx_word' id='word_1_744' title='bbox 2245 3950 2568 4020; x_wconf 91' lang='lat' dir='ltr'>perturbor,</span> <span class='ocrx_word' id='word_1_745' title='bbox 2583 3966 2713 4004; x_wconf 92' lang='lat' dir='ltr'>cum</span> <span class='ocrx_word' id='word_1_746' title='bbox 2729 3967 2823 4004; x_wconf 88' lang='lat' dir='ltr'>eas</span> <span class='ocrx_word' id='word_1_747' title='bbox 2835 3948 3328 4003; x_wconf 87' lang='lat' dir='ltr'>reminiscendoro</span> <span class='ocrx_word' id='word_1_748' title='bbox 3349 3957 3727 4006; x_wconf 89' lang='lat' dir='ltr'>commemoro;</span> <span class='ocrx_word' id='word_1_749' title='bbox 3740 3941 3782 3991; x_wconf 90' lang='lat' dir='ltr'>et</span> <span class='ocrx_word' id='word_1_750' title='bbox 3797 3949 3862 3986; x_wconf 83' lang='lat' dir='ltr'>an-</span> 
     </span>
    </p>
   </div>
   <div class='ocr_carea' id='block_1_101' title="bbox 2245 4025 3860 4114">
    <p class='ocr_par' dir='ltr' id='par_1_101' title="bbox 2245 4025 3860 4114">
     <span class='ocr_line' id='line_1_102' title="bbox 2245 4025 3860 4114; baseline -0.01 -22"><span class='ocrx_word' id='word_1_751' title='bbox 2245 4042 2480 4108; x_wconf 90' lang='lat' dir='ltr'>tequam</span> <span class='ocrx_word' id='word_1_752' title='bbox 2506 4037 2942 4092; x_wconf 90' lang='lat' dir='ltr'>recolerentura</span> <span class='ocrx_word' id='word_1_753' title='bbox 2972 4054 3062 4091; x_wconf 92' lang='lat' dir='ltr'>me</span> <span class='ocrx_word' id='word_1_754' title='bbox 3092 4041 3148 4091; x_wconf 91' lang='lat' dir='ltr'>et</span> <span class='ocrx_word' id='word_1_755' title='bbox 3168 4040 3617 4099; x_wconf 85' lang='lat' dir='ltr'>retractarentur,</span> <span class='ocrx_word' id='word_1_756' title='bbox 3644 4029 3712 4084; x_wconf 89' lang='lat' dir='ltr'>ibi</span> <span class='ocrx_word' id='word_1_757' title='bbox 3729 4025 3860 4114; x_wconf 73' lang='lat' dir='ltr'>erant;</span> 
     </span>
    </p>
   </div>
   <div class='ocr_carea' id='block_1_102' title="bbox 2243 4119 3858 4199">
    <p class='ocr_par' dir='ltr' id='par_1_102' title="bbox 2243 4119 3858 4199">
     <span class='ocr_line' id='line_1_103' title="bbox 2243 4119 3858 4199; baseline -0.009 -19"><span class='ocrx_word' id='word_1_758' title='bbox 2243 4131 2553 4199; x_wconf 88' lang='lat' dir='ltr'>propterea</span> <span class='ocrx_word' id='word_1_759' title='bbox 2591 4126 2728 4180; x_wconf 90' lang='lat' dir='ltr'>inde</span> <span class='ocrx_word' id='word_1_760' title='bbox 2760 4143 2864 4197; x_wconf 87' lang='lat' dir='ltr'>per</span> <span class='ocrx_word' id='word_1_761' title='bbox 2892 4126 3355 4180; x_wconf 87' lang='lat' dir='ltr'>recordationem</span> <span class='ocrx_word' id='word_1_762' title='bbox 3385 4128 3608 4196; x_wconf 88' lang='lat' dir='ltr'>potuere</span> <span class='ocrx_word' id='word_1_763' title='bbox 3635 4119 3858 4187; x_wconf 72' lang='lat' dir='ltr'>depromi.</span> 
     </span>
    </p>
   </div>
   <div class='ocr_carea' id='block_1_103' title="bbox 2249 4201 3862 4286">
    <p class='ocr_par' dir='ltr' id='par_1_103' title="bbox 2249 4201 3862 4286">
     <span class='ocr_line' id='line_1_104' title="bbox 2249 4201 3862 4286; baseline -0.009 -15"><span class='ocrx_word' id='word_1_764' title='bbox 2249 4218 2412 4271; x_wconf 88' lang='lat' dir='ltr'>Forte</span> <span class='ocrx_word' id='word_1_765' title='bbox 2444 4232 2602 4286; x_wconf 88' lang='lat' dir='ltr'>ergo,</span> <span class='ocrx_word' id='word_1_766' title='bbox 2634 4215 2782 4269; x_wconf 90' lang='lat' dir='ltr'>sicut</span> <span class='ocrx_word' id='word_1_767' title='bbox 2812 4216 3106 4270; x_wconf 87' lang='lat' dir='ltr'>de-ventre</span> <span class='ocrx_word' id='word_1_768' title='bbox 3137 4215 3298 4268; x_wconf 90' lang='lat' dir='ltr'>cibus</span> <span class='ocrx_word' id='word_1_769' title='bbox 3328 4211 3674 4273; x_wconf 88' lang='lat' dir='ltr'>ruminando,</span> <span class='ocrx_word' id='word_1_770' title='bbox 3700 4205 3763 4258; x_wconf 91' lang='lat' dir='ltr'>sic</span> <span class='ocrx_word' id='word_1_771' title='bbox 3790 4201 3862 4252; x_wconf 64' lang='lat' dir='ltr'>ista</span> 
     </span>
    </p>
   </div>
   <div class='ocr_carea' id='block_1_104' title="bbox 2247 4290 3862 4374">
    <p class='ocr_par' dir='ltr' id='par_1_104' title="bbox 2247 4290 3862 4374">
     <span class='ocr_line' id='line_1_105' title="bbox 2247 4290 3862 4374; baseline -0.012 -13"><span class='ocrx_word' id='word_1_772' title='bbox 2247 4306 2318 4361; x_wconf 91' lang='lat' dir='ltr'>de</span> <span class='ocrx_word' id='word_1_773' title='bbox 2347 4302 2630 4359; x_wconf 90' lang='lat' dir='ltr'>memoria</span> <span class='ocrx_word' id='word_1_774' title='bbox 2652 4304 2998 4358; x_wconf 89' lang='lat' dir='ltr'>recordando</span> <span class='ocrx_word' id='word_1_775' title='bbox 3019 4303 3408 4374; x_wconf 89' lang='lat' dir='ltr'>proferuntur.</span> <span class='ocrx_word' id='word_1_776' title='bbox 3437 4303 3543 4357; x_wconf 88' lang='lat' dir='ltr'>Cur</span> <span class='ocrx_word' id='word_1_777' title='bbox 3561 4297 3716 4370; x_wconf 87' lang='lat' dir='ltr'>igitur</span> <span class='ocrx_word' id='word_1_778' title='bbox 3735 4290 3782 4344; x_wconf 89' lang='lat' dir='ltr'>in</span> <span class='ocrx_word' id='word_1_779' title='bbox 3797 4298 3862 4340; x_wconf 79' lang='lat' dir='ltr'>ore</span> 
     </span>
    </p>
   </div>
   <div class='ocr_carea' id='block_1_105' title="bbox 2246 4386 3863 4477">
    <p class='ocr_par' dir='ltr' id='par_1_105' title="bbox 2246 4386 3863 4477">
     <span class='ocr_line' id='line_1_106' title="bbox 2246 4386 3863 4477; baseline -0.014 -28"><span class='ocrx_word' id='word_1_780' title='bbox 2246 4393 2610 4465; x_wconf 89' lang='lat' dir='ltr'>cogitationis</span> <span class='ocrx_word' id='word_1_781' title='bbox 2653 4409 2767 4448; x_wconf 91' lang='lat' dir='ltr'>non</span> <span class='ocrx_word' id='word_1_782' title='bbox 2800 4394 3042 4446; x_wconf 88' lang='lat' dir='ltr'>sentitur</span> <span class='ocrx_word' id='word_1_783' title='bbox 3068 4409 3101 4446; x_wconf 91' lang='lat' dir='ltr'>a</span> <span class='ocrx_word' id='word_1_784' title='bbox 3139 4391 3486 4463; x_wconf 89' lang='lat' dir='ltr'>disputante,</span> <span class='ocrx_word' id='word_1_785' title='bbox 3526 4390 3626 4443; x_wconf 91' lang='lat' dir='ltr'>hoc</span> <span class='ocrx_word' id='word_1_786' title='bbox 3663 4386 3863 4477; x_wconf 25' lang='lat' dir='ltr'>est-lare;</span> 
     </span>
    </p>
   </div>
   <div class='ocr_carea' id='block_1_106' title="bbox 2245 4461 3864 4544">
    <p class='ocr_par' dir='ltr' id='par_1_106' title="bbox 2245 4461 3864 4544">
     <span class='ocr_line' id='line_1_107' title="bbox 2245 4461 3864 4544; baseline -0.014 -6"><span class='ocrx_word' id='word_1_787' title='bbox 2245 4461 2602 4544; x_wconf 70' lang='lat' dir='ltr'>mihiscente,</span> <span class='ocrx_word' id='word_1_788' title='bbox 2634 4480 2848 4535; x_wconf 66' lang='lat' dir='ltr'>laetitia:</span> <span class='ocrx_word' id='word_1_789' title='bbox 2881 4479 3122 4535; x_wconf 90' lang='lat' dir='ltr'>dulcedo</span> <span class='ocrx_word' id='word_1_790' title='bbox 3149 4461 3250 4533; x_wconf 79' lang='lat' dir='ltr'>vel</span> <span class='ocrx_word' id='word_1_791' title='bbox 3269 4477 3577 4533; x_wconf 87' lang='lat' dir='ltr'>amaritudo</span> <span class='ocrx_word' id='word_1_792' title='bbox 3604 4461 3864 4527; x_wconf 64' lang='lat' dir='ltr'>mastitiai‘.’</span> 
     </span>
    </p>
   </div>
   <div class='ocr_carea' id='block_1_107' title="bbox 2245 4549 3864 4648">
    <p class='ocr_par' dir='ltr' id='par_1_107' title="bbox 2245 4549 3864 4648">
     <span class='ocr_line' id='line_1_108' title="bbox 2245 4549 3864 4648; baseline -0.012 -22"><span class='ocrx_word' id='word_1_793' title='bbox 2245 4575 2332 4626; x_wconf 84' lang='lat' dir='ltr'>An</span> <span class='ocrx_word' id='word_1_794' title='bbox 2358 4571 2418 4624; x_wconf 94' lang='lat' dir='ltr'>in</span> <span class='ocrx_word' id='word_1_795' title='bbox 2443 4571 2548 4624; x_wconf 92' lang='lat' dir='ltr'>hoc</span> <span class='ocrx_word' id='word_1_796' title='bbox 2579 4569 2855 4624; x_wconf 90' lang='lat' dir='ltr'>dissimile</span> <span class='ocrx_word' id='word_1_797' title='bbox 2888 4573 2990 4635; x_wconf 88' lang='lat' dir='ltr'>est,</span> <span class='ocrx_word' id='word_1_798' title='bbox 3016 4569 3167 4640; x_wconf 91' lang='lat' dir='ltr'>quod</span> <span class='ocrx_word' id='word_1_799' title='bbox 3190 4584 3304 4623; x_wconf 89' lang='lat' dir='ltr'>non</span> <span class='ocrx_word' id='word_1_800' title='bbox 3325 4567 3569 4637; x_wconf 89' lang='lat' dir='ltr'>undique</span> <span class='ocrx_word' id='word_1_801' title='bbox 3597 4549 3864 4648; x_wconf 88' lang='lat' dir='ltr'>simile</span> 
     </span>
    </p>
   </div>
   <div class='ocr_carea' id='block_1_108' title="bbox 2245 4641 3859 4726">
    <p class='ocr_par' dir='ltr' id='par_1_108' title="bbox 2245 4641 3859 4726">
     <span class='ocr_line' id='line_1_109' title="bbox 2245 4641 3859 4726; baseline -0.014 -14"><span class='ocrx_word' id='word_1_802' title='bbox 2245 4659 2380 4723; x_wconf 88' lang='lat' dir='ltr'>Quis</span> <span class='ocrx_word' id='word_1_803' title='bbox 2410 4657 2564 4712; x_wconf 89' lang='lat' dir='ltr'>enim</span> <span class='ocrx_word' id='word_1_804' title='bbox 2594 4657 2729 4711; x_wconf 87' lang='lat' dir='ltr'>talia</span> <span class='ocrx_word' id='word_1_805' title='bbox 2770 4659 2963 4711; x_wconf 90' lang='lat' dir='ltr'>volens</span> <span class='ocrx_word' id='word_1_806' title='bbox 3017 4657 3367 4726; x_wconf 87' lang='lat' dir='ltr'>loqueretur,</span> <span class='ocrx_word' id='word_1_807' title='bbox 3403 4655 3449 4708; x_wconf 91' lang='lat' dir='ltr'>si</span> <span class='ocrx_word' id='word_1_808' title='bbox 3487 4649 3689 4724; x_wconf 87' lang='lat' dir='ltr'>quoties</span> <span class='ocrx_word' id='word_1_809' title='bbox 3734 4641 3859 4694; x_wconf 82' lang='lat' dir='ltr'>tristi-</span> 
     </span>
    </p>
   </div>
   <div class='ocr_carea' id='block_1_109' title="bbox 2243 4731 3858 4818">
    <p class='ocr_par' dir='ltr' id='par_1_109' title="bbox 2243 4731 3858 4818">
     <span class='ocr_line' id='line_1_110' title="bbox 2243 4731 3858 4818; baseline -0.005 -18"><span class='ocrx_word' id='word_1_810' title='bbox 2243 4747 2384 4801; x_wconf 89' lang='lat' dir='ltr'>tiam</span> <span class='ocrx_word' id='word_1_811' title='bbox 2415 4750 2701 4800; x_wconf 88' lang='lat' dir='ltr'>metumve</span> <span class='ocrx_word' id='word_1_812' title='bbox 2721 4745 3111 4818; x_wconf 78' lang='lat' dir='ltr'>nominamus,</span> <span class='ocrx_word' id='word_1_813' title='bbox 3141 4745 3311 4799; x_wconf 89' lang='lat' dir='ltr'>toties</span> <span class='ocrx_word' id='word_1_814' title='bbox 3343 4757 3571 4797; x_wconf 73' lang='lat' dir='ltr'>mmrere</span> <span class='ocrx_word' id='word_1_815' title='bbox 3590 4736 3669 4792; x_wconf 87' lang='lat' dir='ltr'>vel</span> <span class='ocrx_word' id='word_1_816' title='bbox 3701 4731 3858 4786; x_wconf 66' lang='lat' dir='ltr'>timere</span> 
     </span>
    </p>
   </div>
   <div class='ocr_carea' id='block_1_110' title="bbox 2245 4821 3862 4906">
    <p class='ocr_par' dir='ltr' id='par_1_110' title="bbox 2245 4821 3862 4906">
     <span class='ocr_line' id='line_1_111' title="bbox 2245 4821 3862 4906; baseline -0.012 -15"><span class='ocrx_word' id='word_1_817' title='bbox 2245 4833 2616 4906; x_wconf 87' lang='lat' dir='ltr'>cogeremur?</span> <span class='ocrx_word' id='word_1_818' title='bbox 2639 4836 2705 4889; x_wconf 85' lang='lat' dir='ltr'>Et</span> <span class='ocrx_word' id='word_1_819' title='bbox 2730 4840 2925 4890; x_wconf 87' lang='lat' dir='ltr'>tamen</span> <span class='ocrx_word' id='word_1_820' title='bbox 2956 4851 3071 4888; x_wconf 90' lang='lat' dir='ltr'>non</span> <span class='ocrx_word' id='word_1_821' title='bbox 3100 4850 3166 4887; x_wconf 88' lang='lat' dir='ltr'>ea</span> <span class='ocrx_word' id='word_1_822' title='bbox 3183 4833 3565 4904; x_wconf 90' lang='lat' dir='ltr'>loqueremur,</span> <span class='ocrx_word' id='word_1_823' title='bbox 3587 4824 3683 4880; x_wconf 91' lang='lat' dir='ltr'>nisi</span> <span class='ocrx_word' id='word_1_824' title='bbox 3706 4821 3755 4874; x_wconf 89' lang='lat' dir='ltr'>in</span> <span class='ocrx_word' id='word_1_825' title='bbox 3776 4827 3862 4906; x_wconf 66' lang='lat' dir='ltr'>ule-</span> 
     </span>
    </p>
   </div>
   <div class='ocr_carea' id='block_1_111' title="bbox 2245 4904 3860 4999">
    <p class='ocr_par' dir='ltr' id='par_1_111' title="bbox 2245 4904 3860 4999">
     <span class='ocr_line' id='line_1_112' title="bbox 2245 4904 3860 4999; baseline -0.011 -20"><span class='ocrx_word' id='word_1_826' title='bbox 2245 4904 2430 4980; x_wconf 81' lang='lat' dir='ltr'>moria</span> <span class='ocrx_word' id='word_1_827' title='bbox 2458 4929 2656 4979; x_wconf 90' lang='lat' dir='ltr'>nostra</span> <span class='ocrx_word' id='word_1_828' title='bbox 2684 4940 2801 4978; x_wconf 90' lang='lat' dir='ltr'>non</span> <span class='ocrx_word' id='word_1_829' title='bbox 2831 4927 3056 4978; x_wconf 90' lang='lat' dir='ltr'>tantum</span> <span class='ocrx_word' id='word_1_830' title='bbox 3094 4939 3262 4976; x_wconf 91' lang='lat' dir='ltr'>sonos</span> <span class='ocrx_word' id='word_1_831' title='bbox 3293 4921 3582 4976; x_wconf 89' lang='lat' dir='ltr'>nominum</span> <span class='ocrx_word' id='word_1_832' title='bbox 3618 4904 3860 4999; x_wconf 69' lang='lat' dir='ltr'>secundum</span> 
     </span>
    </p>
   </div>
   <div class='ocr_carea' id='block_1_112' title="bbox 2245 4998 3860 5083">
    <p class='ocr_par' dir='ltr' id='par_1_112' title="bbox 2245 4998 3860 5083">
     <span class='ocr_line' id='line_1_113' title="bbox 2245 4998 3860 5083; baseline -0.014 -17"><span class='ocrx_word' id='word_1_833' title='bbox 2245 5012 2526 5083; x_wconf 89' lang='lat' dir='ltr'>imagines</span> <span class='ocrx_word' id='word_1_834' title='bbox 2563 5013 2869 5083; x_wconf 88' lang='lat' dir='ltr'>impressas</span> <span class='ocrx_word' id='word_1_835' title='bbox 2905 5011 3164 5066; x_wconf 88' lang='lat' dir='ltr'>sensibus</span> <span class='ocrx_word' id='word_1_836' title='bbox 3215 5009 3466 5081; x_wconf 88' lang='lat' dir='ltr'>corporis</span> <span class='ocrx_word' id='word_1_837' title='bbox 3512 5003 3561 5072; x_wconf 74' lang='lat'>‘;</span> <span class='ocrx_word' id='word_1_838' title='bbox 3607 4999 3692 5054; x_wconf 89' lang='lat' dir='ltr'>sed</span> <span class='ocrx_word' id='word_1_839' title='bbox 3733 4998 3860 5083; x_wconf 51' lang='lat' dir='ltr'>etiarn</span> 
     </span>
    </p>
   </div>
   <div class='ocr_carea' id='block_1_113' title="bbox 2246 5074 3861 5171">
    <p class='ocr_par' dir='ltr' id='par_1_113' title="bbox 2246 5074 3861 5171">
     <span class='ocr_line' id='line_1_114' title="bbox 2246 5074 3861 5171; baseline -0.002 -17"><span class='ocrx_word' id='word_1_840' title='bbox 2246 5117 2440 5154; x_wconf 88' lang='lat' dir='ltr'>rerum</span> <span class='ocrx_word' id='word_1_841' title='bbox 2491 5099 2749 5171; x_wconf 89' lang='lat' dir='ltr'>ipsarum</span> <span class='ocrx_word' id='word_1_842' title='bbox 2804 5100 3066 5154; x_wconf 88' lang='lat' dir='ltr'>notiones</span> <span class='ocrx_word' id='word_1_843' title='bbox 3117 5098 3517 5162; x_wconf 88' lang='lat' dir='ltr'>inveniremus,</span> <span class='ocrx_word' id='word_1_844' title='bbox 3579 5101 3702 5160; x_wconf 77' lang='lat' dir='ltr'>quas</span> <span class='ocrx_word' id='word_1_845' title='bbox 3746 5074 3861 5134; x_wconf 57' lang='lat' dir='ltr'>nulla</span> 
     </span>
    </p>
   </div>
   <div class='ocr_carea' id='block_1_114' title="bbox 2240 5177 3857 5260">
    <p class='ocr_par' dir='ltr' id='par_1_114' title="bbox 2240 5177 3857 5260">
     <span class='ocr_line' id='line_1_115' title="bbox 2240 5177 3857 5260; baseline -0.012 -15"><span class='ocrx_word' id='word_1_846' title='bbox 2240 5191 2419 5260; x_wconf 89' lang='lat' dir='ltr'>janua</span> <span class='ocrx_word' id='word_1_847' title='bbox 2443 5189 2628 5243; x_wconf 89' lang='lat' dir='ltr'>carnis</span> <span class='ocrx_word' id='word_1_848' title='bbox 2669 5189 3009 5260; x_wconf 87' lang='lat' dir='ltr'>accepimus,</span> <span class='ocrx_word' id='word_1_849' title='bbox 3043 5189 3138 5244; x_wconf 91' lang='lat' dir='ltr'>sed</span> <span class='ocrx_word' id='word_1_850' title='bbox 3169 5204 3260 5242; x_wconf 89' lang='lat' dir='ltr'>eas</span> <span class='ocrx_word' id='word_1_851' title='bbox 3307 5187 3426 5256; x_wconf 90' lang='lat' dir='ltr'>ipse</span> <span class='ocrx_word' id='word_1_852' title='bbox 3455 5181 3662 5237; x_wconf 87' lang='lat' dir='ltr'>animus</span> <span class='ocrx_word' id='word_1_853' title='bbox 3687 5184 3769 5243; x_wconf 82' lang='lat' dir='ltr'>per</span> 
     </span>
    </p>
   </div>
   <div class='ocr_carea' id='block_1_115' title="bbox 2245 5263 3856 5350">
    <p class='ocr_par' dir='ltr' id='par_1_115' title="bbox 2245 5263 3856 5350">
     <span class='ocr_line' id='line_1_116' title="bbox 2245 5263 3856 5350; baseline -0.017 -18"><span class='ocrx_word' id='word_1_854' title='bbox 2245 5277 2589 5350; x_wconf 90' lang='lat' dir='ltr'>perientiam</span> <span class='ocrx_word' id='word_1_855' title='bbox 2629 5278 2960 5350; x_wconf 90' lang='lat' dir='ltr'>passionum</span> <span class='ocrx_word' id='word_1_856' title='bbox 3025 5292 3262 5333; x_wconf 89' lang='lat' dir='ltr'>suarum</span> <span class='ocrx_word' id='word_1_857' title='bbox 3327 5271 3565 5330; x_wconf 90' lang='lat' dir='ltr'>sentiens</span> <span class='ocrx_word' id='word_1_858' title='bbox 3623 5263 3856 5319; x_wconf 68' lang='lat' dir='ltr'>memoriae</span> 
     </span>
    </p>
   </div>
   <div class='ocr_carea' id='block_1_116' title="bbox 2313 5407 3854 5498">
    <p class='ocr_par' dir='ltr' id='par_1_116' title="bbox 2313 5407 3854 5498">
     <span class='ocr_line' id='line_1_117' title="bbox 2313 5407 3854 5498; baseline -0.029 3"><span class='ocrx_word' id='word_1_859' title='bbox 2313 5431 2324 5464; x_wconf 84' lang='grc'>¹</span> <span class='ocrx_word' id='word_1_860' title='bbox 2358 5430 2415 5498; x_wconf 63' lang='grc'>19</span> <span class='ocrx_word' id='word_1_861' title='bbox 2430 5429 2574 5492; x_wconf 65' lang='lat' dir='ltr'>Prius</span> <span class='ocrx_word' id='word_1_862' title='bbox 2587 5429 2716 5498; x_wconf 59' lang='grc' dir='ltr'>Ερᾀ</span> <span class='ocrx_word' id='word_1_863' title='bbox 2726 5467 2738 5490; x_wconf 77' lang='grc' dir='ltr'><strong>ν</strong></span> <span class='ocrx_word' id='word_1_864' title='bbox 2759 5431 3046 5498; x_wconf 15' lang='grc' dir='ltr'>έᾼηῑρνεέτςαε</span> <span class='ocrx_word' id='word_1_865' title='bbox 3059 5422 3548 5498; x_wconf 55' lang='lat' dir='ltr'>sensibuscprpg-is</span> <span class='ocrx_word' id='word_1_866' title='bbox 3563 5435 3574 5480; x_wconf 89' lang='lat'>;</span> <span class='ocrx_word' id='word_1_867' title='bbox 3587 5422 3634 5468; x_wconf 77' lang='lat' dir='ltr'>at</span> <span class='ocrx_word' id='word_1_868' title='bbox 3652 5415 3696 5464; x_wconf 86' lang='lat' dir='ltr'>in</span> <span class='ocrx_word' id='word_1_869' title='bbox 3716 5407 3854 5458; x_wconf 53' lang='lat' dir='ltr'>Mai-.4</span> 
     </span>
    </p>
   </div>
   <div class='ocr_carea' id='block_1_117' title="bbox 2247 5486 3499 5544">
    <p class='ocr_par' dir='ltr' id='par_1_117' title="bbox 2247 5486 3499 5544">
     <span class='ocr_line' id='line_1_118' title="bbox 2247 5486 3499 5544; baseline -0.007 -2"><span class='ocrx_word' id='word_1_870' title='bbox 2247 5486 2521 5543; x_wconf 57' lang='lat' dir='ltr'>sensibus&quot;</span> <span class='ocrx_word' id='word_1_871' title='bbox 2549 5517 2608 5529; x_wconf 94' lang='lat'>—</span> <span class='ocrx_word' id='word_1_872' title='bbox 2629 5492 2713 5542; x_wconf 88' lang='lat' dir='ltr'>Sic</span> <span class='ocrx_word' id='word_1_873' title='bbox 2730 5486 2895 5544; x_wconf 72' lang='lat' dir='ltr'>etiam</span> <span class='ocrx_word' id='word_1_874' title='bbox 2914 5492 3216 5544; x_wconf 78' lang='lat' dir='ltr'>Florentiae</span> <span class='ocrx_word' id='word_1_875' title='bbox 3234 5486 3424 5542; x_wconf 56' lang='lat' dir='ltr'>editio;</span> <span class='ocrx_word' id='word_1_876' title='bbox 3436 5486 3499 5536; x_wconf 83' lang='grc' dir='ltr'><strong>Μ.</strong></span> 
     </span>
    </p>
   </div>
  </div>
