4022 6176
106 302 214 354 ἴδε)

99 421 550 481 commendavit,
582 425 680 475 aut
711 422 834 492 ipsa
863 420 969 475 sibi
1000 422 1122 475 haec
1152 422 1325 475 etiam
1359 438 1472 477 non
1524 439 1819 479 commen-

100 510 238 564 data
269 509 527 564 retinuit.

788 598 1014 652 CAPUT
1039 598 1143 653 XV.

495 687 680 741 Etiam
701 701 821 755 quas
848 686 1047 741 absunt
1076 689 1435 743 meminimus.

180 777 272 827 23.
302 771 409 827 Sed
450 776 644 826 utrum
674 788 779 842 per
826 772 1125 843 imagines,
1176 790 1245 827 an
1298 790 1435 837 non,
1482 774 1610 845 quis
1656 775 1818 829 facile

101 860 323 914 dixerit
341 863 370 913 ?
400 860 644 914 Nomino
668 861 882 932 quippe
908 861 1175 933 lapidem,
1200 861 1435 915 nomino
1466 863 1664 929 solem,
1689 880 1818 917 cum

103 965 198 1002 res
232 950 371 1020 ipsae
404 965 523 1002 non
544 950 752 1004 adsunt
780 950 1041 1003 sensibus
1072 950 1215 1004 meis
1239 969 1255 1017 ;
1284 950 1344 1004 in
1374 951 1655 1005 memoria
1684 968 1818 1007 sane

102 1054 237 1092 mea
268 1043 477 1109 praesto
505 1043 638 1092 sunt
666 1037 947 1109 imagines
1006 1055 1223 1093 earum.
1278 1039 1520 1094 Nomino
1560 1040 1818 1095 dolorem

96 1126 383 1196 corporis,
420 1142 523 1180 nec
554 1126 697 1180 mihi
724 1127 884 1182 adest
912 1129 1047 1181 dum
1078 1128 1225 1182 nihil
1256 1128 1448 1194 dolet;
1480 1129 1590 1183 nisi
1622 1134 1816 1184 tamen

100 1217 336 1289 adesset
365 1216 557 1286 imago
612 1216 736 1285 ejus
783 1216 842 1270 in
885 1217 1162 1271 memoria
1208 1233 1337 1272 mea
1366 1218 1648 1272 nescirem
1678 1218 1817 1288 quid

96 1305 381 1372 dicerem,
414 1321 517 1359 nec
548 1320 680 1359 eum
712 1305 772 1358 in
799 1304 1142 1375 disputando
1172 1322 1206 1359 a
1233 1306 1523 1376 voluptate
1543 1306 1819 1360 discerne-

96 1409 255 1447 rem.
287 1393 532 1447 Nomino
563 1394 805 1448 salutem
836 1394 1091 1464 corporis
1138 1410 1268 1448 cum
1307 1396 1492 1448 salvus
1520 1410 1645 1448 sum
1690 1411 1815 1449 cor-

100 1498 252 1551 pore
286 1499 299 1535 :
337 1482 496 1536 adest
524 1481 665 1535 mihi
698 1482 934 1552 quidem
970 1499 1061 1537 res
1092 1482 1215 1554 ipsa
1242 1501 1255 1551 ;
1284 1487 1681 1538 verumtamen
1706 1483 1815 1538 nisi

98 1570 377 1640 etimago
408 1571 531 1641 ejus
562 1570 772 1624 inesset
816 1570 877 1624 in
922 1572 1200 1625 memoria
1238 1588 1387 1640 mea,
1440 1573 1597 1626 nullo
1643 1573 1815 1627 modo

98 1659 442 1713 recordarer
471 1658 612 1729 quid
633 1659 804 1728 hujus
833 1659 1082 1713 nominis
1111 1659 1459 1730 signiﬁcaret
1488 1677 1678 1714 sonus.
1704 1662 1813 1714 Nec

103 1752 452 1819 aegrotantes
478 1752 857 1817 agnoscerent
912 1748 1096 1802 salute
1140 1749 1438 1803 nominata
1490 1749 1627 1819 quid
1669 1753 1816 1803 esset

100 1835 504 1902 dictum;nisi
559 1836 759 1890 eadem
816 1836 1005 1908 imago
1052 1836 1107 1890 vi
1156 1837 1448 1891 memoriae
1501 1840 1810 1903 teneretur,

102 1925 375 1998 quamvis
401 1924 525 1994 ipsa
554 1940 642 1979 res
674 1924 894 1979 abesset
930 1942 963 1979 a
988 1942 1241 1997 corpore.
1269 1926 1513 1980 Nomino
1544 1942 1813 1981 numeros

100 2014 321 2086 quibus
351 2030 742 2083 numeramus,
776 2018 833 2068 et
863 2015 1072 2069 adsunt
1128 2015 1189 2068 in
1219 2016 1494 2069 memoria
1525 2030 1654 2069 mea
1699 2031 1811 2069 non

102 2103 393 2173 imagines
417 2118 637 2169 eorum,
672 2102 767 2156 sed
816 2102 944 2173 ipsi.
999 2103 1245 2157 Nomino
1302 2104 1616 2175 imaginem
1657 2105 1807 2171 solis,

96 2198 164 2246 et
192 2191 312 2246 haec
342 2190 501 2243 adest
522 2189 583 2242 in
608 2188 887 2243 memoria
913 2205 1069 2243 mea:
1100 2206 1289 2259 neque
1319 2190 1475 2243 enim
1496 2190 1811 2262 imaginem

96 2280 371 2351 imaginis
402 2278 546 2350 ejus,
582 2279 679 2333 sed
722 2277 907 2349 ipsam
952 2278 1139 2332 recolo
1170 2295 1183 2344 ;
1216 2278 1339 2350 ipsa
1385 2279 1531 2333 mihi
1574 2279 1808 2333 remini-

94 2368 511 2440 scenti'prassto
532 2373 637 2423 est.
664 2367 909 2423 Nomina
928 2367 1293 2439 memoriam,
1314 2372 1370 2423 et
1383 2384 1628 2440 agnosco
1656 2368 1811 2440 quod

92 2458 362 2513 nomino.
411 2459 476 2511 Et
526 2456 627 2511 ubi
690 2472 954 2527 agnosco,
1029 2456 1143 2511 nisi
1198 2457 1258 2511 in
1314 2457 1437 2529 ipsa
1488 2456 1812 2512 memoria?

102 2550 260 2603 Num
292 2551 348 2601 et
367 2546 492 2617 ipsa
520 2562 627 2618 per
653 2545 968 2617 imaginem
1007 2561 1169 2601 suam
1202 2545 1309 2601 sibi
1355 2546 1532 2613 adest,
1587 2562 1650 2601 ac
1696 2561 1811 2600 non

92 2652 207 2707 per
233 2636 475 2706 seipsam
496 2638 526 2688 ?

762 2722 988 2777 CAPUT
1026 2724 1161 2777 XVI.

560 2815 633 2866 Et
660 2812 945 2867 oblivionis
972 2814 1229 2866 memoria
1257 2818 1354 2868 est.

170 2901 261 2953 24.
294 2900 464 2970 Quid,
495 2915 629 2953 cum
685 2900 1033 2955 oblivionem
1087 2901 1342 2968 nomino,
1397 2906 1568 2974 atque
1610 2902 1809 2956 itidem

97 3004 345 3059 agnosco
370 2989 529 3060 quod
564 2988 826 3056 nomino,
858 2990 1011 3043 unde
1040 3005 1409 3061 agnoscerem
1466 2990 1574 3045 nisi
1605 2991 1809 3045 memi-

100 3076 364 3131 nissem?
394 3078 520 3131 Non
546 3077 819 3131 eumdem
850 3094 1055 3131 sonum
1086 3078 1338 3132 nominis
1370 3078 1517 3144 dico,
1550 3079 1649 3133 sed
1691 3094 1806 3133 rem

106 3180 283 3235 quam
308 3165 625 3235 signiﬁcat;
652 3181 827 3236 quam
853 3166 901 3220 si
927 3166 1138 3221 oblitus
1168 3184 1350 3221 essem
1380 3183 1392 3233 ;
1427 3167 1562 3238 quid
1588 3167 1683 3220 ille
1714 3184 1808 3220 va-

110 3253 255 3307 leret
278 3270 473 3320 sonus,
500 3269 807 3323 agnoscere
838 3254 1037 3325 utique
1068 3271 1185 3309 non
1213 3256 1480 3309 valerem.
1506 3256 1649 3325 Ergo
1680 3271 1810 3308 cum

109 3342 448 3396 memoriam
476 3342 739 3411 memini,
770 3358 875 3413 per
908 3343 1152 3414 seipsam
1179 3343 1286 3397 sibi
1324 3347 1535 3414 praesto
1575 3348 1659 3398 est
1687 3343 1810 3413 ipsa

107 3430 386 3484 memoria
420 3451 433 3498 ;
464 3446 594 3484 cum
624 3446 761 3485 vero
791 3431 1029 3484 memini
1061 3431 1425 3499 oblivionem,
1458 3436 1511 3485 et
1532 3431 1811 3486 memoria

104 3524 317 3589 praesto
348 3523 432 3573 est
459 3525 514 3572 et
529 3518 735 3573 oblivio
760 3536 773 3585 ;
806 3519 1083 3573 memoria
1109 3536 1224 3590 qua
1255 3520 1639 3587 meminerim,
1672 3520 1811 3574 obli-

105 3609 194 3661 vio
224 3624 397 3679 quam
427 3607 812 3662 meminerim.
839 3608 951 3662 Sed
981 3607 1118 3678 quid
1159 3613 1244 3661 est
1287 3608 1514 3675 oblivio,
1550 3609 1660 3663 nisi
1689 3610 1807 3679 pri-

104 3696 255 3750 vatio
287 3696 621 3750 memorias‘?
652 3696 949 3760 Quomodo
979 3712 1112 3767 ergo
1139 3696 1299 3751 adest
1326 3702 1387 3751 ut
1432 3713 1559 3751 eam
1606 3698 1809 3751 memi-

106 3785 315 3851 nerim,
342 3785 570 3855 quando
597 3800 727 3838 cum
757 3784 918 3838 adest
940 3784 1264 3838 meminisse
1296 3801 1412 3839 non
1442 3787 1719 3856 possum?
1739 3789 1812 3840 At

104 3875 150 3927 si
180 3873 331 3944 quod
363 3873 731 3926 meminimus
760 3873 1036 3927 memoria
1071 3873 1425 3941 retinemus;
1460 3874 1809 3929 oblivionem

104 3970 300 4017 autem
333 3962 442 4016 nisi
471 3962 952 4029 meminissemus,
986 3978 1351 4033 nequaquam
1382 3980 1684 4033 possumus
1715 3980 1812 4018 au-

107 4053 226 4106 dito
267 4050 376 4105 isto
411 4051 665 4120 nomine,
692 4068 810 4105 rem
831 4067 958 4121 qua:
988 4050 1084 4104 illo
1106 4051 1459 4122 signiﬁcatur
1483 4069 1807 4122 agnoscere;

104 4140 385 4196 memoria
398 4140 676 4194 retinetur
696 4138 922 4194 oblivio.
946 4139 1118 4193 Adest
1145 4155 1280 4209 ergo
1300 4156 1370 4193 ne
1392 4140 1807 4205 obliviscamur,

99 4246 233 4301 qua:
264 4245 396 4282 cum
422 4229 581 4283 adest
622 4227 1043 4287 'obliviscimur.
1098 4231 1184 4281 An
1216 4244 1281 4280 ex
1328 4228 1436 4281 hoc
1471 4228 1812 4298 intelligitur

103 4335 221 4372 non
251 4333 358 4388 per
386 4317 632 4387 seipsam
680 4316 863 4369 inesse
909 4315 1205 4370 memoria:
1254 4331 1383 4369 cum
1441 4332 1564 4368 eam
1608 4315 1809 4369 memi-

105 4407 324 4473 nimus,
354 4406 449 4459 sed
486 4422 588 4476 per
619 4405 929 4476 imaginem
958 4404 1161 4459 suam?
1192 4403 1327 4476 quia
1356 4403 1403 4457 si
1434 4420 1535 4474 per
1564 4404 1809 4474 seipsam

102 4498 318 4565 praesto
351 4498 499 4547 esset
555 4492 786 4556 oblivio,
839 4510 956 4547 non
988 4498 1051 4547 ut
1106 4491 1583 4557 meminissemus,
1612 4493 1708 4547 sed
1751 4498 1811 4547 ut

104 4582 588 4637 oblivisceremur
617 4582 886 4636 efﬁceret.
924 4583 989 4636 Et
1035 4581 1140 4635 hoc
1179 4582 1306 4652 quis
1359 4581 1587 4636 tandem
1646 4581 1806 4635 inda-

103 4671 267 4741 gabit
288 4672 315 4723 ?
346 4670 472 4740 quis
502 4670 949 4740 comprehendet
974 4669 1262 4741 quomodo
1295 4669 1400 4724 sit?

176 4763 270 4813 25.
303 4759 417 4828 Ego
448 4764 622 4825 certe,
654 4757 919 4825 Domine,
978 4758 1173 4812 laboro
1232 4756 1344 4825 hic,
1395 4762 1451 4811 et
1500 4758 1696 4812 laboro
1748 4756 1809 4811 in

100 4848 328 4917 meipso
361 4862 374 4899 :
409 4847 591 4900 factus
622 4863 748 4900 sum
781 4846 924 4899 mihi
954 4851 1105 4899 terra
1135 4845 1507 4914 difﬁcultatis,
1537 4851 1589 4899 et
1635 4846 1806 4901 sudo-

100 4938 179 4990 ris
211 4935 399 4989 nimii.
435 4936 630 5006 Neque
662 4936 816 4988 enim
848 4950 1001 4987 nunc
1030 4938 1352 4989 scrutamur
1405 4935 1602 5005 plagas
1659 4933 1803 5001 coeli,

96 5022 199 5070 aut
232 5016 487 5071 siderum
520 5018 819 5073 intervalla
877 5018 1243 5087 demetimur,
1301 5020 1392 5073 vel
1422 5024 1591 5073 terrae
1632 5018 1805 5073 libra-

98 5110 302 5159 menta
333 5106 681 5177 quaerimus:
712 5123 816 5177 ego
844 5124 969 5161 sum
1000 5108 1097 5178 qui
1132 5107 1389 5173 memini,
1424 5124 1527 5178 ego
1560 5108 1803 5161 animus.

101 5195 232 5248 Non
263 5194 344 5248 ita
369 5195 602 5261 mirum,
637 5195 685 5248 si
715 5213 745 5249 a
777 5212 867 5249 me
898 5197 1069 5267 longe
1100 5201 1183 5250 est
1213 5196 1492 5267 quidquid
1541 5213 1645 5267 ego
1695 5213 1808 5250 non

100 5300 252 5337 sum.
290 5284 435 5348 Quid
470 5289 661 5337 autem
693 5285 1073 5357 propinquius
1106 5285 1320 5356 meipso
1347 5286 1489 5339 mihi
1510 5285 1537 5337 ἰν
1568 5287 1633 5339 Et
1682 5302 1807 5339 ecce

100 5372 403 5426 memoriae
436 5389 583 5427 meae
608 5373 691 5426 vis
720 5390 835 5427 non
890 5374 1392 5445 comprehenditur
1447 5391 1480 5427 a
1526 5391 1634 5438 me,
1678 5391 1806 5428 cum

102 5460 297 5530 ipsum
328 5477 421 5515 me
453 5477 569 5517 non
600 5461 784 5517 dicam
816 5467 1022 5534 praeter
1052 5462 1228 5516 illam.
1258 5463 1403 5527 Quid
1444 5462 1597 5516 enim
1625 5463 1809 5516 dictu-

100 5565 200 5604 rus
230 5567 360 5605 sum
392 5550 624 5623 quando
654 5550 795 5606 mihi
821 5556 1040 5607 certum
1070 5556 1156 5608 est
1191 5550 1517 5608 meminisse
1551 5568 1639 5606 me
1661 5551 1805 5608 obli-

1556 301 1769 357 LIBER
1847 302 2070 357 DEUIM
2082 304 2181 358 US.

3522 311 3549 360 7
3560 312 3626 361 90

1931 424 2154 479 vionem
2175 427 2203 478 ‘?
2232 427 2318 478 An
2347 425 2603 480 dicturus
2634 442 2760 480 sum
2794 443 2906 479 non
2940 442 3059 481 esse
3090 428 3149 481 in
3182 427 3461 482 memoria
3500 444 3626 482 mea

1929 514 2083 583 quod
2114 514 2399 567 memini?
2429 530 2500 567 an
2533 514 2787 569 dicturus
2819 531 2945 568 sum
2977 515 3045 569 ad
3094 516 3200 568 hoc
3248 517 3431 569 inesse
3480 516 3624 570 obli-

1929 602 2154 656 vionem
2185 602 2242 656 in
2274 603 2553 656 memoria
2582 620 2726 671 mea,
2760 609 2823 657 ut
2852 620 2966 659 non
3020 604 3363 658 obliviscar?
3395 606 3622 659 Utrum-

1929 709 2038 762 que
2068 693 2540 746 absurdissimum
2573 698 2674 746 est.
2698 694 2841 758 Quid
2862 694 2999 748 illud
3021 694 3249 748 tertium
3270 697 3298 748 ἱ)
3326 711 3439 764 quo
3461 699 3624 765 pacto

1927 781 2111 833 dicam
2138 781 2449 851 imaginem
2482 781 2781 835 oblivionis
2812 783 2993 835 teneri
3031 783 3302 836 memoria
3336 801 3481 849 mea,
3508 802 3624 839 non

1931 868 2109 938 ipsam
2147 870 2512 935 oblivionem,
2546 886 2674 923 cum
2732 886 2855 923 eam
2910 870 3141 922 memini
3165 872 3190 923 ’ἶ
3222 872 3340 934 Quo
3372 877 3537 941 pacto
3568 878 3626 926 et

1928 957 2034 1011 hoc
2066 958 2272 1027 dicam,
2305 959 2771 1028 quandoquidem
2803 976 2929 1012 cum
2963 958 3313 1029 imprimitur
3328 960 3409 1013 rei
3440 961 3622 1031 cujus-

1930 1063 2039 1116 que
2073 1046 2261 1117 imago
2296 1047 2354 1100 in
2382 1048 2681 1113 memoria,
2713 1049 2871 1117 prius
2900 1064 3124 1102 necesse
3158 1052 3239 1101 est
3265 1052 3327 1101 ut
3356 1050 3505 1103 adsit
3535 1066 3623 1103 res

1929 1135 2049 1204 ipsa
2080 1137 2229 1188 unde
2264 1137 2358 1190 illa
2384 1136 2572 1206 imago
2594 1136 2770 1206 possit
2785 1136 3038 1207 imprimi
3061 1137 3086 1189 ‘?
3105 1137 3193 1191 Sic
3214 1137 3365 1191 enim
3390 1139 3620 1193 Cartha-

1927 1224 2074 1293 ginis
2108 1224 2363 1289 memini,
2400 1224 2475 1277 sic
2521 1224 2778 1277 omnium
2825 1226 3075 1278 locorum
3126 1225 3335 1295 quibus
3365 1225 3618 1291 interfui,

1928 1312 2005 1365 sic
2032 1311 2202 1364 facies
2234 1312 2533 1365 hominum
2565 1330 2704 1383 quas
2727 1313 2862 1380 vidi,
2894 1317 2947 1365 et
2976 1317 3311 1367 caeterorum
3350 1331 3616 1368 sensuum

1929 1400 2208 1465 nuntiata,
2243 1400 2320 1453 sic
2351 1401 2528 1470 ipsius
2579 1401 2833 1471 corporis
2889 1403 3129 1455 salutem
3178 1401 3291 1454 sive
3341 1403 3617 1456 dolorem.

1926 1490 2066 1544 Cum
2098 1496 2307 1559 praesto
2340 1494 2527 1543 essent
2556 1489 2680 1555 ista,
2708 1490 2857 1559 cepit
2881 1490 2949 1542 ab
2982 1488 3060 1542 eis
3090 1489 3369 1559 imagines
3404 1504 3619 1544 memo-

1925 1579 2010 1632 ria
2042 1594 2183 1649 quas
2231 1576 2486 1631 intuerer
2540 1582 2868 1648 praesentes,
2928 1581 2982 1630 et
3014 1582 3379 1631 retractarem
3432 1579 3621 1633 animo

1924 1684 2050 1721 cum
2081 1666 2175 1720 illa
2192 1670 2246 1719 et
2261 1666 2517 1721 absentia
2531 1666 2943 1719 reminiscerer.
2958 1665 3013 1720 Si
3031 1682 3166 1736 ergo
3190 1682 3291 1737 per
3310 1665 3619 1736 imaginem

1926 1772 2086 1810 suam
2119 1771 2234 1808 non
2262 1772 2363 1826 per
2394 1754 2636 1826 seipsam
2685 1754 2743 1808 in
2794 1754 3071 1808 memoria
3113 1760 3338 1809 tenetur
3386 1755 3616 1823 oblivio,

1923 1843 2047 1915 ipsa
2076 1843 2274 1914 utique
2304 1844 2496 1898 aderat
2525 1849 2583 1897 ut
2614 1844 2736 1913 ejus
2765 1843 2954 1908 imago
2993 1849 3311 1913 caperetur.
3351 1845 3491 1907 Cum
3517 1854 3617 1898 au:

1923 1936 2041 1987 tem
2072 1933 2313 1999 adesset,
2358 1932 2644 2003 quomodo
2696 1930 3003 2001 imaginem
3035 1948 3197 1985 suam
3254 1932 3313 1985 in
3344 1933 3621 1986 memoria

1923 2021 2333 2087 conscribebat,
2367 2020 2593 2092 quando
2620 2020 2676 2074 id
2708 2020 2880 2074 etiam
2912 2020 3063 2089 quod
3085 2020 3205 2090 jam
3235 2024 3497 2073 notatum
3532 2021 3618 2074 in-

1920 2110 2099 2176 venit,
2155 2109 2457 2181 praesentia
2510 2126 2611 2163 sua
2659 2109 2807 2163 delet
2854 2109 3110 2162 oblivio?
3142 2111 3206 2163 Et
3251 2112 3438 2162 tamen
3474 2126 3615 2180 quo-

1922 2214 2168 2270 cumque
2202 2198 2395 2263 modo,
2455 2198 2583 2252 licet
2637 2198 2707 2251 sit
2735 2197 2939 2251 modus
2969 2197 3074 2251 iste
3128 2196 3615 2268 incomprehensi-

1919 2287 2050 2342 bilis
2081 2292 2138 2341 et
2167 2286 2598 2358 inexplicabilis.
2651 2286 2822 2340 etiam
2877 2286 3057 2356 ipsam
3115 2285 3461 2339 oblivionem
3492 2301 3615 2339 me-

1920 2375 2154 2429 minisse
2180 2391 2272 2429 me
2302 2378 2490 2429 certus
2520 2389 2667 2441 sum,
2715 2390 2829 2444 qua
2876 2372 2934 2427 id
2983 2372 3133 2443 quod
3184 2373 3618 2427 meminerimus

1922 2462 2200 2518 obruitur.

2556 2589 2779 2644 CAPUT
2809 2588 2966 2641 XVII.

1921 2698 2122 2765 Magna
2147 2698 2413 2751 memoriae
2441 2698 2541 2760 vis,
2576 2696 2672 2749 sed
2700 2696 2846 2749 ultra
2872 2695 3329 2764 progrediandum
3372 2699 3431 2749 ut
3455 2700 3619 2750 attin-

2596 2788 2759 2851 gatur
2785 2786 2941 2837 Deus.

1990 2894 2080 2947 26.
2114 2892 2315 2961 Magna
2367 2889 2450 2943 vis
2504 2894 2587 2943 est
2639 2889 2935 2943 memoriae
2988 2890 3175 2944 nescio
3210 2890 3348 2960 quid
3381 2890 3618 2945 horren-

1920 2982 2079 3043 dum,
2115 2981 2262 3034 Deus
2295 2994 2476 3044 meus,
2511 2979 2791 3049 profunda
2824 2983 2881 3032 et
2909 2978 3136 3032 inﬁnita
3183 2978 3616 3048 multiplicitas;

1920 3074 1975 3123 et
2003 3069 2110 3122 hoc
2139 3068 2367 3122 animus
2395 3072 2498 3135 est,
2529 3070 2585 3120 et
2636 3068 2743 3120 hoc
2774 3082 2879 3136 ego
2925 3067 3046 3137 ipse
3096 3082 3255 3121 sum.
3294 3067 3441 3132 Quid
3482 3083 3618 3138 ergo

1919 3174 2066 3221 sum,
2093 3158 2240 3210 Deus
2262 3172 2421 3211 meus
2442 3158 2470 3209 ?
2490 3172 2617 3227 qua:
2636 3161 2838 3210 natura
2862 3172 2986 3210 sum
3006 3158 3035 3208 ?
3063 3156 3246 3223 Varia,
3282 3156 3619 3211 multimoda

1919 3246 2051 3311 vita,
2086 3250 2141 3299 et
2169 3246 2451 3299 immensa
2479 3246 2865 3300 vehementer.
2898 3247 3033 3300 Ecce
3064 3244 3124 3298 in
3155 3244 3449 3299 memoriae
3474 3262 3619 3301 mem

1919 3333 2151 3405 campis,
2197 3338 2253 3387 et
2280 3333 2459 3388 antris
2490 3339 2547 3388 et
2591 3334 2844 3387 cavernis
2874 3333 3413 3401 innumerabilibus,
3449 3339 3617 3407 atque

1920 3421 2421 3477 innumerabiliter
2467 3422 2652 3492 plenis
2678 3422 3186 3476 innumerabilium
3218 3438 3411 3476 rerum
3440 3439 3615 3493 gene-

1919 3511 2098 3578 ribus,
2140 3511 2255 3564 sive
2313 3528 2415 3581 per
2464 3511 2767 3582 imagines,
2802 3511 2949 3565 sicut
2976 3512 3236 3564 omnium
3262 3527 3610 3581 corporum;

1919 3600 2033 3653 sive
2077 3616 2180 3670 per
2226 3599 2612 3669 praesentiam,
2671 3600 2814 3653 sicut
2852 3599 3096 3663 artium;
3127 3600 3241 3653 sive
3281 3615 3383 3669 per
3426 3600 3616 3654 nescio

1920 3705 2061 3759 quas
2095 3688 2361 3741 notiones
2387 3688 2474 3740 vel
2532 3688 2872 3753 notationes,
2906 3688 3048 3741 sicut
3094 3688 3460 3743 aﬁectionum
3500 3690 3619 3742 ani-

1921 3777 1998 3831 mi
2024 3794 2037 3843 ;
2068 3793 2209 3847 quas
2240 3781 2295 3829 et
2319 3793 2449 3830 cum
2480 3776 2705 3830 animus
2735 3792 2852 3830 non
2880 3776 3114 3846 patitur,
3137 3776 3412 3831 memoria
3440 3782 3614 3843 tenet,

1919 3882 2049 3919 cum
2083 3865 2143 3918 in
2175 3865 2365 3918 animo
2399 3864 2471 3919 sit
2495 3864 2770 3935 quidquid
2799 3870 2882 3919 est
2920 3865 2981 3917 in
3010 3865 3285 3919 memoria
3319 3882 3331 3919 :
3367 3882 3467 3937 per
3495 3868 3619 3921 haec

1919 3954 2114 4008 omnia
2140 3954 2396 4008 discurro
2411 3957 2467 4008 et
2491 3954 2692 4018 volito;
2720 3953 2965 4008 hacillac
2988 3958 3227 4023 penetro
3244 3953 3418 4007 etiam
3440 3971 3617 4025 quan-

1918 4048 2041 4097 tum
2073 4059 2325 4113 possum,
2351 4043 2546 4097 etﬁnis
2569 4058 2881 4112 nusquam;
2907 4046 3063 4094 tanta
3088 4040 3170 4094 vis
3188 4045 3270 4095 est
3294 4042 3614 4107 memoriae,

1920 4136 2079 4185 tanta
2104 4132 2233 4185 vitae
2265 4131 2345 4184 vis
2376 4135 2458 4184 est
2482 4131 2539 4184 in
2572 4130 2803 4184 homine
2831 4129 3050 4183 vivente
3081 4129 3431 4183 mortaliter!
3472 4130 3617 4194 Quid

1920 4220 2096 4289 igitur
2122 4237 2307 4291 agam,
2340 4225 2399 4273 tu
2430 4236 2562 4273 vera
2591 4236 2719 4273 mea
2763 4219 2875 4273 vita
2912 4220 3057 4273 Deus
3102 4235 3264 4271 meus
3285 4221 3313 4272 ?
3342 4218 3615 4271 Transibo

1919 4314 1974 4363 et
2012 4309 2157 4362 hanc
2185 4308 2300 4361 vim
2333 4323 2519 4361 meam
2577 4324 2706 4377 qua:
2736 4306 3015 4361 memoria
3071 4310 3326 4369 vocatur,
3358 4305 3611 4359 transibo

1918 4413 2044 4450 eam
2071 4402 2133 4449 ut
2187 4395 2521 4465 pertendam
2553 4396 2625 4449 ad
2678 4400 2752 4461 te,
2797 4395 2958 4449 dulce
3015 4395 3226 4446 lumen.
3274 4391 3418 4455 Quid
3478 4392 3616 4445 dicis

1918 4486 2107 4540 mihi?
2136 4484 2408 4555 Ecce’ego
2439 4485 2746 4539 ascendens
2783 4501 2885 4555 per
2923 4482 3180 4537 animum
3236 4497 3430 4535 meum
3460 4482 3530 4535 ad
3560 4486 3616 4535 te

1917 4575 2017 4647 qui
2073 4575 2319 4644 desuper
2366 4573 2507 4627 mihi
2562 4590 2774 4627 manes.
2836 4571 3108 4625 Transibo
3156 4574 3212 4624 te
3272 4569 3439 4623 istam
3502 4570 3612 4624 vim

1916 4680 2127 4732 meam,
2175 4679 2305 4733 qua:
2348 4662 2627 4717 memoria
2678 4664 2929 4727 vocatur,
2980 4660 3174 4712 volens
3227 4662 3282 4711 et
3330 4658 3613 4729 attingere

1918 4753 2067 4806 unde
2103 4750 2303 4823 attingi
2336 4756 2515 4822 potes,
2558 4755 2612 4804 et
2669 4750 2946 4802 inhaerere
2994 4747 3098 4800 tibi
3131 4747 3280 4801 unde
3333 4747 3611 4800 inhaerere

1917 4840 2018 4895 tibi
2048 4845 2253 4911 potest.
2293 4841 2509 4895 Habent
2536 4839 2689 4892 enim
2709 4835 3045 4891 memoriam
3076 4840 3131 4889 et
3158 4851 3365 4905 pecora
3389 4840 3445 4888 et
3459 4852 3608 4901 aves,

1915 4928 2170 5000 alioquin
2226 4946 2344 4983 non
2386 4927 2594 4982 cubilia
2643 4925 2877 4979 nidosve
2930 4928 3269 4993 repeterent,
3323 4940 3439 4977 non
3498 4923 3609 4976 alia

1915 5020 2097 5072 multa
2127 5018 2335 5089 quibus
2365 5018 2716 5076 assuescunt,
2775 5028 2960 5084 neque
2999 5012 3154 5065 enim
3212 5017 3267 5066 et
3292 5027 3611 5065 assuescere

1916 5109 2171 5161 valerent
2204 5104 2330 5158 ullis
2375 5105 2544 5157 rebus
2600 5102 2711 5156 nisi
2762 5118 2864 5173 per
2920 5101 3274 5155 memoriam.
3336 5098 3611 5152 Transibo

1917 5214 2051 5267 ergo
2085 5201 2141 5249 et
2173 5193 2529 5261 memoriam,
2588 5196 2653 5246 ut
2681 5191 2961 5260 attingam
3015 5206 3147 5244 eum
3179 5188 3278 5258 qui
3328 5185 3613 5256 separavit

1916 5303 2007 5341 me
2038 5304 2068 5340 a
2090 5282 2575 5356 quadrupedibus,
2608 5286 2663 5335 et
2688 5280 3008 5334 volatilibus
3034 5279 3159 5333 coeli
3199 5275 3605 5347 sapientiorem

1914 5391 2005 5428 me
2029 5373 2180 5428 fecit.
2213 5370 2486 5425 Transibo
2517 5374 2573 5423 et
2595 5368 2960 5433 memoriam;
2990 5370 3047 5422 et
3076 5364 3173 5419 ubi
3204 5370 3259 5417 te
3288 5360 3601 5429 inveniam,

1918 5478 2046 5517 vere
2075 5462 2225 5515 bona
2255 5463 2310 5513 et
2353 5474 2551 5513 secura
2603 5458 2848 5511 suavitas
2869 5457 2896 5510 ?
2945 5458 3000 5507 et
3029 5452 3127 5508 ubi
3165 5455 3219 5504 tc
3272 5447 3562 5503 inveniam
3584 5451 3614 5503 ?

1918 5551 1975 5606 Si
2005 5554 2212 5621 praeter
2240 5546 2576 5602 memoriam
2610 5561 2796 5602 meam
2826 5548 2883 5599 te
2913 5540 3163 5607 invenio,
3194 5538 3499 5592 immemor
3526 5535 3611 5592 tui
