4058 6174
442 261 543 313 791

445 393 592 432 sum.
629 378 694 432 Et
722 377 1009 449 quomodo
1039 378 1161 450 jam
1188 378 1477 434 inveniam
1523 383 1600 446 te,
1657 378 1704 433 si
1755 392 1980 431 memor
2021 391 2142 431 non

448 482 575 522 sum
605 465 738 521 tui?

1062 538 1286 594 CAPUT
1323 540 1515 594 XVIII.

557 627 672 684 Non
701 628 1033 682 inveniretur
1060 643 1121 681 ea
1139 643 1222 680 res
1239 643 1358 696 qua?
1384 627 1608 694 caecidit,
1641 627 1753 680 nisi
1776 626 2038 680 memoria

1157 720 1440 769 teneretur.

514 809 601 860 27.
637 804 971 859 Perdiderat
999 803 1152 858 enim
1178 804 1388 858 mulier
1415 803 1764 870 drachmam,
1797 807 1850 857 et
1883 802 2146 874 quaesivit

447 910 574 949 eam
604 894 990 947 cumlucerua
1020 894 1165 962 (Luc.
1213 909 1304 960 xv,
1358 895 1432 961 8),
1465 897 1522 947 et
1577 892 1687 946 nisi
1740 908 1967 946 memor
2023 891 2144 962 ejus

446 985 612 1048 esset,
641 997 756 1035 non
786 980 1070 1034 inveniret
1121 997 1268 1034 eam.
1299 981 1441 1036 Cum
1497 981 1654 1035 enim
1713 985 1860 1034 esset
1889 980 2141 1046 inventa,

446 1070 596 1125 unde
624 1069 793 1123 sciret
845 1074 1039 1123 utrum
1084 1069 1207 1140 ipsa
1261 1074 1428 1135 esset,
1476 1069 1523 1122 si
1571 1085 1795 1123 memor
1852 1069 1973 1139 ejus
2027 1083 2146 1121 non

443 1162 636 1214 esset?
660 1159 831 1214 Multa
861 1158 1099 1213 memini
1129 1175 1221 1214 me
1251 1158 1476 1229 perdita
1505 1157 1772 1230 quaesisse
1795 1163 1968 1228 atque
1990 1156 2144 1210 inve-

443 1245 616 1301 nisse.
664 1246 800 1299 Inde
837 1245 987 1300 istud
1029 1245 1162 1311 scio,
1207 1246 1343 1318 quia
1384 1261 1515 1299 cum
1554 1261 1875 1316 quaererem
1924 1242 2144 1314 aliquid

444 1349 667 1400 eorum,
700 1337 756 1386 et
785 1332 1069 1386 diceretur
1109 1333 1272 1399 mihi,
1325 1334 1472 1388 Num
1524 1333 1671 1386 forte
1727 1331 1835 1385 hoc
1874 1336 1972 1398 est,
2002 1347 2144 1384 num

444 1424 591 1477 forte
621 1421 766 1476 illud
785 1421 812 1475 ?
842 1421 1065 1474 tamdiu
1097 1422 1354 1475 dicebam
1388 1438 1400 1475 :
1437 1422 1558 1476 Non
1583 1426 1684 1486 est,
1715 1421 1894 1474 donec
1909 1419 1970 1474 id
1983 1420 2145 1474 offer-

445 1514 606 1564 retur
633 1510 786 1580 quod
819 1509 1168 1579 quaerebam.
1191 1510 1363 1580 Cujus
1386 1509 1492 1563 nisi
1512 1525 1731 1564 memor
1751 1526 1956 1576 essem,
1981 1508 2147 1580 quid-

447 1598 587 1669 quid
619 1597 760 1652 illud
791 1603 957 1664 esset,
989 1598 1160 1652 etiam
1192 1598 1239 1652 si
1268 1599 1408 1652 mihi
1432 1598 1752 1665 offerretur,
1780 1614 1896 1652 non
1925 1597 2145 1652 inveni-

445 1705 591 1756 rem,
622 1688 757 1759 quia
785 1705 900 1742 non
933 1705 1321 1760 agnoscerem.
1376 1691 1442 1744 Et
1497 1705 1722 1759 semper
1777 1688 1856 1742 ita
1883 1687 1969 1757 ﬁt,
2015 1705 2144 1742 cum

448 1777 666 1848 aliquid
695 1777 984 1847 perditum
1015 1775 1328 1848 quaerimus
1371 1782 1426 1831 et
1454 1777 1807 1831 invenimus.
1847 1778 2144 1830 Verumta-

445 1882 579 1920 men
610 1865 657 1919 si
695 1866 840 1920 forte
870 1865 1085 1936 aliquid
1114 1865 1185 1920 ab
1219 1865 1395 1920 oculis
1429 1864 1596 1936 perit,
1639 1881 1754 1919 non
1783 1881 1817 1919 a
1845 1864 2143 1931 memoria,

450 1951 621 2007 veluti
651 1967 857 2022 corpus
885 1952 1182 2023 quodlibet
1211 1952 1455 2021 visibile,
1492 1957 1720 2006 tenetur
1746 1951 1902 2007 intus
1951 1953 2144 2024 imago

445 2040 592 2112 ejus,
625 2044 681 2094 et
710 2041 989 2110 quaeritur
1018 2041 1198 2095 donec
1223 2041 1496 2096 reddatur
1517 2040 1786 2111 aspectui.
1826 2041 1986 2106 Quod
2015 2057 2146 2095 cum

443 2128 741 2183 inventum
767 2129 958 2197 fuerit,
982 2145 1050 2183 ex
1067 2129 1318 2200 imagine
1347 2146 1476 2201 qua:
1506 2129 1659 2184 intus
1681 2135 1766 2184 est
1787 2129 2142 2201 recognosci-

444 2221 559 2272 tur.
595 2217 706 2271 Nec
731 2216 1012 2272 invenisse
1042 2235 1145 2272 nos
1175 2218 1416 2273 dicimus
1465 2218 1620 2290 quod
1652 2219 1918 2289 perierat,
1952 2217 1998 2272 si
2028 2235 2144 2272 non

445 2305 846 2376 agnoscimus;
880 2323 984 2361 nec
1013 2323 1321 2378 agnoscere
1365 2323 1686 2378 possumus,
1719 2306 1768 2361 si
1797 2323 1915 2361 non
1941 2306 2146 2361 memi-

448 2393 638 2448 nimus
671 2411 684 2449 :
717 2395 814 2449 sed
843 2395 950 2450 hoc
971 2396 1219 2466 perierat
1242 2395 1475 2466 quidem
1503 2396 1702 2464 oculis,
1753 2395 2036 2452 memoria
2067 2401 2148 2450 te-

447 2482 712 2538 nebatur.

1107 2555 1333 2610 CAPUT
1353 2556 1485 2610 XIX.

1009 2643 1158 2709 Quid
1190 2645 1264 2698 sit
1290 2645 1582 2698 reminisci.

513 2733 601 2786 28.
643 2729 792 2796 Quid
819 2747 948 2786 cum
1003 2731 1128 2802 ipsa
1181 2732 1462 2787 memoria
1498 2731 1687 2802 perdit
1724 2731 1964 2803 aliquid,
2002 2731 2146 2787 sicut

444 2822 511 2876 ﬁt
539 2836 672 2876 cum
721 2820 1133 2887 obliviscimur,
1181 2825 1238 2875 et
1281 2821 1594 2893 quaerimus
1645 2825 1712 2875 ut
1739 2821 2148 2876 recordemur"?

446 2909 551 2966 Ubi
580 2910 812 2964 tandem
841 2911 1152 2981 quaerimus
1184 2909 1294 2964 nisi
1320 2910 1382 2965 in
1437 2910 1564 2981 ipsa
1594 2911 1874 2964 memoria
1895 2909 1922 2964 ?
1974 2911 2038 2964 Et
2067 2910 2146 2964 ibi

439 2998 488 3052 si
515 2997 669 3052 aliud
715 3013 818 3069 pro
870 2997 981 3053 alio
1013 2999 1160 3053 forte
1215 2999 1508 3067 offeratur,
1569 2997 1912 3070 respuimus,
1967 2998 2146 3053 donec

440 3087 584 3141 illud
613 3091 876 3141 occurrat
907 3087 1062 3158 quod
1082 3088 1427 3159 quaerimus:
1462 3092 1518 3143 et
1544 3104 1676 3142 cum
1705 3087 1973 3158 occurrit,
2005 3087 2146 3142 dici-

443 3190 588 3240 mus,
626 3175 740 3229 Hoc
763 3179 887 3242 est;
924 3174 1079 3245 quod
1111 3192 1228 3230 non
1274 3176 1591 3231 diceremus
1642 3175 1753 3230 nisi
1807 3193 2145 3248 agnoscere-

441 3277 590 3325 mus,
618 3277 724 3315 nec
779 3277 1215 3331 agnosceremus
1272 3263 1382 3317 nisi
1439 3263 1919 3319 meminiscemus.
1980 3265 2144 3319 Certe

443 3365 580 3421 ergo
611 3349 772 3404 obliti
793 3349 1102 3406 fueramus.
1133 3353 1222 3406 An
1247 3350 1265 3384 ‘
1287 3369 1402 3406 non
1425 3358 1604 3408 totum
1625 3351 1927 3419 exciderat,
1959 3353 2056 3407 sed
2077 3369 2144 3406 ex

443 3443 606 3511 parte
637 3455 751 3510 qua
779 3439 1082 3493 tenebatur
1101 3456 1233 3511 pars
1263 3440 1374 3494 alia
1401 3442 1794 3513 quaerebatur;
1827 3440 1965 3513 quia
2009 3458 2145 3495 seu-

439 3527 616 3583 tiebat
641 3544 698 3582 se
728 3527 1005 3582 memoria
1035 3543 1151 3582 non
1183 3528 1351 3583 simul
1382 3529 1608 3584 volvere
1645 3529 1800 3600 quod
1832 3529 2002 3584 simul
2053 3547 2144 3584 so-

440 3617 612 3684 lebat,
672 3621 729 3670 et
757 3616 921 3687 quasi
960 3616 1295 3672 detruncata
1333 3618 1744 3673 consuetudine
1799 3619 2140 3685 claudicans,

440 3705 604 3762 reddi
631 3705 783 3776 quod
813 3706 1009 3760 deerat
1038 3707 1375 3778 ﬂagitabat?
1404 3709 1700 3779 Tanquam
1749 3708 1797 3763 si
1825 3708 2001 3762 homo
2034 3725 2142 3762 no-

443 3799 536 3849 tus
560 3793 676 3847 sive
706 3794 1090 3864 conspiciatur
1119 3796 1317 3860 oculis,
1353 3797 1466 3851 sive
1497 3797 1801 3867 cogitetur,
1833 3801 1890 3850 et
1929 3813 2139 3851 nomen

443 3883 565 3954 ejus
595 3881 760 3936 obliti
785 3882 1165 3952 requiramus,
1200 3883 1482 3954 quidquid
1512 3884 1666 3938 aliud
1697 3885 2003 3940 occurrerit
2026 3902 2142 3939 non

441 3967 840 4023 connectitur:
875 3968 1012 4039 quia
1064 3986 1178 4024 non
1227 3985 1358 4025 cum
1387 3971 1486 4025 illo
1543 3970 1779 4042 cogitari
1825 3972 2139 4039 consuevit,

439 4056 686 4128 ideoque
715 4055 1004 4128 respuitur
1034 4058 1214 4113 donec
1239 4057 1380 4113 illud
1408 4057 1577 4130 adsit,
1606 4058 1705 4114 ubi
1733 4058 1902 4113 simul
1951 4076 2142 4115 assue-

438 4146 587 4202 facta
635 4144 842 4200 notitia
897 4162 1015 4200 non
1061 4146 1422 4218 inaequaliter
1477 4147 1812 4219 acquiescat.
1869 4149 1935 4202 Et
1986 4149 2140 4204 unde

438 4235 615 4302 adest,
660 4234 772 4288 nisi
820 4250 888 4289 ex
932 4234 1057 4306 ipsa
1095 4235 1421 4290 memoria?
1460 4236 1603 4291 Nam
1661 4240 1715 4290 et
1759 4251 1888 4290 cum
1925 4236 1994 4290 ab
2027 4237 2139 4292 alio

431 4322 763 4380 commoniti
781 4323 1264 4394 recognoscimus,
1289 4323 1419 4380 inde
1441 4325 1622 4380 adest.
1648 4325 1774 4379 Non
1801 4324 1958 4380 enim
1971 4325 2137 4397 quasi

437 4422 650 4462 novum
677 4409 983 4478 credimus,
1025 4411 1122 4466 sed
1179 4412 1541 4468 recordantes
1597 4414 1983 4486 approbamus
2033 4413 2139 4468 hoc

434 4510 556 4550 esse
582 4497 737 4568 quod
767 4498 981 4555 dictum
1013 4504 1115 4555 est.
1151 4501 1208 4556 Si
1239 4505 1430 4556 autem
1470 4503 1699 4574 penitus
1746 4503 2042 4558 aboleatur
2073 4520 2138 4558 ex

436 4584 651 4654 animo,
674 4601 778 4640 nec
797 4587 1078 4644 admoniti
1098 4589 1540 4646 reminiscimur.
1568 4592 1762 4663 Neque
1778 4591 1932 4646 enim
1953 4592 2137 4646 omni-

435 4671 608 4726 modo
637 4673 822 4728 adhuc
853 4676 1015 4731 obliti
1045 4694 1261 4746 sumus,
1297 4679 1452 4752 quod
1481 4680 1567 4733 vel
1589 4679 1711 4750 jam
1747 4678 1771 4713 ³
1800 4681 2004 4735 oblitos
2033 4697 2137 4735 nos

437 4775 560 4816 esse
591 4761 977 4820 meminimus.
1003 4767 1116 4821 Hoc
1145 4784 1282 4838 ergo
1318 4785 1422 4822 nec
1451 4768 1729 4824 amissum
1754 4785 2010 4841 quaerere
2029 4786 2138 4841 po-

435 4847 698 4918 terimus,
733 4852 888 4921 quod
911 4854 1146 4909 omnino
1177 4855 1340 4911 obliti
1373 4857 1672 4912 fuerimus.

1103 4943 1330 5000 CAPUT
1363 4947 1468 5000 XX.

440 5029 507 5084 Ut
531 5027 923 5083 beatitudinem
968 5045 1143 5086 omnes
1173 5039 1453 5103 appetant,
1486 5039 1692 5105 oportet
1719 5050 1836 5089 eam
1863 5037 2128 5090 noverint.

501 5118 591 5172 29.
626 5115 926 5180 Quomodo
957 5134 1093 5190 ergo
1125 5124 1179 5174 te
1211 5137 1425 5192 quaero,
1461 5122 1703 5178 Domine
1723 5123 1751 5180 ‘I
1781 5124 1924 5179 Cum
1975 5124 2131 5180 enim

433 5210 488 5261 te
511 5206 694 5260 Deum
713 5220 908 5261 meum
930 5223 1148 5278 quaaro,
1179 5209 1354 5264 vitam
1382 5211 1608 5267 beatam
1631 5229 1847 5284 quaero.
1867 5211 2132 5276 Quaeram

432 5299 489 5350 te
541 5299 606 5348 ut
641 5293 791 5348 vivat
847 5295 1041 5350 anima
1071 5313 1218 5352 mea.
1283 5299 1431 5354 Vivit
1489 5301 1642 5356 enim
1689 5317 1894 5373 corpus
1936 5317 2130 5356 meum

433 5383 502 5439 de
534 5383 726 5439 anima
755 5401 903 5446 mea,
929 5391 984 5441 et
1006 5385 1143 5441 vivit
1199 5388 1389 5444 anima
1417 5405 1546 5444 mea
1599 5391 1668 5445 de
1726 5395 1801 5446 te.
1835 5391 2128 5456 Quomodo

495 5473 514 5541 ξ
537 5472 714 5541 Ιγῐιιει..ι
742 5471 1051 5541 fueramus;
1086 5486 1150 5524 ac
1175 5488 1338 5525 non...
1365 5477 1664 5541 ﬂagitabat.
1695 5478 1855 5539 Alias,
1885 5491 2031 5541 nam,
2055 5478 2124 5528 Μ.

491 5533 515 5569 ³
538 5533 600 5583 In
621 5534 678 5584 B.
699 5533 892 5599 legitur
905 5533 1047 5599 eam,
1078 5541 1339 5602 corrupte.
1365 5533 1444 5589 'M.

1635 257 1770 314 CON
1780 257 2180 314 FESSIONUM
2229 258 2282 313 S.
2345 256 2751 313 AUGUSTINI.
3783 269 3862 320 Ἶθῖ

2255 393 2395 449 ergo
2424 394 2618 450 quaero
2649 377 2827 434 vitam
2855 379 3080 434 beatam
3100 381 3128 436 ‘I
3155 379 3295 452 quia
3320 396 3433 436 non
3459 388 3538 438 est
3561 385 3691 442 mihi
3727 388 3865 444 donec

2255 467 2441 522 dicam
2471 483 2484 522 :
2519 468 2617 522 Sat
2645 473 2749 530 est,
2781 467 2896 522 illic
2923 467 3021 524 ubi
3047 473 3274 540 oportet
3315 475 3375 526 ut
3400 471 3570 527 dicam
3585 473 3609 526 ‘I
3635 479 3867 546 quomodo

2256 572 2382 611 eam
2411 572 2608 628 quaero
2628 558 2657 611 ?
2685 558 2882 612 Utrum
2906 573 3010 630 per
3038 558 3482 614 recordationem
3508 566 3748 634 tanquam
3775 581 3868 620 eam

2258 645 2467 700 oblitus
2499 646 2627 712 sim,
2661 645 3016 718 oblitumque
3062 663 3154 702 me
3193 663 3315 702 esse
3344 648 3519 704 adhuc
3567 655 3794 718 teneam;
3818 670 3868 707 an

2255 751 2359 806 per
2382 735 2704 806 appetitum
2736 735 2991 789 dim-:uli
3022 735 3395 808 incognitam,
3448 738 3557 793 sive
3585 755 3737 810 quam
3758 757 3870 796 nun-

2256 839 2431 895 quam
2461 823 2708 886 scierim,
2738 823 2854 878 sive
2878 841 3050 896 quam
3077 825 3156 879 sic
3182 825 3388 881 oblitus
3414 827 3605 882 fuerim
3626 833 3680 882 ut
3695 845 3774 882 me
3795 846 3871 885 nec

2258 910 2501 964 oblitum
2533 927 2654 965 esse
2683 911 3050 965 meminerim
3069 911 3096 962 ?
3152 912 3352 966 Nonne
3378 912 3497 983 ipsa
3523 918 3602 968 est
3625 915 3768 968 beata
3789 917 3873 970 vita

2257 1015 2428 1070 quam
2458 1015 2658 1072 omnes
2686 1000 2902 1068 volunt,
2936 1006 2993 1056 et
3022 1000 3259 1055 omnino
3305 1001 3403 1072 qui
3444 1003 3579 1056 nolit
3606 1019 3752 1057 nemo
3778 1007 3872 1058 est?

2259 1088 2364 1144 Ubi
2394 1092 2675 1143 noverunt
2712 1105 2855 1152 eam,
2904 1090 3055 1160 quod
3103 1089 3183 1143 sic
3202 1091 3403 1145 volunt
3442 1093 3605 1145 eam?
3644 1092 3736 1146 Ubi
3759 1093 3871 1146 vide-

2255 1182 2410 1242 runt,
2445 1181 2508 1231 ut
2526 1183 2785 1232 amarent
2809 1194 2936 1232 eam
2951 1180 2980 1232 ?
3010 1178 3293 1234 Nimirum
3312 1179 3578 1234 habemus
3600 1195 3713 1234 eam
3731 1182 3872 1234 nescio

2256 1266 2564 1337 quomodo.
2603 1269 2668 1321 Et
2721 1271 2804 1322 est
2830 1267 2976 1322 alius
3014 1268 3250 1338 quidam
3279 1267 3500 1336 modus,
3555 1285 3660 1339 quo
3687 1269 3872 1341 quisque

2257 1370 2386 1410 cum
2426 1355 2598 1410 habet
2627 1371 2776 1422 eam,
2833 1363 2972 1410 tunc
3018 1357 3220 1410 beatus
3276 1361 3402 1423 est;
3459 1362 3514 1412 et
3543 1363 3664 1412 sunt
3691 1358 3773 1428 qui
3803 1375 3872 1427 spe

2256 1445 2413 1499 beati
2460 1449 2610 1498 sunt.
2654 1444 2926 1499 Inferiore
2984 1445 3157 1500 modo
3199 1445 3293 1500 isti
3338 1445 3546 1500 habent
3583 1462 3714 1512 eam,
3743 1465 3871 1518 quam

2257 1532 2342 1586 illi
2374 1532 2474 1604 qui
2499 1533 2620 1602 jam
2653 1549 2712 1586 re
2741 1533 2864 1604 ipsa
2893 1533 3046 1588 beati
3084 1539 3256 1601 sunt;
3291 1534 3390 1588 sed
3444 1539 3624 1589 tamen
3671 1536 3873 1590 meliores

2257 1637 2432 1693 quam
2466 1621 2556 1675 illi
2585 1621 2686 1692 qui
2716 1638 2822 1676 nec
2849 1639 2910 1676 re
2936 1639 3040 1677 nec
3071 1638 3168 1693 spe
3199 1622 3354 1678 beati
3399 1628 3545 1678 sunt.
3603 1624 3697 1688 Qui
3731 1629 3873 1678 tamen

2258 1710 2433 1764 etiam
2463 1709 2573 1780 ipsi
2593 1709 2704 1765 nisi
2724 1711 2920 1782 aliquo
2951 1710 3120 1765 modo
3151 1710 3426 1765 haberent
3441 1726 3581 1774 eam,
3605 1725 3704 1766 non
3722 1711 3874 1765 itavel-

2259 1800 2378 1854 lent
2407 1799 2559 1854 beati
2585 1815 2728 1870 esse,
2747 1800 2902 1870 quod
2925 1815 3024 1854 eos
3051 1800 3195 1854 velle
3224 1799 3598 1854 certissimum
3618 1805 3708 1855 est.
3729 1800 3872 1854 Nescio

2258 1889 2547 1960 quomodo
2578 1894 2859 1944 noverunt
2875 1889 3282 1960 eam,ideoque
3312 1889 3518 1944 habent
3533 1905 3650 1944 eam
3669 1889 3718 1944 in
3734 1891 3873 1943 nescio

2257 1995 2370 2050 qua
2401 1977 2623 2042 notitia,
2643 1978 2712 2032 de
2741 1994 2854 2048 qua
2881 1983 3075 2048 satago
3089 1983 3284 2032 utrum
3317 1978 3375 2032 in
3405 1978 3667 2033 memoria
3680 1977 3874 2048 sitzqnia

2260 2067 2308 2121 si
2336 2066 2416 2121 ibi
2446 2071 2551 2128 est,
2567 2067 2688 2138 jam
2711 2066 2862 2121 beati
2880 2067 3095 2122 fuimus
3115 2067 3424 2138 aliquando
3449 2088 3465 2135 ;
3490 2073 3669 2122 utrum
3687 2066 3875 2137 singilla-

2258 2155 2363 2210 tim
2393 2172 2612 2219 omnes,
2647 2173 2718 2210 an
2747 2155 2806 2210 in
2834 2155 2932 2210 illo
2963 2155 3196 2210 homine
3226 2156 3328 2227 qui
3358 2156 3570 2227 primus
3598 2154 3872 2227 peccavit,in

2261 2259 2375 2314 quo
2408 2248 2464 2297 et
2512 2259 2714 2298 omnes
2763 2243 2981 2298 mortui
3005 2259 3222 2311 sumus,
3255 2248 3316 2298 et
3359 2243 3426 2298 de
3457 2259 3566 2314 quo
3592 2257 3763 2296 omnes
3783 2254 3873 2293 cum

2258 2331 2492 2387 miseria
2520 2331 2640 2386 nati
2667 2348 2886 2400 sumus,
2943 2348 3061 2386 non
3114 2347 3337 2402 quaero,
3388 2347 3571 2398 nunc;
3601 2330 3690 2385 sed
3730 2343 3872 2400 quem

2258 2425 2456 2476 utrum
2482 2420 2540 2475 in
2565 2421 2843 2476 memoria
2871 2420 2943 2477 sit
2959 2421 3124 2475 beata
3147 2420 3287 2478 vita.
3327 2423 3518 2493 Neque
3547 2420 3686 2475 enim
3711 2432 3873 2472 amare-

2258 2526 2386 2566 mus
2415 2525 2542 2564 eam
2570 2509 2683 2564 nisi
2715 2526 3031 2566 nossemus.
3059 2509 3342 2565 Audimus
3361 2526 3568 2566 nomen
3591 2509 3705 2573 hoc,
3728 2511 3775 2562 et
3789 2519 3874 2558 rem

2256 2599 2442 2670 ipsam
2473 2614 2672 2652 omnes
2703 2614 2814 2671 nos
2849 2604 3119 2670 appetere
3150 2599 3442 2667 fatemur;
3469 2614 3580 2653 non
3609 2595 3742 2652 enim
3779 2607 3875 2646 sono

2257 2688 2624 2743 delectamur.
2658 2689 2799 2742 Nam
2829 2688 2937 2742 hoc
2969 2703 3100 2743 cum
3132 2689 3308 2744 latine
3359 2689 3516 2744 audit
3544 2690 3758 2751 Graecus,
3797 2697 3875 2736 non

2258 2777 2591 2846 delectatur,
2620 2777 2755 2849 quia
2800 2776 3030 2848 ignorat
3078 2777 3221 2848 quid
3249 2778 3468 2834 dictum
3495 2779 3595 2845 sit;
3621 2792 3711 2831 nos
3734 2777 3876 2827 autem

2256 2864 2629 2932 delectamur,
2664 2865 2810 2920 sicut
2862 2865 3035 2920 etiam
3091 2867 3190 2920 ille
3243 2867 3296 2921 si
3330 2883 3510 2939 graece
3550 2867 3648 2922 hoc
3691 2859 3877 2918 audierit

2259 2953 2534 3023 quoniam
2556 2970 2644 3008 res
2667 2953 2792 3026 ipsa
2819 2970 2926 3008 nec
2951 2970 3136 3025 graeca
3165 2971 3271 3009 nec
3305 2955 3484 3010 latina
3527 2959 3622 3016 est,
3647 2951 3726 3006 cui
3749 2944 3877 3017 adipi-

2258 3042 2480 3096 scendae
2507 3042 2687 3097 Graeci
2721 3043 3020 3115 Latinique
3051 3043 3302 3110 inhiant,
3357 3049 3768 3112 caeterarumqne
3804 3036 3878 3090 lin-

2256 3146 2501 3202 guarum
2527 3131 2813 3189 homines.
2844 3133 2988 3187 Nota
3015 3137 3100 3188 est
3136 3132 3322 3204 igitur
3367 3133 3638 3197 omnibus,
3681 3127 3764 3200 qui
3797 3139 3878 3179 nm

2255 3235 2390 3275 voce
2429 3221 2476 3274 si
2505 3220 2851 3292 interrogari
2883 3227 3136 3293 possent,
3168 3227 3371 3278 utrum
3398 3222 3548 3278 beati
3573 3235 3682 3274 esse
3706 3216 3878 3278 vellent,

2256 3308 2379 3362 sine
2413 3308 2532 3363 ulla
2561 3309 2933 3377 dubitatione,
2986 3311 3131 3366 velle
3162 3313 3591 3382 responderent.
3623 3305 3756 3372 Quod
3795 3316 3876 3357 non

2255 3398 2441 3467 ﬁeret,
2480 3398 2592 3453 nisi
2622 3415 2712 3453 res
2739 3400 2865 3470 ipsa
2894 3400 3056 3472 cujus
3079 3401 3188 3456 hoc
3219 3418 3441 3458 nomen
3475 3405 3574 3467 est,
3603 3410 3774 3454 eorum
3793 3405 3878 3446 me-

2255 3487 2438 3542 moria
2466 3491 2776 3544 teneretur.

2895 3596 3124 3652 CAPUT
3172 3597 3314 3652 XXI.

2467 3691 2736 3762 Quomodo
2765 3695 3020 3747 memoria
3049 3693 3261 3748 beatam
3296 3697 3463 3748 vitam
3492 3692 3720 3747 continet.

2327 3791 2413 3844 30.
2439 3789 2731 3861 Numquid
2754 3790 2832 3845 ita
2855 3795 2921 3846 ut
2941 3791 3209 3846 meminit
3240 3791 3636 3862 Carthaginem
3659 3779 3877 3858 quividit?

2256 3878 2418 3932 Non:
2457 3879 2568 3933 vita
2594 3879 2747 3933 enim
2795 3879 2960 3934 beata
2991 3896 3110 3934 non
3155 3880 3382 3935 videtur
3439 3878 3609 3934 oculis
3647 3874 3759 3947 quia
3797 3881 3875 3922 non

2253 3971 2337 4019 est
2355 3982 2579 4038 corpus.
2606 3967 2893 4038 Numquid
2919 3967 3063 4022 sicut
3089 3968 3464 4024 meminimus
3476 3961 3755 4022 numeros?
3772 3958 3873 4014 Non:

2251 4053 2356 4108 hos
2387 4054 2542 4109 enim
2590 4055 2689 4126 qui
2743 4055 2916 4110 habet
2958 4057 3018 4110 in
3061 4056 3290 4125 notitia,
3352 4073 3471 4112 non
3517 4055 3687 4110 adhuc
3727 4042 3876 4119 quaerit

2251 4141 2492 4213 adipisci
2516 4159 2530 4211 ;
2562 4143 2738 4198 vitam
2767 4159 2899 4198 vero
2929 4145 3156 4200 beatam
3175 4144 3456 4201 habemus
3473 4144 3531 4200 in
3547 4139 3746 4200 notitia,
3768 4133 3876 4190 ideo-

2252 4245 2362 4300 que
2393 4247 2652 4286 amamus
2680 4249 2829 4301 eam,
2861 4237 2916 4287 et
2939 4237 3133 4288 tamen
3160 4234 3350 4289 adhuc
3378 4231 3607 4305 adipisci
3636 4242 3745 4284 eam
3761 4221 3875 4276 volu-

2251 4335 2378 4374 mus
2418 4326 2481 4375 ut
2507 4320 2660 4376 beati
2689 4321 2887 4377 simus.
2923 4323 3212 4395 Numquid
3242 4324 3391 4379 sicut
3418 4318 3755 4378 meminimus
3795 4310 3875 4365 elo.

2250 4408 2587 4479 quentiam?
2621 4410 2746 4464 Non
2782 4426 2795 4464 :
2830 4410 3091 4481 quamvis
3131 4411 3288 4466 enim
3318 4411 3428 4466 hoc
3481 4407 3698 4465 nomine
3730 4398 3876 4456 audito

2248 4497 2826 4569 recordenturipsam
2848 4515 2969 4552 rem
3000 4499 3100 4570 qui
3131 4499 3305 4554 etiam
3353 4499 3610 4554 nondum
3639 4496 3756 4548 sunt
3795 4486 3876 4540 elo-

2248 4591 2511 4655 quentes,
2548 4585 2830 4658 multique
2863 4603 2984 4642 esse
3033 4588 3288 4660 cupiant,
3345 4589 3498 4643 unde
3528 4585 3742 4658 apparet
3786 4588 3878 4630 eam

2249 4689 2371 4728 esse
2399 4674 2459 4728 in
2513 4690 2714 4729 eorum
2757 4675 2998 4744 notitia;
3037 4681 3230 4730 tamen
3283 4693 3387 4749 per
3442 4671 3682 4746 corporis
3729 4675 3878 4721 sensus

2248 4763 2390 4818 alios
2418 4765 2753 4835 eloquentes
2786 4765 3316 4821 animadverterunt
3345 4772 3402 4822 et
3427 4761 3676 4820 delectati
3700 4760 3810 4814 sunt
3841 4753 3880 4802 εί

2245 4852 2353 4906 hoc
2385 4869 2507 4908 esse
2537 4853 2862 4909 desiderant
2891 4856 3242 4927 (quanquam
3296 4841 3410 4925 nisi
3438 4871 3500 4908 ex
3541 4848 3782 4907 interiore
3802 4855 3876 4932 n0:

2245 4941 2371 4997 titia
2402 4941 2420 4974 ¹
2448 4958 2568 4997 non
2595 4943 3035 5011 delectarentur,
3069 4960 3258 5016 neque
3289 4944 3398 4998 hoc
3449 4957 3565 4996 esse
3590 4938 3773 4993 vellent
3795 4929 3876 4984 nisi

2245 5030 2662 5086 delectarentur
2688 5031 2708 5103 )
2733 5049 2746 5100 ;
2781 5033 3007 5088 beatam
3053 5049 3186 5087 vero
3225 5033 3402 5087 vitam
3433 5031 3585 5086 nullo
3613 5039 3761 5081 sensu
3784 5031 3875 5071 cor-

2243 5119 2400 5190 poris
2431 5119 2493 5174 in
2530 5119 2655 5174 aliis
2685 5121 3031 5192 experimur.
3072 5121 3363 5193 Numquid
3397 5121 3540 5176 sicut
3571 5107 3876 5172 meminimus

2241 5208 2566 5280 gaudium?
2599 5211 2854 5264 Fortasse
2894 5209 2993 5266 ita.
3026 5211 3168 5264 Nam
3194 5209 3468 5282 gaudium
3523 5218 3701 5260 meum
3744 5195 3874 5250 etiam

2239 5297 2417 5352 tristis
2447 5297 2708 5364 memini,
2739 5298 2883 5354 sicut
2901 5298 3078 5354 vitam
3108 5299 3331 5354 beatam
3363 5298 3570 5353 miser:
3605 5303 3767 5362 neque
3793 5296 3874 5336 ιιη⁶

2241 5402 2415 5457 quam
2435 5387 2686 5460 corporis
2717 5405 2885 5444 sensu
2917 5389 3191 5460 gaudium
3220 5402 3417 5443 meum
3446 5387 3527 5441 vel
3555 5382 3674 5447 vidi,
3705 5374 3777 5430 vel
3797 5385 3871 5424 au-

2304 5479 2319 5512 ι
2349 5478 2433 5526 Sic
2459 5477 2576 5526 Am.
2605 5477 2736 5529 Arn.
2774 5482 2826 5528 et
2847 5478 2969 5528 Mss.
2995 5493 3007 5540 ;
3030 5483 3084 5528 at
3099 5479 3186 5528 Er.
3216 5480 3268 5528 et
3296 5478 3368 5527 L0
3472 5474 3670 5529 habent,
3695 5470 3741 5518 in
3763 5462 3871 5515 ατη·

2239 5542 2386 5591 riora
2413 5540 2623 5590 notitia.
