4022 6176
148 286 264 337 ’793

146 405 292 475 divi,
336 406 425 459 vel
456 404 723 459 odoratus
767 420 913 471 sum,
945 404 1031 457 vel
1079 403 1323 474 gustavi,
1373 406 1461 459 vel
1510 403 1709 475 tetigi;
1753 403 1852 459 sed

146 498 421 565 expertus
451 510 579 547 sum
629 492 689 547 in
720 493 910 547 animo
941 509 1067 547 meo
1098 494 1328 564 quando
1352 494 1575 547 laetatus
1616 510 1763 557 sum,
1798 498 1856 547 et

148 582 396 637 adhaesit
438 582 560 651 ejus
598 580 802 635 notitia
842 580 1134 635 memorias
1166 598 1327 648 meae,
1364 586 1426 636 ut
1450 580 1511 635 id
1562 580 1855 635 reminisci

150 673 376 726 valeam
404 669 712 741 aliquando
742 684 871 722 cum
916 668 1337 738 aspernatione,
1367 668 1676 739 aliquando
1724 685 1856 723 cum

150 759 458 823 desiderio,
492 774 597 827 pro
626 773 824 811 earum
854 773 1048 811 rerum
1078 756 1401 811 diversitate
1430 757 1499 812 de
1529 757 1738 828 quibus
1760 773 1853 811 me

148 843 418 913 gavisam
473 857 592 894 esse
632 839 890 894 memini.
935 840 1078 893 Nam
1126 846 1181 894 et
1234 840 1303 894 de
1339 840 1600 911 turpibus
1638 840 1848 910 gaudio

145 931 405 1003 quodam
437 930 700 1000 perfusus
730 945 877 997 sum,
911 929 1067 999 quod
1090 944 1242 982 nunc
1272 928 1578 983 recordans
1599 929 1849 983 detestor

145 1026 328 1091 atque
355 1034 648 1084 exsecror;
674 1016 979 1087 aliquando
1006 1016 1073 1071 de
1104 1016 1266 1071 bonis
1297 1023 1353 1071 et
1390 1017 1665 1083 honestis,
1700 1017 1856 1088 quod

145 1108 484 1163 desiderans
530 1107 738 1166 recolo,
768 1104 991 1159 tametsi
1019 1105 1161 1159 forte
1205 1122 1323 1161 non
1362 1106 1589 1173 adsunt,
1626 1111 1683 1161 et
1727 1107 1854 1161 ideo

146 1197 336 1251 tristis
362 1195 636 1266 gaudium
668 1194 979 1265 pristinum
1008 1196 1217 1249 recolo.

224 1292 311 1341 3t.
362 1286 461 1341 Ubi
501 1301 637 1355 ergo
669 1289 724 1338 et
748 1284 977 1355 quando
1009 1290 1274 1354 expertus
1316 1301 1443 1339 sum
1468 1285 1640 1339 vitam
1670 1301 1856 1339 meam

144 1376 383 1430 beatam
415 1378 476 1428 ut
498 1373 761 1428 recorder
790 1388 937 1439 eam,
962 1378 1019 1426 et
1048 1390 1237 1427 amem
1268 1378 1324 1427 et
1353 1372 1709 1427 desiderem?
1744 1374 1852 1426 Nec

145 1481 263 1535 ego
293 1470 536 1528 tantum,
572 1468 670 1516 aut
686 1478 815 1516 cum
845 1462 1059 1532 paucis,
1093 1463 1189 1517 sed
1216 1462 1368 1516 beati
1396 1478 1626 1532 prorsus
1658 1479 1856 1516 omnes

142 1570 273 1607 esse
302 1553 583 1607 volumus.
616 1551 775 1615 Quod
804 1551 916 1604 nisi
946 1556 1097 1604 certa
1137 1551 1338 1604 notitia
1368 1566 1686 1617 nossemus,
1740 1568 1853 1605 non

144 1648 274 1697 tam
302 1646 453 1695 certa
481 1641 767 1694 voluntate
796 1640 1088 1693 vellemus.
1126 1640 1235 1693 Sed
1265 1638 1401 1710 quid
1434 1644 1519 1693 est
1565 1640 1670 1693 hoc
1700 1640 1855 1710 quod

148 1731 201 1784 si
256 1738 547 1802 quaeratur
576 1746 609 1783 a
638 1728 881 1794 duobus,
930 1733 1124 1781 utrum
1182 1726 1432 1781 militare
1480 1727 1676 1794 velint,
1733 1727 1860 1781 ﬁeri

149 1824 350 1890 posset
380 1821 397 1855 ¹
436 1824 501 1873 ut
529 1818 672 1872 alter
721 1833 921 1871 eorum
963 1817 1105 1870 velle
1136 1833 1217 1882 se,
1251 1816 1394 1870 alter
1436 1817 1589 1870 nolle
1621 1832 1858 1887 respon-

150 1907 316 1959 deat:
362 1904 407 1958 si
460 1910 653 1959 autem
703 1903 771 1957 ab
828 1902 909 1956 eis
954 1907 1264 1973 quaeratur,
1300 1906 1496 1956 utrum
1552 1902 1704 1956 beati
1738 1918 1858 1955 esse

145 1994 352 2061 velint,
385 1993 508 2049 tieri
528 1992 707 2064 possit
737 1996 798 2046 ut
826 1994 847 2025 ²
875 1995 1119 2061 uterque
1150 1990 1342 2045 statim
1372 2007 1429 2045 se
1458 1990 1581 2043 sine
1614 1992 1729 2043 ulla
1753 1991 1853 2044 du-

148 2082 433 2136 bitatione
463 2080 611 2135 dicat
636 2084 862 2150 optare;
890 2096 993 2133 nec
1020 2079 1090 2133 ob
1111 2078 1268 2132 aliud
1290 2078 1427 2132 velit
1458 2078 1552 2132 ille
1579 2078 1852 2145 militare,

148 2186 263 2225 nec
287 2172 357 2225 ob
388 2170 541 2224 aliud
571 2169 677 2223 iste
707 2168 867 2234 nolit,
897 2168 1007 2221 nisi
1041 2173 1102 2221 ut
1134 2167 1284 2221 beati
1305 2167 1455 2232 sint?
1488 2168 1627 2221 Nam
1659 2172 1678 2203 ³
1709 2168 1855 2222 forte

146 2261 428 2331 quoniam
458 2258 603 2313 alius
632 2258 783 2325 hinc,
816 2256 960 2311 alius
987 2256 1121 2311 inde
1168 2256 1409 2325 gaudet;
1441 2255 1520 2309 ita
1548 2272 1608 2310 se
1657 2271 1857 2310 omnes

145 2349 353 2404 beatos
383 2364 503 2404 esse
530 2347 675 2402 velle
707 2350 1041 2411 consonant,
1074 2344 1567 2416 quemadmodum
1588 2360 1860 2399 consona-

147 2444 307 2507 rent,
337 2437 383 2492 si
413 2437 520 2492 hoc
547 2436 1060 2505 interrogarentur,
1105 2450 1163 2488 se
1194 2434 1337 2487 velle
1367 2434 1635 2503 gaudere,
1685 2438 1856 2504 atque

147 2530 342 2600 ipsum
367 2526 643 2597 gaudium
664 2524 836 2578 vitam
866 2524 1095 2577 beatam
1121 2525 1343 2576 vocant.
1374 2522 1537 2586 Quod
1558 2520 1666 2576 etsi
1714 2521 1858 2575 alius

151 2617 311 2677 hinc,
344 2614 488 2669 alius
505 2613 665 2668 illinc
680 2611 1023 2683 assequitur,
1049 2626 1231 2665 unum
1261 2614 1348 2665 est
1366 2615 1563 2664 tamen
1584 2626 1698 2681 quo
1729 2626 1857 2681 per-

146 2705 348 2761 venire
377 2718 575 2758 omnes
594 2701 855 2756 nituntur
883 2705 948 2754 ut
967 2700 1273 2771 gaudeant.
1301 2700 1438 2764 Quae
1471 2698 1751 2770 quoniam
1771 2714 1859 2752 res

152 2799 245 2849 est
272 2808 448 2864 quam
477 2808 536 2847 se
562 2795 859 2861 expertum
893 2805 1009 2843 non
1036 2805 1158 2844 esse
1202 2804 1373 2842 nemo
1408 2792 1599 2859 potest
1649 2787 1856 2854 dicere,

150 2887 460 2954 propterea
480 2886 707 2951 reperta
745 2879 805 2932 in
836 2877 1117 2932 memoria
1147 2876 1596 2947 recognoscitur,
1628 2876 1860 2947 quando

151 2974 340 3027 beata:
369 2969 502 3024 vitae
526 2983 741 3023 nomen
769 2966 1018 3021 auditur.

800 3057 1023 3112 CAPUT
1060 3055 1219 3111 XXII.

662 3148 831 3200 Beata
857 3146 974 3198 vita
1004 3158 1142 3212 qua,
1167 3146 1217 3197 et
1248 3142 1359 3196 ubi.

229 3241 317 3294 32.
348 3235 530 3299 Absit,
564 3233 823 3300 Domine,
856 3232 1004 3288 absit
1031 3249 1065 3287 a
1093 3231 1260 3286 corde
1290 3228 1437 3286 servi
1452 3229 1561 3299 tui,
1582 3227 1684 3301 qui
1725 3243 1860 3283 con-

154 3328 353 3382 ﬁtetur
394 3323 531 3391 tibi;
583 3322 728 3377 absit
773 3326 838 3376 ut
882 3335 1245 3392 quocumque
1284 3318 1492 3390 gaudio
1555 3317 1855 3389 gaudeam,

150 3416 389 3470 beatum
408 3428 501 3467 me
521 3416 742 3482 putem.
766 3411 858 3465 Est
886 3408 1044 3463 enim
1064 3408 1342 3479 gaudium
1367 3406 1660 3479 quodnon
1686 3406 1854 3459 datur

151 3502 351 3573 impiis
383 3503 531 3571 (Isai.
566 3516 756 3566 XLVIII,
787 3497 906 3569 22),
938 3497 1039 3551 sed
1067 3496 1149 3552 eis
1190 3496 1291 3568 qui
1312 3500 1366 3551 te
1414 3494 1591 3565 gratis
1640 3494 1858 3563 colunt,

153 3606 404 3664 quorum
434 3589 710 3661 gaudium
749 3592 814 3642 tu
860 3587 983 3657 ipse
1032 3602 1111 3641 es.
1157 3586 1221 3640 Et
1268 3585 1390 3655 ipsa
1434 3586 1491 3639 et
1534 3583 1700 3637 beata
1744 3582 1861 3637 vita

153 3679 407 3751 gaudere
441 3678 511 3733 ad
541 3682 615 3743 te,
645 3676 715 3731 de
740 3680 815 3743 te,
853 3678 1086 3746 propter
1110 3677 1202 3739 te;
1243 3672 1370 3743 ipsa
1398 3676 1500 3737 est,
1553 3674 1610 3724 et
1633 3686 1749 3725 non
1776 3673 1861 3724 est

155 3770 356 3823 altera.
409 3765 517 3831 Qui
545 3770 738 3820 autem
785 3763 957 3818 aliam
982 3764 1189 3833 putant
1214 3754 1357 3827 esse,
1389 3758 1547 3815 aliud
1574 3761 1861 3813 sectantur

155 3855 456 3928 gaudium,
486 3870 673 3925 neque
704 3853 894 3924 ipsum
921 3866 1142 3907 verum.
1170 3850 1254 3905 Ab
1286 3849 1477 3920 aliqua
1492 3853 1688 3903 tamen
1706 3846 1857 3902 ima-

158 3944 290 4017 gine
320 3942 516 4016 gaudii
544 3943 808 3998 voluntas
836 3955 1040 3995 eorum
1071 3955 1183 3993 non
1216 3938 1509 3993 avertitur.

786 4038 1016 4093 CAPUT
1044 4036 1230 4090 XXIII.

337 4121 470 4174 Item
495 4119 843 4189 prosequitur
876 4132 995 4185 quas
1020 4117 1093 4170 sit
1125 4115 1282 4169 beata
1305 4115 1441 4181 vita,
1474 4117 1524 4167 et
1554 4112 1672 4167 ubi.

232 4212 323 4264 33.
357 4209 481 4262 Non
525 4221 660 4276 ergo
690 4209 906 4259 certum
958 4207 1044 4257 est
1092 4202 1249 4273 quod
1290 4216 1489 4255 omnes
1533 4215 1653 4255 esse
1702 4199 1858 4254 beati

151 4297 377 4362 volunt,
411 4295 685 4367 quoniam
715 4292 814 4364 qui
841 4308 960 4346 non
989 4292 1058 4345 de
1107 4294 1161 4344 te
1187 4289 1436 4359 gaudere
1481 4288 1684 4342 volunt
1730 4303 1858 4357 quas

152 4386 279 4441 sola
304 4384 422 4438 vita
451 4384 616 4437 beata
647 4386 751 4447 est,
786 4396 900 4434 non
928 4379 1127 4451 utique
1157 4378 1335 4431 vitam
1378 4376 1609 4430 beatam
1638 4374 1853 4428 volunt.

147 4479 241 4529 An
272 4487 476 4527 omnes
503 4471 609 4525 hoc
633 4470 868 4524 volunt?
898 4469 1007 4523 Sed
1046 4465 1323 4538 quoniam
1352 4481 1481 4519 caro
1510 4463 1857 4534 concupiscit

149 4564 424 4619 adversus
474 4560 760 4633 spiritum,
804 4563 861 4613 et
907 4557 1140 4628 spiritus
1186 4555 1456 4611 adversus
1503 4568 1737 4608 carnem
1793 4556 1857 4606 ut

150 4667 273 4707 non
305 4650 514 4705 faciant
556 4649 711 4720 quod
739 4648 938 4701 volunt
983 4644 1187 4714 (Galat.
1222 4661 1269 4707 ν,
1310 4644 1412 4710 l7),
1442 4642 1652 4698 cadunt
1693 4641 1756 4696 in
1795 4640 1857 4696 id

150 4740 313 4813 quod
338 4739 547 4803 valent,
568 4752 751 4807 eoque
772 4734 1023 4789 contenti
1050 4737 1211 4801 sunt;
1246 4731 1382 4804 quia
1400 4731 1542 4786 illud
1564 4730 1717 4802 quod
1739 4746 1859 4785 non

150 4829 367 4893 valent,
396 4843 512 4882 non
527 4830 751 4881 tantum
770 4826 987 4889 volunt,
1013 4828 1294 4895 quantum
1318 4825 1404 4876 sat
1422 4825 1506 4875 est
1524 4825 1589 4875 ut
1609 4822 1836 4875 valeant

154 4924 306 4979 Nam
345 4936 541 4991 quaero
590 4918 659 4973 ab
698 4917 965 4973 omnibus
1016 4921 1215 4971 utrum
1259 4914 1463 4967 malint
1504 4914 1573 4968 de
1618 4913 1857 4968 veritate

151 5026 336 5083 quam
360 5010 429 5065 de
469 5008 712 5064 falsitate
743 5006 1021 5078 gaudere:
1070 5009 1190 5059 tam
1220 5019 1336 5057 non
1379 5002 1643 5056 dubitant
1670 5002 1858 5056 dicere

147 5101 223 5156 de
246 5098 483 5154 veritate
513 5114 573 5152 se
590 5097 780 5163 malle,
802 5110 975 5167 quam
1008 5108 1125 5147 non
1155 5090 1421 5147 dubitant
1448 5090 1634 5145 dicere
1662 5089 1858 5143 beatos

148 5205 278 5245 esse
335 5205 393 5242 se
450 5186 610 5241 velle.
668 5186 841 5239 Beata
891 5182 1107 5254 quippe
1178 5180 1293 5234 vita
1348 5183 1433 5232 est
1451 5177 1730 5248 gaudium
1786 5178 1858 5232 de

148 5277 412 5333 veritate.
464 5277 577 5331 Hoc
605 5279 690 5329 est
732 5272 888 5327 enim
917 5269 1191 5339 gaudium
1238 5269 1306 5323 de
1338 5272 1394 5321 te
1422 5262 1759 5337 qui'veritas
1799 5282 1859 5319 es

218 5370 232 5402 ι
271 5365 470 5415 Somm.
500 5365 648 5412 Mart.
682 5362 817 5412 Flor.
850 5364 902 5409 et
926 5357 1093 5408 Rond.
1121 5358 1311 5419 legunt
1334 5352 1451 5419 ﬁeri
1472 5356 1647 5419 possit.
1678 5354 1746 5403 M.

215 5430 236 5464 ²
258 5411 541 5489 ἐπί-[ᾆδεξᾶ
565 5411 700 5475 Dub.
730 5424 879 5472 Mart.
906 5419 1074 5471 Rond.
1104 5411 1225 5469 cum
1250 5422 1299 5467 lt
1330 5411 1453 5467 Mss.
1472 5411 1731 5466 omittunt
1746 5411 1859 5479 ﬁeri

144 5495 316 5555 possit
348 5495 425 5555 ut.
461 5490 533 5555 M_.

215 5556 236 5588 ³
267 5552 351 5601 Er.
384 5549 549 5614 Lugd.
577 5548 712 5598 Dub.
740 5548 889 5598 Mart.
921 5544 1095 5597 Rond.
1126 5557 1248 5595 cum
1278 5546 1331 5594 tt
1368 5543 1514 5601 Mss"
1540 5552 1686 5591 num.
1706 5540 1777 5590 Μ.

1610 283 1827 338 LIBER
1883 278 2218 337 DECIMUS.

3566 280 3671 337 794

1965 402 2143 474 (Joan.
2198 418 2308 466 xw,
2361 402 2434 467 6),
2485 402 2632 454 Deus
2676 397 3024 454 illuminatio
3075 414 3231 464 mea,
3304 398 3455 452 salus
3502 398 3667 454 faciei

1965 507 2106 545 mea:
2146 492 2307 562 (Psat.
2340 506 2491 557 xxvr,
2527 489 2603 558 l),
2630 490 2777 543 Deus
2817 502 3003 542 meus.
3037 487 3191 541 Hanc
3218 486 3395 540 vitam
3443 487 3667 541 beatam

1963 597 2165 635 omnes
2191 580 2409 645 volunt,
2439 580 2586 633 hanc
2613 577 2790 632 vitam
2822 593 2952 647 quae
2984 576 3106 629 sola
3135 576 3300 629 beata
3337 579 3420 628 est
3472 591 3670 629 omnes

1958 670 2176 734 volunt,
2230 667 2505 739 gaudium
2558 666 2627 721 de
2666 665 2902 719 veritate
2954 681 3156 719 omnes
3203 665 3418 718 volunt.
3464 665 3668 718 Multos

1962 763 2230 827 expertus
2261 773 2389 810 sum
2414 756 2515 827 qui
2542 755 2753 809 vellent
2782 754 3015 820 fallere;
3047 752 3147 823 qui
3169 757 3361 805 autem
3389 752 3530 818 falli,
3562 769 3662 805 ne-

1960 846 2195 900 minem.
2231 845 2332 899 Ubi
2361 861 2497 914 ergo
2530 848 2810 898 noverunt
2846 843 2993 896 hanc
3032 841 3206 894 vitam
3249 840 3495 907 beatam,
3550 840 3665 895 nisi

1960 935 2059 988 ubi
2090 939 2370 987 noverunt
2400 933 2572 987 etiam
2590 931 2925 986 veritatem?
2955 934 3163 985 Amant
3192 929 3346 983 enim
3376 934 3431 983 et
3455 930 3663 999 ipsam,

1963 1022 2097 1093 quia
2129 1022 2246 1076 falli
2278 1022 2501 1076 nolunt.
2539 1023 2614 1087 ,Εἰ
2644 1036 2774 1074 cum
2802 1023 2997 1073 amant
3025 1020 3251 1074 beatam
3299 1017 3476 1071 vitam
3511 1019 3669 1087 quod

1962 1127 2081 1164 non
2109 1115 2193 1164 est
2207 1110 2360 1164 aliud
2386 1125 2560 1179 quam
2584 1110 2652 1163 de
2682 1108 2915 1163 veritate
2935 1107 3230 1177 gaudium,
3252 1106 3450 1176 utique
3473 1110 3669 1159 amant

1964 1199 2136 1253 etiam
2167 1198 2486 1265 veritatem,
2521 1213 2622 1251 nec
2651 1202 2911 1251 amarent
2940 1196 3049 1249 nisi
3079 1200 3227 1250 esset
3249 1195 3439 1265 aliqua
3462 1193 3671 1248 notitia
3772 1210 3787 1218 ·

1964 1289 2087 1358 ejus
2118 1289 2177 1341 in
2211 1287 2486 1341 memoria
2509 1302 2726 1340 eorum.
2755 1280 2865 1339 Cur
2886 1301 3021 1354 ergo
3040 1301 3154 1337 non
3177 1284 3245 1338 de
3264 1283 3359 1337 illa
3381 1283 3671 1353 gaudent?

1964 1394 2066 1432 cur
2094 1394 2211 1430 non
2232 1375 2383 1430 beati
2415 1376 2585 1429 sunt?
2626 1374 2767 1438 Quia
2798 1374 3004 1427 fortius
3036 1378 3387 1443 occupantur
3432 1371 3491 1424 in
3544 1369 3671 1425 aliis

1964 1483 2092 1537 quae
2129 1465 2318 1535 potius
2364 1481 2458 1517 eos
2506 1463 2721 1516 faciunt
2767 1462 3023 1527 miseros,
3068 1477 3243 1530 quam
3292 1460 3433 1513 illud
3474 1461 3670 1513 beatos

1965 1556 2120 1625 quod
2166 1553 2418 1607 tenuiter
2468 1552 2875 1606 meminerunt.
2929 1550 3129 1603 Adhuc
3179 1549 3328 1602 enim
3379 1546 3673 1601 modicum

1966 1643 2162 1697 lumen
2186 1647 2271 1695 est
2300 1642 2360 1694 in
2390 1640 2754 1701 hominibus;
2789 1638 3102 1705 ambulent,
3138 1637 3454 1697 ambulent,
3476 1651 3548 1688 ne
3579 1649 3673 1688 eos

1965 1732 2219 1787 tenebrae
2259 1729 2753 1801 comprehendant
2785 1730 2957 1797 (Joan.
2989 1744 3087 1793 xu,
3122 1728 3233 1796 35).

2040 1822 2125 1874 34.
2163 1821 2275 1873 Cur
2304 1824 2495 1872 autem
2527 1817 2733 1870 veritas
2762 1816 2915 1886 parit
2945 1816 3163 1884 odium,
3213 1817 3269 1868 et
3296 1812 3563 1867 inimicus
3594 1810 3673 1865 eis

1964 1909 2146 1963 factus
2173 1912 2257 1961 est
2286 1909 2460 1961 homo
2490 1911 2624 1960 tuus
2654 1921 2854 1961 verum
2880 1904 3223 1975 praedicans,
3254 1918 3385 1956 cum
3439 1904 3668 1954 ametur

1966 1997 2133 2051 beata
2164 1996 2298 2066 vita,
2319 2012 2448 2067 quae
2474 2012 2589 2049 non
2620 2000 2704 2049 est.
2734 1994 2842 2049 nisi
2872 1993 3150 2064 gaudium
3167 1992 3235 2045 de
3256 1989 3530 2043 veritate:
3560 1988 3673 2042 nisi

1970 2085 2107 2157 quia
2137 2085 2216 2139 sic
2247 2091 2474 2139 amatur
2516 2084 2743 2150 veritas,
2776 2089 2835 2138 ut
2864 2083 3212 2154 quicumque
3259 2078 3417 2133 aliud
3457 2080 3673 2142 amant,

1967 2176 2075 2229 hoc
2117 2176 2271 2246 quod
2321 2190 2490 2227 aman
2541 2173 2716 2227 velint
2745 2188 2863 2226 esse
2895 2170 3231 2235 veritatem;
3268 2174 3323 2222 et
3368 2166 3504 2237 quia
3551 2164 3674 2220 falli

1967 2263 2192 2328 nolunt,
2248 2264 2455 2316 nolunt
2489 2260 2749 2315 convinci
2779 2260 2933 2330 quod
2961 2257 3089 2312 falsi
3116 2256 3263 2311 sint?
3292 2256 3488 2326 Itaque
3533 2270 3674 2324 pro-

1967 2356 2095 2422 pter
2123 2368 2251 2406 eam
2288 2367 2410 2405 rem
2444 2350 2690 2404 oderunt
2727 2349 3043 2410 veritatem,
3080 2361 3253 2416 quam
3283 2360 3388 2415 pro
3438 2343 3676 2399 veritate

1966 2446 2177 2494 amant.
2228 2442 2439 2495 Amant
2488 2454 2613 2491 eam
2652 2438 2959 2502 lucentem,
3006 2436 3252 2490 oderunt
3305 2449 3432 2487 eam
3480 2432 3674 2487 redar-

1968 2536 2260 2600 guentem.
2310 2528 2454 2593 Quia
2502 2528 2653 2583 enim
2690 2527 2811 2581 falli
2858 2526 3064 2580 nolunt
3113 2528 3169 2579 et
3224 2524 3420 2577 fallere
3450 2522 3673 2591 volunt,

1968 2623 2167 2674 amant
2187 2634 2315 2673 eam
2349 2633 2477 2671 cum
2505 2633 2564 2671 se
2594 2617 2719 2686 ipsa
2749 2615 2983 2682 indicat,
3019 2618 3073 2668 et
3103 2614 3346 2668 oderunt
3372 2628 3500 2666 eam
3545 2626 3677 2665 cum

1969 2725 2064 2763 eos
2093 2709 2246 2777 ipsos
2275 2706 2488 2761 indicat
2520 2707 2559 2760 ί.
2592 2705 2731 2759 Inde
2756 2704 3037 2758 retribuet
3067 2702 3170 2767 eis,
3202 2706 3267 2755 ut
3297 2699 3398 2771 qui
3421 2716 3480 2754 se
3508 2700 3578 2754 ab
3605 2715 3674 2753 ea

1969 2795 2324 2850 manifestari
2364 2795 2592 2862 nolunt,
2623 2798 2679 2847 et
2709 2809 2805 2847 eos
2836 2792 3094 2846 nolentes
3126 2788 3469 2853 manifestet,
3512 2792 3571 2841 et
3591 2785 3674 2840 eis

1968 2884 2091 2955 ipsa
2120 2900 2235 2937 non
2258 2883 2329 2936 sit
2360 2881 2681 2945 manifesta,
2710 2879 2801 2935 Sic
2831 2880 2909 2933 sic
2935 2878 3127 2942 etiam,
3181 2877 3261 2930 sic
3291 2874 3516 2930 animus
3555 2875 3671 2929 hu-

1969 2988 2194 3038 manus,
2230 2971 2403 3025 etiam
2453 2970 2531 3023 sic
2560 2985 2743 3023 caecus
2788 2972 2845 3022 et
2892 2965 3219 3037 languidus,
3268 2963 3452 3034 turpis
3501 2967 3673 3033 atque

1966 3062 2238 3116 indecens
2267 3061 2441 3114 latere
2467 3060 2621 3127 vult;
2657 3076 2715 3114 se
2757 3063 2949 3113 autem
2979 3062 3045 3111 ut
3092 3058 3263 3110 lateat
3285 3052 3503 3125 aliquid
3548 3066 3672 3106 non

1968 3151 2106 3205 vult.
2136 3150 2346 3205 Contra
2384 3148 2470 3203 illi
2492 3148 2755 3203 redditur
2785 3154 2846 3202 ut
2868 3148 2987 3217 ipse
3008 3162 3123 3200 non
3152 3146 3328 3200 lateat
3346 3142 3667 3208 veritatem,

1967 3238 2159 3310 ipsum
2191 3242 2379 3292 autem
2411 3237 2617 3292 veritas
2638 3238 2828 3292 lateat.
2862 3237 3076 3290 Tamen
3107 3231 3277 3287 etiam
3310 3230 3388 3284 sic
3408 3228 3546 3283 dum
3571 3226 3676 3280 mi-

1968 3344 2059 3381 ser
2088 3331 2192 3396 est,
2223 3326 2367 3379 veris
2390 3327 2603 3381 mavult
2624 3326 2873 3397 gaudere
2901 3339 3075 3396 quam
3096 3321 3271 3376 falsis.
3306 3321 3507 3375 Beatus
3530 3332 3667 3388 ergo

1969 3414 2097 3483 erit,
2131 3414 2179 3468 si
2207 3414 2364 3468 nulla
2392 3414 2793 3485 interpellante
2820 3411 3099 3477 molestia,
3131 3411 3198 3465 de
3219 3410 3344 3479 ipsa
3374 3422 3479 3478 per
3499 3420 3673 3477 quam

1967 3520 2099 3559 vera
2131 3507 2272 3557 sunt
2304 3503 2518 3570 omnia,
2551 3503 2673 3557 sola
2701 3502 2938 3556 veritate
2970 3498 3258 3571 gaudebit.

2605 3598 2831 3653 CAPUT
2861 3596 3044 3651 XXIV.

2040 3680 2364 3736 Gratulatur
2385 3677 2529 3746 quod
2548 3693 2649 3732 sua
2670 3679 2727 3730 in
2747 3676 3003 3731 memoria
3028 3678 3164 3729 Deus
3185 3674 3357 3727 locum
3385 3670 3599 3725 habeat.

2037 3772 2122 3823 35.
2160 3770 2296 3822 Ecce
2348 3772 2629 3837 quantum
2663 3765 2938 3837 spatiatus
2976 3778 3103 3817 sum
3130 3761 3192 3817 in
3222 3758 3499 3814 memoria
3515 3774 3664 3825 mea,

1968 3872 2231 3927 quasrens
2280 3861 2357 3922 te,
2401 3855 2663 3918 Domine,
2710 3858 2768 3909 et
2821 3870 2935 3907 non
2974 3856 3031 3906 te
3080 3849 3272 3906 inveni
3313 3853 3473 3903 extra
3523 3864 3670 3901 eam.

1969 3946 2163 4016 Neque
2196 3944 2354 3998 enim
2384 3942 2605 4014 aliquid
2638 3943 2709 3997 de
2741 3946 2794 3996 te
2820 3938 3014 3995 inv'eni
3045 3939 3197 4011 quod
3228 3954 3343 3993 non
3378 3936 3675 3990 meminis-

1968 4050 2088 4088 sem
2119 4050 2186 4087 ex
2218 4050 2333 4105 quo
2368 4032 2540 4087 didici
2570 4036 2643 4086 te.
2675 4033 2816 4087 Nam
2839 4046 2902 4085 ex
2934 4046 3047 4101 quo
3080 4028 3249 4083 didici
3284 4032 3360 4092 te,
3401 4042 3518 4079 non
3548 4041 3675 4078 sum

1969 4122 2184 4177 oblitus
2236 4121 2344 4177 tui.
2398 4122 2503 4177 Ubi
2554 4121 2709 4175 enim
2767 4119 2963 4175 inveni
3003 4118 3319 4181 veritatem,
3343 4113 3423 4168 ibi
3486 4112 3678 4166 inveni

1968 4211 2149 4264 Deum
2176 4226 2371 4265 meum
2402 4210 2584 4281 ipsam
2616 4209 2935 4274 veritatem,
2971 4222 3167 4279 quam,
3202 4220 3269 4256 ex
3309 4218 3423 4273 quo
3473 4197 3664 4263 didici,

1968 4315 2084 4353 non
2124 4315 2251 4352 sum
2282 4298 2509 4353 oblitus.
2545 4300 2741 4369 Itaque
2773 4314 2840 4351 ex
2885 4313 2999 4369 quo
3030 4293 3199 4349 didici
3242 4296 3317 4356 te,
3367 4303 3567 4342 manes
3613 4286 3677 4339 in

1966 4387 2246 4441 memoria
2276 4402 2423 4453 mea,
2456 4391 2513 4440 et
2536 4386 2671 4449 ,illic
2698 4390 2752 4439 te
2775 4383 3027 4449 invenio,
3059 4397 3189 4436 cum
3233 4375 3569 4433 reminiscor
3587 4374 3673 4428 tui

1965 4480 2021 4530 et
2058 4476 2307 4529 delector
2336 4476 2394 4529 in
2426 4481 2499 4529 te.
2539 4477 2635 4530 Hae
2666 4479 2797 4530 sunt
2842 4477 3049 4528 sanctae
3074 4468 3293 4525 deliciae
3315 4482 3479 4533 meae,
3525 4480 3670 4535 quas

1967 4564 2189 4618 donasti
2215 4564 2359 4619 mihi
2382 4562 2773 4619 misericordia
2802 4568 2898 4617 tua
2936 4558 3245 4630 respiciens
3272 4557 3673 4627 paupertatem

1967 4669 2175 4707 meam.

2623 4740 2848 4796 CAPUT
2872 4737 3023 4792 XXV.

2216 4832 2279 4885 In
2310 4846 2415 4901 quo
2444 4832 2708 4885 memoriae
2727 4827 2906 4895 gradu
2928 4826 3241 4894 reperiatur
3265 4825 3423 4877 Deus.

2038 4923 2124 4976 36.
2158 4919 2267 4975 Sed
2310 4920 2406 4975 ubi
2458 4934 2651 4973 manes
2683 4917 2743 4971 in
2774 4914 3052 4971 memoria
3084 4929 3231 4981 mea,
3270 4911 3530 4974 Domine,
3572 4910 3670 4964 ubi

1967 5007 2087 5063 illic
2118 5008 2355 5063 manes?
2384 5008 2558 5071 Quale
2592 5006 2779 5060 cubile
2815 5003 3108 5059 fabricasti
3151 5001 3269 5057 illic
3307 5001 3451 5057 tibi?
3506 5002 3674 5071 quale
3720 4988 3728 4993 ’

1967 5096 2363 5152 sanctuarium
2395 5095 2419 5129 ²
2449 5094 2739 5150 ωάἰῦεᾶδίὶ
2767 5093 2922 5149 tibi?
2946 5094 3029 5148 Tu
3053 5092 3259 5148 dedisti
3289 5092 3435 5145 hanc
3468 5088 3667 5158 digna-

1967 5185 2191 5240 tionem
2241 5185 2535 5240 memorias
2569 5201 2710 5239 mea:
2736 5189 2802 5238 ut
2830 5200 3062 5238 maneas
3088 5182 3148 5237 in
3174 5197 3273 5248 ea;
3321 5179 3418 5232 sed
3466 5176 3526 5229 in
3560 5192 3674 5247 qua

1968 5274 2088 5344 ejus
2136 5279 2301 5345 parte
2346 5290 2597 5340 maneas,
2647 5274 2755 5328 hoc
2792 5265 3469 5328 considero.’l‘ranscendi
3520 5265 3675 5320 enim

1966 5367 2157 5433 partes
2179 5369 2319 5430 ejus,
2347 5378 2489 5435 quas
2521 5363 2735 5418 habent
2757 5368 2812 5419 et
2838 5363 3057 5429 bestiaz,
3102 5374 3233 5414 cum
3254 5362 3308 5411 te
3340 5353 3673 5411 recordarer

2033 5472 2046 5503 ¹
2086 5470 2208 5518 Lov.
2220 5506 2231 5526 ,
2248 5470 2478 5532 judicat.

2042 5532 2062 5566 ²
2090 5533 2148 5583 In
2178 5532 2382 5598 aliquot
2408 5535 2553 5594 Mss.,
2587 5537 2919 5586 satrarimn.
