4058 6174
355 264 458 315 705

350 387 487 458 quia
510 401 628 442 non
655 385 736 442 ibi
765 374 826 442 te
846 387 1207 446 inveniebam
1226 392 1376 448 inter
1402 394 1683 466 imagines
1710 411 1905 452 rerum
1934 414 2051 452 cor-

353 475 660 548 poralium,
720 480 778 531 et
805 477 938 532 veni
985 481 1055 534 ad
1084 485 1274 552 partes
1333 481 1474 552 ejus,
1510 483 1610 538 ubi
1653 487 2050 542 commendavi

353 564 679 620 affectiones
715 565 894 621 animi
922 571 1056 635 mei,
1084 586 1187 624 nec
1224 570 1340 625 illic
1370 570 1564 626 inveni
1607 576 1688 629 te.
1742 575 1809 628 Et
1844 576 2050 631 intravi

354 655 429 710 ad
455 653 634 725 ipsius
662 654 840 709 animi
872 655 986 710 mei
1017 657 1229 725 sedem,
1273 675 1402 730 qua
1440 660 1524 714 illi
1555 665 1641 715 est
1679 661 1740 715 in
1771 664 2051 719 memoria

354 759 504 806 mea,
535 743 809 814 quoniam
827 744 915 798 sui
933 761 1163 816 quoque
1193 748 1454 803 meminit
1475 750 1719 818 animus,
1749 768 1851 806 nec
1880 752 1959 807 ibi
1987 757 2050 808 tu

356 847 507 886 eras:
542 831 676 902 quia
705 831 850 885 sicut
877 848 995 886 non
1016 848 1075 886 es
1103 835 1294 906 imago
1327 839 1659 909 corporalis,
1690 858 1795 895 nec
1829 842 2047 897 affectio

354 918 613 983 viventis,
663 919 847 989 qnalis
877 925 960 973 est
987 935 1117 975 cum
1158 923 1438 991 latamur,
1473 927 1895 996 contristamur,
1950 947 2048 984 cu-

354 1006 564 1077 pimus,
600 1006 928 1074 metuimus,
961 1010 1351 1081 meminimus,
1374 1014 1784 1086 obliviscimur,
1809 1023 1864 1072 et.
1880 1019 2048 1091 quid-

354 1094 492 1164 quid
536 1095 865 1164 hujusmodi
916 1102 1028 1165 est;
1073 1099 1152 1155 ita
1201 1118 1305 1156 nec
1348 1103 1467 1174 ipse
1499 1105 1722 1160 animus
1779 1125 1857 1172 es,
1917 1111 2049 1180 quia

354 1183 629 1238 Dominus
684 1187 832 1239 Deus
889 1187 1068 1242 animi
1107 1195 1170 1244 tu
1224 1207 1303 1259 es,
1349 1197 1405 1247 et
1461 1201 1884 1251 commutantur
1928 1199 2051 1255 hac

353 1271 566 1338 omnia,
608 1276 670 1326 tu
694 1278 885 1329 autem
916 1275 1398 1334 incommutabilis
1427 1297 1622 1336 manes
1643 1300 1812 1356 super
1836 1287 2047 1354 omnia,

353 1363 411 1414 et
436 1360 708 1432 dignatus
731 1379 791 1417 es
819 1364 1079 1420 habitare
1102 1367 1161 1421 in
1193 1370 1471 1424 memoria
1501 1387 1630 1426 mea
1659 1389 1724 1428 ex
1748 1390 1862 1446 quo
1893 1380 1947 1430 te
1972 1376 2052 1430 di~

351 1446 480 1502 dici.
525 1452 590 1504 Et
619 1451 754 1520 quid
788 1469 984 1523 quaro
1017 1471 1129 1526 quo
1161 1458 1281 1512 loco
1311 1460 1434 1530 ejus
1463 1461 1702 1530 habites,
1735 1465 1898 1535 quasi
1918 1482 2050 1521 vero

353 1535 478 1590 loca
506 1536 587 1592 ibi
615 1540 765 1594 sint?
794 1543 1020 1597 Habitas
1050 1550 1199 1600 certe
1231 1547 1289 1602 in
1337 1566 1423 1615 ea,
1476 1551 1750 1622 quoniam
1798 1553 1882 1608 tui
1930 1571 2048 1608 me-

356 1624 500 1679 mini
526 1643 594 1680 ex
624 1643 738 1699 quo
772 1634 826 1685 te
857 1631 1046 1700 didici,
1082 1639 1138 1688 et
1166 1635 1225 1690 in
1255 1653 1320 1690 ea
1349 1642 1405 1692 te
1433 1638 1663 1696 invenio
1694 1657 1825 1696 cum
1865 1659 2049 1698 recor-

253 1727 266 1742 ‘
355 1713 462 1767 dor
490 1718 565 1769 te.

980 1809 1207 1865 CAPUT
1242 1813 1420 1868 XXVI.

911 1896 1013 1951 Ubi
1030 1900 1305 1954 invenitur
1332 1905 1490 1958 Deus.

425 2000 514 2052 37.
550 1998 656 2055 Ubi
677 2015 814 2072 ergo
848 2007 903 2058 te
932 2002 1125 2059 inveni
1145 2011 1207 2060 ut
1238 2007 1516 2066 discerem
1537 2011 1631 2066 te?
1652 2014 1845 2087 Neque
1893 2017 2047 2072 enim

345 2085 468 2155 jam
503 2102 626 2141 eras
671 2089 728 2144 in
759 2093 1037 2148 memoria
1082 2111 1212 2149 mea
1256 2098 1594 2170 priusquam
1645 2107 1700 2156 te
1749 2085 2045 2161 discerem.

355 2173 456 2228 Ubi
488 2191 624 2246 ergo
654 2178 844 2234 inveni
874 2185 927 2234 te
952 2187 1016 2236 ut
1042 2183 1317 2241 discerem
1347 2192 1403 2242 te
1423 2188 1537 2242 nisi
1562 2190 1624 2244 in
1647 2194 1702 2246 te
1724 2209 1897 2262 supra
1917 2211 2009 2250 me
2022 2201 2048 2250 ’3

352 2263 419 2316 Et
464 2279 751 2334 nuspuam
799 2269 975 2338 locus,
1026 2277 1083 2326 et
1116 2276 1454 2345 recedimus,
1501 2284 1558 2333 et
1603 2281 1942 2350 accedimus,
1992 2287 2049 2340 et

350 2367 636 2423 nusquam
678 2355 856 2413 locus.
903 2360 1146 2432 Ubique,
1190 2364 1418 2433 veritas,
1452 2368 1724 2437 prasides
1781 2374 2048 2429 omnibus

350 2442 785 2498 consulentibus
816 2451 891 2513 te,
916 2448 1201 2521 simulque
1229 2457 1534 2526 respondes
1564 2458 1832 2514 omnibus
1876 2463 2047 2518 etiam

351 2527 573 2584 diversa
598 2534 1049 2592 consulentibus.
1077 2538 1314 2610 Liquide
1344 2546 1405 2595 tu
1443 2545 1774 2616 respondes,
1805 2548 1901 2602 sed
1933 2565 2048 2603 non

347 2616 562 2688 liquide
585 2635 782 2676 omnes
803 2624 1070 2680 audiunt.
1102 2628 1311 2684 Omnes
1331 2632 1483 2686 unde
1506 2634 1703 2688 volunt
1718 2637 2045 2698 consulunt.

351 2706 450 2760 sed
476 2723 596 2761 non
622 2724 850 2781 semper
873 2714 1029 2784 quod
1050 2717 1251 2770 volunt
1278 2720 1538 2775 audiunt.
1572 2723 1832 2795 Optimus
1879 2727 2049 2781 mini-

349 2798 465 2848 ster
492 2800 623 2850 tuus
664 2802 769 2865 est,
799 2799 899 2871 qui
927 2818 1045 2857 non
1070 2805 1253 2876 magis
1284 2808 1540 2865 intuetur
1570 2812 1680 2866 hoc
1699 2818 1809 2869 ate
1849 2815 2047 2871 audire

964 3071 1190 3127 CAPUT
1222 3075 1433 3130 XXVII.

555 3153 823 3218 Quomodo
853 3157 1116 3215 hominem
1148 3166 1337 3232 rapiat
1356 3167 1452 3220 Dei
1469 3167 1840 3236 pulchritudo.

421 3241 509 3295 38.
544 3240 679 3296 Sero
709 3248 766 3297 te
794 3247 999 3315 amavi,
1031 3250 1395 3317 pulchritudo
1428 3257 1546 3308 tam
1572 3257 1810 3328 antiqua
1839 3262 1894 3312 et
1932 3263 2047 3314 tam

349 3334 529 3383 nova!
563 3345 690 3384 sero
713 3334 768 3384 te
799 3335 1013 3388 amavi!
1049 3337 1115 3391 Et
1146 3354 1273 3392 ecce
1295 3340 1447 3395 intus
1477 3359 1622 3408 eras,
1657 3351 1715 3399 et
1744 3362 1849 3417 ego
1883 3347 2043 3416 foris,

348 3421 406 3471 et
434 3415 513 3471 ibi
565 3421 618 3471 te
645 3421 1006 3490 quarebam;
1058 3431 1115 3479 et
1165 3426 1227 3481 in
1266 3427 1372 3482 ista
1391 3429 1643 3485 formosa
1686 3415 1815 3504 qua
1843 3435 2046 3505 fecisti,

347 3505 618 3561 deformis
648 3508 956 3567 irruebam.
991 3514 1206 3570 Mecum
1238 3533 1382 3582 eras,
1416 3525 1472 3573 et
1502 3525 1687 3576 tecum
1718 3539 1834 3578 non
1865 3541 2044 3581 eram.

349 3596 426 3648 Ea
455 3611 547 3650 me
577 3598 846 3654 tenebant
871 3601 1042 3673 longe
1070 3621 1100 3657 a
1131 3611 1206 3674 te,
1238 3622 1367 3677 qua
1409 3607 1454 3661 si
1493 3609 1555 3663 in
1604 3615 1657 3664 te
1687 3628 1805 3666 non
1835 3619 2041 3681 essent,

349 3699 468 3736 non
497 3691 704 3741 essent.
731 3688 971 3758 Vocasti,
1006 3696 1063 3746 et
1087 3693 1362 3762 clamasti,
1399 3702 1451 3752 et
1482 3699 1686 3770 rupisti
1707 3702 2046 3757 surditatem

352 3787 560 3826 meam.
610 3775 947 3841 Coruscasti,
991 3781 1350 3850 splenduisti,
1384 3790 1438 3839 et
1477 3787 1688 3858 iugasti
1732 3791 2045 3846 cacitatem

352 3873 556 3913 meam.
619 3863 903 3933 Fragrasti
934 3868 974 3933 ί,
1008 3873 1065 3920 et
1102 3869 1238 3923 duxi
1271 3873 1557 3943 spiritum,
1592 3881 1649 3930 et
1686 3878 1890 3932 anhelo
1917 3879 2041 3935 tibi.

354 3947 600 4014 Gustavi,
631 3954 686 4003 et
725 3953 936 4020 esurio,
961 3959 1019 4009 et
1047 3955 1196 4013 sitio.
1237 3959 1496 4031 Tetigisti
1525 3979 1638 4031 me,
1669 3968 1726 4018 et
1754 3966 1937 4020 exarsi
1984 3967 2044 4022 in

351 4049 553 4104 pacem
572 4039 750 4092 tuam.

951 4133 1177 4188 CAPUT
1207 4136 1438 4191 XXVIII.

894 4224 1126 4278 Miseﬁa
1154 4225 1321 4293 hujus
1347 4229 1490 4284 vitae.

421 4325 509 4378 39.
545 4324 686 4378 Cum
718 4325 998 4382 inhasero
1039 4328 1142 4382 tibi
1182 4346 1248 4384 ex
1284 4333 1442 4388 omni
1471 4351 1584 4404 me,
1625 4352 1908 4408 nusquam
1938 4339 2048 4395 erit

349 4409 490 4465 mihi
523 4413 688 4467 dolor
716 4419 772 4468 et
800 4415 995 4483 labor;
1024 4423 1081 4472 et
1118 4419 1244 4473 viva
1273 4421 1381 4477 erit
1408 4424 1524 4479 vita
1553 4442 1700 4492 mea,
1733 4431 1852 4482 tota
1877 4430 2048 4500 plena

349 4502 432 4553 te.
490 4501 650 4556 Nunc
697 4507 889 4557 autem
925 4507 1199 4576 quoniam
1230 4525 1403 4580 quem
1432 4517 1493 4566 tu
1540 4513 1765 4585 imples,
1790 4517 2048 4572 sublevas

350 4603 510 4654 eum;
545 4591 820 4660 quoniam
860 4593 943 4647 tui
971 4596 1174 4666 plenus
1205 4614 1320 4652 non
1351 4616 1498 4668 sum,
1535 4603 1692 4656 oneri
1723 4605 1864 4659 mihi
1893 4622 2042 4662 sum.

351 4677 715 4733 Contendunt
745 4681 955 4738 latitia
979 4701 1118 4742 mea
1146 4689 1352 4743 ﬂenda
1382 4706 1513 4746 cum
1550 4693 1809 4749 latandis
1836 4713 2042 4751 maro-

349 4763 544 4831 ribus;
565 4770 620 4819 et
648 4783 712 4820 ex
739 4785 852 4840 qua
889 4778 1048 4843 parte
1079 4779 1188 4830 stet
1230 4777 1467 4833 victoria
1493 4782 1701 4836 nescio.
1736 4785 1839 4839 Hei
1867 4786 2038 4840 mihi!

351 4851 614 4920 Domine,
661 4855 931 4914 miserere
991 4863 1124 4919 mei.
1180 4864 1548 4924 Contendunt
1613 4887 1883 4928 maerores
1928 4875 2044 4929 mei

348 4941 486 4994 mali
519 4956 648 4996 cum
680 4946 902 5012 gaudiis
927 4949 1111 5019 bonis,
1146 4957 1201 5007 et
1230 4971 1296 5009 ex
1326 4973 1441 5028 qua
1477 4963 1637 5030 parte
1669 4965 1778 5015 stet
1804 4963 2042 5018 victoria

347 5030 560 5086 nescio.
596 5031 697 5086 Hei
729 5033 895 5090 mihi!
933 5038 1191 5109 Domine,
1245 5043 1516 5103 miserere
1557 5048 1690 5106 mei.
1727 5051 1826 5106 Hei
1860 5052 2034 5107 mihi!

345 5133 471 5173 ecce
503 5121 738 5175 vulnera
766 5138 894 5182 mea
941 5143 1054 5180 non
1101 5131 1412 5189 abscondo:
1456 5138 1711 5192 medicus
1763 5157 1839 5202 es,
1887 5158 2041 5213 aeger

346 5222 502 5275 sum;
549 5211 870 5268 misericors
902 5232 980 5283 es,
1011 5217 1182 5272 miser
1209 5237 1355 5276 sum.
1386 5225 1675 5298 Numquid
1706 5244 1824 5283 non
1855 5211 2037 5285 tenta-

344 5294 425 5350 tio
448 5303 528 5352 est
559 5299 675 5354 vita
701 5299 954 5358 humana
985 5322 1155 5378 super
1184 5313 1396 5366 terram
1442 5294 1582 5385 (Job:
1636 5333 1731 5379 vn,
1781 5319 1864 5387 l)?
1903 5320 2039 5384 Quis

344 5385 477 5440 velit
507 5390 794 5445 molestias
817 5397 874 5447 et
900 5393 1300 5454 difﬁcultates?
1322 5403 1573 5458 Tolerari
1591 5405 1760 5477 jubes
1783 5385 1896 5476 eas,
1919 5425 2036 5464 non

410 5531 421 5563 ⁸
453 5529 732 5595 Flagrasti,
752 5535 907 5600 juxta
934 5539 1019 5589 Er.
1051 5539 1217 5605 Lugd.
1245 5542 1382 5594 Flor.
1410 5546 1480 5596 M.

1562 270 2104 330 CONFESSIONUM
2144 275 2198 331 S.
2259 278 2666 334 AUGUSTINI.

3755 295 3857 344 796

2161 401 2361 456 amari.
2397 404 2574 457 Nemo
2612 405 2770 475 quod
2799 406 3008 460 tolerat
3037 411 3211 474 amat,
3259 409 3365 464 etsi
3398 411 3635 467 tolerare
3685 421 3862 470 amat.

2159 489 2426 552 Quamvis
2453 490 2607 545 enim
2632 493 2879 562 gaudeat
2900 509 2959 548 se
2988 496 3254 565 tolerare,
3283 500 3499 554 mavult
3519 504 3708 557 tamen
3743 519 3858 558 non

2160 592 2282 632 esse
2311 579 2466 649 quod
2493 581 2718 635 toleret.
2751 583 3032 654 Prospera
3059 583 3119 638 in
3167 586 3418 642 adversis
3452 589 3729 659 desidero,
3765 593 3865 646 ad-

2160 682 2318 720 versa
2374 667 2435 721 in
2488 671 2774 741 prosperis
2833 671 3032 729 timeo.
3089 673 3226 738 Quis
3267 679 3419 731 inter
3465 679 3594 733 hac
3642 679 3865 735 medius

2158 757 2337 824 locus,
2366 759 2466 813 ubi
2495 777 2612 815 non
2644 762 2716 816 sit
2745 763 2998 819 humana
3025 765 3138 820 vita
3164 769 3402 823 tentatio
3430 767 3448 802 ¹
3466 769 3494 823 ?
3515 771 3606 825 Va
3621 788 3865 842 prospe-

2159 845 2422 901 ritatibus
2452 850 2663 916 saculi,
2698 854 2872 905 semel
2894 857 2950 906 et
2976 853 3208 921 iterum,
3244 873 3276 909 a
3322 858 3530 913 timore
3559 859 3868 915 adversita-

2157 935 2247 1000 tis,
2272 941 2328 991 et
2355 953 2388 991 a
2407 939 2769 1008 corruptione
2789 941 3024 997 latitia!
3052 942 3145 996 Va
3169 944 3598 1000 adversitatibus
3651 949 3866 1002 saculi.

2160 1024 2336 1078 semel
2375 1028 2429 1079 et
2447 1025 2654 1079 iterum
2687 1030 2742 1080 et
2770 1027 2956 1094 tertio,
2983 1029 3310 1084 adesiderio
3343 1033 3764 1103 prosperitatis,
3808 1041 3860 1088 et

2159 1112 2296 1184 quia
2323 1111 2446 1183 ipsa
2475 1113 2781 1168 adversitas
2798 1115 2941 1169 dura
2962 1122 3064 1183 est,
3088 1123 3144 1171 et
3166 1120 3464 1189 naufragat
3483 1121 3828 1176 tolerantia”
3855 1144 3868 1189 ;

2160 1200 2444 1272 numquid
2476 1217 2591 1255 non
2621 1202 2858 1256 tentatio
2885 1207 2972 1257 est
2993 1203 3106 1258 vita
3139 1206 3392 1260 humana
3432 1223 3606 1278 super
3647 1213 3863 1264 terram

2159 1289 2282 1344 sine
2314 1291 2430 1344 ullo
2461 1289 2812 1346 interstitio?

2788 1380 3013 1435 CAPUT
3045 1383 3218 1436 XXIX.

2757 1470 2820 1522 In
2850 1473 2953 1523 Deo
2978 1485 3096 1538 spes
3131 1475 3265 1526 tota.

2228 1557 2316 1612 40.
2355 1556 2421 1610 Et
2448 1557 2566 1609 tota
2597 1572 2723 1628 spes
2754 1572 2882 1611 mea
2911 1574 3025 1612 non
3078 1559 3189 1613 nisi
3218 1560 3278 1613 in
3328 1577 3537 1631 magna
3567 1562 3732 1616 valde
3762 1563 3863 1617 mi-

2159 1643 2474 1699 sericordia
2522 1649 2638 1700 tua.
2697 1647 2776 1700 Da
2822 1647 2976 1716 quod
3020 1647 3212 1718 jubes,
3259 1653 3317 1702 et
3358 1650 3494 1720 jube
3541 1651 3694 1722 quod
3767 1654 3859 1704 vis.

2157 1733 2410 1803 Imperas
2452 1733 2614 1786 nobis
2641 1733 3074 1789 continentiam.
3131 1739 3202 1790 Et
3230 1752 3349 1790 cum
3377 1739 3590 1804 scirem,
3625 1739 3700 1792 sit
3731 1740 3854 1809 qui-

2158 1817 2310 1884 dam,
2337 1822 2470 1888 quia
2496 1836 2646 1876 nemo
2672 1827 2847 1891 potest
2874 1838 2984 1877 esse
3009 1826 3283 1879 continens
3313 1827 3424 1880 nisi
3472 1829 3615 1881 Deus
3648 1827 3770 1881 det:
3814 1834 3859 1881 et

2160 1907 2254 1962 hoc
2293 1910 2470 1977 ipsum
2509 1917 2626 1964 erat
2659 1913 2939 1980 sapientiae
2980 1911 3118 1966 scire
3154 1913 3309 1982 cujus
3355 1919 3490 1968 esset
3547 1916 3642 1968 hoc
3664 1915 3860 1970 donum

2157 1995 2310 2065 (Sap.
2354 2013 2467 2063 νηί,
2524 1997 2635 2065 2t).
2681 1999 2786 2052 Per
2829 1999 3238 2054 continentiam
3279 2001 3494 2072 quippe
3535 2001 3862 2072 colligimur

2159 2088 2214 2138 et
2240 2085 2559 2156 redigimur
2590 2087 2648 2140 in
2678 2103 2879 2153 unum,
2935 2105 2966 2142 a
3010 2105 3124 2158 quo
3155 2089 3217 2143 in
3261 2091 3442 2145 multa
3484 2091 3856 2145 deﬂuximus.

2156 2172 2339 2228 Minus
2370 2174 2524 2228 enim
2574 2179 2627 2228 to
2665 2181 2817 2229 amat
2861 2176 2959 2247 qui
2991 2181 3178 2232 tecum
3235 2179 3452 2250 aliquid
3503 2184 3657 2233 amat
3702 2181 3857 2251 quod

2156 2278 2274 2316 non
2315 2267 2555 2333 propter
2597 2267 2654 2318 te
2697 2267 2869 2320 amat.
2905 2265 2948 2321 Ο
2987 2281 3151 2320 amor
3205 2267 3305 2338 qui
3353 2283 3549 2338 sempe
3594 2269 3769 2324 ardes
3814 2273 3864 2322 et

2158 2366 2459 2422 nunquam
2520 2352 2921 2423 exstingueris!
2998 2353 3256 2409 Charitas
3311 2357 3459 2410 Deus
3525 2373 3707 2423 meus,
3785 2375 3862 2411 ac-

2159 2441 2334 2495 cende
2393 2457 2506 2496 me.
2553 2441 2976 2498 Continentiam
3023 2443 3220 2514 jubes;
3272 2445 3344 2499 da
3375 2444 3530 2516 quod
3573 2445 3774 2516 jubes,
3815 2451 3865 2502 et

2153 2529 2293 2600 jube
2324 2530 2476 2601 quod
2504 2529 2608 2584 vis.
2855 2594 2861 2599 _

2808 2603 3034 2658 CAPUT
3063 2605 3211 2657 XXX.

2158 2689 2455 2760 Conﬁtetur
2509 2696 2570 2744 ut
2607 2707 2662 2745 se
2691 2691 2851 2746 habet
2879 2692 2954 2746 ad
2972 2693 3290 2747 tentationes
3319 2696 3558 2750 carnalis
3585 2695 3861 2752 libidinis.

2227 2782 2316 2832 41.
2345 2778 2517 2833 Jubes
2546 2784 2695 2834 certe
2735 2786 2800 2835 ut
2815 2780 3145 2835 contineam
3183 2797 3217 2834 a
3239 2783 3694 2854 concupiscentia
3735 2802 3856 2840 car-

2157 2865 2265 2932 nis,
2297 2871 2356 2920 et
2384 2868 2842 2939 concupiscentia
2866 2870 3186 2935 oculorum,
3224 2875 3280 2924 et
3301 2871 3608 2926 ambitione
3659 2874 3855 2929 saculi

2159 2955 2324 3023 (Joan
2368 2973 2428 3010 ιι.
2482 2957 2587 3027 f6).
2620 2957 2844 3011 Iussisti
2875 2974 2907 3012 a
2945 2957 3284 3026 concubitu;
3334 2964 3391 3014 et
3433 2961 3503 3015 de
3550 2961 3674 3031 ipso
3725 2979 3856 3016 con-

2149 3043 2313 3114 jugio
2361 3044 2564 3099 melius
2621 3045 2830 3117 aliquid
2890 3062 3065 3117 quam
3107 3048 3432 3102 concessisti
3465 3049 3770 3106 monuisti.
3805 3052 3861 3104 Et

2158 3131 2435 3203 quoniam
2466 3133 2691 3201 dedisti,
2723 3135 2935 3189 factum
2967 3140 3054 3189 est
3077 3139 3136 3189 et
3167 3141 3475 3207 antequam
3503 3138 3859 3208 dispensator

2157 3221 2498 3275 sacramenti
2521 3222 2607 3276 tui
2633 3222 2854 3278 ﬁerem.
2888 3223 2996 3277 Sed
3025 3223 3212 3278 adhuc
3241 3224 3431 3280 vivant
3472 3226 3534 3279 in
3580 3227 3860 3281 memoria

2160 3325 2306 3376 mea,
2337 3309 2407 3364 de
2438 3326 2552 3381 qua
2580 3311 2761 3365 multa
2789 3312 3010 3366 locutus
3033 3328 3180 3380 sum,
3205 3313 3407 3367 talium
3437 3331 3628 3369 rerum
3662 3315 3857 3387 imagi-

2156 3412 2276 3464 nes,
2301 3413 2443 3468 quas
2469 3397 2550 3452 ibi
2572 3401 2924 3455 consuetudo
2949 3416 3080 3455 mea
3109 3401 3262 3469 ﬁxit;
3290 3408 3347 3456 et
3379 3409 3684 3457 occursant
3719 3404 3850 3458 mihi

2155 3485 2417 3556 vigilanti
2467 3487 2701 3558 quidem
2740 3497 2998 3544 carentes
3045 3490 3282 3556 viribus,
3307 3491 3365 3545 in
3398 3493 3613 3545 somnis
3661 3501 3852 3547 autem

2157 3590 2274 3628 non
2302 3576 2487 3629 solum
2533 3592 2712 3648 usque
2732 3577 2802 3631 ad
2842 3578 3301 3646 delectationem,
3342 3581 3438 3634 sed
3477 3581 3651 3635 etiam
3677 3596 3852 3652 usque

2156 3664 2226 3718 ad
2263 3665 2698 3720 consensionem
2745 3666 3071 3739 factumque
3119 3667 3500 3723 simillimum.
3537 3671 3602 3724 Et
3625 3675 3843 3724 tantum

2155 3753 2302 3806 valet
2330 3752 2596 3822 imaginis
2625 3755 2816 3809 illusio
2839 3755 2900 3809 in
2929 3756 3124 3810 anima
3153 3773 3283 3810 mea
3325 3762 3380 3811 et
3409 3758 3469 3811 in
3511 3775 3678 3812 carne
3709 3775 3845 3820 mea,

2155 3844 2222 3894 ut
2277 3840 2586 3896 dormienti
2623 3843 2765 3897 falsa
2809 3843 2927 3897 visa
2964 3845 3348 3914 persuadeant
3389 3846 3546 3917 quod
3591 3846 3842 3916 vigilanti

2157 3945 2290 3984 vera
2317 3946 2435 3984 non
2464 3936 2722 4001 possunt.
2765 3933 3055 4002 Numquid
3099 3937 3234 3988 tunc
3266 3949 3370 4006 ego
3399 3951 3518 3988 non
3561 3951 3713 4002 sum,
3751 3937 3847 3989 Do-

2155 4017 2311 4072 mine
2345 4019 2492 4073 Deus
2539 4023 2746 4076 meus?
2787 4023 2852 4076 Et
2893 4027 3090 4076 tamen
3137 4027 3361 4077 tantum
3423 4023 3663 4078 interest
3712 4025 3849 4078 inter

2154 4105 2436 4177 meipsum
2477 4111 2533 4163 et
2561 4109 2866 4180 meipsum,
2901 4110 3054 4164 intra
3082 4117 3444 4166 momentum
3478 4128 3595 4182 quo
3626 4112 3757 4166 hinc
3785 4111 3847 4164 ad

2155 4211 2419 4266 soporem
2445 4200 2691 4266 transeo,
2723 4199 2813 4254 vel
2833 4199 2945 4253 huc
2974 4199 3107 4254 inde
3130 4200 3449 4254 retranseo!
3479 4201 3583 4254 Ubi
3612 4207 3695 4255 est
3727 4207 3847 4254 tunc

2155 4283 2324 4351 ratio,
2356 4301 2484 4356 qua
2505 4285 2714 4341 talibus
2744 4289 3207 4360 suggestionibus
3236 4289 3457 4344 resistit
3479 4290 3763 4360 vigilans?
3794 4290 3848 4342 Et

2155 4372 2202 4426 si
2217 4389 2306 4428 res
2323 4373 2464 4444 ipsa
2485 4375 2837 4446 ingerantur,
2864 4376 3236 4432 inconcussus
3263 4394 3468 4432 maneo
3492 4376 3532 4432 ³.
3566 4377 3843 4449 Numquid

2153 4462 2439 4518 clauditur
2465 4480 2598 4518 cum
2625 4465 2844 4519 oculis?
2875 4466 3154 4537 numquid
3180 4467 3402 4538 sopitur
3431 4483 3563 4522 cum
3597 4467 3846 4521 sensibus

2154 4553 2443 4622 corporis?
2476 4555 2542 4606 Et
2567 4553 2716 4608 unde
2747 4570 2897 4625 sape
2929 4554 3102 4609 etiam
3147 4555 3209 4610 in
3258 4555 3476 4610 somnis
3515 4555 3844 4615 resistimus,

2153 4640 2446 4712 nostrique
2476 4642 2754 4712 propositi
2789 4658 3093 4711 memores,
3141 4649 3312 4715 atque
3351 4645 3411 4698 in
3441 4660 3507 4698 eo
3539 4643 3842 4698 castissime

2154 4734 2574 4801 permanentes,
2601 4731 2824 4785 nullum
2851 4732 3062 4786 talibus
3089 4731 3373 4787 illecebris
3391 4733 3730 4788 adhibemus
3758 4747 3839 4783 as-

2152 4820 2416 4873 sensum?
2468 4821 2532 4872 Et
2579 4823 2773 4874 tamen
2823 4824 3048 4875 tantum
3095 4821 3351 4888 interest,
3399 4827 3466 4875 ut
3503 4837 3633 4874 cum
3681 4819 3836 4873 aliter

2150 4907 2375 4968 accidit.
2419 4907 2753 4978 evigilantes
2803 4908 2874 4963 ad
2929 4909 3291 4964 conscientia
3331 4910 3594 4982 requiem
3650 4908 3836 4962 redea-

2213 4998 2228 5066 Ξ
2264 4995 2529 5067 B.ad.mAm.
2549 4997 2615 5067 Er
2633 4997 2859 5067 ethLov.,
2881 4997 3129 5067 humana:
3146 5001 3534 5067 puajienlatjg.
3554 5023 3616 5035 —
3639 4995 3762 5067 Huic
3776 4994 3843 5067 le—

2149 5057 2309 5106 ctioni
2324 5057 2680 5120 suffragantur
2692 5055 2889 5108 Somm.
2903 5064 2954 5108 et
2966 5062 2992 5107 Ἰ
3007 5061 3129 5115 Mss.
3144 5060 3197 5108 in
3211 5061 3440 5109 editione
3453 5059 3764 5109 Florentius.
3779 5055 3842 5102 Μ.

2211 5121 2231 5154 ²
2256 5120 2380 5168 Bad.
2408 5125 2458 5168 et
2479 5121 2656 5182 plures
2672 5135 2700 5170 e
2741 5120 3114 5171 vetustioribus
3135 5123 3462 5171 Mss.habent
3480 5128 3529 5172 et
3551 5121 3841 5183 nefrangal

2150 5183 2352 5232 ioleran
2362 5185 2517 5232 tiam.

2209 5246 2228 5280 3
2255 5244 2460 5306 Septem
2494 5245 2634 5303 Mss,
2660 5245 2973 5295 inconcussa
2994 5247 3195 5296 manet:
3219 5251 3357 5294 recte
3378 5246 3657 5296 referendo
3690 5244 3749 5292 ad
3766 5253 3841 5306 ra-

2146 5302 2361 5355 tionem.
2377 5332 2436 5342 —
2451 5307 2620 5355 Editio
2637 5307 2953 5363 Florentiua,
2976 5309 3058 5356 cui
3087 5308 3344 5356 accedunt
3363 5311 3564 5358 Somm.
3592 5314 3644 5358 et
3663 5302 3840 5357 Bondq

2146 5368 2529 5434 meliorumque
2542 5369 2783 5418 codicum
2815 5369 3124 5434 auctoritate
3156 5384 3268 5434 sese
3290 5371 3477 5420 fretam
3511 5369 3838 5434 portendens,

2147 5430 2221 5503 sic
2251 5429 2405 5492 legit:
2443 5430 2532 5480 Ub:
2549 5435 2623 5479 est
2641 5434 2770 5503 tullo
2785 5430 2932 5503 ratio
2953 5444 3055 5494 qua
3071 5432 3299 5503 uigilans
3312 5429 3543 5503 finimus.
3592 5432 3807 5503 tantum.
3821 5465 3832 5477 .

2144 5493 2493 5559 inconcussus
2505 5493 2832 5559 manetSed.
2849 5493 3295 5559 typOgraphorum
3309 5494 3442 5545 forte
3455 5495 3624 5559 lapsu,
3631 5494 3838 5559 priorem

2146 5553 2287 5604 illius
2306 5553 2549 5605 lectionis
2571 5559 2773 5618 partem
2795 5553 3166 5619 praterniittit.
3195 5557 3265 5606 Μ.
