4058 6174
174 260 202 308 7
213 261 278 309 9'7

173 393 339 442 mus;
372 375 607 445 ipsaque
638 372 909 428 distantia
954 373 1306 443 reperiamus
1355 391 1453 427 nos
1502 392 1618 428 non
1650 375 1868 442 fecisse,

174 465 337 536 quod
363 460 554 519 tamen
583 462 646 516 in
676 460 836 516 nobis
883 478 1115 533 quoquo
1163 462 1335 516 modo
1366 462 1576 517 factum
1624 480 1745 519 esse
1776 465 1881 519 do—

180 554 421 607 leamus.

252 645 343 696 4'2.
378 640 667 711 Numquid
699 656 813 694 non
841 642 1043 711 potens
1075 644 1159 693 est
1199 650 1407 695 manus
1438 646 1550 703 tua,
1582 643 1731 697 Deus
1760 660 1882 699 om-

180 732 466 801 nipotens,
501 744 699 783 sanare
730 745 929 782 omnes
961 730 1265 799 languores
1282 731 1491 785 animas
1512 748 1675 797 meas,
1710 737 1882 803 atque

181 817 598 873 abundantiore
650 817 833 887 gratia
879 822 978 871 tua
1034 817 1268 871 lascivos
1314 823 1501 873 motus
1557 822 1730 873 etiam
1770 820 1883 874 mei

179 908 401 979 soporis
446 906 846 976 exstinguere?
893 906 1165 977 Augebis,
1218 907 1477 974 Domine,
1518 908 1699 978 magis
1756 923 1878 962 ma-

180 998 384 1069 gisque
415 996 475 1049 in
506 1012 596 1048 me
620 1010 861 1048 munera
880 999 998 1060 tua,
1029 999 1091 1048 ut
1110 993 1302 1049 anima
1328 1011 1456 1049 mea
1486 1000 1759 1066 sequatur
1788 1012 1880 1050 me

183 1086 254 1140 ad
284 1091 360 1151 te,
392 1083 865 1154 concupiscentiae
910 1082 1059 1137 visco
1104 1083 1387 1153 expedita,
1439 1088 1502 1138 ut
1539 1100 1655 1137 non
1685 1084 1755 1136 sit
1782 1100 1881 1139 re-

181 1174 347 1227 bellis
378 1171 503 1239 sibi,
537 1178 706 1241 atque
740 1175 802 1224 ut
831 1171 892 1224 in
922 1170 1137 1224 somnis
1167 1170 1356 1235 etiam,
1392 1188 1510 1225 non
1546 1173 1731 1226 solum
1760 1188 1881 1226 non

182 1265 475 1333 perpetrat
503 1261 636 1314 istas
684 1260 1140 1329 corruptelarum
1186 1260 1571 1331 turpitudines
1607 1276 1713 1331 per
1736 1260 1881 1314 ima-

180 1353 346 1422 gines
377 1348 652 1404 animales
688 1365 866 1420 usque
896 1350 963 1403 ad
996 1349 1181 1403 carnis
1206 1350 1448 1415 ﬂuxum,
1486 1350 1583 1403 sed
1632 1366 1704 1403 ne
1745 1366 1883 1403 con-

183 1440 395 1495 sentiat
437 1439 689 1510 quidem.
744 1440 885 1492 Nam
915 1443 977 1491 ut
1015 1438 1158 1491 nihil
1184 1439 1295 1492 tale
1324 1439 1411 1492 vel
1442 1439 1733 1493 tantillum
1764 1438 1781 1471 ‘
1814 1438 1883 1493 li-

184 1531 336 1595 beat,
370 1528 709 1599 quantulum
740 1527 922 1597 possit
950 1531 1092 1581 nutu
1122 1527 1398 1595 cohiberi,
1438 1527 1613 1582 etiam
1644 1527 1705 1582 in
1731 1532 1884 1581 casto

186 1616 523 1673 dormientis
551 1618 773 1683 alfectu,
798 1632 914 1669 non
948 1620 1170 1670 tantum
1196 1616 1253 1669 in
1277 1616 1384 1670 hac
1411 1616 1545 1684 vita,
1580 1616 1677 1671 sed
1708 1617 1881 1670 etiam

186 1708 249 1761 in
280 1708 385 1761 hac
416 1709 600 1772 aetate,
630 1721 747 1760 non
769 1720 1042 1774 magnum
1064 1710 1147 1759 est
1176 1704 1578 1775 omnipotenti,
1610 1704 1711 1776 qui
1734 1704 1886 1758 vales

186 1799 373 1852 facere
394 1810 565 1865 supra
586 1810 759 1864 quam
781 1793 1029 1864 petimus
1060 1798 1115 1847 et
1143 1793 1519 1864 intelligimus
1551 1795 1766 1863 (Ephes.
1801 1810 1882 1859 ιιι,

186 1885 305 1955 20).
335 1886 497 1938 Nunc
523 1888 711 1937 tamen
742 1881 881 1953 quid
913 1881 1098 1935 adhuc
1142 1882 1248 1935 sim
1276 1882 1333 1935 in
1375 1883 1480 1935 hoc
1509 1898 1717 1952 genere
1749 1868 1887 1934 mali

188 1973 322 2039 mei,
356 1972 471 2027 dixi
504 1971 745 2025 Domino
768 1970 917 2024 bono
946 1986 1095 2033 meo,
1128 1972 1418 2025 exsultans
1459 1986 1591 2024 cum
1638 1975 1886 2023 tremore

188 2064 357 2133 (Psal.
394 2080 451 2127 ιι,
489 2060 579 2131 lt)
610 2060 668 2113 in
698 2076 764 2113 eo
792 2059 949 2131 quod
980 2059 1203 2114 donasti
1228 2058 1391 2125 mihi,
1421 2062 1477 2112 et
1500 2060 1702 2128 lugens
1727 2058 1787 2111 in
1818 2075 1885 2112 eo

187 2152 343 2223 quod
364 2151 853 2205 inconsummatus
874 2165 1021 2215 sum,
1048 2164 1282 2219 sperans
1303 2151 1324 2183 ²
1341 2148 1725 2218 perfecturum
1751 2151 1805 2201 te
1828 2147 1887 2201 in

185 2257 278 2295 me
326 2238 746 2295 misericordias
793 2243 919 2292 tuas
969 2253 1150 2307 usque
1200 2236 1271 2291 ad
1300 2252 1502 2307 pacem
1547 2236 1885 2307 plenariam,

187 2345 368 2400 quam
408 2334 595 2383 tecum
642 2327 936 2382 habebunt
984 2324 1261 2380 interiora
1307 2330 1365 2380 et
1411 2325 1692 2379 exteriora
1735 2341 1883 2392 mea,

187 2436 321 2475 cum
374 2420 640 2488 absorpta
676 2416 850 2472 fuerit
893 2430 1047 2470 mors
1094 2414 1157 2469 in
1202 2414 1498 2469 victoriam
1546 2416 1591 2484 (Ι
1641 2416 1758 2472 Cor.
1796 2431 1885 2469 xv.

191 2508 302 2579 ὅθ’
826 2576 1051 2630 CAPUT
1084 2576 1257 2629 xxxr.

568 2669 635 2721 Ut
663 2681 717 2720 se
744 2667 884 2731 gerit
909 2664 982 2718 ad
1013 2667 1328 2718 tentationes
1358 2666 1515 2731 gulae.

262 2760 354 2813 43.
392 2758 485 2811 Est
513 2754 624 2809 alia
654 2753 870 2808 malitia
913 2752 1047 2818 diei,
1093 2769 1221 2823 quae
1260 2750 1481 2806 utinam
1531 2750 1774 2805 sufﬁciat
1812 2752 1883 2805 ei.

193 2845 499 2902 Reﬁcimus
531 2843 684 2898 enim
711 2841 1068 2913 quotidianas
1087 2840 1280 2893 ruinas
1301 2839 1555 2910 corporis
1586 2840 1807 2894 edendo
1832 2844 1890 2893 et

190 2934 464 3000 bibendo,
505 2932 843 3004 priusquam
886 2946 1037 2984 escas
1070 2933 1126 2983 et
1154 2934 1415 2983 ventrem
1446 2929 1723 2994 destruas,
1756 2944 1890 2982 cum

190 3022 469 3079 occideris
494 3021 873 3089 indigentiam
895 3035 1083 3073 meam
1114 3019 1368 3073 satietate
1398 3017 1660 3081 miriﬁca,
1691 3022 1746 3071 et
1775 3034 1893 3071 cor-

191 3112 468 3184 ruptibile
488 3112 594 3165 hoc
615 3108 870 3164 indueris
892 3108 1320 3178 incorruptione
1342 3105 1685 3177 sempiterna
1708 3104 1889 3173 (Ibid.,

192 3204 309 3271 53).
346 3203 505 3255 Nunc
535 3204 726 3254 autem
756 3198 939 3252 suavis
968 3202 1053 3251 est
1090 3196 1231 3250 mibi
1261 3195 1580 3261 necessitas,
1616 3199 1669 3247 et
1698 3194 1891 3247 adver-

192 3309 289 3345 sus
320 3291 486 3344 istam
504 3288 835 3342 suavitatem
859 3302 1052 3356 pugno
1070 3302 1141 3340 ne
1162 3284 1385 3355 capiar;
1408 3288 1462 3338 et
1492 3283 1894 3354 quotidianum

190 3381 408 3435 bellum
431 3394 566 3449 gero
588 3377 649 3430 in
669 3376 924 3447 jejuniis,
949 3374 1157 3445 saepius
1186 3373 1245 3427 in
1275 3373 1607 3426 servitutem
1628 3371 1892 3440 redigens

189 3484 403 3539 corpus
434 3482 628 3520 meum
659 3466 698 3534 (Ι
731 3467 848 3521 Cor.
882 3481 957 3529 1x,
980 3464 1101 3531 27);
1132 3467 1188 3516 et
1216 3462 1437 3516 dolores
1460 3461 1573 3515 mei
1603 3460 1893 3530 voluptate

188 3558 507 3630 pelluntur.
558 3556 700 3609 Nam
744 3553 921 3607 fames
960 3556 1015 3606 et
1045 3551 1167 3605 sitis
1218 3551 1449 3621 quidam
1481 3550 1701 3603 dolores
1730 3551 1893 3614 sunt;

190 3649 392 3712 urunt,
437 3648 494 3697 et
522 3644 665 3697 sicut
695 3642 865 3699 febris
892 3646 1118 3709 necant,
1170 3639 1279 3693 nisi
1326 3638 1729 3692 alimentorum
1774 3652 1890 3689 me-

189 3736 383 3791 dicina
413 3736 720 3787 succurrat.
744 3732 879 3795 Qua:
910 3731 1186 3802 quoniam
1210 3734 1419 3799 praesto
1456 3732 1560 3793 est,
1594 3744 1657 3781 ex
1689 3743 1891 3780 conso—

189 3823 410 3879 latione
432 3835 738 3874 munerum
754 3823 1008 3882 tuorum,
1036 3817 1095 3870 in
1113 3816 1321 3887 quibus
1345 3821 1554 3869 nostra:
1573 3812 1896 3867 inlirmitati

188 3918 349 3965 terra
379 3914 436 3964 et
472 3926 621 3979 aqua
662 3912 719 3962 et
764 3908 969 3961 coelum
1017 3905 1289 3971 serviunt,
1341 3903 1634 3958 calamitas
1678 3902 1895 3957 delicia:

191 4004 471 4055 vocantur
492 4003 532 4051 ³.

265 4090 359 4143 44.
405 4089 517 4141 Hoc
560 4101 651 4139 me
701 4082 942 4139 docuisti
990 4087 1051 4136 ut
1109 4080 1599 4153 quemadmodum
1656 4079 1897 4133 medica-

193 4180 414 4240 menta,
442 4175 520 4228 sic
549 4174 821 4227 alimenta
851 4174 1185 4241 sumpturus
1216 4169 1498 4223 accedam.
1533 4167 1637 4222 Sed
1668 4168 1805 4221 dum
1827 4166 1896 4221 ad

194 4264 456 4336 quietem
487 4261 759 4316 satietatis
790 4277 856 4314 ex
887 4258 1222 4330 indigentia:
1262 4256 1521 4311 molestia
1563 4259 1806 4322 transeo,
1836 4254 1896 4307 in

193 4356 323 4425 ipso
354 4352 594 4407 transitu
622 4350 765 4404 mihi
794 4348 1097 4403 insidiatur
1125 4348 1363 4417 laqueus
1393 4343 1887 4413 concupiscentiae.

196 4444 325 4514 Ipse
358 4440 510 4495 enim
532 4439 804 4493 transitus
824 4438 1084 4507 voluptas
1102 4439 1204 4501 est,
1236 4439 1292 4487 et
1320 4450 1435 4487 non
1468 4436 1551 4486 est
1574 4431 1718 4484 alius
1741 4428 1763 4462 ’³
1786 4444 1899 4499 qua

193 4534 523 4585 transeatur
553 4545 664 4599 quo
683 4531 703 4563 ⁸
733 4526 975 4581 transire
1011 4524 1165 4595 cogit
1194 4522 1516 4579 necessitas.
1555 4522 1619 4574 Et
1648 4535 1779 4573 cum
1809 4535 1899 4572 sa-

191 4623 281 4675 lus
308 4620 382 4673 sit
410 4634 579 4671 causa
600 4616 805 4671 edendi
825 4621 882 4669 et
902 4613 1158 4678 bibendi,
1182 4616 1238 4667 et
1259 4612 1349 4683 adj
1361 4610 1521 4681 ungit
1542 4626 1599 4663 se
1620 4613 1898 4678 tanquam

189 4708 536 4781 pedissequa
558 4706 876 4777 periculosa
889 4703 1237 4774 jucunditas,
1254 4707 1309 4756 et
1332 4703 1670 4771 plerumque
1692 4696 1897 4769 praeire

190 4802 457 4865 conatur,
484 4801 547 4850 ut
581 4798 703 4867 ejus
733 4812 902 4849 causa
932 4794 1031 4847 ﬁat
1056 4792 1213 4863 quod
1242 4790 1439 4845 salutis
1474 4804 1643 4843 causa
1682 4803 1772 4841 me
1816 4787 1898 4840 fa-

189 4903 323 4941 cere
355 4886 443 4938 vel
480 4885 624 4952 dico,
655 4884 744 4937 vel
790 4884 936 4937 volo.
982 4883 1093 4935 Nec
1139 4880 1290 4934 idem
1338 4879 1541 4933 modus
1598 4876 1899 4946 utriusque

191 4980 315 5030 est:
355 4990 489 5027 nam
520 4973 669 5044 quod
691 4970 861 5025 saluti
888 4969 1021 5025 satis
1051 4974 1156 5036 est,
1185 4966 1546 5023 delectationi
1564 4981 1770 5037 parum
1792 4968 1894 5018 est.

257 5094 270 5125 ³
311 5088 624 5145 Tantalum,
651 5087 805 5150 juxta
834 5085 1004 5150 80nd.
1036 5098 1157 5133 cum
1188 5082 1494 5150 tl_l_tiss._1_tl.

254 5154 276 5187 2
306 5153 379 5200 Et
402 5144 819 5212 speransfjuxta
850 5148 1018 5212 Rond.
1051 5161 1111 5194 ex
1134 5159 1223 5212 sex
1247 5146 1368 5212 Mss.
1406 5144 1473 5191 M.

256 5217 277 5250 3
307 5204 530 5262 Amer.
554 5217 607 5260 et
633 5204 782 5263 L'ov..
808 5210 1153 5259 calamitates
1174 5206 1371 5256 deliciae
1396 5207 1681 5261 vocantur;
1702 5208 1755 5251 at
1778 5204 1899 5251 Mss.

189 5277 433 5340 plerique
459 5278 512 5323 et
539 5274 1023 5340 Arn.,_{:alan_iitas.
1055 5270 1220 5319 Priori
1250 5267 1465 5317 lectioni
1495 5266 1675 5315 favent
1700 5267 1897 5315 Somm.

190 5335 245 5388 et
272 5335 447 5387 Rond.
480 5350 599 5385 cum
631 5339 655 5385 4
688 5336 810 5383 Mss.
844 5335 911 5382 M.

257 5404 279 5469 ξ
304 5403 351 5469 Ἀ
363 5399 490 5457 lius,
517 5398 900 5469 j_uxta_S_qmm.
936 5399 1000 5469 et.
1020 5393 1190 5469 Rond.
1216 5405 1333 5469 eum
1362 5394 1390 5440 2
1420 5392 1539 5439 Mss.
1570 5391 1636 5439 M.

256 5466 276 5497 5
302 5462 365 5509 ln
389 5454 637 5509 omnibus
662 5460 791 5508 Edd.
816 5462 938 5507 ante
973 5456 1097 5505 Arn.
1122 5455 1394 5517 legebatur
1420 5466 1591 5517 quam
1612 5466 1715 5517 quo
1728 5454 1899 5502 trans-

192 5528 295 5575 ire.
310 5524 386 5573 Ex
394 5526 648 5587 punctum
660 5526 932 5586 estquam,
948 5515 1257 5570 auctoritate
1270 5518 1391 5567 Mss.
1405 5515 1457 5567 et
1466 5529 1625 5566 sensu
1635 5515 1894 5580 exigente.

1650 254 1859 309 LIBER
1910 255 2239 311 DECIMUS.
3590 265 3692 316 798

1998 377 2063 430 Et
2086 392 2233 447 διξερε
2262 377 2545 430 incertum
2575 378 2641 432 ﬁt
2668 383 2864 432 utrum
2884 379 3069 433 adhuc
3098 382 3412 435 necessaria
3440 384 3693 453 corporis

1995 481 2132 519 cura
2154 465 2475 520 subsidium
2496 470 2671 536 petat,
2696 484 2769 521 an
2786 468 3108 538 voluptaria
3132 469 3459 539 cupiditatis
3475 470 3696 525 fallacia

1994 554 2379 609 ministerium
2423 560 2707 625 suppetat.
2741 558 2825 610 Ad
2852 558 2956 610 hoc
2986 556 3268 612 incertum
3298 558 3585 612 hilarescit
3605 559 3692 613 in-

1994 643 2129 698 felix
2173 644 2387 711 anima,
2431 650 2487 698 et
2512 643 2571 697 in
2606 660 2671 697 eo
2706 650 2993 716 przeparat
3031 647 3408 701 excusationis
3446 647 3691 718 patroci-

1996 732 2177 799 nium,
2202 734 2455 803 gaudens
2480 750 2597 787 non
2616 750 2891 804 apparere
2908 734 3047 806 quid
3068 736 3201 789 satis
3222 735 3295 789 sit
3314 736 3693 790 moderationi

1994 822 2355 885 valetudinis,
2381 825 2444 875 ut
2466 824 2706 876 obtentu
2734 823 2929 876 salutis
2952 824 3256 877 obumbret
3287 824 3582 894 negotium
3604 842 3695 879 vo-

1995 911 2248 981 luptatis.
2294 911 2389 965 His
2426 910 2840 965 tentationibus
2887 912 3140 982 quotidie
3179 928 3357 966 conor
3403 914 3689 980 resistere,

1996 1004 2051 1053 et
2081 1000 2280 1054 invoco
2312 1000 2604 1053 dexteram
2636 1005 2792 1053 tuam
2826 1000 2895 1054 ad
2927 1001 3169 1054 salutem
3198 1016 3407 1067 meam,
3441 1005 3495 1053 et
3524 1002 3593 1054 ad
3639 1006 3692 1053 te

1995 1090 2177 1143 refero
2202 1094 2373 1143 iBSttlS
2392 1106 2569 1155 meos,
2596 1088 2729 1159 quia
2748 1089 3051 1144 consilium
3072 1089 3215 1144 mihi
3237 1090 3305 1144 de
3325 1090 3429 1144 hac
3459 1105 3519 1143 re
3549 1104 3689 1142 non-

1997 1178 2135 1232 dum
2164 1182 2291 1232 stat.

2066 1270 2162 1321 45.
2200 1266 2384 1321 Audio
2411 1282 2603 1320 vocem
2646 1265 2903 1335 jubentis
2945 1265 3044 1319 Dei
3072 1265 3223 1319 mei:
3257 1266 3372 1321 Non
3401 1270 3697 1333 graventur

1995 1356 2159 1409 corda
2206 1361 2389 1409 vestra
2429 1357 2486 1408 in
2538 1356 2765 1423 crapula
2820 1359 2870 1408 ct
2921 1355 3172 1408 ebrietate
3218 1355 3367 1424 (Luc.
3425 1371 3535 1419 xxx,
3580 1353 3689 1423 34).

1998 1443 2249 1498 Ebrietas
2286 1443 2454 1514 longe
2498 1447 2581 1496 est
2619 1460 2653 1495 a
2682 1458 2803 1508 me;
2842 1441 3223 1507 misereberis,
3262 1458 3333 1495 ne
3376 1441 3692 1512 appropin-

1997 1539 2134 1607 quet
2193 1532 2354 1586 milii.
2403 1534 2646 1603 Crapula
2699 1536 2893 1585 autem
2964 1545 3382 1599 nonnunquam
3441 1529 3699 1599 subrepit

1998 1640 2158 1678 servo
2177 1627 2305 1688 tuo;
2331 1620 2710 1687 misereberis,
2744 1624 2805 1673 ut
2824 1622 2991 1690 longe
3011 1619 3110 1673 ﬁat
3138 1634 3295 1673 ame.
3332 1619 3509 1672 Nemo
3540 1618 3693 1672 enim

1996 1716 2181 1783 potest
2210 1727 2330 1764 esse
2364 1708 2685 1773 continens,
2730 1708 2841 1761 nisi
2872 1712 2935 1761 tu
2967 1709 3083 1764 des.
3132 1707 3303 1761 Multa
3334 1707 3498 1761 nobis
3526 1722 3694 1761 oran-

1998 1800 2152 1853 tibus
2182 1798 2417 1864 tribuis;
2448 1803 2503 1851 et
2545 1796 2825 1867 quidquid
2870 1795 3006 1849 boni
3048 1800 3358 1865 antequam
3402 1811 3697 1849 oraremus

1999 1886 2340 1957 accepimus,
2372 1890 2475 1939 ate
2507 1884 2859 1954 accepimus;
2885 1888 3020 1937 etut
3047 1884 3155 1937 hoc
3178 1888 3373 1953 postea
3394 1898 3697 1952 cognosce-

1998 1993 2210 2042 remus,
2248 1992 2281 2029 a
2323 1980 2377 2029 te
2417 1974 2753 2045 accepimus.
2802 1971 3064 2026 Ebriosus
3109 1988 3405 2042 nunquam
3452 1970 3553 2038 fui,
3598 1972 3695 2025 sed

2000 2065 2255 2120 ebriosos
2281 2069 2396 2117 ate
2442 2062 2660 2116 sobrios
2708 2061 2886 2115 factos
2927 2076 3032 2130 ego
3080 2060 3236 2114 novi.
3284 2062 3426 2130 Ergo
3459 2077 3491 2113 a
3525 2064 3583 2113 te
3610 2060 3695 2113 fa-

2000 2159 2153 2208 ctum
2187 2156 2271 2206 est
2312 2156 2376 2205 ut
2400 2151 2508 2205 hoc
2540 2166 2654 2203 non
2687 2154 2875 2203 essent
2905 2148 3004 2219 qui
3039 2130 3332 2218 nunquam
3379 2148 3630 2214 fuerunt,
3664 2164 3698 2201 a

2001 2260 2116 2316 quo
2141 2244 2352 2297 factum
2374 2244 2458 2295 est
2488 2242 2549 2293 ut
2580 2240 2685 2293 hoc
2706 2254 2823 2292 non
2854 2254 3080 2308 semper
3108 2241 3295 2291 essent
3314 2237 3413 2308 qui
3440 2236 3696 2303 fuerunt,

2000 2349 2033 2387 a
2054 2348 2168 2403 quo
2191 2330 2359 2385 etiam
2377 2330 2591 2384 factum
2611 2331 2694 2381 est
2716 2332 2783 2381 ut
2814 2325 3023 2380 scirent
3044 2326 3271 2395 utrique
3294 2342 3327 2379 a
3344 2342 3458 2397 quo
3479 2326 3696 2403 tactum

2001 2426 2105 2475 est.
2150 2418 2353 2473 Audivi
2402 2417 2573 2471 aliam
2612 2432 2804 2470 vocem
2854 2419 3050 2469 tuam:
3083 2418 3209 2469 Post
3243 2398 3698 2483 concupiscentias

2001 2516 2122 2566 tuas
2142 2525 2247 2563 non
2268 2523 2376 2572 eas,
2401 2512 2450 2560 et
2470 2522 2504 2559 a
2524 2507 2798 2560 voluntate
2820 2510 2913 2559 tua
2937 2509 3175 2558 avertere
3196 2503 3379 2574 (Eccli.
3406 2519 3558 2570 xvm,
3588 2502 3697 2571 30).

2000 2597 2203 2654 Audivi
2224 2601 2279 2650 et
2305 2597 2462 2649 illam
2496 2611 2563 2648 ex
2592 2609 2831 2648 munere
2864 2597 2960 2646 tuo
2988 2608 3161 2663 quam
3196 2593 3439 2645 multum
3471 2590 3656 2645 amavi
3683 2606 3696 2644 :

2002 2691 2183 2757 Neque
2210 2688 2259 2740 si
2284 2683 2809 2749 manducaverimus,
2853 2680 3279 2743 abundabimus;
3307 2694 3474 2746 neque
3517 2681 3568 2732 si
3593 2694 3700 2731 non

2002 2774 2527 2835 manducaverimus,
2585 2770 2754 2823 deerit
2810 2768 2961 2821 nobis
3007 2769 3047 2835 (Ι
3098 2769 3216 2823 Cor.
3281 2783 3397 2833 vni,
3452 2768 3527 2835 8).
3584 2767 3700 2819 Hoc

2004 2867 2089 2916 est
2119 2861 2327 2927 dicere,
2361 2860 2470 2911 Nec
2518 2856 2613 2909 illa
2640 2872 2730 2909 res
2763 2870 2851 2907 me
2892 2854 3185 2922 copiosum
3234 2851 3421 2917 faciet,
3460 2868 3563 2905 nec
3603 2851 3700 2905 illa

2005 2964 2411 3005 aerumnosum.
2455 2944 2660 2999 Audivi
2691 2949 2748 2998 et
2781 2944 3057 2996 alteram:
3092 2944 3203 3007 Ego
3250 2942 3389 2994 enim
3429 2941 3601 2996 didici
3642 2943 3700 2993 in

2004 3040 2199 3107 quibus
2244 3052 2360 3091 sum
2403 3036 2666 3102 sufﬁciens
2706 3048 2851 3099 esse;
2882 3037 2929 3085 et
2966 3031 3245 3085 abundare
3267 3032 3413 3095 novi,
3445 3034 3496 3083 et
3520 3044 3699 3097 penu—

2003 3132 2144 3182 riam
2169 3128 2289 3196 pati
2333 3127 2476 3178 novi.
2522 3125 2715 3179 Omnia
2758 3137 2976 3191 possum
3006 3123 3063 3174 in
3090 3136 3146 3174 eo
3177 3121 3273 3188 qui
3313 3135 3395 3172 me
3428 3120 3698 3184 confortat

2006 3218 2267 3287 (Philipp.
2314 3231 2386 3279 iv,
2418 3216 2611 3281 lit-l3).
2643 3212 2776 3265 Ecce
2812 3210 2972 3264 miles
3008 3214 3324 3263 castrorum
3364 3207 3700 3287 gmlestium,

2005 3322 2119 3359 non
2134 3302 2317 3375 pulvis
2331 3302 2479 3373 quod
2492 3318 2595 3354 nos
2608 3316 2822 3353 sumus.
2837 3298 2943 3353 Sed
2961 3302 3273 3359 memento,
3292 3277 3551 3361 Doinine,
3568 3294 3705 3360 quia

2005 3393 2190 3465 pulvis
2232 3407 2449 3449 sumus,
2481 3394 2537 3443 et
2565 3389 2633 3443 de
2681 3390 2914 3458 pulvere
2955 3386 3136 3440 fecisti
3182 3385 3479 3439 hominem
3529 3385 3696 3451 (Psal.

2006 3500 2095 3545 eu,
2132 3484 2222 3547 14;
2269 3485 2319 3534 et
2364 3480 2494 3534 Gen.
2527 3494 2607 3545 ιιι,
2644 3478 2748 3545 l9),
2793 3480 2848 3529 et
2895 3476 3162 3545 perierat,
3205 3477 3260 3526 et
3305 3472 3572 3526 inventus
3621 3476 3706 3523 est

2008 3572 2156 3642 (Luc.
2200 3587 2290 3637 xv,
2322 3569 2406 3631 24,
2442 3566 2550 3637 32).
2600 3566 2709 3619 Nec
2756 3564 2851 3617 ille
2898 3563 2955 3615 in
3004 3580 3062 3616 se
3109 3560 3320 3631 potuit,
3371 3560 3505 3630 quia
3550 3559 3704 3613 idem

2005 3660 2188 3729 pulvis
2217 3657 2346 3723 fuit,
2382 3670 2553 3726 quem
2591 3654 2726 3707 talia
2766 3652 3049 3705 dicentem
3091 3650 3285 3702 aftlatu
3314 3653 3428 3701 tua:
3460 3646 3704 3718 inspira-

2006 3747 2177 3803 tionis
2225 3744 2517 3800 adamavi:
2570 3746 2764 3799 Omnia
2800 3756 3039 3811 possum,
3084 3737 3291 3809 inquit,
3326 3740 3383 3791 in
3413 3754 3469 3791 eo
3501 3739 3597 3805 qui
3624 3751 3707 3789 me

2006 3840 2295 3903 confortat.
2331 3834 2595 3888 Conforta
2626 3848 2737 3897 me,
2768 3836 2834 3885 ut
2862 3828 3093 3900 possim.
3130 3829 3209 3881 Da
3248 3826 3404 3897 quod
3428 3826 3617 3895 jubes,
3650 3829 3706 3879 et

2001 3927 2138 3997 jnbe
2169 3923 2322 3995 quod
2350 3923 2450 3976 vis.
2498 3923 2606 3975 Iste
2650 3937 2706 3973 se
2749 3918 3027 3989 accepisse
3075 3916 3403 3980 conﬁtetur,
3450 3919 3507 3969 et
3552 3913 3707 3984 quod

2006 4013 2304 4084 gloriatur,
2327 4010 2389 4064 in
2414 4009 2655 4064 Domino
2691 4008 2970 4079 gloriatur
2997 4007 3013 4040 ί
3035 4009 3074 4075 (Ι
3106 4006 3225 4060 Cor.
3262 4022 3297 4073 ι,
3334 4006 3421 4069 30,
3456 4002 3561 4071 31).
3590 4005 3705 4056 Au-

2008 4102 2124 4157 divi
2156 4102 2333 4155 alium
2364 4103 2663 4169 rogantem
2702 4102 2761 4151 ut
2788 4095 3060 4165 accipiat:
3096 4095 3275 4160 Aufer
3299 4109 3331 4145 a
3363 4108 3462 4158 me,
3494 4089 3702 4160 inquit,

2007 4191 2464 4259 concupiscentias
2494 4189 2700 4241 ventris
2743 4185 2929 4255 (Eccli.
2963 4200 3121 4248 xxm,
3154 4186 3227 4250 6).
3262 4181 3415 4235 Unde
3447 4182 3702 4247 apparet,

2010 4284 2199 4333 sancte
2244 4280 2389 4331 Deus
2439 4291 2618 4336 meus,
2668 4278 2722 4328 te
2774 4274 2928 4337 dare,
2979 4288 3109 4325 cum
3156 4269 3221 4322 ﬁt
3264 4268 3413 4338 quod
3460 4266 3706 4336 imperas

2009 4367 2152 4422 ﬁeri.

2080 4459 2169 4511 46.
2196 4453 2441 4509 Docuisti
2474 4468 2584 4518 me,
2617 4453 2783 4506 Pater
2804 4451 2975 4514 bone,
3002 4447 3195 4503 Omnia
3223 4444 3427 4499 munda
3456 4438 3703 4510 mundis;

2008 4546 2103 4600 sed
2133 4545 2335 4598 malum
2370 4558 2489 4595 esse
2536 4542 2742 4597 homini
2769 4542 2865 4608 qui
2896 4556 2994 4608 per
3033 4538 3370 4604 offensionem
3414 4532 3706 4587 manducat

2009 4634 2182 4706 (Rom.
2235 4649 2344 4699 xiv,
2394 4631 2516 4701 20);
2558 4636 2614 4685 et
2656 4644 2887 4684 omnem
2932 4630 3248 4679 creaturam
3298 4626 3455 4675 tuam
3496 4620 3706 4674 bonam

2010 4740 2150 4789 esse,
2181 4724 2428 4790 nihilque
2458 4720 2823 4789 abjiciendum
2852 4715 2995 4784 quod
3021 4729 3137 4767 cum
3164 4714 3475 4783 gratiarum
3502 4696 3709 4765 actione

2008 4813 2311 4881 percipitur
2352 4812 2389 4877 (Ι
2440 4812 2576 4863 Tim.
2620 4808 2805 4875 1v,4);
2839 4809 2893 4857 et
2937 4802 3071 4873 quia
3117 4816 3238 4855 esca
3279 4816 3373 4855 nos
3416 4817 3521 4854 non
3567 4816 3706 4854 com-

2005 4900 2223 4954 mendat
2264 4903 2365 4953 Deo
2408 4899 2448 4966 (I
2488 4899 2603 4952 Cor.
2648 4911 2766 4961 vui,
2799 4896 2872 4960 8).
2910 4897 2966 4945 et
2995 4895 3060 4943 ut
3092 4906 3239 4944 nemo
3277 4905 3371 4943 nos
3396 4890 3607 4958 judicet
3644 4892 3701 4941 in

2010 4990 2123 5043 cibo
2144 4993 2239 5042 aut
2258 4991 2312 5041 in
2339 4991 2470 5056 potu
2494 4985 2718 5055 (Coloss.
2745 4998 2802 5043 ιι,
2834 4982 2945 5049 16);
2979 4984 3033 5033 et
3057 4985 3119 5033 ut
3144 4982 3240 5049 qui
3270 4980 3561 5033 manducat
3599 4993 3703 5030 non

2011 5078 2422 5133 manducantem
2448 5089 2551 5128 non
2580 5074 2828 5142 spernat;
2862 5074 2911 5123 et
2941 5072 3038 5138 qui
3066 5085 3172 5123 non
3200 5070 3511 5134 manducat,
3551 5081 3705 5118 man-

2011 5169 2294 5222 ducantem
2328 5180 2431 5217 non
2473 5162 2676 5232 judicet
2718 5162 2888 5227 (Rom.
2927 5176 3038 5225 xxv,
3080 5160 3149 5227 3).
3183 5156 3362 5211 Didici
3392 5157 3541 5220 haec;
3574 5169 3703 5223 gra-

2012 5256 2120 5309 tias
2141 5254 2265 5315 tibi,
2301 5252 2498 5307 laudes
2527 5249 2633 5304 tibi
2658 5250 2770 5303 Deo
2794 5265 2944 5315 meo,
2971 5248 3239 5318 magistro
3265 5261 3413 5310 meo,
3435 5240 3707 5313 pulsatori

2014 5343 2240 5399 aurium
2270 5356 2552 5406 mearum,
2587 5338 2919 5393 illustratori
2940 5337 3125 5392 cordis
3154 5333 3267 5389 mei
3293 5349 3308 5386 :
3337 5332 3493 5400 eripe
3525 5345 3614 5383 me
3637 5329 3707 5383 ab

2076 5453 2087 5485 ¹
2121 5452 2184 5501 Ut
2204 5446 2349 5511 quod
2383 5448 2670 5511 gloriatur.
2702 5448 2754 5497 in
2794 5448 3012 5496 Domino
3039 5441 3328 5506 glorietur,
3345 5437 3500 5501 juxta
3523 5439 3550 5485 ὅ
3573 5436 3701 5489 Mss.

2016 5513 2155 5577 apud
2190 5510 2339 5561 Mart.
2371 5510 2438 5560 M.
