4058 6174
399 250 504 300 799
1609 237 2150 296 CONFESSIONUM
2200 237 2258 292 S.
2302 233 2714 292 AUGUSTINI.
3767 237 3846 291 800

401 364 560 420 omni
577 362 910 420 tentatione.
936 364 1064 418 Non
1083 377 1188 433 ego
1207 360 1632 416 immunditiam
1656 357 1878 412 obsonii
1898 358 2097 424 timeo,

401 455 499 509 sed
525 451 956 509 immunditiam
995 450 1341 522 cupiditatis.
1383 449 1506 503 Scio
1555 449 1669 501 Noe
1708 462 1877 500 omne
1917 447 2101 500 carnis

402 559 584 613 genus
632 541 787 613 quod
835 541 960 596 cibo
1008 545 1154 594 esset
1196 538 1324 592 usui
1372 536 1718 591 manducare
1759 535 2101 604 permissum

407 633 554 702 (Gen.
578 648 650 701 1x,
675 634 729 698 ‘2,
753 629 835 700 3);
869 629 1044 684 Eliam
1062 629 1186 682 cibo
1207 626 1392 681 carnis
1413 625 1685 678 refectum
1706 625 1803 695 (ΙΙΙ
1823 628 1949 691 Reg.
1970 640 2100 690 xvn,

407 722 456 791 6)
482 739 496 787 ;
527 723 805 776 Joannem
839 717 1085 772 mirabili
1114 716 1460 770 abstinentia
1486 714 1814 784 praeditum,
1847 714 2105 768 animali-

408 809 535 872 bus,
568 810 675 862 hoc
704 812 786 861 est
817 806 1062 870 locustis,
1094 805 1153 858 in
1181 819 1365 857 escam
1404 802 1735 857 cedentibus
1778 804 1987 870 (Matth.
2019 819 2098 868 ιιι,

405 899 461 964 4)
494 911 608 948 non
637 895 812 948 fuisse
837 893 1142 963 pollutum.
1179 893 1243 946 Et
1272 891 1388 945 scio
1422 893 1564 944 Esau
1587 890 1872 944 lenticulae
1894 906 2101 944 concu-

398 981 679 1055 piscentia
718 981 1019 1052 deceptum
1063 981 1211 1049 (Gen.
1241 996 1366 1045 xxv,
1409 981 1533 1048 34);
1567 983 1623 1033 et
1661 978 1831 1032 David
1870 985 2106 1050 propter

399 1088 564 1142 aqua:
587 1069 937 1124 desiderium
967 1085 1000 1121 a
1029 1068 1214 1139 seipso
1248 1069 1659 1138 reprehensum
1691 1069 1756 1137 (ll
1788 1071 1916 1135 Reg.
1950 1085 2103 1134 XXtu,

403 1161 619 1227 lii-l7);
654 1163 709 1211 et
743 1159 956 1228 Regem
979 1162 1242 1210 nostrum
1268 1173 1384 1210 non
1407 1157 1474 1210 de
1504 1173 1690 1219 carne,
1727 1156 1822 1210 sed
1856 1157 1924 1211 de
1959 1173 2106 1227 pane

400 1263 521 1300 esse
548 1250 834 1300 tentatum
876 1246 1093 1312 (Matth.
1141 1261 1212 1310 1v,
1254 1246 1328 1314 3).
1376 1246 1620 1315 Ideoque
1665 1249 1721 1298 et
1760 1246 2006 1315 populus
2046 1245 2107 1298 in

401 1351 620 1404 eremo,
656 1351 773 1388 non
822 1335 958 1405 quia
1010 1349 1205 1386 carnes
1256 1333 1613 1402 desideravit,
1659 1333 1755 1387 sed
1787 1332 1922 1402 quia
1963 1347 2106 1385 esete

398 1423 683 1478 desiderio
715 1423 982 1476 adversus
1010 1423 1318 1475 Dominum
1341 1421 1737 1487 murmuravit,
1769 1419 1976 1474 meruit
2000 1419 2103 1473 im-

400 1509 636 1580 probari
671 1511 848 1579 (Num.
881 1510 976 1576 χι).

472 1598 650 1652 47.Ι[ι
694 1597 782 1652 his
827 1613 963 1667 ergo
1012 1596 1427 1651 tentationibus
1470 1595 1708 1666 positus,
1757 1601 1911 1649 certo
1957 1611 2106 1665 quo-

401 1685 542 1741 tidie
556 1685 828 1740 adversus
840 1685 1359 1756 concupiscentiam
1377 1684 1758 1738 manducandi
1776 1683 2073 1738 etbibendi
2093 1700 2105 1738 :

399 1791 518 1828 non
557 1774 716 1828 enim
756 1779 842 1828 est
875 1775 1030 1846 quod
1069 1775 1244 1828 semel
1276 1774 1584 1843 praecidere
1615 1779 1670 1827 et
1710 1774 1948 1828 ulterius
1989 1789 2104 1827 non

402 1863 684 1934 attingere
718 1863 1041 1928 decernam,
1075 1862 1219 1916 sicut
1250 1863 1318 1916 de
1347 1863 1652 1916 concubitu
1685 1863 1864 1933 potui.
1902 1863 2096 1933 Itaque

398 1951 545 2006 freni
574 1951 823 2021 gutturis
854 1957 1171 2023 temperata
1210 1951 1557 2005 relaxatione
1601 1956 1657 2005 et
1695 1951 2096 2006 constrictione

397 2037 816 2094 tenendi‘sunt.
853 2041 918 2094 Et
955 2039 1082 2110 quis
1122 2045 1225 2105 est,
1262 2039 1521 2105 Domine,
1567 2039 1666 2109 qui
1695 2056 1811 2093 non
1851 2039 2109 2110 rapiatur

401 2127 822 2199 aliquantulum
859 2134 1014 2181 extra
1059 2133 1236 2181 metas
1277 2127 1667 2182 necessitatis?
1691 2127 1957 2198 Quisquis
1988 2132 2090 2194 est,

403 2231 651 2287 magnus
682 2220 800 2282 est;
827 2217 1159 2286 magniﬁcet
1183 2232 1391 2270 nomen
1413 2220 1597 2270 tuum.
1625 2217 1737 2286 Ego
1767 2220 1957 2271 autem
1989 2233 2107 2271 non

403 2318 553 2371 sum,
585 2302 722 2373 quia
747 2309 1011 2374 peccator
1041 2305 1214 2358 homo
1243 2320 1390 2358 sum.
1424 2304 1528 2358 Sed
1572 2309 1629 2358 et
1659 2319 1763 2375 ego
1792 2304 2100 2374 magnifico

401 2407 614 2445 nomen
666 2395 860 2457 tuum;
915 2396 970 2445 et
1017 2391 1345 2462 interpellat
1401 2396 1455 2447 te
1513 2408 1616 2463 pro
1673 2392 1916 2462 peccatis
1963 2392 2106 2446 meis

403 2480 578 2550 (Rom.
623 2495 739 2545 vui,
791 2481 896 2548 34),
939 2479 1038 2550 qui
1084 2479 1216 2534 vicit
1258 2481 1528 2534 saeculum
1580 2480 1764 2551 (Joa-n.
1816 2497 1928 2550 xvr,
1989 2481 2100 2552 33),

407 2582 716 2621 numerans
740 2583 829 2621 me
845 2567 996 2622 inter
1013 2567 1245 2622 inﬁrma
1275 2569 1532 2624 membra
1561 2569 1813 2641 corporis
1835 2569 1944 2636 sui,
1969 2570 2105 2641 quia

403 2659 462 2710 et
490 2654 891 2725 imperfectum
941 2656 1390 2726 ejus‘viderunt
1434 2659 1584 2712 oculi
1630 2657 1735 2727 tui,
1789 2663 1845 2714 et
1872 2658 1934 2712 in
1958 2659 2103 2714 libro

403 2747 505 2798 tuo
536 2759 735 2799 omnes
764 2744 1081 2799 scribentur
1111 2744 1277 2814 (Psal.
1302 2763 1559 2814 cxxxv1u,
1596 2749 1707 2816 16).

1019 2832 1149 2887 CAP
1160 2833 1243 2886 UT
1279 2834 1483 2888 XXXII.

760 2923 827 2976 Ut
858 2936 913 2975 se
942 2925 1086 2989 gerit
1113 2922 1186 2975 ad
1215 2923 1439 2977 odorum
1468 2924 1745 2979 illecebras

475 3012 562 3065 48.
616 3011 696 3065 De
739 3009 1006 3064 illecebra
1054 3011 1296 3065 odorum
1345 3027 1460 3066 non
1503 3018 1700 3084 satago
1731 3012 1924 3069 nimis.
1960 3015 2101 3069 Cum

403 3099 626 3164 absunt,
660 3114 780 3152 non
813 3098 1074 3169 requiro;
1107 3115 1238 3154 cum
1267 3099 1490 3165 adsunt,
1523 3117 1637 3154 non
1659 3117 1888 3170 respuo,
1927 3117 2101 3171 para-

405 3191 497 3240 tus
523 3185 696 3240 etiam
725 3185 806 3238 eis
827 3202 1053 3256 semper
1080 3203 1289 3241 carere.
1315 3189 1397 3241 Ita
1421 3188 1562 3242 mihi
1593 3188 1787 3242 videor
1810 3206 1823 3255 ;
1857 3189 2096 3244 fortasse

400 3274 585 3328 fallor.
618 3260 760 3328 Sunt
788 3274 941 3328 enim
972 3280 1027 3329 et
1056 3275 1178 3329 istae
1209 3276 1552 3346 plangendte
1579 3277 1850 3344 tenebras,
1879 3277 1940 3331 in
1972 3277 2101 3349 qui-

400 3363 508 3417 bus
529 3378 620 3416 me
650 3363 788 3416 latet
815 3363 1052 3417 facultas
1087 3381 1216 3418 mea
1249 3381 1377 3434 quae
1417 3364 1478 3418 in
1509 3381 1598 3419 me
1629 3370 1748 3419 est:
1784 3370 1846 3420 ut
1873 3366 2102 3420 animus

401 3466 565 3505 mens
594 3451 662 3506 de
688 3450 906 3506 viribus
936 3451 1050 3506 suis
1071 3451 1192 3523 ipse
1213 3469 1272 3506 se
1294 3454 1652 3524 interrogans
1671 3469 1788 3508 non
1808 3453 1970 3508 facile
1993 3455 2102 3509 sibi

404 3540 751 3596 credendum
778 3540 1086 3608 existimet;
1121 3542 1254 3613 quia
1283 3546 1340 3596 et
1369 3542 1523 3614 quod
1553 3542 1724 3609 inest,
1760 3543 2100 3614 plerumque

402 3629 683 3684 occultum
716 3635 820 3696 est,
854 3630 963 3684 nisi
993 3630 1346 3702 experientia
1385 3631 1798 3685 manifestatur.
1835 3633 1902 3687 Et
1929 3649 2099 3687 nemo

401 3733 632 3772 securus
657 3734 779 3772 esse
806 3718 974 3773 debet
1003 3719 1062 3773 in
1096 3719 1204 3773 ista
1231 3719 1367 3786 vita,
1398 3736 1526 3790 quae
1559 3724 1678 3774 tota
1713 3721 1954 3775 tentatio
1995 3737 2098 3776 no-

403 3803 655 3857 minatur
685 3805 822 3872 (Job.
851 3821 948 3871 vu,
986 3805 1061 3873 1),
1100 3809 1294 3858 utrum
1335 3807 1434 3876 qui
1465 3805 1592 3859 fieri
1619 3805 1807 3876 potuit
1844 3823 1912 3860 ex
1943 3807 2099 3862 dete-

403 3890 553 3945 riore
583 3891 806 3958 melior,
840 3908 955 3946 non
984 3894 1086 3947 flat
1112 3894 1286 3947 etiam
1316 3909 1379 3947 ex
1415 3893 1647 3948 meliore
1679 3895 1947 3950 deterior.
1979 3897 2100 3952 Una

406 3994 554 4048 spes,
577 3994 692 4033 una
727 3979 956 4047 fiducia,
985 3996 1101 4035 una
1137 3981 1301 4035 ﬁrma
1347 3981 1674 4052 promissio,
1711 3982 2102 4040 misericordia

405 4070 523 4124 ω’
1007 4139 1230 4195 CAPUT
1267 4141 1494 4196 XXXIII.

754 4231 821 4284 Ut
840 4243 895 4284 se
922 4231 1064 4296 gerit
1093 4229 1166 4283 ad
1190 4230 1490 4300 voluptates
1515 4236 1750 4286 aurium.

473 4319 564 4371 49.
597 4317 927 4387 Voluptates
951 4334 1020 4372 an
1030 4317 1181 4372 rium
1210 4317 1464 4372 tenacius
1483 4334 1575 4373 me
1595 4318 2027 4391 implicaverant
2047 4327 2101 4377 et

405 4405 880 4477 subjugaverant;
926 4406 1022 4460 sed
1067 4405 1368 4473 resolvisti,
1411 4410 1468 4460 et
1513 4407 1764 4462 liberasti
1794 4423 1906 4462 me.
1940 4410 2101 4464 Nunc

406 4492 468 4546 in
497 4493 648 4549 sonis
681 4510 826 4567 quos
852 4494 1113 4548 animant
1141 4495 1370 4566 eloquia
1397 4501 1515 4562 tua,
1544 4511 1673 4550 cum
1700 4496 1858 4550 suavi
1886 4502 1943 4551 et
1971 4499 2103 4553 arti-

409 4581 603 4635 ticiosa
621 4599 756 4637 voce
777 4588 1100 4650 cantantur,
1113 4583 1314 4646 fateor,
1332 4583 1750 4654 aliquantulum
1772 4585 2097 4657 acquiesco;

407 4685 526 4723 non
574 4671 808 4740 quidem
836 4677 900 4726 ut
946 4673 1219 4738 haeream,
1267 4672 1366 4726 sed
1411 4677 1474 4726 ut
1521 4689 1752 4743 surgam
1794 4690 1925 4729 cum
1951 4677 2097 4731 volo.

407 4761 674 4813 Attamen
702 4775 832 4814 cum
857 4760 994 4831 ipsis
1014 4760 1309 4816 sententiis
1340 4761 1549 4832 quibus
1570 4761 1786 4830 vivunt,
1809 4768 1874 4818 ut
1899 4764 2102 4820 admit-

407 4850 604 4900 tuntur
633 4847 700 4902 ad
731 4863 842 4915 me,
889 4854 1156 4920 quaerunt
1192 4850 1252 4904 in
1281 4850 1450 4905 corde
1479 4867 1607 4904 meo
1644 4852 1979 4907 nonnullius
2016 4853 2100 4908 di-

409 4934 644 5007 gnitatis
673 4935 884 5003 locum,
920 4945 976 4992 et
1003 4939 1093 4992 vix
1125 4937 1206 4992 eis
1248 4939 1478 5009 praebeo
1516 4945 1949 5010 congruentem.
1977 4941 2100 4996 Ali-

407 5025 638 5096 quando
685 5023 838 5078 enim
869 5026 998 5096 plus
1045 5027 1188 5081 mihi
1217 5026 1413 5082 videor
1450 5028 1685 5083 honoris
1724 5029 1806 5084 eis
1853 5030 2104 5085 tribuere

408 5129 581 5184 quam
607 5113 786 5179 decet,
821 5113 958 5168 dum
988 5113 1126 5185 ipsis
1155 5116 1361 5172 sanctis
1395 5116 1556 5172 dictis
1583 5117 1904 5189 religiosius
1930 5122 1986 5172 et
2012 5135 2103 5172 ar-

409 5202 636 5257 dentius
681 5201 863 5257 sentio
914 5203 1132 5258 moveri
1178 5205 1400 5260 animos
1446 5210 1673 5260 nostros
1713 5206 1775 5260 in
1810 5207 2104 5261 ﬂammam

471 5312 486 5346 ι
518 5309 642 5359 Bad.
669 5309 791 5359 Am.
827 5310 911 5358 Er.
951 5314 1004 5359 et
1033 5311 1176 5365 Lov..
1217 5313 1588 5371 Imperfeclum
1619 5325 1827 5372 meum;
1849 5313 1940 5362 sed
1969 5315 2095 5362 Mss.

406 5386 526 5420 cum
548 5374 695 5438 Arn.,
715 5372 1094 5438 imperfectum
1113 5373 1230 5434 ejus
1244 5395 1260 5430 ;
1288 5374 1483 5423 scilicet
1503 5374 1712 5432 Christi,
1735 5389 1800 5424 ex
1818 5375 1970 5435 cujus
1994 5389 2106 5438 per-

406 5447 538 5500 sona
564 5434 1071 5500 versicurlum'istum
1105 5439 1482 5499 interpretatur
1496 5438 1840 5500 Augustinus,
1863 5434 2101 5488 Enarrat.

407 5496 462 5544 in
486 5496 673 5559 psalm.
696 5499 807 5558 138,
838 5510 891 5546 n.
923 5500 1002 5548 23.

2212 355 2466 427 pietatis,
2487 370 2618 408 cum
2649 353 2730 408 ita
2762 354 3086 420 cantantur,
3107 367 3283 423 quam
3303 350 3350 405 si
3372 367 3484 406 non
3505 352 3579 430 ita
3602 358 3849 412 cantaren-

2209 451 2336 512 tur;
2370 450 2426 500 et
2457 460 2658 499 omnes
2681 443 2918 497 affectus
2955 440 3189 512 spiritus
3229 440 3408 494 nostri
3437 457 3532 512 pro
3561 441 3680 496 sui‘
3705 443 3849 499 diver-

2211 534 2374 588 sitate
2420 533 2628 587 habere
2670 529 2933 602 proprios
2980 528 3181 583 modos
3229 529 3290 582 in
3337 545 3468 582 voce
3509 533 3666 600 atque
3697 538 3849 600 cantu,

2211 638 2458 693 quorum
2505 617 2840 691 nescio'qua
2868 618 3088 672 occulta
3133 616 3514 672 familiaritate
3561 619 3848 676 excitentur.

2211 711 2320 766 Sed
2359 709 2656 766 delectatio
2688 708 2874 763 carnis
2904 723 3068 772 meas,
3104 706 3195 760 cui
3228 711 3476 760 mentem
3522 710 3852 765 enervandam

2213 817 2330 854 non
2360 805 2584 872 Oportet
2612 799 2755 865 dari,
2787 815 2938 869 sasqe
2977 814 3068 851 me
3100 797 3262 863 fallit,
3296 796 3432 850 dum
3462 797 3724 851 rationem
3752 814 3851 852 seu-

2211 907 2305 944 sus
2334 906 2450 943 non
2480 889 2561 943 ita
2599 887 2903 942 comitatur
2930 890 2992 940 ut
3032 885 3316 956 patienter
3342 886 3413 939 sit
3453 886 3746 955 posterior;
3779 887 3853 940 sed

2213 983 2435 1032 tantum
2461 977 2594 1049 quia
2625 980 2858 1046 propter
2888 976 3045 1029 illam
3070 974 3281 1028 meruit
3305 974 3544 1041 admitti,
3563 974 3717 1028 etiam
3744 991 3856 1044 prai-

2213 1083 2440 1122 currere
2471 1083 2535 1120 ac
2561 1067 2768 1120 ducere
2803 1071 3060 1118 conatur.
3097 1065 3179 1118 lta
3208 1062 3266 1117 in
3299 1062 3384 1116 his
3424 1079 3588 1133 pecco
3623 1079 3729 1117 non
3751 1079 3853 1117 sen-

2213 1157 2380 1223 tiens,
2409 1155 2507 1210 sed
2531 1159 2726 1225 postea
2753 1153 2952 1207 sentio.

2287 1247 2374 1299 50.
2411 1242 2732 1314 Aliquando
2775 1245 2967 1294 autem
2998 1241 3144 1294 hanc
3173 1239 3356 1310 ipsam
3387 1239 3655 1294 fallaciam
3688 1239 3852 1293 immo-

2214 1333 2462 1388 deratius
2489 1348 2710 1397 cavens,
2740 1346 2864 1384 erro
2895 1329 3073 1383 nimia
3119 1329 3449 1382 severitate:
3480 1329 3575 1390 sed
3615 1328 3756 1382 valde
3793 1328 3854 1380 in-

2217 1422 2463 1484 terdum,
2492 1425 2555 1475 ut
2576 1422 2754 1474 melos
2776 1435 2945 1473 omne
2975 1419 3390 1472 cantilenarum
3419 1417 3669 1470 suavium
3687 1416 3852 1486 quibus

2217 1510 2547 1565 Davidicum
2577 1509 2916 1563 Psalterium
2955 1508 3372 1578 frequentatur,
3405 1505 3476 1559 ab
3505 1505 3721 1559 auribus
3746 1505 3854 1558 meis

2216 1601 2496 1656 removeri
2561 1601 2754 1667 velim,
2811 1603 2980 1669 atque
3047 1597 3226 1667 ipsius
3280 1596 3570 1661 Ecclesiae;
3611 1595 3852 1665 tutiusque

2217 1690 2362 1744 mihi
2382 1689 2604 1744 videtur
2625 1687 2778 1759 quod
2808 1688 2876 1742 de
2893 1685 3276 1740 Alexandrino
3310 1684 3572 1755 episcopo
3595 1684 3852 1738 Athanasio

2219 1795 2369 1848 saepe
2397 1777 2539 1832 mihi
2568 1777 2782 1832 dictum
2813 1773 3202 1840 commemini,
3237 1773 3339 1844 qui
3369 1777 3485 1826 tam
3516 1771 3716 1826 modico
3741 1775 3850 1824 llexu

2218 1867 2368 1921 vocis
2395 1866 2636 1920 faciebat
2667 1879 2867 1918 sonare
2897 1865 3171 1917 lectorem
3193 1861 3420 1930 psalmi,
3440 1865 3502 1914 ut
3522 1858 3852 1930 pronuntianti

2218 1955 2458 2009 vicinior
2489 1958 2634 2008 esset
2681 1970 2853 2025 quam
2884 1951 3128 2006 canenti.
3173 1951 3598 2016 Verumtamen,
3645 1965 3754 2002 cum
3788 1963 3852 2000 re-

2217 2044 2489 2098 miniscor
2524 2044 2800 2112 lacrymas
2839 2056 3013 2106 meas,
3059 2055 3198 2110 quas
3234 2037 3365 2092 fudi
3406 2037 3473 2091 ad
3504 2041 3688 2090 cantus
3713 2033 3852 2088 Eccle-

2217 2132 2315 2186 sia;-
2345 2135 2459 2186 tute
2488 2132 2547 2184 in
2571 2129 2898 2202 primordiis
2927 2132 3277 2198 recuperatae
3310 2125 3447 2180 fidei
3486 2141 3641 2192 mete,
3669 2128 3717 2176 et
3739 2137 3852 2176 nunc

2215 2221 2340 2290 ipso
2371 2221 2526 2291 quod
2553 2235 2784 2274 moveor
2803 2222 2845 2288 ³,
2877 2233 2997 2272 non
3038 2220 3228 2280 cantu,
3274 2215 3380 2269 sed
3409 2214 3574 2268 rebus
3615 2227 3727 2283 qua:
3752 2225 3851 2263 can-

2215 2313 2429 2376 tantur,
2453 2324 2583 2362 cum
2625 2307 2847 2378 liquida
2871 2321 3004 2360 voce
3033 2309 3088 2358 et
3128 2300 3662 2357 convenientissima
3694 2297 3849 2352 modu-

2214 2396 2428 2451 latione
2458 2400 2778 2462 cantantur,
2828 2409 3098 2464 magnam
3128 2389 3381 2445 instituti
3409 2391 3576 2460 hujus
3601 2387 3849 2443 utilitatem

2213 2501 2410 2539 rursus
2440 2500 2707 2556 agnosco.
2731 2485 2815 2536 Ita
2842 2483 3056 2535 ﬂuctuo
3083 2479 3232 2534 inter
3264 2478 3584 2554 periculum
3603 2472 3848 2546 voluptatis

2213 2578 2269 2627 et
2298 2573 2752 2643 experimentum
2770 2567 3147 2635 salubritatis;
3169 2566 3474 2637 magisque
3505 2564 3740 2629 adducor,
3767 2576 3849 2614 non

2213 2661 2448 2732 quidem
2461 2659 2932 2714 irretractabilem
2955 2655 3298 2711 sententiam
3319 2655 3623 2726 proferens,
3640 2648 3849 2706 cantandi

2211 2748 2685 2804 consuetudinem
2712 2747 3032 2818 approbare
3061 2745 3120 2799 in
3152 2744 3429 2811 Ecclesia;
3461 2749 3524 2798 ut
3547 2757 3642 2813 per
3662 2741 3851 2794 oblecta-

2213 2831 2408 2892 menta
2446 2837 2676 2892 aurium
2715 2835 2998 2890 infirmior
3041 2832 3269 2888 animus
3309 2833 3370 2886 in
3397 2832 3649 2887 affectum
3675 2825 3849 2899 pietatis

2211 2931 2489 2998 assurgat.
2538 2928 2769 2991 Tamen,
2823 2940 2954 2978 cum
2993 2922 3137 2976 mihi
3174 2921 3382 2976 accidit
3431 2925 3493 2974 ut
3530 2935 3616 2973 me
3657 2915 3848 2985 amplius

2209 3020 2428 3083 cantus,
2476 3031 2650 3086 quam
2697 3030 2788 3068 res
2831 3029 2960 3084 quae
3010 3011 3256 3077 canitur,
3309 3015 3560 3076 moveat;
3610 3004 3852 3078 poenaliter

2213 3122 2302 3160 me
2349 3121 2581 3176 peccare
2634 3103 2933 3168 conﬁteor,
2987 3105 3042 3154 et
3088 3104 3224 3154 tunc
3269 3099 3504 3153 mallem
3547 3112 3654 3151 non
3697 3090 3849 3147 audire

2211 3198 2559 3248 cantantem.
2597 3194 2736 3247 Ecce
2775 3191 2874 3245 ubi
2921 3205 3087 3243 sum:
3128 3190 3261 3242 ﬂete
3307 3203 3550 3252 mecum,
3600 3189 3650 3238 et
3670 3195 3760 3253 pro
3783 3193 3850 3232 me

2210 3284 2363 3348 llete,
2387 3279 2487 3350 qui
2509 3277 2726 3348 aliquid
2749 3276 2888 3331 boni
2913 3275 3210 3330 vobiscum
3233 3273 3394 3329 intus
3413 3273 3574 3344 agitis
3596 3269 3725 3324 unde
3743 3267 3849 3320 facta

2210 3369 2551 3440 procedunt.
2574 3367 2718 3421 Nam
2748 3365 2846 3437 qui
2869 3381 2984 3419 non
3011 3363 3198 3436 agitis,
3226 3379 3353 3418 non
3380 3379 3476 3417 vos
3504 3363 3616 3415 haec
3645 3359 3844 3412 movent.

2208 3459 2292 3512 Tn
2336 3460 2549 3520 autem,
2605 3453 2845 3509 Domine
2884 3454 3033 3508 Deus
3081 3469 3267 3518 meus,
3323 3450 3555 3516 exaudi;
3585 3445 3786 3517 respice,
3809 3445 3848 3493 εί

2210 3546 2334 3600 vide
2356 3549 2397 3612 ³,
2429 3549 2485 3598 et
2521 3543 2809 3609 miserere,
2852 3546 2910 3597 et
2938 3557 3076 3596 sana
3105 3557 3218 3608 me,
3247 3540 3315 3596 in
3357 3541 3517 3611 cujus
3554 3535 3713 3592 oculis
3742 3527 3847 3585 mihi

2210 3633 2451 3707 quaestio
2481 3633 2660 3688 factus
2689 3647 2838 3698 sum,
2863 3634 2920 3686 et
2946 3631 3070 3701 ipse
3099 3634 3183 3685 est
3211 3629 3459 3700 languor
3487 3643 3656 3682 meus.

2832 3719 3057 3774 CAPUT
3095 3719 3301 3773 XXXIV

2531 3813 2600 3866 Ut
2627 3825 2680 3864 se
2709 3811 2851 3877 gerit
2879 3808 2953 3862 ad
2982 3808 3256 3862 oculorum
3287 3805 3581 3860 illecebras.

2281 3903 2368 3954 51.
2401 3899 2598 3954 Restat
2621 3899 2883 3968 voluptas
2915 3897 3211 3950 oculorum
3258 3894 3501 3949 istorum
3529 3889 3698 3946 carnis
3722 3898 3844 3945 mea,

2210 3989 2283 4044 de
2315 4005 2428 4060 qua
2457 3989 2660 4060 loquar
2681 3992 2702 4023 ⁴
2727 3985 3109 4040 confessiones
3137 4000 3280 4055 quas
3307 3982 3544 4037 audiant
3572 3993 3716 4034 aures
3740 3978 3848 4028 tem-

2209 4077 2292 4148 pli
2331 4076 2435 4144 tui,
2479 4093 2646 4132 aures
2688 4076 2953 4130 fraternae
2984 4090 3049 4128 ac
3088 4072 3222 4144 piae,
3263 4077 3328 4126 ut
3359 4069 3735 4126 concludamus
3758 4065 3848 4114 ten-

2208 4166 2452 4220 tationes
2495 4163 2966 4234 concupiscentiae
3013 4160 3222 4230 carnis,
3273 4177 3405 4232 quae
3440 4175 3530 4214 me
3566 4156 3728 4211 adhuc
3748 4148 3847 4221 pul-

2211 4259 2337 4309 sant
2361 4253 2852 4324 ingemiscentem,
2885 4256 2942 4306 et
2983 4249 3377 4305 habitaculum
3415 4262 3621 4310 meum,
3651 4239 3776 4312 quod
3799 4235 3847 4324 de

2209 4343 2352 4398 ccelo
2395 4323 2498 4408 est,
2555 4339 2889 4412 superindui
2936 4339 3267 4411 cupientem
3318 4339 3384 4410 (ll
3436 4340 3550 4392 Cor.
3578 4334 3722 4402 v,2).
3750 4323 3848 4382 Pul-

2209 4434 2370 4488 chras
2417 4433 2628 4486 formas
2670 4435 2727 4485 et
2773 4429 2977 4496 varias,
3026 4427 3238 4483 nitidos
3286 4433 3343 4482 et
3388 4438 3634 4481 amoenos
3679 4417 3846 4473 colores

2209 4527 2404 4577 amant
2423 4521 2593 4577 oculi.
2623 4522 2746 4575 Non
2768 4523 3002 4574 teneant
3021 4519 3144 4573 haec
3166 4517 3423 4572 animam
3456 4527 3633 4570 meam
3656 4526 3668 4564 :
3699 4506 3849 4562 teneat

2211 4627 2338 4666 eam
2364 4613 2514 4665 Deus
2536 4608 2634 4681 qui
2665 4607 2800 4663 fecit
2827 4609 2968 4675 haec,
2997 4608 3150 4662 bona
3174 4605 3410 4677 quidem
3435 4603 3622 4665 valde;
3654 4596 3736 4651 sed
3757 4593 3847 4661 ipse

2211 4705 2297 4755 est
2320 4700 2538 4755 bonum
2563 4715 2782 4763 meum,
2799 4715 2916 4752 non
2937 4699 3078 4752 hinc.
3105 4696 3171 4750 Et
3187 4697 3436 4765 tangunt
3455 4707 3543 4746 me
3570 4685 3846 4758 vigilante"!l

2211 4790 2344 4844 totis
2374 4787 2594 4851 diebus,
2627 4803 2734 4842 nec
2761 4787 2988 4858 requies
3026 4785 3096 4838 ab
3122 4784 3203 4839 eis
3230 4783 3402 4837 datur
3437 4779 3596 4844 mihi,
3633 4775 3758 4860 sicut
3775 4768 3848 4860 de-

2213 4884 2305 4932 tur
2351 4895 2384 4932 a
2428 4877 2664 4932 vocibus
2708 4873 2953 4942 canoris,
3002 4872 3312 4944 aliquando
3335 4871 3406 4925 ab
3435 4866 3700 4924 omnibus,
3727 4859 3776 4913 in
3798 4859 3850 4906 $1-

2212 4966 2409 5023 lentio.
2450 4967 2577 5038 Ipsa
2606 4964 2763 5019 enim
2788 4963 2988 5034 regina
3010 4963 3270 5016 colorum
3303 4961 3403 5014 lux
3419 4959 3538 5018 ista,
3563 4946 3849 5040 perfundet?

2211 5059 2416 5111 cuncta
2441 5033 2571 5126 quae
2601 5033 2914 5121 cernimus,
2941 5049 3144 5105 ubiubi
3173 5064 3278 5119 per
3311 5047 3464 5103 diem
3491 5047 3660 5109 fuero,
3693 5033 3848 5091 multi-

2213 5144 2384 5200 modo
2419 5145 2637 5215 allapsn
2659 5142 2953 5198 blanditur
2974 5138 3118 5194 mihi
3140 5137 3295 5193 aliud
3320 5135 3530 5207 agenti,
3563 5136 3616 5187 et
3637 5142 3746 5183 eam
3763 5135 3848 5176 non

2276 5255 2292 5286 ί
2316 5255 2597 5308 Seuerum,
2636 5251 2786 5313 juxta
2822 5261 2990 5313 unum
3030 5247 3124 5295 Ms.
3172 5243 3495 5313 apud‘ltlart.
3537 5236 3704 5289 Suavi.
3733 5230 3849 5294 illi“

2213 5313 2397 5362 alium.
2434 5320 2560 5370 Sua,
2587 5306 2742 5375 juxta
2765 5311 2934 5375 Rond.
2963 5323 3037 5375 ex_
3060 5322 3167 5357 uno
3189 5307 3286 5355 Ms.
3318 5306 3384 5375 bl.

2274 5349 3454 5438 ῖξάίίῑξξςῑοῑμξῖίῒρξιῑῖιῑῑίοῑιῇςῖῑᾱίιψῖερ..
3470 5365 3779 5438 ςοηεεηουοον.
3796 5349 3845 5399 κ.

2273 5439 2295 5472 3
2321 5438 2518 5486 Somni.
2541 5441 2593 5486 et
2619 5424 2811 5494 Rond‘.,
2834 5437 3040 5496 respice
3063 5424 3117 5482 et
3146 5424 3532 5496 exaudifgvyge.
3562 5424 3624 5496 hi:

2275 5501 2299 5536 ⁸
2328 5503 2555 5563 Loquor,
2576 5498 2727 5563 juxta
2749 5486 2945 5548 Somm'.
2969 5499 3023 5546 et
3053 5495 3203 5546 Mart.
3233 5505 3355 5541 cum
3379 5493 3410 5541 6
3436 5490 3555 5540 Mss.
3583 5486 3645 5535 Μ.
