4022 6176
117 298 223 346 801

118 414 472 469 advertenti.
519 413 778 469 lnsinuat
819 416 1010 468 autem
1051 429 1110 467 se
1141 413 1219 468 ita
1264 413 1656 482 vehementer,
1696 417 1761 468 nt
1787 413 1834 468 si

119 508 367 575 repente
392 503 781 569 subtrahatur,
819 517 947 556 cum
981 502 1262 558 desiderio
1292 503 1655 574 requiratur:
1690 507 1746 557 et
1783 502 1831 555 si

121 592 226 645 diu
261 592 429 659 absit,
463 591 793 644 contristat‘
821 589 1101 646 animum.

201 685 296 735 32.
337 681 379 734 Ο
413 681 505 733 lux
536 695 705 750 quam
737 679 965 733 videbat
993 678 1219 746 Tobias,
1248 695 1376 733 cum
1424 680 1627 734 clausis
1657 679 1834 734 oculis

121 766 256 820 istis
276 767 460 820 ﬁlium
483 767 722 822 docebat
749 767 880 821 vitm
912 767 1084 832 viam,
1114 773 1169 820 et
1198 767 1250 820 ei
1281 769 1527 838 prmibat
1545 768 1689 839 pede
1706 769 1835 821 cha-

119 855 314 909 ritatis
339 872 625 927 nusquam
666 871 861 909 errans
909 855 1060 925 (Tob.
1103 855 1199 925 μ’).
1250 857 1364 909 Aut
1393 873 1567 926 quam
1609 856 1837 910 videbat

121 945 287 999 Isaac
317 945 687 1016 prmgravatis
718 949 774 998 et
794 943 1005 1015 opertis
1032 949 1322 999 senectute
1353 945 1572 998 carneis
1601 943 1832 998 lumini-

121 1033 260 1100 bus,
294 1049 423 1087 cum
455 1033 602 1087 ﬁlios
622 1049 738 1087 non
765 1033 1125 1103 agnoscendo
1151 1032 1506 1098 benedicere,
1537 1032 1630 1086 sed
1662 1032 1834 1086 bene-

123 1122 374 1177 dicendo
431 1138 738 1192 agnoscere
804 1121 1018 1175 meruit
1067 1122 1214 1191 (Gen.
1274 1123 1460 1188 xxvn).
1516 1123 1629 1175 Aut
1661 1136 1833 1191 quam

120 1212 361 1266 videbat
387 1213 574 1276 Jacob,
601 1227 729 1265 cum
783 1217 839 1263 et.
868 1211 989 1280 ipse
1030 1227 1150 1280 prrp
1198 1211 1404 1280 grandi
1448 1214 1610 1264 aetate
1640 1213 1837 1279 captus

123 1300 330 1366 oculis,
365 1300 422 1353 in
452 1299 584 1354 ﬁliis
611 1299 961 1370 prmsignata
994 1300 1171 1354 futuri
1197 1299 1396 1370 populi
1429 1314 1640 1367 genera
1666 1297 1835 1350 lumi-

123 1405 278 1443 noso
310 1389 476 1442 corde
511 1388 774 1453 radiavit;
825 1392 881 1441 et
919 1387 1223 1458 nepotibus
1253 1386 1368 1439 suis
1411 1403 1476 1440 ex
1519 1386 1728 1456 Joseph
1758 1386 1838 1440 di-

124 1493 301 1531 vexas
349 1476 584 1546 mystice
632 1491 859 1541 manus,
913 1492 1025 1530 non
1068 1476 1214 1530 sicut
1259 1479 1422 1546 pater
1460 1491 1660 1528 eorum
1703 1474 1839 1528 foris

126 1565 476 1636 corrigebat,
509 1564 609 1618 sed
635 1564 778 1618 sicut
806 1564 927 1633 ipse
963 1563 1121 1617 intus
1150 1563 1530 1628 discernebat,
1565 1563 1841 1634 imposuit

128 1655 294 1722 (Gen.
328 1670 513 1720 XLVIII,
545 1655 713 1722 κως).
754 1653 881 1722 Ipsa
917 1656 999 1706 est
1037 1653 1154 1718 lux,
1205 1668 1318 1705 una
1358 1656 1442 1705 est
1477 1651 1521 1715 ’,
1561 1656 1618 1705 et
1657 1667 1836 1704 unum

129 1759 339 1797 omnes
358 1743 456 1814 qui
478 1743 670 1797 vident
697 1747 752 1795 et
780 1747 977 1796 amant
1007 1757 1155 1795 eam.
1189 1744 1262 1794 At
1287 1740 1396 1793 ista
1425 1739 1737 1811 corporalis
1769 1741 1838 1793 de

126 1851 248 1904 qua
281 1833 570 1904 loquebar,
597 1832 924 1886 illecebrosa
938 1847 1001 1885 ac
1016 1831 1334 1900 periculosa
1364 1828 1665 1884 dulcedine
1697 1843 1835 1882 con-

129 1923 223 1975 dit
263 1921 435 1975 vitam
485 1921 677 1974 saeculi
706 1920 868 1974 crucis
899 1919 1264 1973 amatoribus.
1305 1917 1411 1982 Qui
1445 1923 1633 1971 autem
1672 1921 1726 1970 et
1769 1917 1838 1970 de

127 2011 262 2080 ipsa
300 2010 528 2064 laudare
583 2014 635 2063 te
663 2013 898 2074 norunt,
934 2010 1082 2062 Deus
1113 2012 1336 2062 creator
1368 2006 1648 2069 omnium,
1681 2021 1838 2058 assu-

128 2104 308 2153 munt
347 2115 470 2153 eam
501 2098 562 2152 in
590 2098 805 2168 hymno
859 2102 981 2164 tuo,
1013 2112 1125 2150 non
1172 2096 1556 2159 absumuntur
1585 2094 1652 2147 ab
1685 2109 1750 2146 ea
1782 2093 1840 2145 in

127 2203 360 2242 sommo
409 2203 548 2240 suo:
602 2187 681 2239 sic
726 2203 844 2240 esse
897 2185 1086 2255 cupio.
1142 2183 1364 2238 Resiste
1421 2181 1842 2236 scductionibus

129 2277 458 2341 oculorum,
486 2291 554 2327 ne
576 2274 942 2344 implicentur
963 2273 1137 2344 pedes
1157 2263 1290 2334 mei,
1320 2271 1526 2342 quibus
1551 2269 1845 2340 ingredior

129 2365 291 2418 viam
318 2367 514 2429 tuam;
567 2369 621 2416 et
651 2363 811 2432 erigo
863 2362 930 2415 ad
975 2367 1029 2416 te
1067 2360 1385 2414 invisibiles
1421 2359 1635 2424 oculos,
1667 2362 1729 2412 ut
1779 2362 1842 2410 tu

130 2453 347 2505 evellas
402 2452 471 2505 de
528 2451 733 2522 laqueo
767 2451 939 2522 pedes
996 2465 1154 2503 meos
1207 2449 1368 2516 (Psal.
1403 2464 1553 2512 xxxv,
1602 2446 1712 2515 15).
1763 2446 1845 2499 Tu

131 2541 381 2594 subinde
409 2540 604 2593 evellis
633 2556 751 2608 eos,
786 2555 917 2593 nam
955 2538 1368 2608 illaqueantur.
1406 2537 1488 2590 Tu
1519 2550 1636 2589 non
1662 2549 1844 2588 cessas

133 2631 405 2694 evellere,
439 2645 544 2698 ego
605 2632 795 2681 autem
833 2627 1033 2681 crebro
1072 2627 1264 2680 haereo
1294 2624 1353 2678 in
1384 2623 1597 2694 ubique
1636 2621 1846 2692 sparsis

128 2717 400 2772 insidiis:
462 2715 731 2787 quoniam
774 2732 890 2768 non
940 2714 1212 2782 dormies,
1251 2728 1440 2784 neque
1484 2710 1842 2775 dormitabis,

133 2807 238 2877 qui
272 2806 524 2859 custodis
546 2805 714 2859 Israel
750 2803 911 2870 (Psal.
948 2820 1066 2869 cxx,
1099 2804 1180 2869 4).

215 2899 301 2949 5-33.
332 2894 513 2959 Quam
540 2892 1001 2958 innumerabilia,
1035 2891 1202 2945 variis
1228 2889 1446 2943 artibus
1494 2891 1551 2942 et
1581 2886 1843 2957 opiﬁciis,

136 2985 202 3037 in
231 2983 504 3048 vestibus,
551 2981 965 3047 calceamentis,
1003 2980 1168 3045 vasis,
1223 2983 1281 3033 et
1307 2975 1729 3048 cujuscemodia
1757 2975 1846 3028 fa-

133 3071 549 3128 bricationibus
592 3071 829 3140 picturis
877 3070 1069 3132 etiam,
1121 3066 1472 3137 diversisque
1530 3064 1843 3136 ﬁgmentis,

138 3167 311 3233 atque
338 3161 427 3214 his
460 3176 623 3213 usum
650 3157 1030 3212 necessarium
1054 3162 1222 3226 atque
1242 3156 1599 3210 moderatum
1616 3159 1672 3207 et
1689 3152 1842 3222 piam

139 3249 622 3320 signiﬁcationem
679 3249 847 3318 longe
903 3244 1470 3316 transgredientibus,
1505 3241 1848 3296 addiderunt

141 3339 405 3393 homines
438 3337 505 3390 ad
530 3336 820 3390 illecebras
842 3335 1136 3389 oculorum
1162 3350 1175 3400 ;
1200 3334 1352 3388 foras
1373 3333 1672 3401 sequentes
1694 3329 1847 3399 quod

139 3427 382 3490 faciunt,
406 3425 559 3478 intus
589 3423 976 3494 relinquentes
1006 3439 1039 3477 a
1068 3439 1182 3493 quo
1210 3421 1339 3475 facti
1371 3423 1524 3487 sunt,
1559 3422 1615 3472 et
1661 3422 1847 3471 exter-

137 3516 428 3568 minantes
453 3514 605 3584 quod
637 3513 766 3566 facti
797 3517 964 3567 sunt!
1001 3514 1072 3565 At
1114 3527 1240 3580 ego,
1271 3511 1419 3564 Deus
1440 3524 1624 3573 meus,
1657 3511 1715 3561 et
1745 3505 1844 3560 de-

141 3621 237 3657 eus
267 3619 487 3667 meum,
521 3602 690 3654 etiam
719 3601 853 3654 hinc
883 3601 1006 3654 dico
1044 3599 1149 3653 tibi
1178 3601 1480 3668 hymnum,
1512 3600 1568 3650 et
1594 3595 1847 3649 sacriﬁco

145 3692 374 3745 laudem
407 3689 767 3743 sacriﬁcaturi
800 3705 929 3742 meo
962 3693 979 3723 ‘
1006 3705 1019 3753 ;
1049 3687 1320 3758 quoniam
1349 3685 1587 3757 pulchra
1617 3683 1849 3753 trajecta

143 3797 244 3850 per
273 3778 501 3833 animas
522 3778 578 3831 in
602 3793 806 3832 manus
828 3776 1181 3842 artiﬁciosas,
1216 3774 1401 3828 abilla
1424 3769 1850 3844 pulchritudine

141 3868 405 3933 veniunt,
452 3883 578 3937 quin
619 3883 791 3936 super
821 3865 1040 3918 animas
1070 3869 1176 3931 est,
1226 3862 1318 3918 cui
1366 3861 1614 3932 suspirat
1661 3860 1854 3914 anima

144 3973 272 4010 mea
313 3955 408 4009 die
460 3970 522 4007 ac
570 3959 752 4007 nocte.
800 3954 905 4008 Sed
951 3951 1448 4023 pulchritudinum
1505 3948 1851 4004 exteriorum

141 4050 474 4115 nperatores
509 4047 566 4095 et
594 4047 898 4095 sectatores
930 4041 1060 4094 inde
1091 4042 1326 4094 trahunt
1349 4037 1702 4110 approbandi
1735 4053 1854 4089 mo-

142 4134 304 4198 dum,
337 4148 454 4185 non
487 4135 678 4185 autem
719 4129 850 4183 inde
883 4129 1115 4183 trahunt
1154 4127 1351 4182 utendi
1385 4127 1643 4180 modum.
1677 4126 1743 4178 Et
1774 4123 1851 4177 ibi

139 4226 243 4284 est,
275 4226 334 4273 et
364 4236 482 4273 non
512 4219 705 4273 vident
751 4235 904 4278 eum,
940 4222 999 4272 ut
1031 4233 1146 4271 non
1186 4220 1318 4271 eant
1365 4215 1606 4284 longius,
1652 4218 1708 4266 et
1736 4213 1851 4265 for-

141 4309 456 4364 titudinem
517 4324 678 4361 suam
730 4307 797 4361 ad
864 4312 918 4360 te
984 4305 1305 4360 custodiant
1363 4304 1523 4370 (Psal.
1571 4318 1699 4366 Lvn,
1754 4303 1850 4363 10),

139 4415 245 4451 nec
279 4412 410 4449 eam
443 4398 713 4465 spargant.
745 4394 803 4447 in
836 4393 1130 4447 deliciosas
1159 4390 1546 4444 lassitudines.
1590 4389 1702 4458 Ego
1751 4403 1852 4440 au-

143 4492 261 4540 tem
293 4485 416 4538 hmc
446 4485 680 4554 loquens
711 4488 880 4553 atque
914 4481 1241 4536 discernens
1257 4478 1430 4532 etiam
1453 4477 1574 4530 istis
1603 4475 1856 4547 pulchris

143 4589 407 4639 gressum
450 4573 712 4637 innecto;
769 4572 864 4625 sed
897 4575 958 4624 tu
1004 4569 1216 4636 evellis,
1251 4565 1515 4633 Domine,
1547 4564 1740 4618 evellis
1770 4569 1852 4630 tu,

143 4663 424 4734 quoniam
461 4659 849 4714 misericordia
875 4663 973 4713 tua
999 4663 1128 4712 ante
1159 4656 1352 4710 oculos
1384 4671 1543 4709 meos
1575 4659 1658 4707 est
1687 4652 1853 4724 (Psal.

142 4768 268 4817 xxv,
314 4749 394 4815 3).
449 4750 588 4803 Nam
623 4753 675 4802 et
706 4764 810 4818 ego
843 4748 1037 4818 capior
1068 4744 1492 4810 miserabiliter,
1527 4747 1582 4797 et
1611 4746 1672 4796 tu
1703 4741 1854 4795 evel-

143 4840 212 4894 lis
272 4837 760 4901 misericorditer;
811 4835 1115 4907 aliquando
1159 4851 1276 4888 non
1325 4833 1687 4897 sentientem,
1722 4829 1858 4900 quia

141 4926 484 4998 suspensius
532 4925 876 4991 incideram;
932 4923 1240 4995 aliquando
1288 4937 1418 4976 cum
1471 4921 1690 4989 dolore,
1723 4917 1857 4989 quia

137 5018 263 5086 jam
297 5016 667 5070 inhreseram.

210 5109 224 5140 τ
265 5105 574 5160 ('ontrixlct,
601 5102 752 5165 juxta
782 5101 980 5151 Somni.
1011 5104 1062 5149 et
1090 5099 1261 5165 Boud.
1293 5099 1466 5165 cum}!
1499 5096 1622 5145 Mss.
1649 5095 1730 5165 bi.

205 5169 227 5202 ε
259 5168 378 5214 Una
407 5171 504 5224 est,
523 5156 812 5215 etriliauon
828 5165 1083 5227 esl,juxta
1097 5163 1182 5212 Er.
1213 5161 1375 5224 Lugd.
1398 5161 1594 5209 Somm.
1614 5161 1665 5206 et
1684 5156 1855 5205 ltond.

143 5228 572 5353 611³ιηῖιὲνέέῆῒά
585 5264 1298 5353 ’ργηοτιὶχιςαὺῖὶοηιίοηίῡηξ;
1316 5283 1405 5353 sed
1421 5284 1540 5332 Mss.
1554 5281 1753 5353 habent
1765 5293 1858 5330 cu-

136 5345 440 5414 juscrmodi
464 5345 612 5413 .°'quo
632 5345 889 5414 vocabulo
921 5351 1165 5414 frequens
1194 5345 1729 5414 iititur_Augl1s_tinus,
1761 5357 1856 5414 prﬁo

149 5405 474 5510 auquibuscu
484 5405 635 5476 m’que
649 5427 661 5472 ;
677 5413 833 5476 idque
845 5413 954 5476 jam
968 5405 1292 5460 restituimus
1306 5410 1359 5458 in
1373 5405 1532 5471 hujus
1547 5405 1661 5456 libri
1673 5405 1786 5469 cap.
1811 5409 1856 5466 8,

263 5483 290 5510 θ

151 5483 389 5663 η’ξέίςῗ.
415 5542 469 5649 qt
500 5537 847 5602 Edd.'plures,
874 5534 1409 5593 sancti/icatorimco.
1438 5530 1597 5580 Pauci
1619 5542 1859 5590 vero,sa—

151 5613 228 5650 cn
301 5614 339 5651 α
366 5613 428 5651 or
457 5636 468 5648 .

149 5613 468 5651 οτιλεαιοτι.

1587 290 1798 346 LIBER
1870 289 2204 348 DECIMUS.

3540 305 3644 357 802

2564 419 2790 474 CAPUT
2821 419 3019 474 XXXV.

1949 508 2016 561 Ut
2060 521 2116 561 se
2161 505 2319 560 habet
2360 505 2434 559 ad
2470 508 2760 561 secundum
2807 509 3118 562 temtationis
3156 509 3344 578 genus,
3387 510 3532 579 quod
3567 517 3646 566 est

2495 651 2500 656 ,
2617 597 2964 651 curiositatis.

2016 684 2102 736 54.
2135 684 2252 737 Huc
2285 683 2502 738 accedit
2531 684 2643 737 alia
2672 685 2858 738 forma
2904 685 3234 740 tentationis
3266 687 3643 758 multiplicius

1945 771 2283 841 periculosa.
2319 773 2530 826 Praeter
2547 789 2673 826 eam
2697 773 2850 828 enim
2889 773 3408 843 concupiscentiam
3433 775 3644 844 carnis,

1947 875 2074 930 quae
2115 858 2264 914 inest
2293 859 2353 913 in
2384 861 2760 915 delectatione
2797 862 3056 918 omnium
3087 877 3357 917 sensuum
3390 868 3448 917 et
3477 864 3648 918 volu-

1943 951 2188 1016 ptatum,
2220 947 2311 1001 cui
2341 948 2648 1003 servientes
2676 949 2990 1020 depereunt
3015 951 3114 1022 qui
3141 951 3308 1021 longe
3340 967 3398 1004 se
3428 951 3648 1006 faciunt

1947 1054 1976 1091 a
2007 1043 2084 1105 te,
2111 1039 2257 1093 inest
2279 1039 2485 1094 anima:
2505 1057 2610 1111 per
2636 1042 2859 1095 eosdem
2885 1059 3082 1098 sensus
3107 1043 3360 1113 corporis
3381 1042 3646 1114 quaedam

1945 1143 2061 1181 non
2095 1144 2152 1181 se
2193 1128 2512 1183 oblectandi
2551 1128 2609 1182 in
2656 1146 2846 1196 carne,
2891 1131 2987 1185 sed
3020 1131 3351 1201 experiendi
3383 1146 3487 1202 per
3523 1146 3647 1185 car-

1948 1231 2077 1268 nem
2111 1231 2256 1268 vana
2276 1219 2331 1268 et
2356 1216 2582 1269 curiosa
2609 1218 2912 1286 cupiditas,
2946 1219 3178 1272 nomine
3221 1219 3564 1290 cognitionis
3594 1224 3651 1273 et

1948 1303 2197 1356 scientia:
2222 1305 2473 1374 palliata.
2514 1303 2650 1366 Quae
2682 1306 2955 1375 quoniam
2988 1307 3046 1359 in
3078 1307 3338 1377 appetitu
3371 1308 3646 1362 noscendi

1949 1393 2050 1447 est,
2082 1389 2231 1442 oculi
2260 1395 2450 1442 autem
2503 1395 2635 1443 sunt
2681 1392 2747 1444 ad
2791 1394 3252 1461 cognoscendum
3293 1393 3353 1447 in
3384 1394 3644 1448 sensibus

1949 1476 2255 1547 principes.
2292 1479 2718 1546 concupiscentia
2757 1481 3030 1533 oculorum
3061 1479 3290 1550 eloquio
3325 1479 3515 1534 divino
3546 1496 3647 1550 ap-

1949 1566 2158 1634 pellata
2191 1570 2275 1619 est
2321 1566 2360 1634 (l
2390 1568 2558 1619 Joan.
2603 1583 2660 1632 ιι,
2707 1567 2813 1635 16).
2848 1568 2930 1621 Ad
2973 1569 3167 1621 oculos
3224 1566 3378 1621 enim
3418 1567 3652 1637 proprie

1948 1653 2140 1707 videre
2167 1653 2434 1724 pertinet.
2471 1654 2695 1708 Utimur
2715 1661 2907 1709 autem
2929 1656 3037 1710 hoc
3069 1656 3239 1710 verbo
3269 1655 3439 1709 etiam
3466 1655 3526 1709 in
3546 1671 3650 1709 cae-

1950 1741 2086 1795 teris
2115 1743 2394 1808 sensibus,
2427 1759 2555 1797 cum
2581 1760 2674 1796 eos
2701 1745 2771 1798 ad
2796 1745 3250 1814 cognoscendum
3273 1744 3647 1798 intendimus.

1953 1831 2147 1899 Neque
2188 1830 2340 1884 enim
2383 1830 2643 1898 dicimus,
2678 1832 2826 1885 Audi
2872 1832 3009 1902 quid
3049 1832 3284 1898 rutilet;
3329 1835 3445 1899 aut,
3498 1832 3654 1886 Olfac

1951 1934 2123 1989 quam
2161 1919 2378 1988 niteat;
2408 1924 2524 1986 aut,
2558 1921 2730 1976 Gusta
2755 1936 2926 1990 quam
2956 1921 3252 1992 splendeat
3282 1937 3296 1987 ;
3329 1925 3446 1986 aut,
3477 1919 3653 1990 Palpa

1951 2023 2123 2078 quam
2154 2008 2400 2079 fulgeat:
2434 2009 2610 2063 videri
2655 2009 2807 2062 enim
2842 2009 3117 2063 dicuntur
3156 2010 3279 2063 haec
3309 2009 3521 2063 omnia.
3557 2008 3652 2062 Di-

1951 2096 2133 2151 cimus
2163 2102 2352 2151 autem
2383 2114 2497 2151 non
2525 2097 2731 2165 solum,
2766 2098 2903 2152 Vide
2937 2097 3074 2168 quid
3116 2097 3321 2164 luceat,
3363 2096 3516 2168 quod
3546 2095 3656 2149 soli

1953 2185 2102 2239 oculi
2140 2185 2351 2240 sentire
2383 2192 2656 2256 possunt;
2705 2187 2805 2239 sed
2845 2186 3041 2253 etiam,
3080 2187 3214 2240 Vide
3263 2186 3402 2256 quid
3450 2188 3650 2251 sonet;

1953 2273 2079 2328 vide
2108 2275 2244 2345 quid
2274 2275 2458 2342 cleat;
2491 2275 2616 2329 vide
2646 2275 2783 2344 quid
2819 2274 3042 2345 sapiat;
3073 2274 3202 2328 vide
3226 2291 3399 2344 quam
3445 2273 3655 2328 durum

1955 2363 2044 2416 sit.
2078 2364 2324 2434 Ideoque
2351 2364 2632 2434 generalis
2680 2363 3038 2435 experientia
3071 2379 3342 2418 sensuum
3393 2360 3660 2432 concupi-

1956 2452 2189 2520 scentia,
2229 2452 2373 2506 sicut
2400 2453 2614 2506 dictum
2644 2458 2750 2521 est,
2785 2453 3080 2507 oculorum
3113 2456 3384 2518 vocatur;
3415 2451 3552 2522 quia
3581 2449 3663 2504 vi-

1957 2541 2130 2595 dendi
2158 2540 2410 2595 ofﬁcium
2447 2541 2507 2595 in
2557 2557 2671 2612 quo
2702 2542 3011 2612 primatum
3043 2540 3192 2595 oculi
3223 2545 3437 2602 tenent,
3484 2538 3655 2592 etiam

1956 2629 2146 2682 cmteri
2173 2646 2371 2684 sensus
2410 2630 2514 2684 tibi
2543 2630 2612 2684 de
2642 2629 3016 2685 similitudine
3059 2635 3358 2700 usurpant,
3391 2643 3520 2682 cum
3553 2627 3657 2680 ali-

1957 2718 2094 2788 quid
2118 2718 2460 2788 cognitionis
2491 2719 2811 2789 explorant.

2028 2810 2114 2860 ξὶὅ.
2147 2807 2350 2861 Exhoc
2397 2811 2591 2860 autem
2647 2806 2960 2860 evidentius
3016 2804 3360 2860 discernitur
3389 2803 3529 2874 quid
3556 2819 3655 2856 vo-

1959 2894 2214 2964 luptatis,
2265 2894 2402 2965 quid
2447 2894 2792 2948 curiositatis
2841 2899 3043 2965 agatur
3077 2909 3182 2963 per
3227 2907 3463 2945 sensus:
3501 2891 3658 2962 quod

1957 2978 2216 3053 voluptas
2263 2983 2524 3052 pulchra,
2580 2998 2810 3047 canora,
2870 2981 3083 3042 suavia,
3133 2980 3349 3051 sapida,
3393 2978 3541 3032 lenia
3573 2994 3660 3030 se-

1957 3074 2141 3123 ctatur
2165 3086 2178 3137 ;
2211 3068 2534 3123 cursiositas
2564 3074 2758 3123 autem
2784 3068 2955 3123 etiam
2985 3068 3072 3122 his
3089 3066 3375 3121 contraria
3397 3065 3661 3120 tentandi

1961 3174 2150 3226 causa,
2180 3175 2297 3211 non
2328 3158 2398 3212 ad
2457 3159 2808 3212 subeundam
2843 3157 3181 3222 molestiam,
3211 3153 3306 3210 sed
3333 3153 3662 3224 experiendi

1960 3246 2342 3317 noscendique
2375 3245 2638 3300 libidine.
2674 3245 2818 3309 Quid
2849 3246 3003 3298 enim
3034 3244 3342 3314 voluptatis
3374 3243 3551 3297 habet
3577 3241 3660 3295 vi-

1959 3336 2091 3390 dere
2121 3335 2181 3388 in
2219 3334 2434 3388 laniato
2470 3335 2741 3389 cadavere
2787 3333 2939 3405 quod
2979 3334 3321 3398 exhorretis;
3374 3337 3430 3385 et
3468 3336 3662 3384 tamen

1960 3424 2136 3478 sicubi
2188 3425 2390 3495 jaceat,
2438 3427 2787 3477 concurrunt
2833 3427 2896 3476 ut
2942 3421 3369 3485 contristentur,
3422 3425 3488 3473 ut
3532 3420 3662 3489 pal—

1961 3517 2130 3569 leant.
2165 3514 2390 3567 Timent
2422 3513 2592 3566 etiam
2619 3528 2691 3566 ne
2719 3511 2776 3566 in
2808 3511 3026 3565 somnis
3057 3510 3165 3563 hoc
3204 3509 3466 3574 videant;
3501 3508 3662 3577 quasi

1961 3603 2262 3674 quisquam
2295 3619 2390 3655 eos
2415 3601 2717 3671 vigilantes
2746 3600 2938 3654 videre
2979 3597 3245 3667 cae-gerit,
3273 3601 3371 3649 aut
3398 3593 3660 3665 pulchri-

1960 3691 2177 3744 tudinis
2212 3690 2328 3744 ulla
2357 3689 2509 3743 fama
2541 3687 2904 3759 persuaserit.
2941 3688 3024 3741 Ita
3055 3691 3110 3739 et
3137 3685 3197 3739 in
3233 3683 3452 3738 cmteris
3484 3681 3660 3736 sensi-

1960 3780 2087 3848 bus,
2111 3796 2239 3850 qua:
2269 3779 2538 3850 persequi
2569 3778 2806 3849 longum
2832 3781 2932 3832 est.
2969 3778 3046 3831 Ex
3077 3775 3184 3829 hoc
3207 3773 3407 3828 morbo
3440 3771 3662 3842 cupidi-

1963 3869 2112 3932 tatis,
2164 3869 2222 3922 in
2280 3867 2620 3939 spectaculis
2658 3867 3001 3920 exhibentur
3058 3879 3304 3934 quaeque
3360 3859 3658 3916 miracula.

1967 3958 2102 4011 liinc
2133 3957 2203 4010 ad
2261 3957 2669 4028 perscrutanda
2701 3959 2920 4009 natura:
2976 3953 3126 4024 (qum
3163 3957 3374 4022 praeter
3407 3967 3513 4004 nos
3561 3950 3664 4017 est)

1964 4050 2162 4116 operta
2192 4045 2520 4116 proceditur
2551 4047 2588 4109 ί,
2623 4061 2752 4115 qua:
2799 4043 2941 4096 scire
2982 4041 3125 4096 nihil
3166 4041 3400 4111 prodest
3438 4044 3494 4093 et
3523 4037 3664 4092 nihil

1963 4136 2116 4190 aliud
2148 4151 2320 4205 quam
2334 4135 2473 4188 scire
2487 4133 2750 4188 homines
2781 4131 3042 4202 cupiunt.
3074 4129 3214 4184 Hinc
3236 4129 3430 4189 etiam,
3459 4127 3505 4179 si
3527 4126 3666 4196 quid

1965 4225 2166 4279 eodem
2197 4239 2476 4293 perversze.
2501 4221 2752 4276 scientia:
2783 4220 2896 4274 ﬁne
2927 4235 3030 4290 per
3055 4222 3203 4272 artes
3234 4215 3482 4285 magicas
3513 4230 3665 4284 qua:-

1968 4311 2128 4365 ritur.
2157 4311 2298 4364 Ilinc
2319 4309 2490 4364 etiam
2514 4309 2569 4363 in
2603 4309 2727 4379 ipsa
2755 4308 3036 4378 religione
3063 4309 3209 4360 Deus
3230 4307 3502 4370 tentatur,
3531 4317 3661 4355 cum

1965 4399 2128 4468 signa
2149 4404 2204 4452 et
2225 4397 2488 4469 prodigia
2512 4397 2865 4467 flagitantur,
2891 4412 3007 4450 non
3028 4395 3098 4448 ad
3119 4392 3369 4464 aliquam
3390 4391 3628 4444 salutem
3647 4429 3660 4455 ,

1967 4489 2060 4543 sed
2086 4489 2155 4542 ad
2179 4488 2361 4540 solam
2393 4485 2807 4556 experientiam
2841 4483 3179 4537 desiderata.

2037 4580 2123 4630 556.
2159 4577 2223 4630 In
2253 4577 2359 4629 hac
2387 4580 2504 4628 tam
2535 4574 2818 4628 immensa
2846 4571 2984 4625 silva
3013 4571 3183 4640 plena
3229 4567 3568 4623 insidiarum
3610 4570 3670 4620 et

1966 4665 2373 4736 periculorum,
2406 4680 2531 4718 ecce
2557 4663 2738 4716 multa
2769 4660 2792 4692 ²
2811 4658 3167 4731 praeciderim
3197 4661 3253 4711 et
3281 4674 3314 4710 a
3342 4671 3470 4710 meo
3494 4657 3666 4712 corde

1969 4752 2324 4824 dispulerim,
2377 4753 2521 4806 sicut
2577 4748 2802 4805 donasti
2857 4764 2948 4802 me
2999 4746 3206 4813 facere,
3264 4746 3413 4800 Deus
3470 4744 3668 4799 salutis

1969 4859 2150 4908 mem;
2199 4846 2451 4910 attamen
2499 4838 2726 4910 quando
2775 4836 2957 4890 audeo
2991 4835 3201 4899 dicere,
3243 4850 3374 4888 cum
3419 4833 3663 4887 circum-

1969 4905 2195 5003 quaque
2228 4905 2619 5002 quotidianam
2650 4926 2823 4980 vitam
2850 4929 3102 4980 nostram
3133 4927 3249 4978 tam
3282 4923 3464 4978 multa
3491 4922 3664 4993 hujus

1970 5021 2195 5092 generis
2232 5035 2424 5074 rerum
2455 5018 2928 5086 circumstrepent
2959 5031 2973 5082 ;
3007 5014 3234 5084 quando
3265 5013 3444 5068 audeo
3475 5011 3661 5065 dicere

1969 5110 2125 5163 nulla
2154 5126 2214 5163 re
2243 5108 2342 5162 tali
2369 5123 2459 5162 me
2491 5106 2770 5160 intentum
2790 5102 2912 5157 ﬁeri
2935 5103 3004 5157 ad
3025 5103 3414 5172 spectandum.
3445 5104 3502 5153 ct
3520 5113 3662 5150 vana

1970 5215 2103 5252 cura
2133 5197 2477 5268 capiendum
2499 5198 2528 5249 ?
2557 5195 2704 5249 Sane
2747 5209 2837 5247 me
2859 5193 2980 5263 jam
3011 5192 3232 5246 theatra
3257 5206 3378 5245 non
3407 5186 3659 5258 rapiunt,

1970 5305 2074 5344 nec
2103 5304 2238 5342 curo
2267 5303 2428 5341 nosse
2457 5283 2728 5340 transitus
2757 5281 3031 5348 siderum,
3064 5297 3166 5335 nec
3183 5279 3374 5334 anima
3405 5290 3530 5330 mea
3554 5289 3667 5328 un-

2034 5406 2046 5438 ¹
2082 5404 2158 5452 Ita
2182 5403 2302 5452 Mss.
2325 5415 2445 5451 cum
2459 5401 2584 5450 Arn.
2610 5397 2830 5460 ;atBad.
2862 5397 2974 5447 Am.
2994 5397 3078 5446 Er.
3093 5400 3144 5445 et
3168 5371 3666 5460 Lov.,adperscru-

1974 5467 2136 5540 (unde
2163 5469 2368 5514 naturae
2388 5469 2602 5524 secreta,
2634 5475 2749 5525 qum
2777 5465 2979 5526 praeter
3004 5472 3106 5510 nos
3133 5459 3209 5508 est
3231 5459 3472 5519 operata,
3490 5466 3674 5518 proce-

1971 5530 2220 5648 ὠξυίὸνη
2256 5589 2315 5638 Ia
2343 5587 2439 5640 hoc
2465 5589 2640 5638 tamen
2668 5587 3003 5637 immensa...
3036 5594 3147 5634 ecce
3170 5591 3328 5645 quam
3351 5577 3543 5629 multa.
