4058 6174
372 307 477 361 803

373 442 549 498 quam
577 440 850 495 responsa
878 422 1140 495 quaesivit
1167 423 1541 490 umbrarum;
1582 423 1777 477 omnia
1799 422 2074 493 sacrilega

372 517 728 569 sacramenta
772 514 1039 567 detestor.
1068 514 1115 565 Α
1156 515 1233 580 te,
1284 510 1523 565 Domine
1576 512 1722 565 Deus
1751 527 1934 579 meus,
1982 510 2073 565 cui

373 604 652 658 humilem
683 602 1019 656 famulatum
1049 616 1113 653 ac
1128 599 1445 670 simplicem
1470 599 1670 667 debeo,
1695 600 1922 671 quantis
1950 616 2071 653 me-

374 707 506 746 cum
543 689 982 761 suggestionum
1014 687 1538 741 machinationibus
1568 687 1688 758 agit
1715 687 1978 741 inimica:
2013 692 2074 740 nt

376 780 603 849 signum
649 776 881 849 aliquod
930 781 1125 845 petam
1148 776 1177 828 ‘?
1215 775 1327 830 Sed
1372 775 1605 830 obsecro
1638 780 1692 830 te
1722 791 1828 846 per
1856 778 2075 847 Regem

376 872 655 929 nostrum,
711 871 768 920 et
816 864 1063 935 patriam
1100 864 1417 918 Jerusalem
1461 864 1798 936 simplicem,
1839 870 2071 932 castam,

372 960 438 1010 ut
464 953 947 1026 quemadmodum
973 969 1007 1006 a
1034 968 1128 1007 me
1158 952 1330 1023 longe
1367 957 1452 1007 est
1487 952 1598 1007 ista
1643 953 1963 1020 consensio,
1996 952 2074 1007 ita

371 1042 445 1098 sit
467 1058 694 1113 semper
723 1041 889 1112 longe
914 1044 1084 1112 atque
1118 1041 1366 1111 longius.
1399 1042 1508 1095 Pro
1539 1042 1720 1096 salute
1749 1047 1939 1096 autem
1969 1058 2071 1096 cu-

363 1131 637 1202 jusquam
661 1144 795 1185 cum
822 1134 878 1184 te
898 1146 1057 1201 rogo,
1091 1130 1236 1183 alius
1249 1130 1498 1184 multum
1523 1130 1792 1185 differens
1820 1130 1951 1184 finis
1990 1136 2074 1186 est

372 1218 706 1274 intentionis
739 1234 909 1286 meas;
941 1224 997 1274 et
1026 1223 1082 1273 te
1111 1218 1415 1273 facientem
1449 1218 1601 1290 quod
1630 1218 1734 1284 vis,
1771 1219 1869 1273 das
1908 1219 2069 1283 mihi,

374 1312 429 1363 ct
458 1308 617 1363 dabis
647 1309 893 1362 libenter
919 1308 1102 1378 sequi.

438 1403 526 1453 57.
561 1399 967 1452 Verumtamen
1005 1397 1064 1451 in
1112 1413 1283 1468 quam
1337 1397 1535 1451 multis
1587 1396 1984 1451 minutissimis
2016 1400 2073 1450 et

366 1485 895 1555 contemptibilibus
928 1484 1097 1538 rebus
1118 1483 1414 1537 curiositas
1444 1484 1705 1555 quotidie
1734 1489 1927 1537 nostra
1956 1488 2073 1536 ten-

369 1579 524 1629 tatur
550 1575 590 1639 ί,
618 1577 673 1627 et
704 1589 878 1644 quam
908 1588 1059 1642 saepe
1090 1571 1372 1635 labamur,
1408 1572 1534 1643 quis
1555 1574 1897 1626 enumerat?
1927 1572 2073 1636 Quo-

369 1664 474 1717 ties
503 1666 800 1716 narrantes
824 1661 1037 1727 inania,
1072 1658 1259 1730 primo
1281 1660 1447 1730 quasi
1478 1660 1787 1715 toleramus
1802 1676 1874 1715 ne
1892 1661 2071 1714 offen-

371 1751 575 1806 damus
592 1750 865 1813 inlirmos,
896 1748 1101 1803 deinde
1122 1748 1397 1818 paulatim
1427 1748 1674 1803 libenter
1693 1749 2074 1803 advertimus?

370 1838 582 1893 Canem
609 1841 936 1890 currentem
967 1838 1097 1904 post
1123 1836 1378 1905 leporem
1400 1835 1523 1905 jam
1552 1852 1669 1890 non
1699 1840 1908 1907 specto,
1941 1852 2069 1889 cum

368 1925 428 1979 in
455 1925 602 1980 circo
633 1924 731 1978 fit:
765 1929 823 1978 at
847 1939 981 1978 vero
1012 1922 1069 1977 in
1102 1940 1263 1995 agro,
1296 1923 1344 1978 si
1365 1940 1499 1978 casu
1518 1928 1837 1994 transeam,
1868 1924 2073 1979 avertit

370 2030 463 2068 me
490 2013 742 2068 fortassis
770 2023 827 2066 et
853 2012 924 2065 ab
954 2011 1147 2083 aliqua
1177 2028 1387 2083 magna
1408 2012 1776 2083 cogitatione,
1804 2018 1977 2084 atque
2001 2013 2070 2067 ad

369 2116 427 2156 se
454 2099 734 2155 convertit
763 2100 857 2153 illa
884 2100 1107 2153 venatio
1131 2115 1143 2165 ;
1186 2116 1306 2153 non
1337 2100 1565 2155 deviare
1594 2116 1804 2169 cogens
1835 2115 2071 2168 corpore

359 2189 634 2261 jumenti,
666 2189 765 2243 sed
791 2187 977 2242 cordis
1005 2187 1399 2243 inclinatione.
1433 2189 1499 2243 Et
1517 2188 1627 2243 nisi
1648 2189 1772 2259 jam
1806 2188 1950 2243 mihi
1979 2189 2072 2244 de-

372 2275 1033 2331 monstratainﬁrmitate
1062 2274 1337 2343 mea,cito
1365 2275 1695 2343 admoneas,
1719 2280 1815 2330 aut
1845 2292 1909 2329 ex
1946 2275 2071 2345 ipsa

369 2366 587 2421 visione
615 2380 720 2436 per
747 2365 1001 2435 aliquam
1030 2364 1547 2418 considerationem
1577 2364 1638 2419 in
1664 2369 1719 2419 te
1751 2380 2066 2435 assurgere,

370 2460 469 2510 aut
506 2458 692 2508 totum
722 2457 1088 2507 contemnere
1117 2457 1287 2523 atque
1308 2451 1572 2519 transire,
1605 2469 1783 2506 vanus
1803 2452 2065 2507 hebesco.

370 2543 517 2609 Quid
548 2557 680 2597 cum
708 2556 801 2595 me
844 2540 997 2595 domi
1026 2539 1319 2594 sedentem
1349 2540 1532 2595 stellio
1565 2558 1786 2596 muscas
1813 2545 2068 2612 captans,

372 2633 458 2686 vel
487 2646 697 2686 aranea
721 2629 936 2684 retibus
965 2629 1081 2683 suis
1108 2628 1390 2684 irruentes
1422 2630 1744 2701 implicans,
1781 2646 1932 2701 saepe
1975 2629 2066 2684 in-

370 2726 592 2776 tentum
609 2718 789 2774 facit?
820 2720 967 2772 Num
993 2717 1129 2789 quia
1141 2734 1314 2788 parva
1333 2723 1468 2773 sunt
1483 2718 1772 2784 animalia,
1802 2719 1932 2774 ideo
1953 2735 2068 2773 non

370 2826 460 2863 res
492 2808 691 2862 eadem
732 2806 985 2876 geritur?
1013 2806 1338 2876 Pergoinde
1365 2807 1433 2861 ad
1450 2806 1798 2862 laudandum
1820 2811 1896 2875 te,
1919 2822 2068 2861 crea-

369 2904 549 2953 torem
581 2896 887 2951 mirilicum
926 2899 1098 2966 atque
1129 2895 1514 2950 ordinatorem
1558 2911 1754 2950 rerum
1783 2895 2065 2962 omnium,

369 2987 466 3042 sed
497 3002 612 3040 non
644 2985 777 3039 inde
805 2984 1060 3038 intentus
1089 2999 1209 3038 esse
1239 2982 1474 3055 incipio.
1506 2984 1674 3039 Aliud
1699 2988 1785 3039 est
1813 2984 1921 3039 cito
1953 3000 2069 3038 sur-

368 3091 526 3148 gere,
555 3073 733 3129 alliud
758 3076 842 3128 est
870 3088 986 3127 non
1015 3073 1235 3128 cadere.
1272 3073 1337 3127 Et
1364 3072 1572 3127 talibus
1598 3072 1711 3128 vita
1741 3089 1867 3128 mea
1896 3073 2065 3144 plena

369 3168 469 3229 est,
504 3168 561 3218 et
588 3178 704 3217 una
730 3178 858 3233 spes
891 3177 1018 3216 mea
1058 3177 1271 3232 magna
1315 3162 1478 3216 valde
1524 3161 1915 3216 misericordia
1944 3166 2064 3217 tua.

367 3257 512 3311 Cum
535 3251 692 3307 enim
719 3249 1113 3320 hujuscemodi
1140 3265 1336 3303 rerum
1356 3250 1824 3319 conceptaculum
1846 3254 1868 3286 ²
1886 3249 1954 3304 ﬁt
1971 3266 2068 3303 cor

367 3346 646 3407 nostrum,
680 3343 733 3393 et
760 3343 948 3413 portat
975 3342 995 3373 ³
1029 3338 1275 3407 copiosae
1312 3338 1581 3392 vanitatis
1611 3342 1879 3392 catervas.
1934 3338 2067 3392 hinc

368 3437 426 3485 et
445 3429 733 3485 orationes
763 3430 972 3482 nostra;
1011 3443 1162 3497 saepe
1200 3425 1699 3496 interrumpuntur
1726 3430 1899 3497 atque
1946 3430 2066 3481 tur-

367 3520 591 3583 bantur,
625 3521 682 3572 et
708 3519 837 3571 ante
863 3519 1226 3586 conspectum
1261 3520 1427 3570 tuum
1459 3515 1597 3571 dum
1628 3515 1699 3569 ad
1743 3531 1909 3569 aures
1939 3520 2065 3570 tuas

367 3624 563 3663 vocem
602 3606 787 3663 cordis
842 3604 1215 3670 intendimus,
1268 3604 1461 3660 nescio
1515 3604 1665 3659 unde
1714 3604 2066 3659 irruentibus

369 3694 684 3767 nugatoriis
713 3693 1157 3764 cogitationibus
1186 3709 1277 3747 res
1302 3697 1460 3747 tanta
1489 3692 1837 3765 praeciditur.

974 3799 1200 3853 CAPUT
1227 3800 1453 3854 XXXVI.

476 3890 541 3942 Ut
560 3902 614 3941 se
642 3886 800 3940 habet
821 3887 894 3939 ad
914 3889 1134 3941 tertium
1156 3890 1467 3941 temtationis
1500 3902 1685 3954 genus,
1720 3887 1865 3956 quod
1883 3892 1962 3942 est

1075 3974 1355 4042 superbiae.

439 4066 527 4118 58.
564 4061 854 4133 Numquid
876 4061 1050 4116 etiam
1078 4062 1186 4115 hoc
1216 4060 1365 4115 inter
1394 4063 1814 4118 contemnenda
1834 4064 2068 4135 deputa-

370 4153 579 4220 bimus,
611 4156 714 4207 aut
739 4150 953 4222 aliquid
987 4167 1090 4205 nos
1117 4151 1352 4205 reducet
1379 4152 1441 4206 in
1470 4166 1652 4222 spem,
1683 4152 1796 4206 nisi
1822 4157 1944 4207 tota
1966 4154 2069 4208 mi-

368 4242 674 4297 sericordia
701 4245 802 4296 tua
832 4245 871 4305 ⁸,
916 4240 1189 4312 quoniam
1236 4240 1455 4311 coepisti
1483 4246 1707 4296 mutare
1740 4257 1845 4295 nos
1865 4244 1894 4296 ?
1922 4246 1978 4297 et
2004 4246 2066 4297 tu

366 4332 474 4386 scis
501 4334 715 4404 quanta
745 4346 812 4384 ex
841 4334 1002 4401 parte
1032 4329 1578 4401 mutaveris,quime
1606 4330 1872 4401 primitus
1902 4347 2067 4386 sanas

365 4436 399 4473 a
426 4418 661 4473 libidine
697 4415 1026 4471 vindicandi
1057 4430 1169 4483 me,
1208 4420 1274 4470 ut
1301 4416 1584 4487 propitius
1627 4415 1729 4470 ﬁas
1767 4416 1941 4471 etiam
1964 4434 2068 4472 cte-

365 4507 502 4562 teris
531 4506 799 4561 omnibus
829 4504 1207 4577 inquitatibus
1238 4504 1402 4571 meis,
1434 4508 1489 4559 et
1519 4520 1682 4559 sanes
1711 4521 1909 4560 omnes
1944 4507 2066 4561 lan-

367 4610 570 4664 guores
593 4610 774 4662 meos,
804 4599 861 4649 et
889 4594 1139 4649 redimas
1169 4593 1239 4647 de
1264 4593 1628 4665 corruptione
1657 4594 1833 4649 vitam
1854 4611 2063 4663 meam,

366 4688 423 4737 et
440 4699 674 4737 corones
701 4699 795 4737 me
813 4684 875 4737 in
897 4681 1263 4737 miseratione
1294 4686 1351 4737 et
1374 4682 1785 4749 misericordia,
1808 4687 1865 4737 et
1894 4683 2067 4738 saties

367 4770 428 4824 in
447 4770 611 4824 bonis
641 4770 988 4825 desiderium
1018 4787 1214 4827 meum
1246 4772 1415 4838 (Psal.
1447 4787 1537 4847 ςιι,
1571 4774 1685 4841 3-5)
1713 4791 1728 4838 ;
1758 4772 1858 4843 qui
1880 4769 2068 4827 5com-

368 4856 622 4931 pressisti
652 4874 683 4910 a
712 4858 916 4913 timore
944 4863 1043 4914 tuo
1074 4859 1401 4931 superbiam
1421 4875 1633 4929 meam,
1665 4863 1721 4929 et
1743 4860 2065 4915 mansuefe-

366 4948 492 5003 cisti
507 4948 649 5018 jugo
678 4950 775 5001 tuo
806 4947 1078 5003 cervicem
1109 4964 1318 5003 meam.
1354 4950 1420 5004 Et
1448 4965 1599 5003 nunc
1628 4954 1792 5019 porto
1822 4948 1983 5015 illud,
2012 4953 2069 5004 et

368 5038 492 5092 lene
523 5040 608 5091 est
633 5034 798 5102 mihi,
830 5036 1105 5106 quoniam
1128 5037 1205 5091 sic
1225 5036 1540 5108 promisisti
1562 5042 1621 5091 et
1641 5036 1824 5091 fecisti
1846 5038 2062 5108 (Matth.

429 5182 444 5215 ί
479 5179 745 5235 Tenlclur,
767 5175 922 5240 juxta
950 5177 1098 5225 Mart.
1114 5180 1409 5240 cumGMss.
1424 5177 1656 5228 etRond.
1671 5180 1831 5227 cumt
1848 5178 1971 5228 Mss.
1997 5179 2061 5228 M.

427 5243 450 5277 9
473 5240 629 5289 Juxta
656 5239 1276 5301 Ron’d..reccptaculum.
1308 5241 1375 5290 Μ.

426 5305 448 5338 ³
470 5303 672 5373 ξεί-σοι·
698 5305 961 5373 nostrum,
984 5303 1032 5373 εξ
1055 5303 1383 5364 portet,etc.,
1396 5302 1552 5367 juxta
1582 5302 1753 5355 Rond.
1784 5317 1849 5353 ex
1878 5306 1905 5352 5
1939 5304 2062 5353 Mss.

366 5364 505 5429 apud
535 5365 685 5413 Mart.
717 5363 964 5413 laudatis.
987 5363 1064 5411 Μ(
1398 5363 1413 5367 ⁷

378 5429 449 5501 “f
478 5427 607 5501 Mss:
639 5426 886 5501 nonnulli
916 5438 1036 5475 cum
1067 5425 1213 5481 Arn..
1241 5424 1351 5476 nisi
1371 5430 1506 5479 nota
1539 5425 1916 5481 misericordia
1949 5430 2062 5480 tua.

365 5487 525 5545 Alias,
545 5490 657 5540 nisi
683 5491 812 5540 tota.

429 5554 448 5585 δ
472 5552 622 5613 Quia,
649 5551 804 5615 juxta
832 5550 1032 5602 Somm.
1064 5553 1119 5601 et
1146 5548 1317 5600 Rond.
1348 5563 1413 5600 ex
1438 5552 1467 5599 9
1497 5551 1619 5601 Mss.
1645 5552 1714 5602 Μ.

1592 296 2129 355 CONFESSIONUM
2170 298 2225 352 S.
2269 296 2675 354 AUGUSTINI.

3778 297 3878 349 804

2186 437 2269 484 x1,
2294 424 2384 492 30)
2409 438 2423 489 ;
2457 426 2514 476 et
2539 435 2670 476 vere
2700 419 2778 474 sic
2808 424 2948 488 erat,
2982 423 3039 475 et
3058 418 3380 475 nesciebam
3411 419 3638 491 quando
3663 420 3722 474 id
3756 421 3879 475 sub-

2183 510 2265 565 ire
2296 511 2643 566 metuebam.
2676 508 2785 564 Sed
2816 508 3116 580 numquid,
3152 507 3413 573 Domine,
3443 508 3538 579 qui
3568 508 3723 562 solus
3755 509 3876 564 sine

2183 600 2357 670 typho
2386 598 2719 666 dominaris,
2753 598 2889 670 quia
2907 599 3061 652 solus
3090 613 3257 651 verus
3281 596 3555 652 Dominus
3569 615 3628 651 es
3641 598 3741 669 qui
3771 615 3883 653 non

2183 688 2357 743 habes
2386 687 2685 742 dominum
2711 703 2724 754 ;
2747 686 3034 758 numquid
3054 687 3161 742 hoc
3182 702 3415 758 quoque
3443 685 3680 741 tertium
3700 691 3881 741 tenta-

2181 777 2355 832 tionis
2388 794 2568 849 genus
2607 776 2843 832 cessavit
2880 793 2913 831 a
2940 773 3093 842 me‘,
3145 779 3245 830 aut
3272 791 3492 830 cessare
3521 774 3581 830 in
3610 775 3718 830 hac
3766 779 3882 830 tota

2181 863 2297 918 vita
2326 866 2556 934 potest?

2254 955 2338 1007 59.
2369 952 2583 1007 Timeri
2612 955 2669 1006 et
2696 950 2879 1006 amari
2906 952 3053 1005 velle
3086 951 3155 1005 ab
3185 950 3539 1018 hominibus,
3590 967 3713 1005 non
3754 968 3883 1022 pro-

2181 1044 2311 1110 pter
2338 1039 2516 1106 aliud,
2562 1040 2661 1095 sed
2710 1045 2776 1094 ut
2820 1039 2954 1095 inde
3005 1040 3077 1093 sit
3112 1039 3411 1111 gaudium,
3460 1040 3615 1111 quod
3644 1056 3766 1094 non
3808 1046 3888 1095 est

2183 1129 2460 1201 gaudium
2491 1132 2532 1196 ²,
2564 1128 2775 1183 misera
2803 1129 2917 1183 vita
2946 1132 3050 1198 est,
3082 1133 3139 1183 et
3166 1128 3316 1183 foeda
3338 1127 3629 1199 jactantia.
3655 1128 3801 1183 Hinc
3826 1130 3885 1183 fit

2185 1219 2268 1272 vel
2301 1218 2545 1272 maxime
2575 1234 2692 1272 non
2721 1233 2913 1272 amare
2942 1222 3021 1282 te,
3051 1232 3158 1271 nec
3187 1222 3335 1270 caste
3376 1216 3581 1271 timere
3611 1221 3684 1270 te.
3724 1219 3883 1271 Ideo-

2184 1322 2294 1377 que
2324 1312 2386 1361 tu
2419 1305 2678 1377 superbis
2709 1306 2941 1373 resistis,
2962 1304 3277 1360 humilibus
3306 1310 3499 1359 autem
3515 1305 3615 1360 das
3640 1305 3881 1376 gratiam

2184 1398 2341 1465 (Patr.
2376 1412 2428 1459 v,
2463 1398 2550 1465 5);
2587 1400 2644 1449 et
2698 1394 2926 1449 iutonas
2957 1410 3133 1465 super
3186 1393 3528 1448 ambitiones
3577 1394 3799 1459 saeculi,
3832 1403 3883 1449 et

2183 1489 2549 1539 contremunt
2569 1483 2939 1538 fundamenta
2967 1482 3274 1537 montium.
3307 1484 3505 1554 Itaque
3536 1484 3725 1549 nobis,
3754 1500 3883 1555 quo-

2184 1574 2338 1627 niam
2369 1578 2603 1644 propter
2632 1573 2899 1643 quaadam
2927 1572 3197 1626 humanae
3227 1571 3515 1626 societatis
3545 1571 3738 1626 ofﬁcia
3787 1590 3880 1627 ne-

2182 1662 2492 1717 cessarium
2534 1665 2616 1716 est
2664 1661 2843 1715 amari
2897 1665 2954 1715 et
2994 1660 3186 1714 timeri
3216 1660 3287 1715 ab
3329 1660 3680 1721 hominibus,
3715 1661 3886 1715 instat

2184 1750 2541 1806 adversarius
2569 1766 2715 1805 verae
2728 1748 3098 1804 beatitudinis
3113 1753 3344 1814 nostras,
3360 1749 3577 1820 ubique
3609 1765 3881 1820 spargens

2184 1840 2242 1893 in
2264 1839 2502 1911 laqueis,
2533 1841 2905 1909 Euge,euge:
2945 1842 3006 1891 ut
3043 1837 3177 1892 dum
3211 1837 3374 1892 avide
3405 1838 3777 1909 colligimus,‘
3796 1838 3879 1892 in-

2181 1933 2343 1984 caute
2373 1927 2687 1999 capiamur,
2720 1931 2776 1981 et
2818 1943 2850 1980 a
2891 1926 3129 1980 veritate
3174 1929 3276 1980 tua
3306 1926 3578 1996 gaudium
3622 1932 3879 1981 nostrum

2183 2018 2556 2089 deponamus,
2609 2020 2780 2087 atque
2830 2016 2890 2070 in
2941 2015 3244 2070 hominum
3299 2015 3520 2069 fallacia
3557 2031 3877 2087 ponamus;

2180 2106 2466 2177 libeatque
2496 2121 2598 2159 nos
2630 2105 2811 2159 amari
2858 2108 2915 2158 et
2942 2103 3153 2171 timeri,
3198 2121 3317 2159 non
3363 2108 3600 2176 propter
3645 2110 3727 2171 te,
3790 2105 3878 2159 sed

2179 2210 2284 2265 pro
2312 2198 2366 2249 te
2389 2213 2404 2261 ;
2431 2199 2600 2264 atque
2632 2193 2738 2247 isto
2768 2193 2937 2248 modo
2963 2193 3050 2247 sui
3082 2193 3295 2247 similes
3334 2193 3509 2248 factos
3557 2209 3759 2249 secum
3788 2195 3880 2248 lia-

2179 2282 2329 2348 beat,
2362 2298 2479 2335 non
2525 2282 2591 2336 ad
2646 2282 3009 2337 concordiam
3047 2282 3363 2348 charitatis,
3395 2282 3492 2337 sed
3522 2282 3592 2336 ad
3641 2298 3878 2337 consor—

2178 2371 2323 2425 tium
2356 2370 2643 2442 supplicii,
2676 2370 2777 2443 qui
2806 2371 3206 2426 statuitsedem
3231 2387 3394 2425 suam
3406 2386 3621 2442 ponere
3641 2372 3701 2425 in
3724 2372 3882 2443 aqui-

2178 2460 2331 2525 lone,
2365 2464 2428 2514 ut
2453 2466 2508 2514 te
2561 2476 2826 2531 perversa
2880 2464 2936 2513 et
2980 2460 3219 2514 distorta
3247 2460 3338 2513 via
3394 2459 3643 2514 imitanti
3669 2464 3690 2495 ³
3720 2460 3877 2529 (Isai.

2178 2565 2288 2614 x1v,
2322 2550 2535 2618 l3-l5),
2553 2548 2841 2603 tenebrosi
2864 2548 3172 2620 frigidique
3192 2548 3491 2603 servirent.
3522 2550 3634 2603 Nos
3660 2552 3878 2614 autem,

2178 2637 2442 2704 Domine,
2475 2637 2719 2708 pusillus
2740 2653 2877 2707 grex
2895 2642 3028 2692 tuus
3050 2653 3176 2692 ecce
3203 2653 3400 2692 sumus
3426 2636 3580 2706 (Luc.
3603 2654 3721 2707 xm,
3754 2641 3877 2708 32);

2178 2730 2242 2781 tu
2266 2742 2370 2779 nos
2396 2726 2649 2797 posside.
2685 2726 2982 2781 Praetende
3005 2727 3121 2781 alas
3150 2730 3298 2793 tuas,
3332 2730 3388 2780 et
3432 2725 3716 2797 fugiamus
3782 2726 3878 2781 sub

2178 2831 2298 2869 eas.
2338 2814 2527 2870 Gloria
2558 2819 2747 2869 nostra
2774 2820 2839 2870 tu
2865 2819 2984 2869 esto
3007 2819 3273 2886 ;propter
3300 2820 3355 2868 te
3375 2830 3656 2882 amemur,
3684 2819 3744 2868 et
3764 2830 3881 2869 ver-

2176 2904 2315 2959 bum
2344 2907 2509 2958 tuum
2537 2903 2811 2959 timeatur
2838 2904 2897 2958 in
2928 2904 3115 2960 nobis.
3153 2904 3261 2968 Qui
3287 2904 3507 2958 laudari
3533 2904 3653 2958 vult
3680 2904 3756 2957 ab
3789 2905 3881 2959 ho-

2177 2991 2430 3046 minibus
2453 2992 2811 3063 vituperante
2840 2996 2916 3055 te,
2943 3007 3060 3046 non
3090 2991 3427 3046 defendetur
3444 2991 3514 3046 ab
3545 2991 3876 3047 hominibus

2170 3081 2465 3153 judicante
2492 3085 2570 3147 te,
2601 3096 2706 3135 nec
2744 3079 3021 3151 eripietur
3045 3080 3352 3135 damnante
3381 3085 3456 3134 te.
3491 3081 3631 3136 Cum
3679 3086 3874 3136 autem

2177 3181 2297 3221 non
2329 3170 2589 3237 peccator
2617 3165 2884 3221 laudatur
2911 3165 2971 3219 in
2998 3164 3295 3220 desideriis
3336 3166 3544 3220 animus
3575 3182 3721 3232 suae,
3773 3182 3871 3221 nec

2177 3254 2278 3326 qui
2308 3253 2506 3326 iniqua
2525 3254 2676 3324 gerit
2698 3253 3054 3309 benedicitur
3093 3254 3267 3324 (Psal.
3300 3270 3355 3322 ι,
3381 3257 3452 3323 3),
3479 3255 3576 3309 sed
3605 3254 3872 3310 laudatur

2176 3344 2352 3399 homo
2383 3347 2617 3415 propter
2642 3344 2874 3414 aliquod
2906 3344 3120 3398 donum
3152 3344 3308 3414 quod
3337 3342 3542 3398 dedisti
3571 3344 3661 3410 ei;
3696 3351 3758 3399 at
3782 3344 3870 3399 ille

2176 3433 2307 3505 plus
2345 3433 2554 3503 gaudet
2583 3432 2691 3487 sibi
2722 3432 2942 3487 laudari
2970 3448 3051 3499 se,
3085 3447 3258 3503 quam
3284 3432 3476 3503 ipsum
3511 3432 3731 3487 donum
3774 3432 3869 3487 ha-

2175 3522 2310 3577 bere
2340 3523 2492 3577 unde
2523 3521 2824 3577 laudatur:
2858 3521 3028 3576 etiam
3060 3521 3165 3575 iste
3197 3526 3252 3576 te
3282 3521 3639 3591 vituperante
3668 3521 3867 3576 lauda-

2175 3614 2306 3676 tur;
2336 3615 2392 3664 et
2419 3608 2625 3665 melior
2669 3608 2791 3679 jam
2842 3608 2938 3663 ille
2986 3607 3086 3679 qui
3116 3608 3382 3671 laudavit,
3416 3624 3590 3679 quam
3621 3608 3731 3662 iste
3777 3609 3868 3679 qui

2175 3698 2439 3754 laudatus
2460 3702 2562 3754 est.
2597 3697 2683 3752 Illi
2709 3697 2862 3752 enim
2891 3697 3107 3768 placuit
3131 3697 3191 3750 in
3222 3697 3457 3751 homine
3486 3697 3709 3751 donum
3735 3696 3862 3757 Dei:

2176 3788 2307 3842 huic
2337 3788 2585 3860 amplius
2613 3786 2831 3858 placuit
2859 3786 3075 3840 donum
3106 3786 3357 3841 hominis
3383 3801 3556 3858 quam
3591 3785 3711 3841 Dei.

2777 3894 3000 3949 CAPUT
3030 3894 3278 3949 XXXVII.

2571 3985 2636 4039 Ut
2663 3987 2902 4037 movetur
2931 3981 3185 4037 laudibus
3219 3982 3491 4036 humanis.

2248 4094 2336 4146 60.
2366 4092 2677 4146 Tentamur
2705 4088 2793 4144 bis
2831 4088 3243 4144 tentationibus
3274 4089 3548 4160 quotidie,
3607 4089 3863 4153 Domine;

2178 4179 2300 4234 sine
2329 4178 2639 4235 cessatione
2667 4182 2977 4233 tentamur.
3009 4177 3561 4243 Quotidianafornax
3580 4184 3774 4232 nostra
3790 4183 3868 4231 est

2178 4268 2431 4323 humana
2457 4268 2675 4340 lingua.
2710 4268 2961 4338 lmperas
2982 4266 3148 4321 nobis
3179 4266 3316 4321 etin
3337 4266 3442 4320 hoc
3454 4282 3669 4338 genere
3697 4266 3865 4322 conti-

2179 4358 2470 4413 nentiam:
2505 4357 2579 4412 da
2604 4356 2757 4428 quod
2771 4355 2964 4426 jubes,
2996 4359 3053 4409 et
3088 4355 3227 4426 jube
3262 4354 3416 4425 quod
3446 4354 3549 4409 vis.
3595 4356 3675 4410 Tu
3726 4354 3867 4410 nosti

2176 4446 2246 4513 de
2276 4446 2381 4501 hac
2410 4462 2470 4500 re
2502 4446 2574 4500 ad
2602 4449 2658 4500 te
2685 4443 2965 4516 gemitum
2993 4443 3177 4499 cordis
3208 4443 3342 4509 mei,
3375 4446 3431 4497 et
3460 4443 3705 4498 ﬂumina
3740 4460 3865 4497 ocu-

2175 4534 2365 4589 lorum
2404 4550 2681 4589 meorum.
2712 4534 2908 4604 Neque
2936 4532 3092 4588 enim
3119 4531 3281 4587 facile
3312 4532 3516 4603 colligo
3553 4549 3727 4604 quam
3764 4531 3867 4585 sim

2178 4622 2247 4677 ab
2276 4622 2382 4677 ista
2410 4628 2570 4694 peste
2613 4621 2961 4689 mundatior,
3021 4626 3077 4676 et
3122 4621 3369 4676 multum
3427 4622 3603 4676 timeo
3659 4621 3868 4677 occulta

2176 4727 2306 4766 mea
2353 4712 2521 4780 (Psal.
2570 4728 2727 4781 xviii,
2766 4712 2872 4784 l3),
2906 4727 3036 4783 qua:
3065 4713 3281 4765 norunt
3303 4709 3453 4764 oculi
3482 4710 3591 4777 tui,
3630 4711 3745 4765 mei
3770 4725 3858 4764 au-

2175 4804 2293 4855 tem
2314 4816 2452 4854 non.
2482 4801 2578 4855 Est
2606 4800 2761 4855 enim
2807 4799 3240 4872 qualiscumque
3287 4798 3348 4853 in
3396 4798 3522 4852 aliis
3567 4798 3868 4870 generibus

2175 4887 2556 4943 tentationum
2587 4888 2732 4944 mihi
2758 4889 2993 4943 facultas
3015 4887 3346 4959 explorandi
3365 4903 3488 4954 me;
3518 4886 3579 4942 in
3600 4888 3707 4942 hoc
3724 4900 3865 4957 pene

2176 4978 2336 5032 nulla
2364 4981 2470 5035 est.
2500 4980 2640 5033 Nam
2671 4983 2730 5034 et
2753 4996 2785 5033 a
2813 4977 3203 5047 voluptatibus
3235 4976 3441 5043 carnis,
3475 4981 3531 5030 et
3573 4993 3608 5030 a
3635 4973 3863 5029 curiosi-

2176 5070 2289 5122 tate
2319 5083 2737 5137 supervacanea
2766 5066 3166 5139 cognoscendi,
3199 5065 3361 5120 video
3392 5069 3674 5136 quantum
3717 5077 3863 5118 asse-

2177 5159 2340 5210 cutus
2369 5156 2478 5211 sim
2519 5173 2687 5228 posse
2724 5156 3013 5211 refrenare
3043 5154 3304 5211 animum
3347 5169 3565 5217 meum,
3614 5169 3741 5209 cum
3783 5149 3861 5204 eis

2237 5300 2253 5333 ¹
2289 5298 2523 5362 Cessabit
2549 5312 2584 5348 a
2612 5312 2717 5357 nte,
2737 5297 2892 5362 juxta
2915 5298 3211 5362 murteum
3246 5300 3286 5362 6A
3303 5297 3425 5362 Mss.
3462 5297 3532 5362 Μ.

2235 5362 2257 5395 ²
2277 5361 2474 5411 Somm.
2507 5364 2559 5410 et
2579 5351 2755 5411 Βοηὰῖ
2780 5362 2809 5409 9
2831 5361 2952 5410 Mss.
2978 5360 3093 5409 fulti
3115 5360 3346 5424 phrasim
3367 5359 3441 5407 sic
3464 5358 3715 5407 inchoent
3735 5371 3748 5405 :
3766 5351 3859 5402 Sed

2235 5424 2436 5482 nmquid
2455 5438 2473 5482 ;
2505 5436 2725 5482 eamque
2737 5423 2811 5472 sic
2824 5421 3091 5482 complent
3108 5437 3119 5470 :
3135 5421 3284 5482 Quod
3298 5421 3483 5471 nonest
3498 5420 3743 5481 gaudium
3752 5417 3833 5482 ?_M
3843 5448 3857 5461 .

2172 5435 2436 5498 numquid
2455 5438 2480 5497 ,1
2505 5436 2725 5495 eamque
2737 5437 2811 5472 sic
2824 5435 3091 5485 complent
3108 5435 3282 5495 :yuoa
3298 5435 3402 5493 ποῃ
3412 5435 3482 5470 εει
3498 5435 3743 5492 gqumum
3754 5435 3772 5465 τ
3790 5435 3831 5464 ιιι
3843 5448 3857 5461 .

2239 5492 2259 5523 τι
2286 5488 2370 5537 Sic
2381 5487 2606 5549 legimus
2626 5499 2683 5534 in
2700 5486 2823 5534 Mss.
2837 5485 3133 5549 Fossatensi
3149 5488 3229 5549 ;at
3242 5496 3296 5531 in
3308 5483 3423 5549 aliis
3436 5483 3697 5549 plerisque
3713 5478 3859 5529 habe—

2177 5555 2265 5601 tur
2286 5545 2561 5609 ιπιίιᾱπαι,
2591 5551 2683 5597 aut
2709 5549 2937 5599 imitati:
2968 5546 3148 5596 minus
3174 5546 3326 5608 bene,
3350 5548 3411 5595 ut
3437 5545 3764 5595 arbitramur.
