4058 6174
171 222 278 271 8υὸ

169 341 344 394 rebus
374 354 558 403 careo,
590 336 679 389 vel
725 336 1038 402 voluntate,
1086 335 1170 388 vel
1217 349 1346 390 cum
1390 331 1667 390 absunt‘.
1717 336 1876 390 Tunc

169 430 329 483 enim
358 444 451 482 me
498 427 815 496 interrogo,
847 440 1020 496 quam
1053 424 1233 495 magis
1277 424 1538 478 minusve
1578 423 1720 478 mihi
1755 441 1878 479 mo-

171 519 380 572 lestum
413 516 485 570 sit
514 531 629 568 non
661 514 889 568 habere.
925 513 1148 567 Divitite
1201 529 1333 566 vero
1379 530 1508 584 qua:
1539 514 1611 568 ob
1641 514 1750 568 hoc
1781 530 1878 568 ex-

166 611 461 677 petuntur,
488 609 550 658 ut
565 603 736 656 alicui
753 602 993 656 istarum
1017 601 1191 656 trium
1211 602 1614 672 cupiditatum,
1639 603 1878 656 veldua-

171 698 278 751 bus
291 710 511 758 earum,
541 693 629 746 vel
654 691 922 745 omnibus
948 691 1216 756 serviant,
1247 691 1293 744 si
1323 690 1737 760 persentiscere
1760 707 1878 744 non

170 788 364 856 potest
376 782 603 836 animus
625 785 819 834 utrum
844 796 940 834 eas
965 779 1181 834 habens
1193 783 1545 845 contemnat,
1571 783 1812 848 possunt
1826 783 1884 833 et

174 872 388 930 dimitti
421 876 484 924 ut
512 886 571 925 se
594 870 820 940 probet.
860 869 1046 922 Laude
1077 884 1210 921 vero
1260 872 1325 922 ut
1353 883 1668 934 careamus,
1714 871 1882 938 atque

174 963 233 1016 in
265 977 334 1015 eo
356 958 722 1029 experiamur
751 955 886 1027 quid
936 971 1266 1026 possumus,
1311 955 1594 1026 numquid
1625 955 1773 1009 male
1804 953 1883 1008 vi-

174 1049 426 1104 vendum
458 1051 561 1113 est,
594 1051 650 1101 et
683 1050 798 1099 tam
821 1044 1040 1116 perdite
1064 1049 1235 1114 atque
1263 1041 1596 1097 immaniter
1624 1047 1689 1097 ut
1713 1059 1882 1097 nemo

176 1155 280 1193 nos
313 1136 536 1191 noverit
563 1134 664 1206 qui
695 1149 809 1188 non
837 1133 1190 1188 detestetur?
1213 1133 1350 1196 Quae
1381 1132 1566 1202 major
1595 1132 1886 1187 dementia

176 1228 289 1281 dici
319 1232 418 1280 aut
441 1224 675 1295 cogitari
705 1225 933 1294 potest?
958 1225 1029 1276 At
1058 1222 1103 1276 si
1133 1223 1299 1276 bona:
1330 1222 1460 1276 vitae.
1486 1222 1883 1293 bonorumque

176 1332 422 1386 operum
450 1329 636 1367 comes
672 1317 730 1366 et
759 1313 903 1365 solet
923 1317 980 1365 et
1011 1311 1178 1365 debet
1207 1326 1328 1364 esse
1356 1310 1629 1376 laudatio,
1663 1315 1780 1365 tam
1797 1327 1885 1364 co-

178 1405 450 1458 mitatum
478 1403 624 1470 ejus,
657 1417 832 1472 quam
865 1399 1047 1471 ipsam
1077 1401 1290 1453 bonam
1321 1398 1494 1452 vitam
1540 1397 1726 1452 deseri
1769 1413 1885 1451 non

175 1495 425 1562 oportet.
480 1491 605 1544 Non
654 1494 848 1543 autem
896 1488 1080 1542 sentio
1111 1487 1235 1541 sine
1280 1503 1393 1557 quo
1429 1503 1550 1540 esse
1593 1491 1692 1540 aut
1721 1502 1886 1556 aequo

180 1581 401 1644 animo,
435 1584 537 1633 aut
566 1595 718 1648 aegre
747 1578 980 1649 possim,
1015 1577 1125 1631 nisi
1155 1593 1285 1630 cum
1314 1575 1572 1630 abfuerit.

253 1674 342 1724 6t.
378 1668 523 1732 Quid
556 1668 735 1738 igitur
764 1667 868 1721 tibi
899 1666 958 1720 in
989 1668 1097 1720 hoc
1129 1682 1338 1737 genere
1394 1664 1748 1734 tentationis,
1783 1665 1891 1718 Do-

182 1759 363 1825 mine,
397 1757 719 1810 conﬁteor?
743 1755 908 1822 Quid,
934 1755 1046 1810 nisi
1077 1753 1344 1809 delectari
1373 1752 1768 1817 melaudibus;
1793 1752 1890 1806 sed

182 1848 434 1918 amplius
466 1845 587 1915 ipsa
627 1845 861 1899 veritate
901 1860 1075 1915 quam
1127 1842 1388 1897 laudibus
1412 1844 1440 1895 ‘?
1470 1843 1611 1895 Nam
1661 1840 1707 1893 si
1750 1840 1890 1894 mihi

183 1939 551 2007 proponatur
580 1939 770 1988 utrum
803 1934 1000 1988 malim
1031 1933 1247 1994 furens,
1281 1935 1377 1985 aut
1420 1929 1481 1983 in
1511 1929 1778 1982 omnibus
1802 1944 1889 1980 re-

187 2026 294 2078 bus
329 2040 546 2085 errans,
603 2022 672 2076 ab
702 2023 970 2076 omnibus
1000 2020 1332 2074 hominibus
1362 2017 1620 2084 laudari;
1655 2033 1726 2070 an
1757 2033 1891 2071 con-

184 2118 366 2182 stans,
398 2117 453 2166 et
481 2113 541 2165 in
570 2112 807 2166 veritate
837 2111 1208 2176 certissimus,
1266 2109 1334 2163 ab
1365 2107 1634 2161 omnibus
1669 2105 1893 2176 vitupe-

181 2201 338 2266 rari;
375 2200 538 2254 video
570 2200 707 2271 quid
738 2201 964 2269 eligam.
1000 2200 1407 2253 Verumtamen
1457 2197 1673 2250 nollem
1713 2200 1779 2248 ut
1806 2195 1893 2248 vel

185 2292 429 2360 augeret
456 2288 598 2342 mihi
629 2288 903 2358 gaudium
925 2286 1228 2358 cujuslibet
1253 2284 1389 2339 boni
1415 2283 1529 2338 mei
1563 2283 1892 2354 suffragatio

183 2378 301 2431 oris
343 2376 534 2430 alieni.
567 2376 679 2430 Sed
707 2380 900 2446 auget,
953 2376 1170 2440 fateor;
1203 2390 1318 2428 non
1353 2374 1561 2438 solum,
1595 2372 1695 2426 sed
1727 2376 1783 2425 et
1812 2371 1894 2424 vi-

183 2466 472 2538 tuperatio
504 2465 734 2519 minuit.
761 2466 826 2519 Et
848 2481 978 2519 cum
1003 2464 1112 2518 ista
1142 2461 1369 2516 miseria
1400 2477 1530 2515 mea
1564 2460 1893 2531 perturbor.

189 2552 480 2606 subintrat
526 2551 668 2604 mihi
715 2551 1019 2616 excusatio,
1076 2565 1205 2620 quae
1261 2547 1448 2618 qualis
1498 2546 1588 2613 sit,
1648 2550 1708 2600 tu
1764 2546 1892 2612 scis,

190 2643 342 2695 Deus
373 2658 387 2706 ;
417 2656 553 2694 nam
574 2655 666 2694 me
697 2639 976 2694 incertum
1007 2639 1156 2692 facit.
1190 2636 1333 2701 Quia
1348 2636 1503 2690 enim
1527 2634 1692 2690 nobis
1713 2633 1898 2705 impe-

197 2728 337 2783 rasti
367 2743 485 2782 non
515 2731 737 2781 tantum
769 2725 1202 2790 continentiam,
1233 2724 1293 2778 id
1314 2729 1415 2791 est,
1443 2741 1474 2777 a
1495 2723 1699 2794 quibus
1729 2723 1899 2776 rebus

195 2832 461 2871 amorem
491 2815 880 2881 cohibeamus,
916 2831 1115 2868 verum
1146 2813 1319 2867 etiam
1363 2812 1671 2882 justitiam,
1702 2809 1762 2864 id
1792 2815 1896 2876 est,

188 2923 308 2978 quo
339 2921 472 2959 eum
502 2905 892 2970 conferamus;
925 2920 1028 2958 nec
1049 2908 1100 2957 te
1128 2897 1352 2956 tantum
1391 2899 1621 2954 voluisti
1651 2917 1683 2952 a
1712 2899 1898 2965 nobis,

189 3009 392 3047 verum
433 2994 605 3047 etiam
631 2993 958 3063 proximum
983 2991 1180 3062 diligi:
1215 3005 1365 3060 saepe
1406 2987 1549 3041 mihi
1596 2987 1792 3042 videor
1830 2989 1899 3041 de

188 3083 453 3154 profectu
490 3086 589 3136 aut
615 3097 712 3152 spe
742 3080 988 3152 proximi
1021 3078 1313 3145 delectari,
1357 3093 1484 3131 cum
1503 3077 1647 3130 bene
1677 3075 1898 3129 intelli-

192 3170 385 3242 gentis
421 3171 585 3225 laude
615 3171 894 3237 delector;
925 3174 980 3223 et
1008 3185 1207 3223 rursus
1225 3168 1347 3238 ejus
1367 3167 1520 3220 malo
1551 3164 1896 3232 contristari,

192 3277 328 3314 cum
360 3276 492 3313 eum
521 3258 691 3313 audio
723 3259 1044 3328 vituperare
1075 3257 1228 3326 quod
1250 3260 1348 3310 aut
1375 3256 1629 3326 ignorat,
1676 3258 1776 3308 aut
1804 3253 1902 3307 bo-

194 3365 337 3403 num
371 3352 472 3402 est.
508 3349 650 3402 Nam
673 3352 727 3402 et
757 3347 1062 3400 contristor
1092 3345 1418 3416 jaliquando
1448 3343 1713 3398 laudibus
1736 3343 1896 3406 meis,

194 3454 329 3492 cum
363 3437 451 3490 vel
481 3453 547 3489 ea
595 3436 901 3490 laudantur
950 3435 1013 3488 in
1060 3450 1175 3504 me,
1230 3433 1291 3487 in
1342 3433 1550 3504 quibus
1581 3419 1714 3502 ipse
1757 3430 1900 3484 mihi

198 3525 514 3596 displiceo;
541 3524 627 3578 vel
659 3524 832 3578 etiam
863 3523 1012 3576 bona
1042 3521 1263 3576 minora
1291 3524 1345 3574 et
1376 3519 1519 3574 levia
1549 3519 1735 3589 pluris
1750 3518 1899 3572 aesti-

196 3620 435 3670 mantur
463 3630 637 3686 quam
666 3612 1001 3666 aestimanda
1027 3615 1178 3665 sunt.
1205 3610 1314 3664 Sed
1344 3625 1558 3673 rursus,
1593 3607 1743 3661 unde
1786 3607 1900 3661 scio

199 3721 276 3758 an
305 3708 612 3774 propterea
641 3703 719 3756 sic
748 3700 989 3767 afficior,
1024 3699 1160 3771 quia
1199 3699 1333 3752 nolo
1385 3697 1452 3752 de
1486 3696 1702 3766 meipso
1747 3711 1781 3748 a
1811 3711 1902 3749 me

193 3791 503 3845 dissentire
525 3791 881 3845 laudatorem
907 3805 1103 3843 meum
1126 3807 1142 3855 ;
1170 3803 1287 3841 non
1315 3786 1450 3859 quia
1470 3785 1625 3839 illius
1653 3784 1901 3838 utilitate

194 3895 452 3946 moveor,
473 3879 570 3934 sed
591 3878 725 3950 quia
746 3878 945 3934 eadem
971 3878 1122 3931 bona
1148 3893 1276 3947 qua:
1298 3875 1442 3929 mihi
1463 3874 1522 3928 in
1541 3890 1634 3928 me
1653 3874 1900 3944 placent,

187 3968 539 4040 jucundiora
563 3967 707 4021 mihi
740 3971 872 4020 sunt
900 3982 1031 4020 cum
1055 3969 1111 4019 et
1130 3964 1292 4018 alteri
1316 3962 1589 4035 placent?
1611 3961 1901 4026 Quodam-

196 4058 373 4113 modo
395 4057 547 4112 enim
578 4073 694 4111 non
724 4072 828 4126 ego
856 4055 1081 4121 laudor,
1105 4069 1236 4107 cum
1264 4052 1332 4107 de
1355 4067 1445 4106 me
1468 4050 1751 4105 sententia
1775 4064 1906 4103 mea

194 4165 317 4203 non
350 4147 654 4215 laudatur;
687 4143 1152 4217 quandoquidem
1184 4145 1281 4196 aut
1311 4141 1406 4195 illa
1438 4139 1745 4193 laudantur
1775 4154 1904 4209 qum

195 4237 343 4291 mihi
371 4235 691 4307 displicent,
714 4239 813 4289 aut
840 4233 940 4288 illa
965 4231 1210 4303 amplius
1241 4246 1370 4301 qua:
1400 4228 1543 4282 mihi
1565 4227 1758 4282 minus
1780 4228 1903 4298 pla-

194 4330 352 4380 cent.
387 4326 607 4395 Ergone
635 4324 704 4379 de
735 4323 841 4377 hoc
871 4323 1120 4376 incertus
1149 4335 1277 4374 sum
1303 4317 1468 4372 mei?

270 4417 363 4468 62.
397 4414 534 4467 Ecce
563 4412 624 4466 in
651 4417 725 4477 te,
753 4411 992 4477 Veritas,
1014 4408 1179 4464 video
1207 4423 1326 4462 non
1351 4422 1443 4461 me
1473 4404 1736 4462 laudibus
1763 4403 1905 4458 meis

194 4506 439 4576 propter
467 4517 581 4568 me,
613 4501 708 4555 sed
763 4503 999 4570 propter
1034 4495 1284 4569 proximi
1330 4494 1641 4550 utilitatem
1691 4493 1907 4548 moveri

195 4596 498 4664 oportere.
535 4591 601 4644 Et
628 4593 824 4643 utrum
863 4589 944 4641 ita
974 4589 1047 4641 sit
1077 4586 1286 4642 nescio.
1320 4584 1504 4639 Minus
1535 4582 1680 4637 mihi
1710 4582 1769 4636 in
1803 4583 1907 4636 hac

193 4698 258 4734 re
290 4681 465 4734 notus
493 4694 619 4731 sum
648 4677 770 4747 ipse
802 4693 975 4747 quam
1003 4679 1068 4730 tu
1091 4675 1131 4730 ³.
1153 4675 1396 4729 Obsecro
1425 4678 1502 4734 te,
1538 4673 1686 4726 Deus
1717 4687 1904 4741 meus,

195 4772 256 4821 et
287 4765 577 4835 meipsum
609 4763 751 4817 mihi
780 4761 972 4816 indica
997 4766 1061 4816 ut
1087 4761 1364 4815 confitear
1394 4759 1640 4814 oraturis
1678 4775 1784 4830 pro
1816 4775 1907 4812 me

199 4852 479 4909 fratribus
507 4851 649 4906 meis
667 4850 822 4922 quod
844 4849 905 4904 in
919 4866 1010 4904 me
1029 4848 1285 4904 saucium
1308 4863 1659 4917 comperero.
1692 4848 1909 4901 Iterum

263 4983 278 5014 ι
306 4979 540 5033 Somm.,
560 4976 642 5026 vel
658 4974 933 5026 voluntate
955 4987 1077 5024 cum
1095 4971 1314 5030 adsunt,
1335 4971 1425 5020 vel
1452 4971 1770 5033 necessitate
1790 4982 1908 5033 cum

194 5043 420 5150 ἓεεωιῖ.
449 5038 542 5150 ῧίρ
571 5039 728 5087 etiam
760 5037 952 5097 Rond.,
975 5033 1343 5085 substituendo
1373 5038 1552 5082 tamen
1578 5032 1770 5082 absunt
1793 5032 1909 5080 loco

233 5116 371 5150 esun
407 5137 420 5149 .
505 5137 517 5150 .

196 5105 420 5154 desunt.
449 5105 517 5150 M.

260 5168 284 5200 ²
316 5166 465 5221 Lov.,
499 5175 671 5226 quam,
689 5163 777 5226 tibi
803 5177 815 5221 ;
847 5161 936 5226 sed
967 5160 1156 5226 melius
1188 5158 1511 5226 antiquiores
1530 5155 1662 5205 Edd.
1689 5158 1748 5226 et
1767 5156 1910 5214 Mss.,

239 5240 380 5278 ματη
405 5220 483 5276 tu.
507 5220 604 5274 Hic
620 5220 874 5273 nimirum
891 5225 940 5272 id
956 5223 1233 5272 confitetur
1244 5220 1384 5283 quod
1398 5232 1558 5281 supra
1581 5233 1696 5282 cap.
1725 5221 1770 5278 5,
1791 5232 1912 5283 cum

239 5243 380 5278 uam
405 5243 483 5276 tu.
515 5243 604 5274 HIC
621 5243 874 5273 nimirum
891 5243 940 5272 lu
956 5243 1558 5283 cuuuwquuuuuupru
1581 5243 1696 5282 cap.
1725 5243 1770 5278 υ,
1791 5243 1912 5266 cum

199 5243 398 5358 diceret
424 5303 434 5334 :
458 5288 584 5358 itii/ii
603 5301 718 5336 sum
736 5290 1044 5358 prwsentio-r
1077 5297 1242 5348 quam
1412 5279 1914 5358 et‘tquieuigteduogui

198 5352 357 5402 nullo
369 5349 529 5400 modo
538 5361 688 5412 posse
696 5342 914 5407 violari;
930 5360 1024 5409 ego
1039 5342 1158 5412 péro
1175 5344 1367 5412 quibus
1381 5342 1915 5412 lentattonibusnresis-

201 5421 317 5465 tere
329 5403 829 5475 valeani,quibusve
841 5403 1661 5475 uo'niiolgam,'1_tescto.—Somm.
1676 5405 1907 5453 etRond.

204 5490 328 5526 cum
358 5479 384 5524 ’ῖ
426 5469 768 5537 Mss.,’quam
804 5472 920 5533 tibi,
947 5472 1025 5520 uti
1056 5471 1175 5520 Lov.
1210 5469 1276 5517 Μ.

1639 215 1851 271 LIBER
1901 215 2230 273 DECIMUS.

3581 234 3686 287 806

1987 351 2079 390 me
2104 335 2434 408 diligentius
2467 337 2840 410 interrogem.
2889 340 2947 396 Si
2991 341 3235 398 utilitate
3265 347 3513 416 proximi
3556 365 3678 402 mo-

1988 441 2124 479 veor
2153 425 2210 478 in
2239 425 2502 480 laudibus
2529 429 2692 496 meis,
2713 445 2814 482 cur
2831 430 3020 483 minus
3039 448 3287 496 moveor,
3311 435 3358 487 si
3376 435 3680 506 quisquam

1989 514 2135 568 alius
2165 514 2373 585 injuste
2405 515 2775 586 vituperetur,
2807 534 2980 588 quam
3009 520 3056 573 si
3087 523 3231 590 ego?
3261 539 3362 577 cur
3391 539 3459 578 ea
3482 531 3686 579 contu-

1991 604 2162 658 melia
2192 603 2372 674 magis
2404 605 2668 658 mordeor
2692 622 2819 676 quas
2849 607 2906 660 in
2931 624 3042 677 me,
3066 625 3238 678 quam
3260 629 3388 682 quae
3418 612 3476 666 in
3507 614 3684 668 alium

1993 694 2190 748 eadem
2218 692 2520 764 iniquitate
2553 709 2741 746 coram
2773 710 2865 748 me
2878 695 3126 765 jacitur?
3155 701 3241 752 An
3269 706 3322 753 et
3343 701 3450 754 hoc
3465 703 3686 756 nescio?

1995 781 2252 836 Etiamne
2286 779 2341 833 id
2374 785 2550 834 restat
2578 786 2642 834 ut
2669 781 2789 851 ipse
2816 799 2906 837 me
2938 783 3224 851 seducam,
3255 792 3312 840 et
3338 804 3536 842 verum
3569 806 3684 843 non

1993 868 2196 922 faciam
2244 884 2437 922 coram
2478 874 2531 923 te
2573 869 2634 923 in
2674 871 2842 924 corde
2875 877 2931 925 et
2961 873 3156 943 lingua
3188 878 3357 928 mea?
3401 877 3683 932 insaniam

1994 957 2178 1017 istam,
2215 956 2472 1023 Domine,
2506 958 2675 1027 longe
2711 959 2796 1013 fac
2826 977 2859 1013 a
2904 977 3014 1026 me,
3050 979 3120 1016 ne
3152 965 3343 1017 oleum
3373 966 3685 1034 peccatoris

1994 1046 2138 1100 mihi
2197 1045 2266 1100 sit
2297 1063 2358 1099 os
2391 1062 2580 1100 meum
2631 1049 2698 1102 ad
2754 1049 3233 1120 impinguandum
3283 1057 3453 1122 caput
3490 1069 3685 1108 meum

1996 1135 2160 1203 (Psat.
2193 1151 2308 1193 CXL.
2344 1137 2416 1196 εἰ).

2579 1225 2804 1278 CAPUT
2835 1227 3103 1280 XXXVIII.

2294 1315 2360 1367 Et
2391 1315 2586 1366 virtuti
2611 1315 2910 1382 periculum
2942 1332 2975 1366 ιι
3004 1332 3148 1368 rana
3175 1319 3376 1382 gloria.

2065 1405 2152 1454 63.
2185 1402 2406 1471 Egerius
2440 1407 2495 1454 et
2515 1417 2733 1470 pauper
2756 1417 2860 1471 ego
2893 1419 3042 1469 sum,
3065 1410 3119 1456 et
3148 1407 3352 1458 melior
3382 1406 3439 1460 in
3472 1410 3689 1462 occulto

1997 1489 2216 1559 gemitu
2259 1488 2562 1559 displicens
2592 1489 2756 1558 mihi,
2805 1495 2860 1544 et
2925 1507 3185 1562 quaerens
3242 1495 3689 1550 misericordiam

1999 1585 2179 1645 tuam,
2224 1579 2404 1632 donec
2448 1577 2736 1632 reficiatur
2773 1578 3023 1633 defectus
3056 1597 3235 1647 meus,
3283 1588 3340 1636 et
3367 1585 3694 1654 perficiatur

1999 1683 2179 1736 usque
2211 1665 2268 1718 iu
2299 1681 2495 1736 pacem
2535 1682 2704 1736 quam
2743 1667 2922 1719 nescit
2966 1668 3286 1737 arrogantis
3315 1671 3531 1725 oculus.
3564 1672 3692 1725 Ser-

2001 1771 2095 1808 mo
2128 1759 2318 1808 autem
2367 1770 2462 1808 ore
2505 1754 2840 1824 procedens,
2884 1759 2940 1807 et
2981 1756 3127 1808 facta
3168 1773 3296 1827 quae
3329 1757 3696 1813 innotescunt

2001 1843 2348 1908 hominibus,
2397 1843 2608 1897 habent
2645 1843 3016 1897 tentationem
3061 1845 3593 1914 periculosissimam
3625 1849 3694 1901 ab

2003 1948 2197 1986 amore
2256 1930 2458 1994 laudis,
2504 1931 2573 1984 ad
2619 1930 2894 2001 privatam
2942 1933 3250 2002 quamdam
3302 1936 3694 1990 excellentiam

2003 2019 2288 2075 contrahit
2319 2018 2670 2073 emendicata
2699 2018 3000 2087 suffragia;
3038 2024 3218 2075 tentat
3249 2018 3266 2052 ¹
3290 2027 3344 2076 et
3367 2039 3498 2077 cum
3529 2040 3561 2076 a
3605 2038 3695 2076 me

2005 2111 2064 2164 in
2094 2125 2185 2163 me
2218 2109 2506 2179 arguitur,
2549 2125 2615 2162 eo
2645 2108 2769 2178 ipso
2799 2125 2913 2178 quo
2946 2111 3234 2176 arguitur;
3259 2115 3316 2164 et
3345 2127 3493 2183 saepe
3527 2113 3700 2166 homo

2004 2200 2072 2254 de
2105 2199 2229 2268 ipso
2246 2214 2405 2251 vanas
2425 2196 2623 2268 gloria:
2649 2201 2980 2266 contemptu
2998 2198 3198 2252 vanius
3222 2199 3525 2270 gloriatur;
3549 2201 3698 2255 ideo-

2005 2304 2116 2360 que
2140 2303 2259 2341 non
2294 2288 2414 2358 jam
2451 2286 2519 2340 de
2564 2285 2688 2356 ipso
2732 2289 3067 2356 contemptu
3099 2285 3122 2318 ²
3150 2287 3349 2356 gloriae
3396 2289 3700 2360 gloriatur,

2005 2394 2124 2432 non
2153 2376 2309 2432 enim
2339 2391 2462 2430 eam
2485 2375 2820 2434 contemnit,
2846 2391 2977 2428 cum
3007 2376 3286 2445 gloriatur
3312 2378 3485 2433 intus.

2613 2464 2836 2517 CAPUT
2871 2465 3085 2518 XXXIX.

2403 2554 2622 2606 Amoris
2651 2553 2869 2620 proprii
2892 2555 2973 2606 vis
3005 2559 3056 2607 et
3081 2559 3298 2609 natura.

2079 2642 2165 2695 64.
2199 2640 2380 2694 Etiam
2411 2640 2564 2693 intus
2599 2644 2682 2692 est
2711 2638 2865 2692 aliud
2889 2639 2949 2692 in
2970 2639 3172 2694 eodem
3203 2657 3409 2711 genere
3435 2643 3700 2696 tentatio-

2009 2730 2096 2784 uis
2128 2731 2361 2794 malum,
2419 2744 2532 2798 quo
2577 2726 2914 2780 inanescunt
2961 2728 3059 2798 qui
3108 2728 3335 2798 placent
3380 2730 3488 2783 sibi
3518 2731 3587 2785 de
3620 2749 3699 2795 se,

2011 2817 2270 2888 quamvis
2299 2816 2425 2869 aliis
2462 2817 2548 2868 vel
2584 2831 2700 2867 non
2729 2815 2989 2883 placeant
3019 2814 3060 2876 ³,
3089 2817 3174 2869 vel
3209 2816 3565 2887 displiceant,
3599 2835 3700 2871 nec.

2011 2909 2233 2977 placere
2281 2904 2544 2958 affectent
2585 2903 2823 2955 caeteris.
2860 2903 2965 2957 Sed
2997 2903 3105 2957 sibi
3134 2905 3422 2974 placentes
3457 2907 3702 2961 multum

2013 2995 2114 3048 tibi
2144 2992 2464 3064 displicent,
2489 3007 2602 3044 non
2633 2996 2856 3045 tantum
2889 2991 2957 3045 de
2988 3007 3103 3045 non
3135 2991 3302 3046 bonis
3331 2994 3493 3064 quasi
3514 2995 3701 3062 bonis,

2011 3099 2210 3137 verum
2235 3081 2406 3135 etiam
2438 3081 2507 3134 de
2528 3080 2692 3134 bonis
2722 3080 2836 3134 tuis
2862 3080 3026 3151 quasi
3054 3081 3202 3147 suis;
3233 3086 3330 3136 aut
3360 3082 3532 3138 etiam
3559 3083 3703 3136 sicut

2012 3173 2080 3226 de
2102 3172 2234 3237 tuis,
2265 3169 2364 3224 sed
2396 3174 2668 3240 tanquam
2700 3185 2766 3222 ex
2797 3169 3018 3223 meritis
3049 3170 3202 3237 suis;
3232 3175 3330 3225 aut
3359 3172 3530 3226 etiam
3560 3172 3702 3226 sicut

2012 3277 2075 3314 ex
2101 3265 2199 3313 tua
2231 3258 2411 3328 gratia
2441 3257 2484 3324 ⁵,
2517 3273 2636 3311 non
2664 3262 2856 3310 tamen
2889 3257 3174 3312 socialiter
3218 3260 3553 3330 gaudentes,
3607 3262 3702 3315 sed

2013 3347 2138 3401 aliis
2168 3346 2486 3400 invidentes
2519 3361 2603 3398 ea.
2654 3346 2714 3397 ln
2745 3344 2833 3398 his
2865 3345 3131 3399 omnibus
3161 3350 3330 3417 atque
3376 3348 3706 3418 hujusmodi

2013 3435 2280 3507 periculis
2320 3438 2375 3488 et
2405 3433 2694 3488 laboribus
2724 3432 2881 3486 vides
2910 3438 3216 3488 tremorem
3259 3436 3445 3490 cordis
3475 3437 3617 3501 mei;
3652 3441 3707 3490 et

2014 3526 2246 3579 vulnera
2295 3539 2420 3577 mea
2450 3522 2632 3592 magis
2664 3522 2902 3576 subinde
2938 3540 2970 3576 a
3000 3527 3054 3578 te
3085 3522 3295 3590 sanari,
3341 3540 3512 3596 quam
3563 3525 3704 3578 mihi

2013 3629 2126 3667 non
2152 3611 2335 3681 intligi
2366 3610 2571 3664 sentio.
2973 3664 2976 3667 ,

2684 3699 2909 3753 CAPUT
2940 3699 3042 3753 XL.

2158 3787 2310 3860 Quod
2336 3789 2394 3840 in
2423 3802 2478 3842 se
2496 3792 2545 3842 et
2567 3790 2772 3842 caeteris
2802 3787 2958 3840 rebus
2985 3790 3151 3842 Deum
3173 3790 3542 3857 investigarit.

2085 3881 2172 3932 65.
2201 3877 2304 3931 Ubi
2323 3893 2441 3931 non
2457 3892 2682 3931 mecum
2699 3876 3028 3942 ambulasti,
3051 3877 3288 3945 Veritas,
3321 3879 3531 3934 docens
3571 3879 3705 3950 quid

2014 3982 2242 4020 caveam
2305 3970 2361 4020 et
2420 3965 2558 4036 quid
2624 3972 2910 4036 appetam,
2973 3982 3102 4020 cum
3173 3966 3244 4021 ad
3309 3971 3363 4022 te
3433 3969 3707 4022 referrem

2015 4058 2132 4110 visa
2187 4071 2314 4109 mea
2371 4072 2498 4125 qua:
2555 4055 2745 4125 potui,
2805 4060 2976 4126 teque
3022 4057 3423 4110 consulerem?
3453 4057 3708 4111 Lustravi

2016 4145 2295 4199 mundum
2327 4143 2466 4198 foris
2493 4159 2658 4197 sensu
2693 4160 2804 4214 quo
2836 4145 3018 4214 potui,
3063 4151 3119 4199 et
3143 4145 3357 4199 attendi
3381 4144 3554 4199 vitam
3585 4161 3710 4198 cor-

2013 4233 2170 4304 poris
2192 4233 2305 4287 mei
2346 4233 2415 4286 de
2449 4249 2560 4297 me,
2594 4247 2909 4303 sensusque
2935 4233 3087 4303 ipsos
3116 4249 3293 4287 meos.
3329 4233 3466 4286 Inde
3494 4232 3710 4302 ingres-

2015 4339 2109 4376 sus
2139 4337 2266 4375 sum
2295 4321 2354 4374 in
2390 4336 2642 4375 recessus
2671 4321 2966 4374 memoriae
3016 4337 3180 4388 meae,
3214 4320 3558 4390 multiplices
3589 4337 3712 4375 am-

2012 4417 2321 4490 plitudines
2352 4419 2548 4488 plenas
2589 4416 2748 4470 miris
2786 4417 2972 4472 modis
2997 4417 3293 4487 copiarum
3323 4416 3711 4472 innumerabi-

2015 4508 2190 4574 lium;
2232 4511 2289 4560 et
2331 4506 2709 4576 consideravi,
2760 4512 2816 4561 et
2846 4506 3061 4577 expavi,
3094 4510 3149 4559 et
3173 4505 3318 4559 nihil
3353 4522 3554 4561 eorum
3593 4507 3708 4562 dis-

2079 4599 2092 4629 1
2114 4595 2321 4650 Αω,Ει·.
2337 4602 2388 4643 et
2408 4595 2552 4652 Lov.,
2574 4595 2880 4657 ronquhere
2892 4593 3218 4657 emendicata
3237 4592 3496 4657 su/I'ragia
3519 4598 3711 4650 tentat:

2016 4661 2068 4708 et
2083 4671 2203 4707 cum
2220 4669 2255 4707 α
2270 4671 2354 4705 me
2371 4655 3223 4721 δοίη.,ρρηιναΑΙιὶίεείειηθῖιᾴἰοαια
3237 4655 3499 4721 suffragia
3515 4664 3710 4709 ten/at:

2016 4723 2061 4769 el
2082 4733 2197 4770 cum
2211 4733 2243 4767 a
2260 4733 2361 4769 me.
2387 4719 2723 4768 Praetulimus
2735 4717 3012 4766 lectionem
3026 4719 3069 4766 M
3079 4731 3169 4776 ss.,
3185 4717 3480 4780 quae'etiam
3493 4726 3572 4770 est
3584 4723 3708 4770 Bad.

2019 4784 2207 4892 etArq.
2224 4783 2383 4831 Porro
2409 4783 2463 4830 in
2477 4781 2717 4844 sequenti
2744 4780 3004 4828 sententia
3023 4780 3333 4842 pluresMss.
3361 4783 3712 4833 omittuntno-

2021 4858 2138 4893 men
2182 4858 2333 4894 (omo.

2021 4858 2138 4893 men
2166 4858 2228 4892 no
2288 4858 2317 4892 ο

2081 4908 2101 4940 ²
2130 4858 2707 4976 Er.Lov.,de.ipso
2719 4915 2873 4953 vana?
2886 4903 3068 4976 giariar
3097 4907 3417 4976 contemptu.
3441 4908 3601 4976 Abest
3617 4922 3711 4958 va-

1972 5000 1977 5004 -
2021 4982 2140 5017 nam
2168 4970 2537 5030 Mss.,quorum
2557 4966 2714 5015 etiam
2735 4966 2980 5014 nonnulli
3002 4969 3162 5016 verba
3175 4966 3533 5030 sequentiasic
3562 4972 3715 5019 inter-

2021 5035 2297 5094 pungunt:
2322 5033 2432 5080 Non
2468 5031 2754 5094 «timeam
2783 5033 3069 5081 contemnit
3095 5043 3215 5080 cum
3247 5032 3529 5093 gloriatur.
3572 5035 3715 5081 Intus

2021 5090 2200 5144 'eliafn:
2227 5096 2365 5141 intus
2383 5095 2459 5140 est
2479 5090 2648 5140 aliud.

2084 5158 2104 5189 ³
2135 5155 2217 5202 Sic
2242 5154 2469 5218 potiores
2493 5154 2615 5202 Mss.
2636 5154 2759 5202 Lov.
2790 5167 2932 5214 vero,
2958 5154 3152 5217 absque
3182 5157 3480 5219 negatione,
3499 5157 3712 5217 rcipia-

2021 5220 2269 5326 cetsmlgdd.
2304 5277 2540 5341 plerique
2574 5277 2748 5327 locum
2777 5278 2992 5343 huncce
3014 5279 3470 5343 itainterpolatum
3493 5278 3710 5327 habent:

2022 5340 2454 5392 Autetiamkicut
2484 5352 2552 5403 ex
2575 5343 2668 5390 tua
2692 5344 2886 5403 gratia,
2905 5342 2993 5392 sed
3010 5356 3116 5392 non
3138 5340 3465 5397 sua’men‘ta,
3485 5353 3603 5390 non
3630 5344 3712 5390 ta-

2021 5416 2166 5476 ῃιεη,
2184 5402 2624 5513 ειοὶῐῖὗηιογίωιιε
2637 5402 2798 5454 verba
2821 5403 3114 5463 isthmcged
3122 5417 3230 5454 non
3243 5415 3346 5454 sua
3359 5405 3570 5458 merita.
3590 5404 3713 5465 quia

2024 5481 2086 5513 us
2111 5479 2264 5513 caren
2371 5478 2440 5512 ss.

2024 5481 2086 5514 llS
2111 5478 2291 5514 carent
2318 5478 2440 5512 MSS.
