4058 6174
449 245 553 299 80⁸7

443 382 675 423 cernere
696 364 866 438 potui
889 365 1012 423 sine
1040 368 1120 432 te,
1148 367 1205 419 et
1230 363 1376 418 nihil
1418 375 1621 418 eorum
1663 374 1786 414 esse
1824 363 1879 413 te
1922 355 2139 411 inveni.

441 458 554 512 Nec
579 464 685 528 ego
714 456 835 527 ipse
873 454 1135 509 inventor
1163 451 1263 524 qui
1284 450 1583 524 peragravi
1610 446 1827 513 omnia,
1857 449 1914 501 et
1942 445 2143 501 distiu-

442 561 617 618 guere
646 551 705 600 et
723 560 827 617 pro
859 545 976 598 suis
1004 557 1247 615 quaeque
1279 538 1653 609 dignitatibus
1674 535 1959 591 aestimare
1979 550 2143 588 cona-

441 640 535 690 tus
566 650 722 701 sum;
739 633 1024 703 excipiens
1035 632 1147 685 alia
1176 627 1575 683 nuntiantibus
1597 624 1877 691 sensibus,
1900 623 2142 677 etintcr-

441 739 652 795 rogans
679 722 792 776 alia
815 735 1037 775 mecum
1065 717 1377 772 commixta
1401 714 1668 780 sentiens,
1701 713 1968 785 ipsosque
1998 729 2139 766 nun-

440 812 549 866 tios
567 810 903 882 dignoscens
922 813 1095 879 atque
1124 808 1518 867 dinumerans,
1545 803 1782 874 jamque
1819 801 1882 856 in
1911 816 2139 855 memo-

442 901 542 956 rite
568 897 732 954 ‘latis
763 898 968 970 opibus
983 897 1095 952 alia
1122 900 1492 968 pertractans,
1527 894 1640 948 alia
1670 892 2002 961 recondens,
2030 891 2143 946 alia

441 1004 667 1043 eruens.
701 988 813 1043 Nec
838 1002 945 1059 ego
972 986 1095 1056 ipse
1121 999 1251 1040 cum
1273 985 1395 1040 haec
1420 998 1673 1055 agerem,
1704 980 1763 1037 id
1787 984 1873 1035 est
1898 979 1983 1034 vis
2015 995 2141 1035 mea

441 1093 555 1149 qua
583 1077 641 1131 id
673 1076 933 1148 agebam,
966 1091 1070 1130 nec
1090 1074 1216 1146 ipsa
1244 1090 1368 1128 eras
1400 1076 1484 1142 tu,
1530 1071 1667 1143 quia
1696 1070 1794 1125 lux
1831 1085 1892 1125 es
1922 1072 1976 1124 tu
2010 1084 2140 1140 per-

440 1182 677 1221 manens
724 1182 898 1238 quam
938 1166 1007 1220 de
1054 1164 1323 1219 omnibus
1373 1160 1739 1217 consulebam
1797 1175 1869 1213 an
1929 1163 2138 1223 essent,

440 1256 580 1329 quid
609 1260 816 1322 essent,
868 1254 1068 1327 quanti
1126 1251 1429 1325 pendenda
1475 1255 1690 1314 essent:
1727 1251 1784 1303 et
1835 1246 2139 1301 audiebam

440 1345 738 1400 docentem
768 1359 831 1397 ac
852 1343 1174 1413 jubentem.
1207 1342 1271 1395 Et
1299 1356 1448 1411 saepe
1481 1337 1635 1392 istud
1684 1336 1859 1403 facio;
1894 1336 2004 1390 hoc
2048 1350 2140 1389 me

438 1433 703 1501 delectat,
749 1436 807 1486 et
850 1432 921 1486 ab
971 1429 1285 1485 actionibus
1333 1425 1686 1483 necessitatis
1724 1428 2003 1496 quantum
2048 1438 2139 1478 re-

438 1521 618 1576 laxari
644 1536 896 1591 possum,
919 1520 988 1574 ad
1018 1518 1184 1573 istam
1213 1519 1560 1588 voluptatem
1582 1512 1822 1584 refugio.
1856 1513 2049 1583 Neque
2079 1510 2139 1567 in

438 1610 528 1666 his
556 1609 839 1672 omnibus,
886 1625 1014 1680 quin
1043 1623 1313 1680 percurro
1344 1606 1646 1661 consulens
1674 1606 1752 1670 te,
1783 1602 2014 1657 invenio
2045 1606 2137 1656 tu-

436 1704 561 1755 tum
591 1701 781 1755 locum
829 1698 1036 1753 animus
1084 1712 1229 1751 meae
1260 1694 1371 1749 nisi
1402 1695 1464 1748 in
1510 1698 1586 1760 te,
1630 1707 1744 1763 quo
1792 1690 2140 1762 colligantur

436 1803 634 1859 sparsa
662 1803 810 1853 mea,
838 1802 940 1842 nec
960 1803 992 1841 a
1021 1789 1076 1840 te
1104 1784 1420 1857 quidquam
1454 1781 1685 1837 recedat
1712 1796 1781 1834 ex
1802 1795 1914 1834 me.
1941 1781 2006 1834 Et
2039 1779 2139 1834 ali-

437 1876 667 1948 quando
688 1874 1023 1930 intromittis
1046 1891 1138 1930 me
1158 1873 1219 1928 in
1240 1873 1506 1927 affectum
1527 1870 1776 1925 multum
1798 1867 2136 1923 inusitatum

435 1964 718 2019 introrsus
747 1964 817 2019 ad
844 1963 1037 2019 nescio
1075 1979 1248 2036 quam
1282 1960 1662 2025 dulcedinem,
1712 1974 1842 2030 quae
1889 1958 1937 2011 si
1965 1958 2136 2029 perﬁ-

435 2051 617 2108 ciatur
646 2052 705 2107 in
735 2068 847 2122 me,
880 2053 1073 2107 nescio
1100 2051 1238 2123 quid
1266 2050 1374 2105 erit
1403 2049 1555 2121 quod
1583 2048 1695 2102 vita
1722 2047 1830 2101 ista
1859 2063 1975 2102 non
2006 2046 2133 2102 erit.

435 2141 546 2196 Sed
574 2141 763 2196 recido
794 2141 854 2195 in
893 2141 1016 2195 haec
1056 2139 1395 2194 aerumnosis
1438 2136 1809 2209 ponderibus,
1851 2141 1909 2190 et
1948 2151 2135 2190 resor-

436 2230 576 2285 heor
604 2230 806 2299 solitis,
838 2233 896 2284 et
936 2236 1154 2295 teneor,
1187 2233 1245 2283 et
1286 2228 1532 2282 multum
1578 2226 1709 2293 ﬂeo,
1755 2226 1854 2280 sed
1885 2226 2133 2279 multum

433 2322 652 2374 teneor.
684 2320 926 2373 Tantum
950 2317 1379 2373 consuetudinis
1410 2316 1631 2370 sarcina
1652 2315 1924 2384 degravat
1949 2317 1996 2370 ἐ
2038 2313 2135 2369 Hic

437 2423 557 2463 esse
605 2408 787 2475 valeo,
840 2422 943 2462 nec
993 2407 1157 2473 volo;
1198 2404 1314 2460 illic
1378 2405 1517 2467 volo,
1559 2419 1664 2459 nec
1708 2404 1904 2472 valeo;
1961 2403 2136 2458 miser

434 2496 764 2569 utrobique.

1096 2565 1320 2622 CAPUT
1350 2565 1476 2620 XLI.

1007 2656 1231 2725 Triplex
1263 2655 1558 2725 cupiditas.

506 2748 594 2801 66.
620 2745 867 2817 Ideoque
889 2744 1245 2799 consideravi
1265 2745 1571 2816 languores
1584 2746 1946 2814 peccatorum
1969 2757 2129 2796 meo-

433 2849 564 2888 rum
588 2833 648 2888 in
677 2828 989 2905 cupiditate
1021 2832 1230 2902 triplici
1257 2852 1272 2899 ;
1304 2831 1845 2886 etdexteramtuam
1872 2830 2135 2885 invocavi

434 2921 508 2977 ad
537 2922 777 2977 salutem
812 2937 1021 2976 meam.
1051 2920 1179 2975 Vidi
1208 2919 1362 2974 enim
1384 2919 1745 2991 splendorem
1767 2924 1934 2974 tuum
1968 2918 2133 2974 corde

435 3011 649 3077 saucio,
679 3014 739 3065 et
767 3025 1135 3081 repercussus
1164 3009 1281 3064 dixi
1311 3024 1324 3063 :
1358 3009 1496 3074 Quis
1538 3008 1676 3062 illuc
1718 3007 1949 3079 potest?
1990 3008 2130 3062 Pro-

427 3099 615 3169 jectus
644 3114 771 3153 sum
803 3116 833 3153 a
862 3098 1004 3154 facie
1030 3099 1327 3152 oculorum
1360 3103 1593 3152 tuorum
1626 3097 1793 3163 (Psal.
1837 3113 1970 3159 xxx,
2001 3097 2124 3168 23).

433 3186 517 3240 Tu
549 3201 609 3240 es
638 3184 855 3239 Veritas
876 3202 1048 3256 super
1072 3185 1267 3240 omnia
1294 3186 1606 3257 prtesidens
1637 3203 1650 3240 :
1684 3191 1743 3240 at
1762 3202 1869 3257 ego
1883 3202 1986 3258 per
2010 3202 2135 3241 ava—

434 3272 626 3328 ritiam
658 3289 845 3328 meam
875 3290 992 3328 non
1019 3276 1281 3329 amittere
1310 3279 1366 3328 te
1397 3274 1569 3341 volui,
1603 3274 1701 3328 sed
1742 3275 1894 3329 volui
1942 3278 2132 3330 tecum

435 3361 729 3431 possidere
758 3360 1156 3427 mendacium;
1188 3361 1332 3416 sicut
1362 3377 1531 3417 nemo
1560 3363 1681 3416 vult
1707 3361 1788 3415 ita
1814 3362 2022 3417 falsum
2051 3363 2135 3417 di-

434 3464 583 3516 cere,
623 3453 689 3503 ut
708 3448 921 3503 nesciat
948 3448 1068 3520 ipse
1098 3448 1236 3520 quid
1274 3465 1472 3504 verum
1501 3450 1594 3504 sit.
1628 3450 1829 3521 Itaque
1859 3450 2025 3504 amisi
2051 3454 2129 3517 te,

434 3537 573 3610 quia
601 3555 718 3594 non
747 3538 1002 3610 dignaris
1039 3554 1169 3592 cum
1201 3538 1498 3593 mendacio
1526 3538 1831 3610 possideri.

1072 3646 1298 3700 CAPUT
1329 3645 1490 3702 XLII.

434 3735 697 3791 Nonnulli
724 3734 798 3788 ad
819 3733 1079 3789 daemones
1108 3738 1370 3805 tanquam
1401 3733 1666 3790 redeundi
1708 3735 1784 3790 ad
1822 3738 1993 3792 Deum
2019 3752 2133 3792 mc-

790 3823 1027 3878 diatores
1077 3825 1369 3890 infeliciter
1412 3831 1773 3880 recurrerunt.

507 3912 595 3965 67.
624 3910 806 3975 Quem
832 3910 1147 3966 invenirem
1176 3912 1275 3983 qui
1303 3928 1395 3967 me
1417 3913 1810 3969 reconciliaret
1835 3914 1984 3969 tibi?
2002 3917 2133 3969 Am-

435 3996 712 4053 hiendum
745 4003 766 4034 ³
792 3999 934 4054 mihi
970 4000 1077 4055 fuit
1108 4001 1175 4055 ad
1210 4001 1503 4072 Angelos?
1533 4001 1654 4066 Qua
1682 4004 1895 4073 prece?
1923 4003 2131 4074 quibus

436 4088 802 4142 sacramentis
830 4090 859 4142 ?
887 4089 1044 4144 Multi
1074 4095 1342 4145 conantes
1374 4090 1443 4144 ad
1474 4094 1529 4144 te
1561 4090 1769 4158 redire,
1814 4108 1999 4164 neque
2029 4108 2132 4163 per

434 4176 652 4247 seipsos
681 4177 952 4242 valentes,
984 4178 1132 4233 sicut
1157 4180 1348 4244 audio,
1380 4182 1744 4235 tentaveruut
1770 4181 1913 4246 haec,
1947 4185 2005 4235 et
2035 4181 2130 4237 in-

433 4263 774 4321 cideruutin
806 4266 1150 4321 desiderium
1180 4267 1533 4322 curiosarum
1548 4267 1850 4334 visionum,
1883 4274 1939 4323 et
1972 4268 2132 4340 digni

431 4353 609 4409 habiti
643 4360 778 4410 sunt
807 4355 1188 4412 illusionibus.
1225 4357 1365 4411 Elati
1397 4357 1548 4412 enim
1585 4362 1637 4412 te
1666 4358 2001 4429 qumrebant
2030 4360 2130 4414 do-

433 4443 630 4497 ctrinae
656 4444 1137 4514 fastu,exerentes
1150 4444 1524 4516 potiusquam
1552 4446 1858 4501 tundentes
1879 4451 2126 4519 pectora,

434 4537 493 4585 et
520 4533 877 4588 adduxerunt
905 4535 1012 4589 sibi
1036 4550 1139 4606 per
1173 4533 1607 4589 similitudinem
1654 4536 1840 4590 cordis
1876 4536 1963 4591 sui
1993 4552 2127 4590 con-

435 4620 713 4689 spirantes
732 4627 787 4676 et
810 4623 991 4678 socias
1020 4623 1302 4695 superbia:
1340 4638 1459 4677 sure
1488 4626 1794 4694 potestates
1842 4625 1988 4679 aeris
2019 4626 2129 4679 hu-

429 4707 525 4777 jus
551 4707 766 4779 (Ephes.
802 4727 859 4778 ιι,
881 4711 962 4783 ‘2),
992 4728 1027 4765 a
1054 4712 1264 4784 quibus
1294 4728 1398 4782 per
1424 4712 1708 4782 potentias
1750 4712 2000 4783 magicas
2028 4713 2127 4769 de-

435 4795 777 4867 ciperentur,
808 4805 1128 4871 quaerentes
1157 4801 1534 4856 mediatorem
1576 4817 1684 4872 per
1712 4817 1883 4873 quem
1915 4818 2128 4874 purga-

433 4890 655 4953 rentur,
688 4890 746 4940 et
767 4903 884 4942 non
915 4893 1056 4945 erat.
1090 4890 1355 4945 Diabolus
1385 4890 1539 4946 enim
1564 4895 1686 4946 erat
1711 4891 2129 4963 transﬁgurans

433 4990 493 5028 se
518 4972 579 5028 iu
620 4975 904 5044 Angelum
950 4976 1093 5031 lucis
1135 4976 1205 5048 (ll
1249 4979 1393 5044 Cor.,
1427 4995 1504 5044 xx,
1567 4978 1758 5049 14).Ει
1785 4979 2031 5034 multum
2058 4980 2127 5035 il-

432 5060 569 5115 lexit
591 5061 897 5132 superbam
927 5079 1176 5131 carnem,
1208 5067 1359 5137 quod
1386 5083 1592 5121 carneo
1623 5067 1994 5140 corporeipse
2013 5085 2129 5124 non

432 5153 598 5205 esset.
631 5150 970 5206 Erantenim
988 5151 1073 5206 illi
1088 5156 1357 5211 mortales
1371 5161 1428 5211 et
1448 5159 1775 5227 peccatores
1798 5161 1892 5224 ;tu
1911 5161 2125 5227 autem,

495 5259 513 5326 ξ
544 5258 694 5326 μσς.)
714 5259 773 5309 in
802 5258 1067 5326 memoria
1090 5258 1472 5326 elqtisgopibus.

492 5320 515 5354 9
544 5320 603 5370 In
639 5321 762 5370 Mss.
786 5322 1053 5381 omnibus,
1079 5321 1227 5372 nullo
1252 5320 1359 5372 fere
1379 5328 1627 5381 excepto:
1664 5327 1891 5378 Tantum
1914 5341 2128 5381 consue-

430 5381 635 5447 tudinis
651 5384 864 5447 sarcina
898 5384 1066 5447 digna
1093 5387 1182 5435 est.
1215 5385 1293 5433 Ita
1320 5386 1476 5435 etiam
1509 5381 1633 5437 Bad.

492 5445 514 5479 ³
537 5445 621 5511 8i_c
645 5446 787 5511 Mss.
809 5445 1029 5510 excepto
1046 5446 1263 5511 Lyrensi
1282 5447 1371 5511 qui
1391 5447 1550 5498 habet
1570 5449 1869 5503 abeundum
1883 5491 1896 5504 .
1918 5453 1984 5504 At
1998 5454 2124 5507 Bad.

430 5504 546 5557 Am.
579 5507 665 5558 Er.
693 5510 852 5572 Lov.,
880 5504 958 5562 an
981 5504 1231 5560 eundum.
1296 5504 1315 5511 ’
2032 5532 2039 5541 π

1642 222 2185 293 CONFESSIONUM
2226 232 2281 290 s.
2336 233 2743 291 AUGUSTINI.
3789 251 3861 303 sos

2255 357 2517 424 Domine,
2547 356 2639 412 cui
2660 355 3019 412 reconciliari
3045 356 3292 427 superbe
3323 361 3652 431 quaerebant,
3681 364 3868 423 immor-

2252 446 2381 499 talis
2409 450 2468 500 et
2493 446 2615 500 sine
2644 450 2899 517 peccato.
2962 445 3238 501 Mediator
3265 452 3453 503 autem
3480 448 3616 505 inter
3659 453 3808 509 Deum
3831 462 3872 512 et

2252 533 2513 590 homines
2543 535 2587 605 (Ι
2621 538 2757 590 Tim.
2802 552 2863 602 ιι,
2913 536 2993 602 5),
3022 535 3324 606 oportebat
3353 541 3414 591 ut
3462 538 3675 596 haberet
3703 543 3871 615 aliquid

2252 623 2435 678 simile
2468 624 2600 691 Deo,
2633 623 2853 696 aliquid
2881 623 3069 678 simile
3099 624 3466 681 hominibus:
3493 644 3559 682 ne
3585 628 3639 684 in
3676 636 3871 704 utroque

2250 712 2584 768 hominibus
2612 713 2834 779 similis,
2861 713 3034 784 longe
3062 717 3209 768 esset
3246 729 3280 767 a
3308 714 3420 769 Deo
3445 732 3459 783 ;
3488 721 3579 771 aut
3597 717 3653 772 in
3678 724 3872 792 utroque

2254 800 2372 854 Deo
2402 798 2623 866 similis,
2656 801 2825 871 longe
2855 807 3003 854 esset
3031 801 3103 855 ab
3122 801 3472 872 hominibus,
3501 808 3658 876 atque
3689 806 3757 860 ita
3780 823 3871 861 me-

2252 886 2442 943 diator
2470 904 2589 943 non
2608 892 2778 944 esset.
2819 889 3008 943 Fallax
3038 888 3230 961 itaque
3256 889 3353 945 ille
3372 891 3656 962 mediator,
3683 910 3780 965 quo
3797 912 3874 966 per

2252 980 2469 1030 secreta
2472 976 2495 1045 j
2505 975 2692 1031 udicia
2700 979 2801 1030 tua
2812 976 3082 1048 superbia
3095 982 3412 1033 mereretur
3423 978 3590 1043 illudi,
3602 997 3759 1036 unum
3776 998 3874 1038 cum

2252 1062 2584 1118 hominibus
2629 1063 2820 1133 habet,
2853 1064 2911 1120 id
2947 1070 3035 1120 est
3061 1070 3353 1138 peccatum
3381 1084 3394 1122 :
3424 1067 3575 1123 aliud
3607 1068 3764 1124 videri
3786 1072 3877 1126 vult

2252 1151 2462 1206 habere
2482 1168 2611 1207 cum
2640 1154 2777 1220 Deo,
2815 1157 2881 1208 ut
2910 1153 3042 1226 quia
3074 1156 3262 1210 carnis
3289 1155 3624 1213 mortalitate
3647 1174 3749 1213 non
3767 1159 3874 1229 tegi-

2253 1246 2365 1306 tur,
2398 1257 2503 1311 pro
2535 1242 2845 1296 immortali
2873 1259 2931 1297 se
2979 1248 3245 1299 ostentet.
3279 1244 3388 1300 Sed
3419 1245 3548 1317 quia
3587 1246 3873 1319 stipendium

2252 1328 2469 1400 peccati
2498 1345 2651 1383 mors
2679 1336 2782 1397 est,
2811 1331 2919 1384 hoc
2930 1330 3103 1386 habet
3121 1347 3427 1388 commune
3441 1349 3567 1388 cum
3583 1334 3871 1401 hominibus,

2250 1418 2406 1472 unde
2436 1418 2603 1472 simul
2645 1418 2948 1474 damnetur
2977 1420 3037 1474 in
3066 1425 3329 1477 mortem.

2881 1510 3105 1564 CAPUT
3132 1511 3318 1566 XLIII.

2721 1597 2970 1652 Christus
2997 1614 3155 1652 remis
3183 1598 3468 1655 mediator.

2322 1686 2410 1739 68.
2442 1685 2626 1739 Verax
2656 1689 2845 1739 autem
2879 1686 3165 1741 mediator
3192 1703 3367 1758 quem
3395 1692 3605 1743 secreta
3628 1692 3718 1743 tua
3748 1687 3872 1742 mise-
3974 1685 3975 1758 ἦ

2249 1772 2495 1828 ricordia
2540 1773 2943 1830 demonstrasti
2994 1776 3331 1840 humilibus,
3365 1781 3421 1832 et
3461 1777 3654 1832 misisti
3701 1782 3756 1832 ut
3786 1778 3872 1847 ejus

2249 1870 2511 1941 exemplo
2541 1870 2710 1925 etiam
2736 1870 2919 1942 ipsam
2941 1871 3224 1927 discerent
3240 1873 3638 1941 humilitatem,
3659 1873 3875 1930 mediator

2247 1957 2345 2013 ille
2372 1959 2469 2014 Dei
2500 1964 2557 2014 et
2585 1958 2886 2015 hominum
2917 1960 3092 2016 homo
3124 1961 3380 2016 Christus
3400 1964 3575 2032 Jesus,
3617 1963 3748 2017 inter
3769 1978 3874 2017 mor-
3974 2038 3975 2041 η

2249 2048 2391 2102 tales
2406 2049 2801 2120 peccatoresiet
2828 2049 3212 2105 immortalem
3223 2051 3446 2122 justum
3469 2051 3738 2123 apparuit;
3761 2066 3872 2105 mor-

2246 2136 2376 2191 talis
2406 2154 2537 2192 cum
2568 2137 2923 2205 hominibus,
2971 2139 3161 2209 justus
3206 2156 3340 2194 cum
3383 2141 3517 2195 Deo.
3568 2141 3634 2195 Ut
3660 2140 3871 2211 quoniam

2246 2224 2597 2296 stipendium
2623 2226 2860 2297 justitiaa
2898 2227 3013 2281 vita
3038 2232 3095 2282 et
3125 2244 3233 2299 pax
3254 2233 3362 2298 est,
3392 2245 3497 2300 per
3509 2229 3762 2301 justitiam
3783 2242 3873 2281 con-

2239 2314 2498 2384 junctam
2520 2316 2634 2369 Deo
2665 2319 2962 2371 evacuaret
2990 2322 3235 2371 mortem
3260 2318 3688 2389 justiticatorum
3719 2315 3867 2387 impio-
3974 2334 3975 2391 ξ

2243 2419 2375 2458 rum
2396 2404 2436 2471 ¹,
2468 2420 2641 2476 quam
2662 2420 2793 2459 cum
2820 2403 2932 2459 illis
2958 2404 3134 2460 voluit
3162 2406 3377 2461 habere
3407 2422 3762 2462 communem.
3789 2402 3873 2459 Hic'

2245 2492 2667 2547 demonstratus
2696 2497 2781 2548 est
2809 2493 3055 2566 antiquis
3074 2494 3307 2563 sanctis,
3330 2495 3490 2550 utita
3512 2495 3615 2567 ipsi
3638 2511 3726 2567 per
3746 2493 3871 2547 ﬁdem

2246 2580 2455 2635 futurm
2485 2580 2768 2652 passionis
2797 2582 2938 2653 ejus,
2982 2582 3127 2637 sicut
3155 2599 3263 2638 nos
3284 2600 3393 2655 per
3421 2584 3590 2639 tidem
3618 2580 3873 2655 praeterita,
3974 2580 3975 2645 ἲ

2247 2668 2388 2725 salvi
2417 2669 2642 2727 ﬁerent.
2675 2672 2738 2725 ln
2768 2675 3048 2742 quantum
3078 2672 3229 2726 enim
3261 2673 3461 2739 homo,
3491 2673 3550 2727 in
3573 2675 3765 2726 tantum
3791 2684 3873 2722 meo
3974 2720 3975 2745 ξ

2246 2757 2469 2826 diator;
2503 2757 2563 2812 iu
2597 2764 2875 2829 quantum
2895 2763 3086 2815 autem
3113 2761 3376 2827 verbum,
3411 2777 3525 2816 non
3551 2759 3761 2824 medius,
3778 2754 3874 2827 quia
3974 2768 3975 2829 ξ

2246 2846 2483 2921 mqualis
2512 2847 2651 2917 Dco,
2686 2852 2743 2903 et
2762 2849 2910 2903 Deus
2935 2848 3085 2920 apud
3119 2851 3305 2905 Deum
3365 2854 3424 2906 et
3451 2850 3613 2903 simul
3654 2862 3761 2902 cum
3784 2843 3873 2914 Spi-

2247 2936 2366 2992 ritu
2393 2941 2591 2991 sancto
2611 2935 2634 2971 δ
2661 2953 2811 2993 unus
2843 2939 3011 2993 Deus.

2316 3029 2410 3081 69.
2448 3026 2744 3091 Quomodo
2773 3043 2878 3081 nos
2907 3026 3128 3095 amasti,
3163 3028 3336 3083 Pater
3361 3029 3530 3095 bone,
3562 3026 3655 3099 qui
3681 3023 3870 3081 Filiotuo

2244 3114 2415 3169 unico
2446 3129 2564 3168 non
2599 3115 2927 3185 pepercisti.
2961 3117 3057 3171 sed
3085 3132 3190 3187 pro
3215 3117 3390 3173 nobis
3428 3116 3614 3188 impiis
3656 3107 3870 3169 tradidisti

2245 3219 2378 3258 eum
2401 3203 2413 3259 !
2451 3202 2623 3271 (Rom.
2652 3220 2768 3269 vm,
2799 3203 2917 3273 32.)
2946 3204 3241 3269 Quomodo
3260 3222 3369 3260 nos
3394 3204 3592 3260 amasti
3607 3219 3699 3275 pro
3718 3198 3872 3272 quibus

2244 3292 2340 3348 ille
2369 3308 2485 3349 non
2532 3290 2794 3365 rapinam
2828 3292 3134 3348 arbitratus
3161 3310 3288 3349 esse
3327 3295 3563 3366 zequalis
3604 3290 3714 3357 tibi,
3744 3289 3873 3343 factus

2245 3385 2332 3437 est
2363 3382 2629 3437 subditus
2649 3397 2833 3453 usque
2858 3397 2924 3436 ae
2953 3386 3199 3436 mortem
3228 3383 3418 3437 crucis
3450 3383 3697 3452 (Philipp.
3743 3393 3789 3444 ιι,
3811 3373 3872 3439 ὃ)τ

2243 3485 2393 3523 unus
2422 3470 2517 3524 ille
2543 3470 2601 3524 in
2624 3468 2863 3523 mortuis
2889 3469 3157 3541 liber(Ps.
3186 3487 3435 3538 Lxxxvn,
3460 3467 3872 3541 6-8),potestatem

2244 3558 2462 3612 habens
2494 3556 2749 3629 ponendi
2771 3556 3022 3612 animam
3048 3574 3212 3612 suam
3244 3563 3303 3613 et
3342 3562 3675 3632 potestatem
3717 3551 3873 3609 habens
3974 3554 3975 3587 l

2244 3646 2455 3702 iterum
2487 3645 2752 3701 sumendi
2807 3662 2934 3701 eam
2980 3649 3162 3717 (Joan.
3223 3650 3438 3717 x,18);
3497 3663 3598 3718 pro
3642 3641 3781 3699 nobis
3803 3633 3872 3691 tibi
3974 3672 3975 3711 ι

2242 3735 2420 3791 victor
2449 3740 2507 3791 et
2534 3735 2784 3803 victima,
2811 3740 2869 3790 et
2896 3736 3024 3791 ideo
3054 3736 3235 3791 victor
3262 3737 3401 3808 quia
3431 3735 3777 3803 victima;pro
3799 3740 3869 3780 no»

2244 3823 2332 3877 bis
2359 3823 2459 3878 tibi
2494 3823 2752 3878 sacerdos
2784 3827 2840 3878 et
2868 3823 3228 3888 sacriﬁcium,
3267 3831 3327 3881 et
3356 3825 3485 3880 ideo
3516 3822 3748 3879 sacerdos
3778 3812 3871 3887 quia

2244 3911 2589 3966 sacriﬁcium
2616 3929 2630 3974 ;
2662 3911 2875 3966 faciens
2902 3913 3007 3968 tibi
3038 3930 3141 3968 nos
3171 3914 3244 3969 de
3270 3914 3447 3969 servis
3475 3914 3635 3977 ﬁlios,
3664 3910 3723 3966 de
3754 3912 3872 3960 ιευέ-

2244 4001 2474 4068 scendo,
2507 4000 2672 4055 nobis
2701 4001 3037 4057 serviendo!
3072 4003 3274 4057 Merito
3330 4004 3475 4058 mihi
3504 4018 3625 4073 spes
3665 3994 3814 4051 valida
3836 3991 3871 4042 in

2238 4090 2337 4145 illo
2367 4094 2469 4154 est,
2499 4089 2654 4158 quod
2676 4089 2900 4145 sanabis
2925 4106 3124 4145 omnes
3154 4091 3467 4163 languores
3483 4106 3651 4156 meos,
3673 4101 3759 4158 per
3772 4092 3869 4137 eum

2244 4179 2344 4251 qui
2373 4179 2532 4234 sedet
2563 4179 2632 4234 ad
2664 4179 2950 4234 dexteram
2977 4183 3134 4233 tuam
3157 4183 3216 4233 et
3244 4184 3303 4234 te
3336 4179 3657 4250 interpellat
3680 4189 3767 4246 pro
3800 4184 3874 4222 no-
3974 4226 3975 4255 ξ

2241 4268 2330 4324 bis
2356 4269 2524 4339 (Rom.
2564 4285 2680 4334 vm,
2712 4269 2796 4337 34)
2823 4284 2836 4335 ;
2867 4268 3123 4340 alioquin
3148 4267 3538 4340 desperarem.
3596 4262 3735 4321 Multi
3761 4256 3873 4313 enim

2241 4361 2297 4411 et
2323 4356 2521 4427 magni
2551 4361 2686 4411 sunt
2728 4356 2905 4411 iidem
2952 4357 3266 4427 lauguores
3306 4358 3445 4425 mei,
3493 4354 3647 4411 multi
3689 4352 3798 4406 sunt
3836 4346 3874 4396 et

2238 4443 2472 4514 magni;
2498 4444 2597 4498 sed
2622 4444 2867 4515 amplior
2882 4448 2966 4499 est
2991 4445 3277 4501 medicina
3307 4451 3429 4501 tua.
3457 4443 3728 4500 Potuimus
3750 4437 3873 4508 puta-

2238 4548 2300 4587 re
2328 4531 2575 4587 Verbum
2604 4536 2768 4587 tuum
2798 4537 3085 4589 remotum
3105 4551 3227 4589 esse
3257 4552 3293 4589 a
3320 4532 3707 4605 conjunctione
3732 4521 3874 4581 homi-

2238 4620 2350 4690 nis,
2395 4624 2451 4676 et
2480 4621 2779 4693 desperare
2804 4621 2872 4678 de
2903 4622 3090 4691 nobis,
3121 4622 3232 4677 nisi
3265 4639 3401 4678 caro
3434 4623 3591 4678 ﬁeret
3618 4624 3668 4673 ct
3704 4612 3874 4670 habita-

2239 4713 2326 4764 ret
2350 4708 2411 4763 in
2435 4708 2621 4764 nobis.

2307 4799 2397 4854 70.
2433 4798 2786 4853 Conterritus
2814 4799 3058 4871 peccatis
3078 4799 3224 4855 meis
3252 4804 3312 4856 et
3337 4801 3487 4856 mole
3518 4794 3739 4854 miserim
3770 4801 3875 4845 mea:

2240 4886 2657 4958 agitaveramin
2684 4887 2853 4942 corde
2873 4888 3304 4961 meditatusque
3330 4890 3549 4946 fueram
3571 4880 3875 4957 fugaminso'

2239 4974 2543 5032 litudinem
2570 4992 2585 5044 ;
2616 4976 2711 5031 sed
2740 4976 3091 5048 prohibuisti
3115 4993 3233 5047 me,
3265 4983 3327 5034 et
3353 4973 3689 5033 conﬁrmasti
3703 4985 3793 5032 me,
3812 4963 3874 5017 ἀί·

2240 5080 2372 5119 cens
2403 5080 2416 5120 :
2450 5064 2575 5119 Ideo
2598 5080 2703 5135 pro
2732 5066 2978 5120 omnibus
3007 5066 3257 5123 Christus
3296 5072 3539 5123 mortuus
3592 5066 3681 5130 est,
3723 5059 3775 5111 ιιι
3807 5049 3877 5121 Ψιί

2235 5155 2445 5222 vivunt,
2464 5154 2588 5223 jam
2615 5169 2722 5209 non
2737 5154 2846 5209 sibi
2862 5156 3075 5219 vivant,
3103 5154 3200 5210 sed
3219 5158 3274 5209 ei
3301 5158 3402 5224 qui
3411 5170 3513 5225 pro
3536 5153 3664 5223 ipsis
3686 5148 3875 5201 mortuus
3974 5138 3975 5189 3

2239 5247 2316 5298 est
2336 5243 2410 5311 (Il
2449 5243 2569 5300 Cor.
2611 5258 2666 5310 v,
2713 5243 2820 5314 l5).
2869 5242 3026 5313 Ecce,
3057 5243 3323 5315 Domine,
3349 5244 3502 5316 jacto
3552 5241 3609 5296 in
3653 5242 3704 5292 te
3726 5239 3874 5288 curam

2302 5332 2318 5366 ¹
2348 5331 2568 5397 Βὲηίϐη·
2598 5327 3233 5397 Ms.,_jusliﬁcandorum
3282 5333 3592 5397 impiorum.
3633 5323 3761 5376 Corh
3789 5317 3874 5369 Ms.

2228 5390 2959 5508 fui‘gicciéfrii‘ogﬁigrgm
2978 5456 3060 5506 Ita
3085 5456 3245 5507 etiam
3268 5470 3415 5507 unus
3433 5468 3462 5506 e
3490 5446 3761 5506 Sorbonicis
3775 5440 3868 5508 Μξιο

2389 5456 2519 5505 odex
2547 5452 2745 5505 Fossat.
2766 5471 2777 5505 :
2810 5458 2959 5507 Hinc.
2978 5456 3060 5506 Ita
3085 5456 3245 5507 etiam
3268 5470 3415 5507 unus
3433 5468 3462 5506 e
3490 5452 3678 5506 Sorbon

2298 5519 2319 5553 ³
2343 5519 2467 5569 Μεθ·
2484 5517 2719 5582 Pleriqm:
2732 5506 2847 5569 non
2859 5506 3181 5569 habenthtcc
3194 5506 3381 5580 verba,
3393 5532 3514 5571 cum
3524 5506 3871 5578 spirituum“.
3974 5526 3975 5582 ἦ

3762 5608 3782 5639 ο
