4022 6176
114 297 232 349 809

115 432 319 472 meam
354 420 416 471 ut
438 415 643 482 vivam,
675 419 731 470 et
759 413 1129 469 considerabo
1160 414 1447 469 mirabilia
1480 414 1550 469 de
1580 415 1702 485 lege
1731 418 1830 468 tua

116 507 297 577 (Psal.
329 521 513 571 cxvni,
552 508 660 575 18).
706 506 789 558 Tu
827 503 934 557 scis
962 503 1312 574 imperitiam
1352 517 1540 557 meam
1588 507 1642 557 et
1668 502 1828 557 inﬁr-

125 594 391 649 mitatem
433 608 621 646 meam
647 608 660 645 :
685 592 820 646 doce
864 606 976 657 me,
1009 596 1065 645 et
1091 608 1229 645 sana
1259 607 1371 644 me.
1404 592 1502 644 Ille
1534 596 1664 644 tuus
1693 590 1827 644 Uni-

121 699 231 736 cus
261 683 321 747 in
352 698 464 753 quo
489 684 622 735 sunt
651 696 851 734 omnes
875 680 1126 733 thesauri
1160 679 1452 750 sapientiae
1484 684 1541 733 et
1578 678 1830 733 scientiae

120 770 449 825 absconditi
479 770 700 837 (Coloss.
729 786 788 833 ιι,
821 768 893 837 3),
920 766 1162 823 redemit
1191 784 1283 822 me
1306 768 1584 838 sanguine
1614 784 1737 821 suo.

1529 292 1741 349 LIBER
1818 292 2253 350 UNDECIMUS.

3537 304 3641 355 810

1943 416 2062 469 Non
2095 416 2516 469 calumnientur
2550 416 2964 486 mihisuperbi:
2997 418 3274 489 quoniam
3308 419 3490 490 cogito
3514 436 3648 490 pre-

1941 502 2086 557 tium
2109 519 2322 569 meum,
2356 508 2412 558 et
2432 506 2735 571 manduco,
2756 511 2811 559 et
2830 507 2985 573 bibo,
3020 511 3075 560 et
3105 523 3298 578 erogo,
3337 512 3393 561 et
3421 524 3645 577 pauper

1942 592 2110 662 cupio
2144 593 2387 646 saturari
2419 608 2486 647 ex
2519 610 2583 645 eo
2614 593 2762 646 inter
2793 594 2921 646 illos
2953 595 3051 665 qui
3085 595 3262 648 edunt
3293 601 3350 649 et
3380 601 3643 649 saturan-

1940 684 2054 747 tur,
2078 685 2133 734 et
2159 681 2391 736 laudant
2422 683 2729 735 Dominum
2763 682 2860 753 qui
2887 684 3183 753 requirunt
3225 700 3357 737 eum
3388 685 3497 753 (Ps.
3528 701 3643 750 xxI,

1944 768 2060 837 27).

210 951 237 970 ’
1083 945 1599 1066 LIBER
1697 943 2715 1067 UNDECIMUS.

197 1103 533 1152 Laudaturus
557 1102 995 1170 Deumdeinceps
1022 1100 1351 1170 professione
1383 1100 1688 1170 suasipsius
1714 1099 1768 1147 in
1791 1099 2072 1170 Scripturis
2098 1102 2428 1170 sanctissive
2445 1102 2737 1163 imperitiae,
2755 1104 2861 1150 sive
2879 1103 3037 1170 etiam
3054 1103 3280 1170 peritiae,
3303 1108 3393 1151 aut
3412 1104 3526 1166 ejus
3547 1118 3651 1165 quo

128 1164 186 1211 in
220 1178 311 1213 eas
346 1179 407 1213 ex
437 1178 659 1212 munere
683 1165 867 1227 divino
884 1162 1159 1227 ﬂagrabat,
1182 1163 1360 1223 studii,
1380 1162 1753 1225 explicandum
1781 1162 1943 1227 sumit
1960 1163 2233 1227 exordium
2258 1162 2377 1210 libri
2395 1162 2680 1227 Geneseos;
2704 1170 2859 1225 atque
2880 1164 2964 1211 hic
2982 1162 3210 1227 primum
3230 1162 3651 1213 illustratisthrec

126 1227 299 1290 verba
321 1240 331 1273 :
358 1229 423 1277 In
451 1228 738 1290 principio
756 1226 879 1289 fecit
904 1224 1039 1275 Déus
1061 1224 1257 1276 cwlum
1289 1230 1339 1290 _et
1362 1224 1591 1290 terram.
1613 1224 1849 1290 Q‘ccurrit
1871 1224 2308 1290 obtrectantibus,
2340 1225 2465 1286 quid
2505 1224 2854 1290 faceret_Deus
2876 1224 3157 1290 antequam
3179 1227 3369 1290 caelum
3392 1232 3441 1275 et
3467 1232 3658 1290 terram

127 1289 407 1344 conderet,
451 1285 507 1337 et
532 1285 673 1336 unde
696 1285 828 1337 ei’in
864 1291 1092 1336 mentem
1122 1288 1326 1336 venerit
1354 1287 1564 1335 tandem
1593 1286 1877 1348 aliquando
1903 1299 1964 1334 ea
1992 1285 2177 1346 facere,
2205 1300 2326 1334 cum
2358 1285 2519 1335 antea
2548 1300 2656 1334 non
2686 1286 2913 1336 fecisset.
2946 1285 3077 1335 Dum
3112 1302 3234 1336 vero
3259 1288 3321 1335 iis
3348 1289 3649 1338 refellendis

130 1351 356 1409 insistit,
387 1351 654 1413 copiosam
684 1352 749 1400 de
777 1351 1030 1413 Tempore
1062 1349 1349 1399 conscribit
1366 1348 1798 1411 disputationem.

711 1546 936 1601 CAPUT
978 1545 1272 1599 PRIMUM.

584 1634 692 1689 Cur
717 1636 1027 1702 conﬁtemur
1051 1636 1153 1686 Deo
1181 1634 1393 1686 scienti.

217 1726 265 1777 t.
293 1721 603 1793 Numquid,
624 1721 885 1787 Domine,
910 1737 1039 1775 cum
1066 1726 1164 1775 tua
1185 1720 1257 1775 sit
1278 1721 1585 1787 aeternitas,
1614 1721 1843 1792 ignoras

130 1828 273 1882 quas
292 1810 392 1865 tibi
413 1810 558 1877 dico,
585 1815 680 1865 aut
700 1810 771 1865 ad
792 1815 1018 1879 tempus
1039 1809 1193 1863 vides
1210 1810 1360 1880 quod
1383 1810 1449 1864 ﬁt
1464 1810 1523 1864 in
1545 1812 1846 1874 tempore?

134 1900 260 1953 Cur
285 1916 419 1970 ergo
454 1898 554 1953 tibi
586 1903 669 1952 tot
692 1914 888 1952 rerum
915 1897 1273 1951 narrationes
1312 1897 1547 1968 digere?
1578 1899 1703 1952 Non
1730 1896 1843 1951 uti-

132 2005 256 2059 que
281 1994 342 2042 ut
371 2004 473 2058 per
502 2003 593 2041 me
633 1986 856 2042 noveris
894 2003 976 2051 ea,
1012 1986 1111 2039 sed
1151 1986 1414 2040 aﬁ‘ectum
1444 2002 1637 2040 meum
1664 1986 1844 2040 excito

136 2080 203 2132 in
236 2083 315 2147 te,
346 2081 401 2130 et
438 2092 636 2130 eorum
671 2076 770 2147 qui
800 2075 921 2129 haec
953 2075 1170 2145 legunt,
1204 2079 1269 2128 ut
1306 2075 1560 2129 dicamus
1606 2090 1841 2128 omnes:

138 2168 381 2236 Magnus
430 2164 701 2219 Dominus
732 2168 787 2217 et
831 2163 1133 2217 laudabilis
1182 2162 1346 2216 valde
1396 2163 1568 2232 (Psal.
1612 2180 1734 2227 xcv,
1767 2163 1844 2233 4).

137 2258 273 2310 Jam
320 2254 456 2319 dixi,
498 2257 553 2306 et
590 2253 813 2307 dicam:
862 2268 1055 2306 amore
1100 2251 1312 2305 amoris
1354 2251 1439 2305 tui
1485 2250 1629 2305 facio
1676 2251 1843 2305 istud.

144 2347 291 2399 Nam
311 2348 365 2397 et
378 2358 627 2408 oramus,
651 2345 705 2395 et
725 2346 916 2395 tamen
934 2340 1150 2394 Veritas
1177 2340 1255 2393 ait
1279 2357 1291 2393 :
1315 2341 1474 2397 Novit
1497 2343 1658 2394 Pater
1678 2345 1850 2393 vester

140 2431 285 2502 quid
300 2432 445 2485 vobis
458 2446 588 2500 opus
606 2434 695 2496 sit,
710 2432 1032 2499 priusquam
1043 2431 1245 2498 petatis
1268 2429 1335 2482 ab
1357 2445 1412 2483 eo
1434 2428 1651 2499 (Matth.
1672 2446 1745 2494 v1,
1770 2429 1845 2498 8).

144 2521 426 2577 Affectum
456 2535 592 2589 ergo
622 2523 881 2572 nostrum
917 2517 1291 2589 patefacimus
1323 2517 1383 2571 in
1410 2522 1487 2582 te,
1520 2516 1846 2571 conﬁtendo

143 2611 253 2665 tibi
283 2608 541 2662 miserias
571 2612 793 2661 nostras
816 2612 874 2661 et
905 2606 1319 2660 misericordias
1351 2611 1478 2661 tuas
1513 2622 1686 2676 super
1725 2622 1847 2672 nos,

146 2703 209 2753 ut
238 2698 443 2752 liberes
475 2713 579 2750 nos
601 2696 856 2760 omnino,
884 2695 1157 2766 quoniam
1179 2694 1417 2765 coepisti,
1440 2698 1503 2748 ut
1521 2692 1849 2748 desinamus

146 2802 272 2841 esse
317 2785 507 2839 miseri
536 2785 597 2839 in
627 2784 815 2851 nobis,
848 2788 903 2838 et
933 2783 1325 2838 beatilicemur
1353 2782 1415 2837 in
1453 2787 1541 2849 te;
1573 2781 1849 2853 quoniam

146 2874 364 2929 vocasti
393 2889 495 2927 nos
526 2878 589 2926 ut
618 2873 792 2925 simus
817 2888 1100 2943 pauperes
1128 2870 1351 2941 spiritu,
1384 2875 1439 2924 et
1469 2870 1658 2937 mites,
1688 2874 1743 2923 et
1770 2870 1851 2922 lu-

148 2969 369 3033 gentes,
393 2961 783 3016 etesurientes
803 2977 867 3015 ac
908 2960 1163 3014 sitientes
1194 2959 1496 3029 justitiam,
1529 2963 1586 3012 et
1628 2957 1853 3011 miseri-

148 3052 370 3117 cordes,
405 3056 462 3105 et
490 3049 910 3116 mundicordes,
943 3054 999 3102 et
1036 3047 1258 3119 paciﬁci
1297 3048 1425 3117 (Id.,
1456 3064 1505 3113 v,
1538 3048 1675 3116 3-9.)
1709 3048 1843 3100 Ecce

150 3140 377 3196 narravi
406 3139 511 3194 tibi
540 3139 721 3193 multa
749 3154 875 3209 quas
901 3136 1083 3208 potui,
1109 3140 1163 3190 et
1194 3153 1321 3207 qua:
1352 3135 1504 3189 volui
1529 3153 1541 3203 ;
1576 3135 1852 3206 quoniam

152 3236 214 3284 tu
246 3228 403 3299 prior
433 3226 661 3282 voluisti
692 3232 755 3281 ut
780 3227 1081 3280 conﬁterer
1120 3225 1223 3279 tibi
1266 3224 1506 3278 Domino
1539 3226 1654 3277 Deo
1701 3239 1851 3290 meo,

152 3316 427 3390 quoniam
454 3317 641 3371 bonus
668 3332 744 3383 es,
773 3315 1047 3386 quoniam
1070 3315 1131 3369 in
1162 3315 1436 3369 saeculum
1460 3312 1851 3368 misericordia

155 3414 258 3462 tua
286 3407 455 3478 (Psal.
490 3422 652 3472 cxvn,
688 3406 759 3475 l).

840 3493 1066 3547 CAPUT
1107 3493 1178 3545 II.

228 3589 363 3642 Petit
394 3602 428 3639 α
455 3588 558 3639 Deo
583 3584 991 3653 Scripturarum
1012 3586 1325 3636 sanctarum
1346 3581 1781 3648 intelligentiam.

226 3678 288 3730 2.
335 3674 572 3738 Quando
604 3677 792 3726 autem
831 3670 1049 3725 sufﬁcio
1088 3670 1286 3741 lingua
1315 3669 1517 3723 calami
1548 3667 1851 3722 enuntiare

158 3764 356 3818 omnia
397 3764 759 3817 hortamenta
802 3764 921 3828 tua,
968 3763 1022 3814 et
1062 3776 1260 3813 omnes
1306 3763 1552 3812 terrores
1600 3762 1750 3822 tuos,
1804 3760 1859 3810 et

158 3851 593 3913 consolationes,
626 3854 681 3904 et
706 3848 1153 3920 gubernationes
1182 3847 1391 3919 quibus
1420 3863 1512 3901 me
1543 3844 1857 3917 perduxisti

160 3940 472 4013 praedicare
502 3939 761 4004 verbum,
796 3941 850 3991 et
880 3940 1300 3991 sacramentum
1329 3940 1494 3990 tuum
1529 3936 1858 4005 dispensare

160 4031 378 4103 populo
426 4030 562 4082 tuo?
595 4029 658 4081 Et
688 4027 735 4080 si
764 4025 980 4080 sufficio
1024 4026 1147 4079 haec
1187 4024 1486 4079 enuntiare
1532 4040 1599 4077 ex
1638 4022 1856 4088 ordine,

159 4138 293 4176 caro
325 4119 469 4173 mihi
499 4120 687 4172 valent
716 4116 879 4170 stillae
912 4120 1259 4185 temporum.
1295 4115 1359 4167 Et
1386 4114 1524 4167 olim
1562 4112 1857 4166 inardesco

157 4208 428 4265 meditari
455 4208 515 4262 in
544 4208 666 4277 lege
696 4210 814 4271 tua,
858 4209 912 4259 et
941 4204 1002 4257 in
1032 4220 1098 4257 ea
1132 4202 1237 4256 tibi
1266 4201 1525 4256 conﬁteri
1565 4200 1858 4254 scientiam

158 4305 218 4353 et
250 4296 599 4368 imperitiam
648 4309 855 4359 meam,
899 4290 1213 4363 primordia
1258 4288 1696 4343 illuminationis
1728 4293 1860 4354 tuas,

158 4393 215 4441 et
247 4386 520 4457 reliquias
540 4384 907 4438 tenebrarum
930 4394 1213 4445 mearum,
1240 4393 1538 4448 quousque
1561 4376 1867 4430 devoretur

159 4496 193 4531 a
214 4475 554 4531 fortitudine
569 4472 889 4527 inﬁrmitas.
916 4471 980 4524 Et
1000 4470 1132 4523 nolo
1152 4468 1212 4521 in
1226 4466 1383 4521 aliud
1402 4467 1558 4520 horae
1579 4465 1863 4532 diffluant,

161 4582 308 4637 quas
348 4562 576 4617 invenio
620 4560 827 4614 liberas
857 4576 891 4612 a
940 4555 1370 4611 necessitatibus
1401 4554 1693 4609 reﬁciendi
1743 4569 1866 4608 cor-

159 4654 344 4726 poris,
394 4656 449 4705 et
492 4647 822 4704 intentionis
869 4645 1072 4714 animi,
1119 4648 1177 4700 et
1220 4643 1502 4699 servitutis
1552 4658 1725 4713 quam
1769 4642 1866 4696 de-

162 4744 369 4797 bemus
410 4738 761 4801 hominibus,
796 4740 853 4791 et
893 4750 1067 4807 quam
1110 4749 1224 4789 non
1267 4733 1542 4788 debemus
1575 4735 1631 4785 et
1675 4736 1869 4785 tamen

164 4831 476 4887 reddimus.

238 4925 290 4977 3.
338 4919 575 4974 Domine
627 4918 775 4973 Deus
817 4929 1001 4980 meus,
1040 4910 1274 4967 intende
1318 4909 1560 4964 orationi
1610 4924 1773 4974 meae,
1816 4910 1872 4961 et

163 5007 561 5065 misericordia
582 5010 682 5061 tua
702 5001 966 5059 exaudiat
988 4999 1337 5055 desiderium
1359 5014 1571 5063 meum,
1598 4996 1871 5067 quoniam

164 5115 286 5153 non
316 5096 457 5151 mihi
488 5094 592 5149 soli
623 5096 845 5158 mstuat,
879 5090 977 5145 sed
1006 5089 1136 5144 usui
1156 5089 1278 5143 vult
1299 5102 1420 5141 esse
1446 5086 1712 5141 fraternae
1740 5085 1875 5138 cha-

167 5186 355 5242 ritati:
389 5189 445 5239 et
465 5183 623 5237 vides
651 5182 710 5236 in
741 5180 912 5235 corde
942 5195 1069 5233 meo
1102 5177 1238 5248 quia
1260 5175 1338 5230 sic
1367 5179 1471 5231 est.
1507 5174 1831 5229 Sacriﬁcem
1852 5172 1872 5206 ί

168 5276 271 5331 tibi
302 5274 645 5329 famulatum
666 5268 1026 5341 cogitationis
1048 5271 1103 5322 et
1118 5266 1329 5336 linguae
1352 5280 1494 5319 mea:
1512 5283 1527 5331 ;
1548 5267 1605 5317 et
1630 5263 1701 5317 da
1722 5262 1874 5333 quod

168 5366 409 5421 offeram
442 5361 569 5418 tibi.
611 5362 784 5431 Inops
819 5358 973 5413 enim
1010 5360 1067 5412 et
1102 5370 1323 5428 pauper
1359 5369 1516 5419 sum;
1547 5356 1605 5407 tu
1634 5351 1787 5406 dives
1818 5350 1876 5405 in

232 5494 248 5524 ¹
282 5490 429 5544 Lov.,
450 5488 580 5544 quia
606 5484 683 5534 sic
708 5486 810 5543 est,
840 5486 901 5534 ut
934 5478 1245 5544 sacriﬁcam.
1264 5505 1331 5544 _-7
1354 5478 1448 5527 Cui
1481 5477 1695 5544 lectioni
1732 5490 1875 5526 acce-

170 5553 305 5601 dunt
335 5540 426 5599 Er:
455 5540 586 5599 Ven.
617 5540 819 5596 Somm'.
851 5550 903 5594 et
924 5549 949 5593 5
986 5540 1105 5594 Mss.
1141 5542 1280 5607 apud
1313 5543 1462 5591 Mart.
1530 5540 1595 5587 M.

488 5628 765 5693 PATROI..
818 5623 1064 5689 XXXII.

1953 1560 2150 1598 omnes
2182 1544 2511 1598 invocantes
2544 1550 2597 1599 te
2629 1545 2798 1616 (Rom.
2834 1564 2885 1611 x,
2926 1550 3033 1616 12),
3067 1547 3166 1619 qui
3197 1563 3429 1602 securus
3457 1565 3651 1603 curam

1953 1635 2133 1687 nostri
2162 1635 2329 1703 geris.
2364 1634 2713 1689 Circumcide
2747 1636 2818 1689 ab
2850 1636 3007 1689 omni
3031 1637 3352 1691 temeritate
3380 1639 3654 1708 omnique

1955 1723 2247 1776 mendacio
2280 1722 2553 1777 interiora
2580 1728 2637 1777 et
2663 1723 2942 1777 exteriora
2968 1725 3119 1778 labia
3150 1741 3301 1781 mea.
3331 1725 3458 1779 Sint
3487 1733 3653 1781 castae

1955 1810 2173 1865 delicias
2202 1827 2345 1864 mete
2375 1811 2683 1881 Scripturze
2700 1816 2844 1878 tuae;
2872 1828 2975 1865 nec
2998 1813 3164 1866 fallar
3191 1814 3253 1866 in
3284 1814 3387 1881 eis,
3417 1831 3521 1868 nec
3550 1814 3655 1868 fal—

1953 1897 2069 1952 lam
2093 1915 2159 1953 ex
2187 1900 2294 1954 eis.
2313 1901 2576 1966 Domine,
2596 1902 2820 1955 attende
2841 1919 2853 1968 ;
2873 1901 3231 1971 etmiserere,
3255 1902 3492 1956 Domine
3510 1905 3657 1956 Deus

1954 2004 2137 2057 meus,
2157 1990 2253 2043 lux
2265 2006 2545 2044 caecorum
2561 1996 2617 2044 et
2637 1991 2815 2044 virtus
2836 1990 3218 2059 inﬁrmorum,
3236 1991 3541 2063 statimque
3559 1993 3653 2046 lux

1953 2077 2274 2131 videntium
2304 2082 2361 2132 et
2393 2078 2569 2133 virtus
2614 2079 2870 2144 fortium,
2904 2079 3133 2133 attende
3163 2079 3414 2133 animam
3442 2096 3653 2147 meam,

1956 2168 2011 2218 et
2030 2165 2162 2219 audi
2192 2166 2532 2221 clamantem
2565 2168 2633 2221 de
2660 2167 2966 2238 profundo.
2994 2169 3137 2221 Nam
3166 2168 3274 2221 nisi
3298 2168 3483 2222 adsint
3512 2176 3567 2222 et
3597 2170 3657 2223 in

1956 2254 2240 2323 profundo
2254 2270 2419 2309 aures
2431 2260 2564 2322 tute,
2582 2272 2694 2326 quo
2708 2255 2951 2310 ibimus?
2965 2271 3077 2326 quo
3090 2256 3492 2310 clamabimus?
3503 2259 3658 2310 Tuus

1958 2347 2041 2396 est
2070 2342 2209 2404 dies,
2243 2349 2300 2398 et
2348 2350 2447 2398 tua
2479 2349 2563 2400 est
2592 2361 2701 2399 nox
2742 2346 2905 2415 (Psal.
2938 2362 3125 2412 Lxxm,
3172 2349 3288 2411 l6):
3331 2346 3403 2399 ad
3454 2351 3657 2400 nutum

1954 2434 2121 2485 tuum
2165 2438 2456 2487 momenta
2510 2435 2880 2488 transvolant.
2943 2433 3173 2504 Largire
3226 2435 3359 2489 inde
3408 2435 3656 2505 spatium

1958 2519 2424 2575 meditationibus
2453 2522 2663 2576 nostris
2693 2522 2753 2577 in
2784 2522 2977 2577 abdita
3003 2522 3148 2592 legis
3178 2526 3312 2587 tuas,
3344 2540 3531 2594 neque
3560 2525 3659 2577 ad-

1959 2624 2150 2662 versus
2194 2610 2484 2680 pulsantes
2537 2611 2763 2665 claudas
2812 2627 2957 2665 eam.
3002 2612 3197 2681 Neque
3250 2610 3403 2664 enim
3450 2612 3662 2665 frustra

1956 2697 2124 2751 scribi
2153 2698 2382 2752 voluisti
2414 2702 2497 2752 tot
2524 2699 2869 2768 paginarum
2909 2714 3086 2769 opaca
3126 2703 3367 2764 secreta;
3411 2703 3510 2753 aut
3538 2715 3657 2752 non

1959 2784 2169 2838 habent
2207 2786 2321 2839 illae
2362 2786 2515 2839 silvas
2548 2802 2741 2841 cervos
2771 2803 2901 2841 suos
2932 2787 3272 2857 recipientes
3303 2802 3361 2839 se
3388 2785 3448 2838 in
3480 2802 3575 2839 eas
3605 2792 3661 2840 et

1958 2879 2334 2941 resumentes,
2358 2875 2718 2928 ambulantes
2735 2879 2792 2929 et
2806 2879 3118 2945 pascentes,
3140 2874 3540 2929 recumbentes
3563 2872 3581 2905 ⁸
3605 2878 3663 2927 et

1959 2961 2334 3015 ruminantes.
2370 2963 2412 3017 Ο
2436 2962 2694 3029 Domine,
2720 2963 2929 3033 perﬁce
2952 2979 3063 3029 me,
3097 2968 3152 3017 et
3172 2964 3359 3017 revela
3380 2962 3524 3016 mihi
3544 2979 3660 3017 eas.

1963 3053 2097 3105 Ecce
2128 3067 2236 3105 vox
2263 3055 2362 3105 tua
2394 3051 2670 3122 gaudium
2699 3067 2913 3119 meum,
2945 3068 3046 3105 vox
3078 3056 3176 3105 tua
3205 3067 3377 3122 super
3413 3049 3660 3104 afﬂuen-

1960 3139 2100 3193 tiam
2129 3139 2488 3210 voluptatum
2509 3138 2549 3194 ³.
2586 3141 2664 3194 Da
2693 3139 2847 3210 quod
2877 3156 3007 3193 amo
3034 3156 3045 3193 :
3080 3155 3208 3193 amo
3242 3138 3429 3205 enim;
3468 3141 3523 3191 et
3552 3138 3664 3190 hoc

1961 3231 2026 3281 tu
2068 3226 2291 3283 dedisti.
2333 3229 2413 3282 Ne
2460 3228 2608 3282 dona
2648 3231 2746 3281 tua
2781 3227 3027 3294 deseras,
3071 3243 3176 3281 nec
3215 3227 3455 3281 herbam
3503 3229 3663 3280 tuam

1963 3333 2195 3387 spernas
2225 3315 2534 3371 sitientem.
2561 3316 2845 3371 Conﬁtear
2864 3315 2967 3369 tibi
2999 3315 3283 3386 quidquid
3312 3314 3585 3368 invenero
3606 3312 3667 3367 in

1965 3405 2146 3458 Libris
2179 3405 2319 3471 tuis;
2361 3409 2417 3459 et
2454 3404 2683 3459 audiam
2716 3420 2909 3458 vocem
2948 3404 3133 3457 laudis
3176 3403 3341 3473 (Psal.
3370 3418 3498 3467 xxv,
3529 3400 3580 3470 7)
3613 3404 3668 3453 et

1962 3497 2016 3547 te
2045 3493 2260 3553 bibam,
2311 3497 2368 3547 et
2409 3493 2761 3547 considerem
2810 3491 3097 3545 mirabilia
3142 3491 3210 3545 de
3263 3492 3385 3560 lege
3431 3493 3550 3556 tua,
3598 3489 3667 3540 ab

1965 3597 2145 3651 usque
2207 3580 2491 3651 principio
2548 3581 2609 3634 in
2657 3597 2771 3651 quo
2826 3578 3011 3633 fecisti
3065 3580 3271 3633 coelum
3327 3583 3382 3631 et
3433 3582 3667 3645 terram,

1966 3683 2147 3738 usque
2177 3668 2249 3722 ad
2277 3683 2522 3738 regnum
2563 3672 2752 3723 tecum
2782 3671 3126 3739 perpetuum
3168 3670 3379 3722 sanctae
3427 3664 3667 3720 civitatis

1964 3762 2101 3810 tum.

2035 3846 2087 3899 4.
2132 3844 2388 3910 Domine,
2444 3843 2715 3898 miserere
2763 3844 2899 3910 mei,
2949 3848 3005 3898 et
3050 3843 3257 3898 exaudi
3325 3840 3670 3897 desiderium

1967 3949 2181 3987 meum.
2218 3934 2359 3987 Puto
2393 3933 2548 3987 enim
2571 3933 2727 4004 quod
2754 3949 2870 3987 non
2902 3932 2971 3985 sit
3001 3932 3070 3985 de
3092 3936 3263 3998 terra,
3295 3947 3411 3985 non
3432 3930 3499 3984 de
3530 3945 3668 3983 auro

1969 4027 2024 4077 et
2049 4027 2285 4092 argento
2325 4027 2381 4076 et
2418 4022 2487 4076 de
2518 4021 2828 4091 lapidibus,
2871 4024 2971 4074 aut
3010 4020 3230 4074 decoris
3265 4019 3537 4083 vestibus,
3573 4022 3673 4071 aut

1968 4110 2282 4165 honoribus
2330 4115 2388 4164 et
2433 4109 2823 4179 potestatibus,
2879 4112 2979 4163 aut
3028 4107 3415 4177 voluptatibus
3460 4105 3667 4169 carnis,

1971 4216 2157 4270 neque
2192 4200 2261 4252 de
2294 4198 2630 4251 necessariis
2658 4197 2905 4267 corpori,
2937 4202 2992 4251 et
3018 4196 3152 4250 huic
3178 4195 3306 4248 vita:
3338 4194 3671 4264 peregrina-

1972 4287 2145 4342 tionis
2176 4292 2406 4352 nostraa,
2438 4302 2566 4357 quas
2598 4286 2793 4339 omnia
2818 4285 2981 4339 nobis
3010 4287 3379 4355 apponuntur
3408 4298 3670 4352 qumren-

1973 4375 2123 4427 tibus
2161 4389 2405 4443 regnum
2436 4378 2494 4427 et
2526 4373 2812 4444 justitiam
2851 4378 3030 4427 tuam.
3062 4372 3219 4434 Vide,
3254 4370 3495 4425 Domine
3526 4372 3674 4423 Deus

1974 4478 2157 4527 meus,
2189 4461 2342 4516 unde
2371 4462 2441 4515 sit
2476 4462 2825 4516 desiderium
2862 4477 3076 4516 meum.
3122 4462 3505 4513 Narraverunt
3535 4459 3675 4513 mihi

1974 4551 2171 4622 injusti
2211 4549 2639 4613 delectationes,
2673 4552 2773 4606 sed
2818 4566 2934 4604 non
2972 4549 3118 4602 sicut
3144 4547 3236 4601 lex
3266 4552 3385 4613 tua,
3433 4546 3675 4601 Domine

1977 4640 2139 4709 (Psal.
2171 4656 2355 4705 cxvm,
2387 4642 2497 4708 85).
2547 4641 2681 4693 Ecce
2728 4638 2882 4692 unde
2911 4640 2994 4690 est
3040 4636 3395 4690 desiderium
3444 4652 3666 4691 meum.

1976 4728 2133 4794 Vide,
2164 4729 2348 4794 Pater,
2381 4727 2589 4798 aspice,
2624 4730 2679 4781 et
2699 4725 2846 4791 vide,
2882 4728 2937 4778 et
2965 4724 3252 4794 approba;
3289 4728 3345 4777 et
3370 4724 3588 4795 placeat
3618 4726 3678 4779 in

1977 4820 2279 4886 conspectu
2308 4814 2715 4869 misericordias
2739 4818 2855 4867 tuae
2874 4812 3130 4867 invenire
3153 4828 3244 4866 me
3272 4813 3516 4882 gratiam
3549 4818 3678 4867 ante

1977 4910 2055 4973 te,
2096 4910 2158 4959 ut
2198 4904 2530 4975 aperiantur
2566 4902 2820 4973 pulsanti
2856 4902 3001 4956 mihi
3036 4901 3309 4956 interiora
3348 4918 3677 4956 sermonum

1977 4999 2233 5049 tuorum.
2266 4992 2509 5048 Obsecro
2540 5007 2641 5062 per
2671 4990 2978 5045 Dominum
3004 4994 3265 5045 nostrum
3296 4991 3490 5045 Jesum
3521 4990 3677 5045 Chri-

1981 5087 2134 5136 stum
2168 5082 2352 5136 ﬁlium
2392 5084 2580 5148 tuum,
2630 5077 2817 5133 virum
2856 5080 3101 5134 dexterae
3139 5084 3255 5134 tua:
3293 5079 3459 5150 (Psal.
3497 5093 3677 5143 Lxxix,

1986 5173 2091 5238 18),
2114 5170 2299 5224 ﬁlium
2319 5167 2589 5235 hominis,
2614 5184 2786 5239 quem
2807 5168 3156 5223 conﬁrmasti
3177 5167 3279 5222 tibi
3302 5167 3677 5221 mediatorem

1982 5263 2147 5314 tuum
2164 5263 2220 5313 et
2237 5261 2519 5324 nostrum,
2542 5273 2646 5329 per
2669 5273 2843 5329 quem
2863 5274 2967 5312 nos
2988 5256 3263 5330 quassiisti
3285 5272 3397 5309 non
3415 5270 3677 5325 quaeren-

2047 5412 2063 5444 1
2100 5407 2184 5457 Sic
2212 5406 2335 5455 Arn.
2368 5408 2421 5454 et
2452 5404 2731 5455 duodecim
2762 5405 2883 5453 Mss.
2911 5405 2976 5452 At
2998 5405 3143 5462 Lov.,
3172 5399 3506 5451 recubantes.

2047 5473 2068 5506 ²
2098 5469 2292 5519 Codex.
2320 5467 2490 5531 Qorh.,
2522 5466 2987 5531 supera/ﬂuentia.
3019 5466 3142 5514 Bad.
3171 5464 3282 5511 Am.
3314 5476 3434 5511 cum
3458 5468 3682 5524 qnntlmr

1988 5535 2130 5589 3195.,
2164 5529 2612 5594 super/tuentium
2634 5529 3000 5593 voluptatum.

3032 5608 3053 5685 (
3073 5603 3449 5691 νίηθίοςίπέ.)
