4022 6176
388 304 485 358 8H
1570 299 2105 355 coxrassmxun
2148 298 2201 353 S.
2255 298 2659 355 AUGUSTINI.
3805 303 3904 353 St‘z

386 430 471 478 tes
492 430 568 492 te,
588 425 840 496 quaesisti
854 429 1045 479 autem
1064 429 1125 479 ut
1139 439 1525 495 qumreremus
1538 427 1590 477 te
1609 444 1623 490 ;
1641 424 1891 478 Verbum
1912 428 2074 477 tuum

383 530 488 583 per
513 514 662 586 quod
683 513 862 568 fecisti
884 513 1094 578 omnia,
1122 514 1182 566 in
1207 512 1413 584 quibus
1434 517 1627 578 etme;
1651 513 1889 566 Unicum
1913 517 2075 566 tuum

383 619 486 672 per
510 619 681 672 quem
704 603 914 656 vocasti
929 603 987 657 in
1008 601 1375 672 adoptionem
1395 602 1676 671 populum
1698 601 2075 666 credentium,

385 693 447 745 in
468 709 580 762 quo
610 697 813 746 etme:
848 708 950 761 per
973 708 1104 745 eum
1127 697 1180 744 te
1212 691 1442 743 obsecro
1472 690 1571 760 qui
1602 690 1757 743 sedet
1784 690 1856 743 ad
1887 690 2077 744 dexte-

385 798 505 835 ram
549 786 705 834 tuam
751 785 805 834 et
849 785 902 833 te
950 778 1274 848 interpellat
1323 795 1425 848 pro
1473 778 1658 843 nobis“,
1701 778 1759 832 in
1789 794 1901 848 quo
1949 783 2082 831 sunt

385 886 586 924 omnes
657 867 908 922 thesauri
969 866 1259 937 sapientia:
1327 871 1383 920 et
1447 866 1699 920 scientia:
1767 866 2080 920 absconditi

383 960 600 1027 (Coloss.
630 976 686 1018 ιι,
721 958 793 1027 3).
829 958 1019 1027 Ipsum
1041 958 1057 991 ¹
1091 972 1285 1026 quaero
1307 954 1365 1008 in
1397 954 1578 1008 Libris
1607 955 1738 1009 tuis.
1769 956 1982 1025 Moyses
2013 955 2080 1009 de

383 1047 482 1100 illo
535 1046 760 1117 scripsit
805 1045 982 1113 (Joan.
1033 1061 1086 1111 v,
1134 1046 1262 1113 46):
1322 1044 1427 1098 hoc
1484 1043 1604 1114 ipse
1661 1043 1759 1109 ait,
1814 1043 1920 1098 hoc
1972 1045 2080 1097 Ve-

385 1136 520 1189 ritas
549 1136 648 1190 ait.

1055 1223 1276 1276 CAPUT
1316 1223 1413 1275 III.

385 1316 510 1381 0w
547 1316 767 1382 scripsit
806 1314 1010 1378 Moyses
1049 1311 1114 1363 de
1151 1312 1417 1364 creatione
1455 1310 1571 1362 εωιί
1599 1313 1648 1362 et
1689 1313 1844 1362 terra?
1881 1310 2082 1362 intelli-

715 1417 837 1469 gere
866 1416 972 1453 non
1005 1404 1180 1467 potest
1209 1400 1318 1451 nisi
1349 1398 1580 1450 donante
1611 1401 1739 1453 Deo.

457 1496 506 1545 εἱ.
538 1490 782 1544 Audiam
816 1493 869 1541 et
909 1486 1222 1556 intelligam
1270 1485 1556 1556 quomodo
1605 1485 1662 1539 in
1693 1484 1974 1555 principio
2002 1484 2075 1538 fe-

385 1581 507 1634 cisti
537 1580 741 1634 malum
772 1584 829 1632 et
858 1584 1067 1631 terram
1089 1578 1241 1643 (Gen,
1275 1592 1311 1640 ι,
1349 1576 1416 1643 t).
1450 1575 1681 1644 Scripsit
1707 1575 1811 1628 hoc
1842 1575 2078 1644 Moyses,

385 1668 607 1739 scripsit
656 1673 711 1720 et
753 1666 911 1730 abiit,
961 1665 1221 1718 transivit
1269 1663 1401 1717 hinc
1447 1668 1558 1716 ate
1608 1663 1677 1716 ad
1705 1667 1758 1716 te
1791 1661 1850 1729 ²;
1894 1679 2080 1732 neque

385 1773 538 1810 nunc
569 1760 698 1809 ante
729 1770 821 1808 me
852 1759 955 1807 est.
997 1754 1135 1806 Nam
1163 1751 1208 1804 si
1237 1755 1404 1817 esset,
1434 1755 1688 1804 tenerem
1718 1766 1872 1816 eum,
1906 1755 1961 1804 et
1991 1767 2078 1804 ro-

383 1861 577 1914 garem
592 1859 744 1909 eum,
765 1847 820 1896 et
841 1857 941 1912 per
957 1845 1008 1895 te
1028 1841 1383 1894 obsecrarem
1409 1844 1470 1892 ut
1488 1839 1625 1892 mihi
1645 1839 1752 1892 ista
1770 1839 2074 1909 panderet;

385 1938 440 1986 et
471 1932 782 2003 praeberem
815 1945 979 1983 aures
1017 1928 1272 1998 corporis
1311 1927 1426 1981 mei
1458 1927 1610 1980 sonis
1641 1929 2078 1998 erumpentibus

383 2039 451 2074 ex
495 2038 593 2074 ore
637 2021 776 2090 ejus.
823 2019 888 2072 Et
935 2017 982 2071 si
1026 2018 1253 2072 hebraza
1301 2032 1433 2070 voce
1480 2017 1828 2088 loqueretur,
1870 2018 2078 2070 frustra

382 2109 635 2180 pulsaret
651 2124 878 2162 sensum
902 2122 1114 2168 meum,
1139 2122 1243 2160 nec
1271 2105 1403 2159 inde
1432 2109 1679 2158 mentem
1712 2120 1899 2158 meam
1922 2104 2079 2175 quid-

383 2214 555 2268 quam
587 2200 880 2265 tangeret;
909 2193 955 2247 si
994 2197 1185 2247 autem
1216 2191 1411 2257 latine,
1441 2192 1644 2244 scirem
1675 2191 1813 2261 quid
1843 2192 2074 2245 diceret.

383 2287 488 2340 Sed
536 2285 686 2340 unde
725 2284 926 2337 scirem
975 2299 1047 2336 an
1089 2297 1287 2334 verum
1334 2281 1581 2334 diceret?
1622 2279 1778 2343 Quod
1811 2279 1855 2331 si
1887 2283 1941 2332 et
1971 2278 2078 2331 hoc

382 2376 604 2439 scirem,
638 2390 777 2428 num
807 2374 876 2426 ab
907 2372 1004 2426 illo
1036 2370 1278 2424 scirem?
1309 2371 1466 2423 Intus
1495 2368 1689 2438 utique
1724 2367 1888 2436 mihi,
1921 2367 2077 2420 intus

383 2464 442 2516 in
469 2462 758 2517 domicilio
789 2459 1167 2530 cogitationis,
1199 2474 1305 2512 nec
1330 2457 1578 2520 hebraea,
1612 2473 1715 2510 nec
1747 2472 1948 2526 graeca,
1976 2472 2078 2510 nec

382 2552 578 2617 latina,
614 2567 715 2604 nec
746 2550 986 2604 barbara
1015 2548 1242 2610 veritas,
1287 2546 1408 2600 sine
1439 2546 1553 2600 oris
1578 2550 1633 2599 et
1665 2546 1875 2613 linguae
1905 2561 2074 2616 orga-

381 2641 488 2706 nis,
531 2640 653 2693 sine
696 2638 930 2709 strepitu
973 2637 1316 2707 syllabarum
1363 2635 1596 2698 diceret,
1649 2635 1855 2686 Verum
1901 2634 2072 2688 dicit:

381 2736 436 2783 et
483 2746 588 2800 ego
633 2729 824 2783 statim
873 2731 1058 2781 certus
1103 2725 1458 2779 confidenter
1495 2723 1576 2776 illi
1608 2723 1829 2776 homini
1859 2726 1958 2776 tuo
1989 2721 2074 2776 di-

379 2835 587 2884 cerem,
621 2819 827 2871 Verum
853 2816 1011 2871 dicis.
1046 2819 1186 2869 Cum
1219 2829 1353 2882 ergo
1385 2813 1544 2866 illum
1576 2811 1930 2881 interrogare
1961 2827 2074 2863 non

378 2907 612 2977 possim,
647 2911 722 2973 te,
753 2922 867 2976 quo
896 2905 1101 2975 plenus
1143 2919 1275 2957 vera
1305 2900 1467 2966 dixit,
1521 2901 1755 2966 Veritas,
1805 2915 1946 2970 rogo
1996 2903 2070 2960 te,

381 2997 526 3049 Deus
579 3011 759 3061 meus,
822 3009 958 3062 rogo
1005 3007 1172 3060 parce
1222 2989 1462 3056 peccatis
1520 2987 1695 3048 meis;
1749 2991 1803 3041 et
1852 2987 1950 3057 qui
1992 2986 2073 3038 illi

378 3100 536 3136 servo
582 3087 682 3136 tuo
732 3081 936 3136 dedisti
981 3082 1102 3133 huic
1151 3079 1358 3144 dicere,
1411 3077 1482 3131 da
1506 3085 1559 3132 et
1589 3076 1729 3130 mihi
1760 3077 1877 3129 haec
1905 3075 2071 3129 intel-

381 3172 577 3238 ligere.

1051 3257 1276 3310 CAPUT
1318 3257 1405 3309 IV.

698 3347 969 3399 Creatura
1007 3345 1203 3396 clamat
1241 3347 1529 3395 creatorem
1568 3343 1751 3393 Deum.

449 3438 500 3490 6.
532 3437 665 3489 Ecce
714 3437 847 3487 sunt
889 3433 1096 3486 cuilum
1143 3435 1199 3484 et
1245 3435 1424 3483 terra:
1458 3429 1706 3482 clamant
1736 3425 1885 3496 quod
1926 3427 2074 3481 facta

377 3524 514 3590 sint;
541 3526 836 3577 mutantur
859 3521 1013 3575 enim
1036 3523 1204 3590 atque
1226 3517 1536 3572 variantur.
1568 3515 1852 3586 Quidquid
1880 3521 2072 3569 autem

374 3613 586 3667 factum
620 3628 734 3666 non
756 3614 858 3676 est,
889 3615 944 3663 et
976 3615 1163 3664 tamen
1189 3612 1290 3674 est,
1324 3623 1441 3660 non
1464 3611 1548 3660 est
1574 3606 1633 3659 in
1660 3621 1725 3658 eo
1754 3605 2069 3676 quidquam

376 3701 529 3771 quod
579 3705 711 3755 ante
751 3716 864 3754 non
911 3703 1053 3767 erat,
1095 3697 1247 3768 quod
1269 3699 1353 3750 est
1382 3695 1592 3750 mutari
1622 3699 1793 3764 atque
1829 3693 2063 3748 variari.

376 3792 634 3842 Clamant
653 3789 822 3841 etiam
855 3787 1004 3857 quod
1033 3786 1218 3856 seipsa
1239 3801 1354 3838 non
1387 3783 1660 3837 fecerint:
1695 3784 1823 3836 ldeo
1855 3798 2068 3843 sumus,

376 3876 511 3946 quia
544 3877 689 3930 facta
723 3891 951 3940 sumus;
991 3890 1106 3927 non
1147 3889 1281 3942 ergo
1313 3887 1540 3924 eramus
1580 3875 1887 3940 antequam
1917 3887 2070 3923 csse-

375 3981 524 4035 mus,
569 3968 630 4018 ut
671 3964 796 4017 fieri
838 3978 1132 4032 possemus
1171 3955 1204 4014 a
1253 3960 1434 4014 nobis.
1488 3961 1553 4013 Et
1596 3975 1703 4013 vox
1755 3959 2066 4013 dicentium

373 4058 456 4107 est
485 4055 609 4125 ipsa
652 4052 954 4107 evidentia.
1001 4052 1082 4105 Tu
1135 4065 1292 4120 ergo,
1343 4049 1600 4114 Domine,
1647 4047 1823 4102 fecisti
1864 4064 1927 4101 ea
1969 4049 2070 4119 qui

372 4144 611 4215 pulcher
639 4159 718 4207 es,
770 4141 1007 4212 pulchra
1035 4143 1168 4193 sunt
1213 4137 1396 4203 enim;
1431 4137 1529 4208 qui
1583 4138 1766 4190 bonus
1796 4153 1874 4199 es,
1921 4137 2070 4192 bona

373 4238 506 4287 sunt
531 4232 682 4286 enim
706 4251 720 4299 ;
748 4230 845 4302 qui
877 4247 955 4290 es,
998 4233 1130 4284 sunt
1163 4227 1346 4283 enim.
1405 4228 1514 4280 Nec
1543 4226 1622 4280 ita
1648 4224 1882 4296 pulchra
1913 4231 2065 4292 sunt,

370 4339 475 4377 nec
524 4323 600 4377 ita
646 4321 797 4375 bona
835 4323 986 4384 sunt,
1038 4334 1141 4372 nec
1186 4318 1262 4371 ita
1303 4321 1455 4382 sunt,
1505 4315 1652 4369 sicut
1698 4320 1760 4369 tu
1809 4314 2068 4369 conditor

370 4427 591 4481 eorum,
622 4411 714 4465 cui
759 4412 1106 4479 comparata,
1161 4422 1264 4460 nec
1315 4404 1552 4475 pulchra
1591 4409 1745 4462 sunt.
1787 4419 1891 4458 nec
1920 4403 2068 4457 bona

372 4504 524 4568 sunt,
557 4515 662 4553 nec
691 4502 848 4552 sunt.
890 4496 1111 4550 Scimus
1153 4495 1294 4559 hinc,
1329 4493 1538 4563 gratias
1586 4491 1709 4546 tibi.
1742 4491 1807 4545 Et
1834 4491 2067 4546 scientia

370 4592 564 4641 nostra
594 4586 845 4641 scientiae
875 4589 987 4639 tuae
1017 4584 1366 4652 comparata,
1399 4578 1724 4649 ignorantia
1753 4582 1852 4633 est.

1056 4689 1282 4744 CAPUT
1323 4688 1383 4740 V.

792 4784 878 4838 Ea:
903 4781 1070 4836 nihilo
1099 4778 1344 4834 conditus
1374 4774 1632 4830 mundus.

439 4876 493 4926 '7.
526 4871 820 4935 Quomodo
870 4874 1064 4924 autem
1107 4866 1289 4922 fecisti
1343 4866 1547 4919 caelum
1593 4867 1647 4916 et
1690 4866 1899 4916 terram
1924 4867 1964 4930 ³,
2009 4868 2065 4917 et

366 4977 495 5034 quae
529 4959 793 5015 machina
819 4963 935 5012 tam
966 4957 1198 5029 grandis
1219 4953 1567 5027 operationis
1589 4953 1742 5007 tum?
1764 4952 1884 5005 Non
1909 4953 2062 5006 cnim

368 5053 512 5108 sicut
539 5050 712 5104 homo
741 5047 940 5102 artifex
975 5047 1228 5101 formans
1269 5061 1473 5117 corpus
1503 5043 1571 5098 de
1606 5057 1864 5112 corpore,
1911 5041 2060 5095 arbi-

375 5259 385 5269 .
431 5199 445 5231 1
481 5195 563 5245 Sic
578 5191 726 5257 prius
746 5189 902 5240 Editi.
927 5189 992 5239 At
1021 5188 1346 5252 antiquiores
1367 5191 1419 5237 et
1434 5186 1676 5237 meliores
1698 5185 1819 5235 Mss.
1843 5183 2060 5250 habent,

364 5267 502 5322 ipsos
534 5267 728 5320 quzrro.
1942 5308 1951 5317 _

366 5385 375 5394 ο
424 5322 446 5355 9
471 5318 706 5394 Deest‘in
732 5314 862 5366 Edd.
893 5317 1011 5376 ate,
1039 5326 1158 5376 quae
1180 5326 1334 5362 voces
1368 5313 1423 5360 in
1444 5312 1572 5363 Mss.
1605 5324 1765 5374 prOpe
1809 5308 2059 5358 omnibus

365 5386 734 5508 migrgddlxgi
753 5443 838 5492 Er.
853 5444 905 5490 et
918 5440 1040 5488 Lov.
1056 5437 1129 5508 sic
1143 5436 1325 5508 incipit
1337 5440 1495 5508 caput
1506 5441 1534 5485 5
1549 5450 1559 5484 :
1577 5437 1634 5484 In
1646 5433 1914 5508 principio
1927 5431 2057 5508 [eicit

363 5495 720 5556 Deus-emtum
742 5509 788 5556 et
815 5509 1038 5557 terram.
1060 5495 1339 5566 οιιοιῃρᾶο.
1361 5495 1728 5566 Eademverba
1748 5495 1959 5566 exstant
1974 5495 2056 5543 hic

362 5568 459 5616 loci
485 5569 618 5631 apud
643 5568 788 5628 Bad.,
811 5566 901 5618 sed
924 5566 1118 5616 absunt
1137 5576 1168 5612 a
1187 5561 1308 5611 Mss.
1331 5565 1383 5611 et
1403 5561 1466 5609 ab
1485 5560 1717 5610 editione
1746 5558 2054 5609 Arnaldina.

2190 445 2338 495 tratu
2351 441 2559 495 animm
2573 441 2814 495 valentis
2827 440 3120 510 imponere
3134 446 3447 512 utcumque
3461 442 3728 513 speciem
3744 458 3914 512 quam

2187 530 2366 584 cernit
2386 530 2444 583 in
2470 529 2776 600 semetipsa
2793 529 3022 582 interno
3054 530 3242 583 oculo.
3271 531 3334 583 Et
3358 531 3508 584 unde
3531 530 3650 584 boc
3675 531 3914 586 valeret.

2187 619 2297 673 nisi
2343 619 2478 690 quia
2524 624 2587 672 tu
2636 618 2818 671 fecisti
2867 617 3032 671 eam?
3079 619 3143 672 Et
3189 618 3438 689 imponit
3479 620 3751 690 speciem
3801 620 3914 688 jam-

2189 707 2448 761 existenti
2473 711 2528 761 et
2565 705 2798 760 habenti
2823 711 2887 759 ut
2924 711 3096 773 esset,
3127 707 3298 760 veluti
3335 713 3528 772 terrm,
3558 713 3670 761 aut
3703 708 3910 777 lapidi,

2189 800 2287 849 aut
2314 796 2492 866 ligno,
2528 799 2624 848 aut
2660 811 2823 860 auro,
2869 799 2966 848 aut
2994 794 3053 848 id
3083 811 3261 865 genus
3299 812 3494 849 rerum
3533 797 3815 850 cuilibet.
3863 799 3916 850 Et

2190 885 2340 938 unde
2390 885 2498 938 ista
2545 889 2754 946 essent,
2810 883 2918 937 nisi
2963 888 3026 938 tu
3072 884 3413 938 instituisses
3461 885 3574 938 ea?
3628 886 3717 938 Tu
3757 885 3916 938 fabro

2189 989 2412 1043 corpus,
2444 976 2508 1026 tu
2537 971 2796 1026 animum
2833 971 3107 1026 membris
3132 971 3567 1042 imperitantem
3604 972 3844 1032 fecisti,‘
3861 979 3916 1025 tu

2188 1061 2487 1115 materiam
2517 1060 2667 1114 unde
2705 1060 2836 1114 facit
2863 1059 3100 1130 aliquid,
3137 1065 3201 1114 tu
3237 1060 3538 1130 ingenium
3569 1077 3698 1132 quo
3733 1065 3914 1114 artem

2190 1149 2370 1220 capiat
2421 1154 2475 1203 et
2517 1149 2702 1204 videat
2743 1149 2899 1203 intus
2947 1148 3087 1219 quid
3134 1148 3305 1202 faciat
3352 1149 3516 1216 foris,
3570 1155 3641 1202 tu
3676 1166 3914 1203 sensum

2189 1237 2444 1308 corporis
2468 1254 2579 1309 quo
2601 1237 2912 1307 interprete
2925 1235 3169 1306 trajiciat
3188 1237 3258 1290 ab
3279 1237 3475 1291 animo
3499 1238 3573 1291 ad
3601 1237 3912 1290 materiam

2188 1327 2242 1380 id
2276 1327 2426 1398 quod
2457 1325 2610 1392 facit,
2645 1330 2699 1379 et
2727 1325 3018 1378 renuntiet
3053 1325 3245 1379 animo
3285 1325 3421 1396 quid
3464 1326 3692 1379 factum
3730 1326 3825 1389 sit,
3857 1333 3910 1378 ut

2188 1415 2282 1468 ille
2306 1414 2457 1468 intus
2475 1413 2732 1466 consulat
2751 1413 3156 1483 praesidentem
3177 1412 3283 1466 sibi
3306 1413 3640 1484 veritatem,
3668 1430 3746 1466 an
3773 1414 3910 1467 bene

2189 1506 2396 1558 factum
2416 1504 2503 1558 sit.
2525 1505 2599 1558 Te
2624 1503 2856 1557 laudant
2877 1504 2998 1557 haec
3024 1504 3218 1557 omnia
3242 1508 3565 1557 creatorem
3594 1505 3868 1557 omnium
3897 1523 3908 1556 :

2189 1594 2284 1647 sed
2310 1598 2373 1647 tu
2401 1592 2688 1664 quomodo
2722 1592 2859 1646 facis
2889 1591 2992 1646 ea?
3023 1592 3312 1663 quomodo
3343 1592 3549 1660 fecisti,
3586 1594 3773 1660 Deus,
3805 1610 3909 1647 coe-

2190 1683 2306 1736 lum
2359 1686 2413 1735 et
2449 1683 2700 1735 terram?
2745 1683 2867 1735 Non
2917 1681 3116 1751 utique
3154 1679 3213 1733 in
3243 1681 3382 1734 coelo
3429 1697 3626 1751 neque
3670 1681 3736 1734 in
3767 1687 3909 1736 terra

2189 1770 2370 1824 fecisti
2407 1771 2612 1824 coelum
2640 1773 2697 1823 et
2724 1773 2967 1836 terram;
3006 1785 3191 1838 neque
3223 1768 3281 1821 in
3323 1784 3452 1821 aere
3485 1774 3589 1821 aut
3629 1767 3693 1822 in
3727 1771 3904 1840 aquis,

2188 1858 2459 1931 quoniam
2487 1862 2540 1912 et
2571 1859 2692 1912 huic
2712 1857 3006 1928 pertinent
3027 1857 3092 1910 ad
3121 1857 3327 1910 caelum
3349 1862 3408 1910 et
3435 1862 3696 1910 terram:
3721 1874 3901 1929 neque

2186 1948 2246 2000 in
2276 1947 2542 2000 universo
2574 1945 2790 1999 mundo
2822 1944 3000 1998 fecisti
3037 1944 3366 1998 universum
3406 1945 3732 2010 mundum,
3778 1949 3903 2017 quia

2187 2053 2300 2090 non
2323 2039 2444 2089 erat
2460 2035 2558 2088 ubi
2579 2035 2741 2088 ﬁeret
2761 2039 3068 2103 antequam
3101 2033 3260 2087 fieret
3291 2039 3353 2086 ut
3387 2038 3555 2086 esset.
3585 2035 3706 2088 Nec
3736 2051 3901 2088 manu

2187 2124 2420 2179 tenebas
2458 2122 2674 2193 aliquid
2706 2122 2856 2176 unde
2898 2122 3112 2176 faceres
3145 2123 3350 2176 caelum
3382 2128 3438 2176 et
3467 2126 3739 2189 terram;
3775 2141 3898 2178 nam

2185 2214 2337 2267 unde
2368 2212 2475 2267 tibi
2513 2213 2618 2266 hoc
2649 2211 2800 2282 quod
2830 2215 2888 2264 tu
2939 2227 3056 2264 non
3087 2210 3320 2276 feceras,
3349 2211 3504 2264 unde
3552 2211 3787 2282 aliquid
3829 2214 3896 2266 fa-

2186 2303 2381 2356 ceres?
2425 2301 2573 2365 Quid
2613 2299 2769 2354 enim
2813 2303 2916 2366 est,
2958 2298 3067 2352 nisi
3108 2300 3241 2370 quia
3263 2303 3325 2352 tu
3364 2301 3461 2352 es?
3502 2299 3657 2370 Ergo
3691 2301 3894 2366 dixisti,

2188 2396 2242 2444 et
2278 2391 2422 2444 facta
2471 2392 2623 2456 sunt,
2673 2393 2841 2459 atque
2885 2387 2945 2441 in
2994 2387 3166 2442 verbo
3224 2392 3322 2441 tuo
3371 2387 3556 2441 fecisti
3607 2404 3681 2442 ea
3743 2392 3892 2450 {PsaL

2186 2495 2354 2546 xxxii,
2381 2483 2428 2540 9,
2452 2479 2525 2547 6).

2855 2588 3080 2644 CAPUT
3119 2591 3209 2644 Vl.

2446 2677 2712 2743 Quomodo
2741 2680 2879 2732 Deus
2909 2679 3074 2743 dixit,
3108 2684 3167 2732 ut
3186 2681 3334 2747 ﬁeret
3365 2679 3630 2734 mundus.

2255 2767 2306 2820 8.
2330 2765 2434 2818 Sed
2468 2766 2753 2836 quomodo
2804 2765 3030 2820 dixisti?
3077 2768 3366 2838 Numquid
3413 2767 3510 2821 illo
3552 2769 3738 2823 modo
3791 2786 3895 2840 quo

2187 2855 2326 2907 facta
2357 2858 2441 2908 est
2470 2871 2571 2907 vox
2605 2855 2673 2908 de
2703 2855 2876 2922 nube,
2909 2855 3134 2910 dicens:
3180 2858 3277 2909 Hic
3305 2861 3382 2910 est
3424 2859 3596 2910 Filius
3632 2873 3786 2910 meus
3817 2858 3894 2908 di-

2186 2942 2385 2995 lectus?
2419 2942 2639 3008 (Matth.
2675 2959 2747 3003 Ill,
2785 2946 2880 3010 t7;
2913 2949 2962 2997 et
3008 2960 3138 3008 xvu,
3191 2946 3260 3014 5.)
3293 2945 3392 2997 Illa
3428 2945 3588 2997 enim
3645 2962 3752 2998 vox
3784 2952 3896 2997 acta

2184 3036 2354 3102 atque
2387 3035 2668 3085 transacta
2699 3037 2803 3101 est,
2844 3036 3024 3103 empta
3055 3037 3111 3086 et
3144 3033 3326 3086 ﬁnita.
3355 3033 3702 3087 Sonuerunt
3732 3034 3896 3104 sylla-

2185 3121 2270 3173 ba:
2301 3125 2469 3191 atque
2518 3119 2886 3187 transierunt,
2933 3120 3180 3175 secunda
3225 3125 3354 3192 post
3398 3122 3684 3191 primam,
3737 3122 3897 3176 tertia

2184 3214 2312 3281 post
2355 3210 2680 3275 secundam,
2731 3214 2900 3280 atque
2937 3209 3071 3264 inde
3102 3226 3168 3264 ex
3202 3210 3420 3276 ordine,
3469 3211 3662 3264 donec
3697 3212 3893 3264 ultima

2184 3302 2311 3369 post
2335 3304 2586 3363 cmteras,
2620 3298 3028 3369 silentiumque
3049 3286 3487 3368 posfultimam.
3527 3299 3694 3352 Unde
3726 3299 3893 3352 claret

2184 3393 2354 3458 atque
2386 3387 2619 3456 eminet,
2659 3386 2813 3458 quod
2851 3392 3125 3441 creaturae
3173 3393 3361 3442 motus
3413 3388 3704 3458 expressit
3750 3404 3891 3444 eam.

2184 3476 2431 3529 serviens
2453 3480 2679 3528 (eterna:
2700 3476 2978 3530 voluntati
2999 3481 3112 3530 tuac
3135 3476 3255 3547 ipse
3289 3476 3656 3547 temporalis.
3689 3478 3756 3529 Et
3781 3478 3891 3531 haec

2183 3564 2252 3617 ad
2294 3569 2519 3635 tempus
2567 3564 2712 3618 facta
2755 3563 2925 3617 verba
2970 3568 3071 3618 tua
3108 3565 3392 3619 nuntiavit
3432 3566 3589 3619 auris
3650 3570 3891 3619 exterior

2183 3655 2361 3706 menti
2382 3652 2672 3724 prudenti,
2693 3653 2854 3723 cujus
2875 3652 3028 3706 auris
3052 3653 3291 3708 interior
3313 3653 3499 3724 posita
3522 3659 3609 3707 est
3637 3655 3709 3709 ad
3733 3660 3888 3708 mter-

2182 3757 2320 3794 num
2359 3741 2605 3795 Verbum
2654 3746 2838 3795 tuum.
2884 3744 2956 3794 At
3007 3741 3104 3796 illa
3152 3742 3502 3813 comparavit
3542 3747 3673 3796 haec
3723 3744 3888 3798 verba

2180 3830 2570 3900 temporaliter
2600 3829 2883 3894 sonantia,
2917 3845 3047 3883 cum
3087 3834 3300 3884 aeterno
3335 3830 3396 3884 in
3437 3830 3676 3885 silentio
3707 3832 3884 3885 Verbo

2179 3921 2297 3984 tuo,
2331 3923 2388 3972 et
2416 3918 2590 3972 dixit:
2621 3917 2790 3971 Aliud
2822 3922 2924 3984 est,
2977 3918 3147 3988 longe
3196 3918 3348 3973 aliud
3379 3923 3485 3974 est.
3538 3920 3677 3974 Haec
3726 3921 3884 3990 longe

2179 4006 2326 4060 infra
2355 4023 2445 4060 me
2475 4010 2632 4073 sunt;
2667 4022 2769 4060 nec
2800 4009 2951 4072 sunt,
2983 4006 3119 4076 quia
3149 4005 3377 4076 fugiunt
3405 4011 3457 4061 et
3483 4013 3881 4077 praetereunt:

2178 4096 2428 4150 Verbum
2457 4100 2647 4149 autem
2680 4094 2908 4148 Domini
2940 4095 3054 4149 mei
3081 4111 3250 4165 supra
3283 4112 3374 4149 me
3405 4102 3609 4151 manet
3640 4097 3706 4151 in
3734 4103 3886 4151 aeter-

2179 4173 2332 4239 num.
2359 4184 2415 4238 Si
2437 4200 2570 4255 ergo
2603 4183 2789 4238 verbis
2833 4183 3166 4238 sonantibus
3190 4188 3245 4237 et
3275 4186 3775 4255 prretereuntibus
3805 4185 3881 4239 di-

2176 4274 2304 4328 xisti
2333 4278 2398 4328 ut
2421 4275 2581 4327 fieret
2604 4273 2810 4326 coelum
2840 4276 2896 4326 et
2932 4277 3104 4339 terra,
3143 4277 3309 4344 atque
3343 4273 3423 4327 ita
3460 4273 3647 4328 fecisti
3683 4275 3882 4328 coelum

2167 4369 2232 4417 .et
2245 4362 2569 4432 terram,cuj
2579 4379 2643 4416 us
2663 4361 2913 4415 motibus
2930 4361 3343 4431 temporalibus
3360 4363 3766 4432 temporaliter
3783 4380 3879 4416 vox

2174 4452 2272 4506 illa
2300 4456 2677 4523 percurreret.
2710 4450 2938 4506 Nullum
2969 4455 3161 4505 autem
3192 4467 3398 4522 corpus
3427 4455 3559 4505 ante
3585 4453 3800 4507 caelum
3833 4457 3882 4506 et

2175 4545 2424 4596 terram:
2475 4545 2573 4594 aut
2614 4540 2662 4594 si
2705 4543 2846 4607 erat,
2897 4539 2953 4594 id
3002 4544 3153 4594 certe
3201 4539 3322 4593 sine
3367 4540 3708 4595 transitoria
3754 4557 3882 4595 voce

2174 4630 2407 4696 feceras,
2440 4629 2593 4683 unde
2623 4628 3015 4683 transitoriam
3048 4644 3242 4682 vocem
3279 4628 3491 4682 faceres
3523 4645 3642 4699 qua
3670 4630 3881 4684 diceres

2175 4725 2238 4774 ut
2267 4721 2430 4773 fieret
2467 4719 2672 4773 coelum
2704 4723 2759 4772 et
2799 4722 2975 4772 terra.
3037 4717 3324 4790 Quidquid
3369 4717 3526 4771 enim
3566 4719 3713 4773 illud
3742 4723 3881 4773 esset

2172 4809 2326 4863 unde
2357 4808 2486 4862 talis
2515 4824 2619 4862 vox
2646 4808 2825 4874 lieret,
2850 4805 2961 4860 nisi
2983 4805 3082 4860 abs
3112 4811 3166 4861 te
3193 4807 3407 4860 factum
3434 4812 3605 4874 esset,
3644 4807 3876 4862 omnino

2172 4913 2288 4951 non
2319 4901 2484 4951 esset.
2512 4899 2581 4951 Ut
2606 4912 2742 4967 ergo
2793 4895 2954 4949 fieret
2990 4911 3194 4966 corpus
3225 4895 3373 4950 unde
3417 4894 3523 4950 ista
3556 4896 3734 4950 verba
3781 4897 3874 4950 tie-

2170 4991 2314 5054 rent,
2350 5003 2463 5058 quo
2494 4986 2666 5042 verbo
2697 5002 2728 5040 a
2757 4990 2812 5040 te
2843 4985 3058 5040 dictum
3089 4986 3211 5040 est?

2826 5101 3049 5157 CAPUT
3088 5101 3213 5157 VII.

2598 5189 2831 5246 Verbum
2859 5192 2957 5244 Dei
2974 5195 3290 5244 coaeternum
3315 5191 3439 5244 Deo.

2239 5283 2290 5334 9.
2325 5281 2495 5334 Vocas
2516 5279 2708 5350 itaque
2736 5296 2838 5334 nos
2859 5279 2928 5333 ad
2952 5278 3392 5350 intelligendum
3413 5277 3665 5332 Verbum
3695 5278 3864 5332 Deum

2168 5369 2315 5440 apud
2347 5372 2402 5422 te
2435 5369 2634 5435 Deum,
2664 5367 2816 5440 quod
2848 5367 3192 5438 sempiterne
3217 5367 3443 5432 dicitur,
3478 5372 3532 5420 et
3559 5382 3627 5420 eo
3660 5367 3862 5437 sempi-

2166 5461 2322 5511 terne
2350 5458 2618 5512 dicuntur
2641 5457 2864 5512 omnia:
2899 5473 3086 5529 neque
3116 5457 3272 5510 enim
3305 5455 3502 5510 finitur
3532 5456 3689 5526 quod
3719 5455 3860 5508 dice-

2165 5545 2353 5610 batur,
2381 5551 2438 5602 et
2466 5545 2673 5602 dicitur
2714 5545 2867 5602 aliud
2916 5550 2980 5602 ut
3026 5545 3244 5618 possint
3271 5545 3382 5600 dici
3423 5544 3650 5609 omnia;
3681 5544 3775 5597 sed
3817 5542 3856 5595 si
