4058 6174
144 343 259 395 813

144 468 273 519 mul
307 484 371 521 ac
406 469 751 538 sempiterna
807 473 1019 529 omnia.
1064 476 1334 548 Alioquin
1376 480 1499 551 jam
1545 486 1771 555 tempus
1802 492 1858 540 et

140 556 409 621 mutatio,
473 561 528 610 et
557 574 672 612 non
703 576 837 614 vera
865 563 1174 631 aeternitas,
1204 583 1308 621 nec
1350 585 1485 623 vera
1517 570 1855 628 immortali-

140 649 253 698 tas.
294 646 405 699 Hoc
432 646 583 711 novi,
616 648 761 702 Deus
790 665 971 717 meus,
1004 656 1059 706 et
1085 655 1297 723 gratias
1329 674 1456 727 ago.
1491 660 1652 727 Novi,
1686 664 1856 717 confi-

140 738 279 786 teor
309 733 433 799 tibi,
470 735 745 802 Domine;
790 754 1131 811 mecumque
1192 743 1350 798 novit
1396 750 1450 799 et
1493 746 1777 803 benedicit
1802 756 1855 804 te

141 821 414 892 quisquis
451 822 708 893 ingratus
740 843 853 880 non
909 832 995 882 est
1043 836 1211 885 certas
1262 833 1508 888 veritati.
1558 837 1852 905 Novimus,

142 911 416 976 Domine,
453 912 735 981 novimus,
770 916 1116 985 quoniamin
1137 926 1419 989 quantum
1442 923 1723 995 quidquid
1742 943 1856 981 non

142 1004 237 1054 est
253 1002 410 1070 quod
432 1004 572 1065 erat,
597 1006 653 1055 et
680 1007 765 1057 est
792 1004 947 1074 quod
974 1022 1090 1061 non
1117 1012 1255 1075 erat,
1289 1009 1349 1063 in
1373 1015 1593 1067 tantum
1613 1015 1857 1070 moritur

141 1093 203 1141 et
244 1088 445 1141 oritur.
496 1089 619 1143 Non
652 1106 789 1159 ergo
837 1093 1155 1164 quidquam
1186 1098 1353 1151 Verbi
1384 1101 1467 1153 tui
1495 1102 1646 1156 cedit
1683 1108 1855 1175 atque

141 1176 401 1230 succedit
429 1177 703 1246 quoniam
733 1196 861 1234 vere
891 1182 1216 1238 immortale
1234 1191 1406 1258 atque
1436 1193 1716 1246 aeternum
1748 1198 1851 1249 est.

144 1264 214 1317 Et
245 1264 376 1316 ideo
416 1264 595 1318 Verbo
637 1264 740 1319 tibi
789 1273 1097 1337 coaeterno,
1146 1272 1318 1327 simul
1366 1279 1421 1329 et
1456 1278 1802 1349 sempiterna
1834 1283 1853 1317 ¹

140 1352 290 1405 dicis
323 1353 517 1407 omnia
546 1370 675 1423 quae
704 1354 864 1422 dicis,
891 1361 946 1410 et
975 1358 1041 1412 ﬁt
1070 1359 1351 1432 quidquid
1371 1363 1509 1418 dicis
1523 1365 1697 1421 utﬁat
1716 1383 1729 1433 ;
1749 1385 1853 1424 nec

139 1441 338 1509 aliter,
359 1457 531 1512 quam
561 1442 823 1511 dicendo,
852 1444 987 1499 facis
1005 1464 1017 1500 :
1034 1464 1139 1502 nec
1152 1453 1344 1505 tamen
1361 1456 1417 1506 et
1433 1453 1604 1507 simul
1627 1459 1685 1509 et
1701 1472 1851 1511 sem-

138 1530 374 1598 piterne
404 1531 551 1585 fiunt
581 1533 777 1587 omnia
806 1550 937 1605 qua:
967 1536 1207 1591 dicendo
1234 1538 1392 1593 facis.

818 1622 1044 1677 CAPUT
1086 1626 1200 1679 Vll.

176 1707 412 1761 Verbum
441 1710 537 1762 Dei
567 1710 745 1778 ipsum
770 1713 847 1764 est
862 1713 1199 1781 principium
1229 1731 1333 1783 quo
1356 1716 1608 1773 docemur
1644 1737 1847 1776 omnem

848 1802 1147 1856 veritatem.

222 1886 307 1938 l0.
342 1884 473 1949 Cur,
503 1900 714 1955 quaeso,
753 1886 991 1941 Domine
1025 1890 1172 1943 Deus
1196 1896 1400 1947 meus?
1423 1895 1849 1967 Utcumquevi-

145 1974 252 2027 deo
286 1993 300 2037 ;
329 1974 424 2026 sed
453 1975 741 2044 quomodo
770 1974 828 2030 id
856 1978 1095 2048 eloquar
1124 1982 1349 2039 nescio:
1382 1983 1494 2037 nisi
1515 1986 1650 2056 quia
1680 2003 1849 2042 omne

145 2063 299 2133 quod
332 2078 453 2116 esse
484 2062 683 2134 incipit
710 2068 767 2117 et
811 2082 931 2120 esse
982 2067 1206 2135 desinit,
1238 2074 1373 2125 tunc
1404 2089 1523 2128 esse
1561 2075 1764 2145 incipit
1792 2079 1849 2130 et

145 2159 282 2206 tunc
312 2168 434 2207 esse
464 2152 694 2219 desinit,
733 2156 963 2225 quando
994 2158 1255 2213 debuisse
1284 2160 1539 2233 incipere
1568 2167 1656 2219 vel
1696 2166 1848 2219 desi-

142 2258 284 2295 nere
314 2241 374 2294 in
404 2244 617 2308 zetverna
646 2243 866 2297 ratione
898 2248 1283 2316 cognoscitur,
1338 2251 1437 2305 ubi
1490 2269 1594 2307 nec
1646 2254 1848 2325 incipit

137 2328 364 2399 aliquid
391 2345 495 2383 nec
526 2330 757 2386 desinit.
787 2330 980 2402 lpSum
1001 2339 1084 2388 est
1112 2336 1357 2391 Verbum
1389 2344 1572 2407 tuum,
1606 2342 1761 2412 quod
1792 2347 1849 2396 et

140 2416 498 2487 Principium
531 2434 589 2472 es
621 2419 791 2490 quia’
812 2425 866 2474 et
896 2422 1149 2492 loquitur
1182 2426 1344 2480 nobis
1376 2430 1553 2497 (Joan.
1589 2447 1705 2500 vm,
1733 2434 1842 2497 25),

136 2506 233 2559 Sic
264 2506 324 2559 in
356 2507 655 2577 Evangelio
682 2524 787 2578 per
816 2525 1044 2564 carnem
1075 2511 1193 2580 ait;
1219 2519 1275 2567 et
1304 2515 1410 2570 hoc
1430 2516 1683 2573 insonuit
1706 2520 1847 2574 foris

135 2593 378 2647 auribus
398 2593 718 2663 hominum,
744 2598 804 2648 ut
833 2597 1179 2666 crederetur,
1208 2604 1262 2653 et
1283 2602 1436 2656 intus
1466 2610 1843 2675 quaereretur,

136 2686 199 2734 et
228 2681 583 2736 inveniretur
611 2682 671 2736 in
702 2688 913 2739 {eterna
942 2687 1198 2755 veritate,
1239 2690 1339 2744 ubi
1370 2708 1567 2745 omnes
1596 2694 1843 2765 discipu-

134 2770 230 2823 los
262 2770 448 2824 bonus
480 2775 536 2824 et
576 2772 729 2824 solus
772 2774 1041 2843 magister
1085 2776 1266 2831 docet.
1312 2777 1395 2831 lbi
1444 2780 1614 2834 audio
1646 2798 1843 2836 vocem

138 2863 323 2927 tuam,
348 2860 605 2926 Domine,
632 2860 915 2916 dicentem
936 2866 955 2897 ³
978 2863 1140 2931 mibi,
1165 2865 1439 2935 quoniam
1465 2868 1560 2922 ille
1591 2870 1844 2940 loquitur

134 2946 309 3000 nobis
338 2947 439 3018 qui
479 2948 641 3002 docet
679 2966 798 3003 nos.
835 2950 943 3014 Qui
982 2956 1171 3006 autem
1196 2970 1311 3007 non
1333 2954 1497 3010 docet
1516 2973 1641 3019 nos,
1670 2959 1843 3012 etiam

134 3037 188 3088 si
220 3036 496 3106 loquitur,
528 3053 645 3091 non
677 3039 837 3091 nobis
872 3040 1142 3111 loquitur.
1183 3042 1319 3105 Quis
1368 3059 1541 3113 porro
1591 3062 1696 3099 nos
1740 3047 1841 3100 do-

132 3129 249 3190 cet,
283 3124 397 3178 nisi
421 3125 634 3178 stabilis
663 3127 907 3181 veritas?
937 3128 1079 3192 Quia
1109 3133 1166 3184 et
1186 3147 1287 3201 per
1307 3137 1625 3187 creaturam
1657 3140 1841 3190 muta-

135 3212 314 3266 bilem
347 3230 477 3267 eum
511 3214 911 3283 admonemur,
962 3218 1029 3272 ad
1060 3218 1359 3273 veritatem
1393 3222 1653 3276 stabilem
1684 3223 1843 3277 duci-

136 3318 302 3354 mur:
334 3301 430 3355 ubi
450 3307 468 3337 ⁴
489 3319 615 3356 vere
638 3303 905 3358 discimus
927 3322 1057 3359 cum
1080 3311 1292 3361 stamus
1320 3312 1373 3363 et
1399 3310 1664 3364 audimus
1685 3328 1840 3381 eum,

133 3394 195 3443 et
225 3389 437 3458 gaudio
468 3391 782 3461 gaudemus
818 3398 1056 3464 propter
1084 3412 1279 3450 vocem
1319 3397 1513 3468 sponsi
1539 3400 1723 3468 (Joan.
1758 3418 1839 3467 ιιι,

132 3478 255 3548 29),
284 3479 590 3533 reddentes
622 3497 723 3534 nos
753 3483 903 3536 unde
937 3500 1158 3538 sumus.
1208 3486 1273 3538 Et
1316 3485 1440 3539 ideo
1484 3484 1839 3559 Principium

133 3568 279 3638 quia
308 3567 417 3620 nisi
447 3573 725 3636 maneret,
758 3587 887 3625 cum
914 3588 1234 3627 erraremus
1264 3591 1381 3629 non
1420 3581 1567 3630 esset
1598 3594 1712 3647 quo
1747 3595 1841 3633 re—

132 3655 417 3709 diremus.
452 3658 593 3712 Cum
622 3664 809 3713 autem
842 3660 1092 3715 redimus
1114 3662 1183 3715 ab
1206 3678 1418 3726 errore,
1444 3666 1836 3734 cognoscendo

128 3744 337 3814 utique
369 3744 660 3813 redimus;
703 3752 768 3800 ut
798 3751 989 3802 autem
1037 3766 1467 3819 cognoscamus,
1503 3751 1665 3806 docet
1710 3769 1834 3821 nos,

130 3832 275 3903 quia
307 3832 658 3904 Principium
687 3840 792 3905 est,
824 3842 881 3890 et
902 3837 1159 3908 loquitur
1187 3839 1373 3893 nobis.

805 3944 1029 3997 CAPUT
1070 3945 1153 3998 ΙΧ.

423 4028 691 4094 Quomodo
728 4030 958 4085 Verbum
986 4034 1085 4086 Dei
1104 4034 1359 4101 loquatur
1379 4034 1552 4089 cordi.

208 4120 295 4170 Η.
336 4116 399 4169 In
430 4117 538 4170 hoc
565 4117 877 4187 Principio,
910 4120 1081 4189 Deus,
1112 4119 1294 4174 fecisti
1316 4123 1835 4191 coelumetterram,

131 4208 191 4260 in
229 4207 414 4260 Verbo
440 4211 559 4271 tuo,
591 4207 651 4261 in
684 4207 823 4261 Filio
855 4212 971 4274 tuo,
1006 4208 1064 4261 in
1102 4209 1317 4264 Virtute
1350 4215 1468 4278 tua,
1500 4210 1562 4265 in
1592 4212 1834 4283 Sapien-

128 4296 211 4348 tia
244 4300 367 4363 tua,
396 4294 452 4347 in
496 4295 742 4349 Veritate
774 4299 889 4364 tua,
943 4296 1088 4351 iniro
1135 4298 1307 4352 modo
1350 4298 1562 4364 dicens,
1608 4306 1665 4356 et
1691 4302 1837 4355 miro

125 4384 309 4437 modo
346 4382 574 4437 faciens.
631 4384 766 4448 Quis
813 4386 1306 4455 comprehendet?
1339 4387 1467 4458 quis
1505 4389 1837 4444 enarrabit‘?

82 4500 85 4523 π
126 4472 281 4537 Quid
314 4474 399 4525 est
444 4470 585 4525 illud
630 4473 783 4543 quod
826 4473 1128 4529 interlucet
1171 4475 1335 4543 mihi,
1378 4480 1435 4531 et
1468 4478 1711 4547 percutit
1740 4494 1837 4533 cor

127 4572 333 4610 meum
367 4556 488 4610 sine
517 4558 785 4626 laesione;
822 4565 879 4614 et
905 4560 1260 4631 inhorresco,
1304 4568 1361 4618 et
1387 4564 1724 4620 inardesco?
1754 4568 1837 4621 In-

124 4644 405 4698 horresco
429 4645 486 4699 in
526 4653 804 4716 quantum
829 4650 1117 4705 dissimilis
1149 4652 1201 4706 ei
1230 4670 1393 4720 sum;
1438 4654 1734 4709 inardesco
1777 4656 1837 4711 in

122 4737 417 4805 quantum
440 4734 641 4789 similis
664 4736 716 4791 ei
742 4754 887 4793 sum.
916 4739 1204 4810 Sapientia
1234 4742 1357 4812 ipsa
1388 4748 1487 4810 est,
1511 4760 1638 4814 quae
1660 4744 1835 4799 inter-

120 4826 281 4877 lucet
313 4822 475 4890 mibi,
507 4824 831 4881 discindens
863 4829 1127 4883 nubilum
1156 4846 1372 4898 meum,
1401 4833 1555 4903 quod
1584 4850 1676 4887 me
1707 4850 1836 4888 rur-

188 4932 209 4963 1
233 4929 492 5011 Nopnulli
508 4943 535 4978 e
553 4931 672 4979 Mss.
698 4932 861 5011 simul
873 4938 924 4984 et
933 4937 1255 5011 sempiterno
1267 4936 1536 5011 dicis;Mox
1550 4939 1705 5011 etiam
1719 4939 1837 5001 plu-

121 5005 208 5039 res
242 4995 585 5100 potioresque
608 5008 727 5042 cum
758 4996 883 5043 Arn.
932 4995 1143 5068 habent.
1174 4999 1227 5047 et
1253 4998 1415 5047 simul
1439 5002 1489 5048 et
1516 4995 1838 5073 sempiterna

118 5052 235 5123 firm
268 5055 441 5123 .-βι
457 5055 616 5103 simul
630 5061 680 5123 et
691 5061 1185 5123 sempiteruaquxta
1209 5059 1297 5123 Er.
1318 5060 1449 5107 Ven.
1468 5061 1655 5123 Lug(l.,
1675 5066 1837 5113 simul

120 5119 169 5166 et
187 5115 544 5183 ⁸,ςςζηρίίειῃᾳ
561 5118 770 5183 omisso
794 5115 956 5182 priori
983 5115 1050 5178 et,
1066 5122 1220 5183 juxta
1249 5121 1446 5170 Somm.
1484 5115 1621 5171 Flor.
1646 5115 1734 5173 VM.

187 5178 207 5207 ²
222 5178 453 5249 _Habent
467 5178 617 5237 Edd.,
635 5178 811 5249 quiet—
827 5178 1086 5249 loquitur:
1109 5184 1326 5249 Atblss"
1352 5187 1478 5249 quia
1498 5187 1543 5249 et
1576 5186 1834 5249 loquitur,

114 5240 547 5309 juxtagrzeeum
570 5256 580 5289 :
611 5240 697 5309 oti
714 5242 801 5309 Icai
833 5240 941 5293 talo
960 5247 1122 5293 umin.
1155 5240 1451 5309 Siclegi'sse
1480 5240 1835 5309 Augustinum

121 5302 448 5374 iqtelligitur
462 5303 578 5374 aliis
594 5318 659 5353 ex
683 5304 832 5365 locis,
855 5310 915 5355 ut
937 5319 1001 5355 ex
1026 5320 1141 5369 cap.
1164 5310 1223 5356 28
1244 5302 1343 5355 libi
1355 5322 1483 5370 seq,
1506 5302 1643 5358 etvex
1666 5311 1832 5361 Tract.

120 5367 181 5413 38
216 5365 276 5411 in
307 5363 483 5423 Joan.,
509 5371 607 5414 etc.
822 5363 827 5365 ’
1092 5363 1107 5369 ’
1428 5363 1445 5370 ’
1474 5363 1479 5366 ’

184 5428 207 5459 ³
242 5426 305 5493 In
325 5426 391 5493 1},
420 5427 657 5493 dicentis.
708 5430 792 5479 Er.
822 5430 952 5479 Ven.
1000 5430 1164 5493 Lugd.
1189 5430 1384 5481 Somm.
1418 5431 1553 5481 Flor.
1586 5436 1639 5482 et
1660 5435 1832 5486 Romi.

120 5501 249 5536 enm
284 5489 312 5534 3
344 5488 487 5547 Msa,
525 5490 806 5541 dicentem.
836 5494 903 5541 M.

161 5552 216 5661 ὁδ’
331 5550 408 5607 Β..
430 5551 521 5601 ibi.
548 5553 632 5602 Er.
655 5554 787 5603 Ven.
816 5555 983 5617 Lugd.
1004 5554 1201 5605 Somm.
1227 5560 1280 5607 et
1300 5556 1470 5607 Rond.
1494 5573 1613 5609 cum
1629 5563 1657 5609 '7
1689 5560 1832 5618 Mss,

199 5626 259 5660 ιι
305 5648 317 5658 .

119 5625 215 5660 ιιω
244 5625 317 5659 31.

1549 359 1761 418 LIBER
1812 363 2132 423 UNDECIM
2142 370 2244 424 US.

3559 397 3664 450 814

1968 506 2062 543 sus
2094 493 2349 562 cooperit
2379 494 2737 552 deiicientem
2767 501 2835 555 ab
2858 519 2943 570 ea,
2974 507 3237 577 calligine
3255 512 3425 581 atque
3455 530 3663 585 aggere

1965 594 2266 647 poenarum
2314 598 2617 652 mearum;
2661 592 2934 658 quoniam
2993 594 3070 647 sic
3120 596 3440 654 inﬁrmatus
3487 604 3663 657 estin

1965 672 2215 736 egestate
2250 670 2411 741 vigor
2460 689 2624 728 meus
2656 678 2817 745 (Psal.
2853 697 2981 745 xxx,
3016 684 3125 752 ll),
3156 691 3218 739 ut
3250 704 3366 741 non
3396 691 3660 745 sufferam

1962 754 2178 811 bonum
2230 775 2443 821 meum.
2500 763 2679 818 donec
2728 771 2812 834 tu,
2846 768 3102 837 Domine,
3134 774 3233 842 qui
3266 777 3549 846 propitius
3578 781 3661 834 fa-

1963 848 2086 898 ctus
2107 862 2165 899 es
2184 848 2451 903 omnibus
2474 850 2873 922 iniquitatibus
2900 858 3062 919 meis,
3089 860 3264 916 etiam
3281 880 3445 917 sanes
3462 883 3663 922 omnes

1964 930 2267 1003 languores
2281 952 2468 1004 meos;
2494 940 2629 1009 quia
2645 946 2699 995 et
2720 944 2965 998 redimes
2996 946 3065 1000 de
3097 952 3458 1021 corruptione
3486 956 3661 1010 vitam

1965 1036 2174 1089 meam,
2213 1026 2269 1075 et
2297 1026 2595 1079 coronabis
2649 1044 2739 1082 me
2770 1029 2831 1083 in
2860 1032 3226 1091 miseratione
3256 1045 3313 1091 et
3341 1040 3659 1096 misericor-

1963 1107 2076 1174 dia,
2110 1113 2164 1162 et
2193 1111 2422 1166 satiabis
2460 1113 2521 1167 in
2552 1115 2719 1169 bonis
2751 1118 3097 1176 desiderium
3124 1141 3353 1193 meum;
3388 1131 3660 1198 quoniam

1963 1198 2332 1253 renovabitur
2354 1202 2625 1271 juventus
2673 1222 2800 1260 mea
2847 1208 2992 1263 sicut
3020 1213 3225 1282 aquilae
3259 1216 3435 1282 (Psal.
3484 1235 3575 1288 cu,
3608 1224 3662 1273 3-

1964 1290 2033 1353 5).
2068 1288 2178 1358 Spe
2208 1289 2361 1344 enim
2391 1293 2529 1345 salvi
2568 1294 2703 1348 facti
2733 1312 2949 1365 sumus,
2994 1304 3050 1354 et
3091 1305 3371 1372 promissa
3414 1313 3511 1363 tua
3559 1327 3664 1380 per

1960 1374 2301 1443 patientiam
2326 1384 2715 1449 exspectamus
2747 1383 2920 1452 (Rom.
2946 1403 3062 1453 VIII,
3104 1392 3195 1459 24,
3227 1395 3335 1463 25).
3368 1374 3578 1451 Audiat
3606 1404 3661 1453 te

1961 1463 2115 1518 intus
2140 1468 2620 1523 sermocinantem
2651 1471 2750 1541 qui
2771 1477 2956 1542 potest
2982 1491 2995 1540 ;
3028 1491 3134 1546 ego
3163 1478 3407 1534 fidenter
3434 1499 3501 1535 ex
3532 1501 3660 1539 ora-

1962 1553 2089 1605 culo
2120 1558 2216 1607 tuo
2248 1556 2504 1610 clamabo
2535 1573 2548 1611 :
2586 1560 2761 1623 Quam
2790 1566 3141 1631 magniﬁcam
3182 1574 3306 1621 sunt
3350 1585 3512 1639 opera
3543 1578 3658 1637 tua,

1959 1642 2196 1707 Domine,
2237 1647 2417 1698 omnia
2465 1647 2522 1699 in
2543 1647 2827 1715 Sapientia
2854 1653 3039 1716 fecisti
3082 1655 3245 1721 (Psal.
3292 1674 3403 1724 Clll,
3438 1663 3556 1729 24)!
3607 1669 3662 1717 et

1960 1728 2056 1782 illa
2086 1730 2459 1802 Principium,
2508 1739 2563 1788 et
2608 1735 2668 1790 in
2716 1754 2785 1791 eo
2825 1739 3113 1811 Principio
3158 1744 3337 1799 fecisti
3369 1728 3573 1803 coelum
3605 1756 3661 1803 et

1960 1822 2190 1874 terram.

2649 1914 2874 1969 CAPUT
2911 1918 2971 1970 Χ.

1958 2011 2322 2069 Obtrectantes
2352 2016 2489 2084 quid
2514 2019 2717 2085 faceret
2742 2022 2881 2076 Deus
2912 2027 3201 2091 antequam
3246 2029 3429 2082 coelum
3474 2035 3524 2084 et
3554 2036 3657 2087 ter-

2594 2123 2717 2161 ram
2750 2110 3015 2166 conderet.

2031 2209 2115 2261 l2.
2144 2208 2341 2263 Nonne
2369 2226 2495 2264 ecce
2524 2212 2681 2282 pleni
2711 2219 2845 2269 sunt
2879 2221 3173 2274 vetustatis
3218 2238 3334 2276 sure
3365 2224 3465 2293 qui
3495 2225 3656 2279 nobis

1956 2294 2188 2349 dicunt:
2221 2296 2367 2360 Quid
2398 2298 2637 2353 faciebat
2689 2303 2837 2357 Deus
2868 2310 3177 2378 antequam
3208 2310 3421 2366 faceret
3449 2314 3656 2368 coelum

1957 2388 2014 2437 et
2042 2387 2254 2438 terram
2274 2386 2302 2438 ?
2323 2386 2379 2441 Si
2409 2387 2565 2441 enim
2586 2390 2840 2456 vacabat,
2874 2392 3165 2464 inquiunt,
3199 2402 3256 2451 et
3294 2416 3409 2454 non
3448 2417 3656 2472 opera-

1953 2470 2124 2525 batur
2148 2472 2389 2544 aliquid,
2420 2492 2521 2530 cur
2545 2493 2664 2531 non
2694 2479 2772 2532 sic
2802 2496 3030 2552 semper
3058 2489 3113 2538 et
3136 2486 3425 2559 deinceps,
3457 2470 3656 2561 quem-

1956 2558 2267 2615 admodum
2295 2566 2448 2617 retro
2480 2581 2706 2636 semper
2734 2570 2971 2623 cessavit
3015 2572 3084 2626 ab
3128 2590 3301 2644 opere
3329 2577 3356 2629 ἱ)
3401 2558 3653 2633 Ξί-ΘΠῘΠΙ

1953 2648 2105 2702 ullus
2135 2654 2323 2705 motus
2352 2651 2414 2705 in
2442 2654 2555 2707 Deo
2578 2671 2758 2708 novus
2790 2658 3017 2727 exstitit,
3043 2664 3101 2714 et
3128 2663 3390 2717 voluntas
3418 2682 3565 2720 nova
3592 2672 3654 2721 ut

1953 2741 2274 2793 creaturam
2303 2741 2575 2797 conderet
2606 2759 2780 2813 quam
2807 2763 3104 2817 nunquam
3124 2756 3253 2804 ante
3284 2754 3649 2819 condiderat;

1954 2827 2242 2895 quomodo
2266 2828 2389 2898 jam
2418 2846 2551 2884 vera
2580 2832 2888 2899 zeternitas,
2916 2837 3011 2889 ubi
3028 2837 3212 2891 oritur
3237 2841 3499 2895 voluntas
3522 2860 3650 2913 qua?

1952 2930 2066 2968 non
2094 2918 2258 2969 erat?
2284 2918 2477 2987 Neque
2508 2919 2663 2973 enim
2693 2922 2954 2977 voluntas
2990 2924 3087 2979 Dei
3120 2931 3377 2982 creatura
3408 2935 3510 2997 est,
3554 2932 3651 2985 sed

1950 3008 2082 3057 ante
2113 3009 2459 3071 creaturam;
2486 3006 2622 3077 quia
2645 3025 2759 3063 non
2788 3017 3080 3066 crearetur
3100 3014 3341 3087 aliquid,
3370 3018 3482 3072 nisi
3502 3036 3652 3073 crea-

1949 3092 2089 3146 toris
2116 3094 2375 3148 voluntas
2402 3097 2768 3165 praacederet.
2804 3101 2889 3155 Ad
2918 3101 3101 3172 ipsam
3120 3120 3254 3175 ergo
3275 3106 3375 3160 Dei
3396 3108 3685 3187 substan-r

1948 3180 2088 3235 tiam
2116 3182 2364 3252 pertinet
2393 3185 2653 3240 voluntas
2684 3189 2832 3258 ejus.
2869 3191 3031 3254 Quod
3061 3191 3108 3245 si
3141 3199 3406 3249 exortum
3437 3203 3522 3251 est
3551 3198 3651 3251 ali-

1949 3269 2089 3341 quid
2122 3272 2177 3324 in
2212 3272 2311 3325 Dei
2326 3274 2643 3329 substantia
2663 3277 2819 3347 quod
2849 3279 3007 3349 prius
3032 3297 3150 3335 non
3171 3289 3291 3337 erat
3314 3302 3326 3351 ;
3351 3301 3465 3339 non
3481 3302 3649 3341 vera-

1948 3358 2088 3412 citer
2116 3360 2322 3414 dicitur
2352 3366 2566 3416 aeterna
2594 3363 2690 3418 illa
2721 3366 3060 3423 substantia:
3095 3370 3141 3423 si
3172 3377 3364 3427 autem
3387 3376 3649 3428 voluntas
3702 3430 3703 3435 η

1952 3447 2050 3501 Dei
2072 3450 2388 3512 sempitena
2419 3458 2541 3506 erat
2570 3457 2633 3507 ut
2660 3458 2807 3508 esset
2842 3461 3131 3523 creatura;
3183 3475 3285 3513 cur
3326 3477 3443 3515 non
3494 3478 3643 3517 sem-

1947 3538 2171 3608 piterna
2200 3542 2255 3592 et
2274 3545 2531 3594 craetura
2561 3544 2589 3597 ?

2639 3638 2864 3692 CAPUT
2893 3640 2980 3694 Xl.

1946 3738 2244 3807 Objectioni
2268 3740 2551 3809 respondet
2580 3744 2724 3810 quod
2751 3748 3025 3800 aeternitas
3055 3748 3153 3799 Dei
3183 3750 3350 3802 nescit
3378 3753 3639 3819 tempora.

2022 3848 2103 3901 13.
2139 3845 2246 3909 Qui
2284 3846 2407 3900 hmo
2436 3846 2656 3915 dicunt,
2704 3851 2963 3905 nondum
3012 3855 3065 3905 te
3098 3851 3447 3924 intelligunt,
3483 3872 3514 3909 o
3547 3857 3648 3911 Sa—

1946 3933 2162 4004 pientia
2194 3934 2313 4003 Dei,
2342 3936 2437 3989 lux
2468 3937 2749 3992 mentium
2776 3958 2790 4005 ;
2822 3940 3082 3993 nondum
3109 3941 3465 4013 intelligunt,
3497 3961 3643 4015 quo-

1948 4021 2117 4074 modo
2148 4022 2297 4076 fiunt
2324 4040 2453 4094 qua:
2473 4041 2576 4095 per
2604 4028 2659 4079 te
2694 4031 2865 4097 atque
2897 4028 2955 4081 in
2981 4032 3035 4082 te
3067 4028 3248 4084 ﬁunt:
3285 4036 3339 4085 et
3369 4037 3651 4087 conantur

1948 4112 2161 4163 aeterna
2190 4127 2419 4181 sapere;
2456 4112 2556 4166 sed
2581 4114 2768 4167 adhuc
2799 4115 2859 4168 in
2892 4118 3196 4185 praeteritis
3228 4122 3283 4171 et
3317 4120 3525 4173 futuris
3557 4136 3647 4173 re-

1948 4213 2077 4251 rum
2106 4199 2354 4252 motibus
2384 4216 2481 4253 cor
2510 4218 2708 4256 eorum
2739 4204 2956 4269 volitat,
2991 4210 3045 4259 et
3079 4206 3261 4260 adhuc
3293 4224 3503 4261 vanum
3538 4214 3644 4264 est.

1947 4284 2084 4348 Quis
2109 4286 2326 4340 tenebit
2370 4287 2532 4355 illud,
2565 4293 2622 4343 et
2667 4290 2767 4344 fiet
2797 4292 2939 4346 illud
2973 4298 3037 4347 ut
3087 4295 3389 4363 paululum
3436 4299 3561 4361 stet,
3595 4301 3650 4349 et

1945 4374 2245 4442 paululum
2272 4375 2453 4446 rapiat
2486 4378 2853 4448 splendorem
2875 4398 3104 4452 semper
3132 4384 3332 4435 stantis
3362 4384 3649 4438 aiternita-

1944 4462 2038 4531 tis,
2070 4467 2124 4515 et
2149 4468 2441 4533 comparet
2466 4482 2595 4520 cum
2626 4470 2983 4540 temporibus
3012 4488 3311 4542 nunquam
3338 4473 3642 4538 stantibus,

1948 4555 2003 4604 et
2030 4550 2215 4605 videat
2243 4569 2361 4607 esse
2392 4554 2902 4626 incomparabilem
2928 4579 2940 4624 ;
2965 4564 3021 4612 et
3039 4559 3226 4613 videat
3248 4560 3487 4631 longum
3509 4566 3650 4616 tem-

1944 4656 2073 4709 pus,
2106 4640 2217 4694 nisi
2267 4658 2334 4695 ex
2364 4644 2556 4697 multis
2587 4646 3067 4715 praetereuntibus
3117 4648 3387 4716 motibus,
3437 4650 3537 4722 qui
3567 4652 3648 4704 si-

1946 4728 2067 4782 mul
2095 4731 2320 4786 extendi
2350 4749 2463 4787 non
2495 4739 2752 4804 possunt,
2793 4736 3031 4805 longum
3063 4752 3177 4790 non
3208 4737 3370 4804 ﬁeri;
3403 4756 3516 4793 non
3548 4756 3652 4794 au-

1946 4820 2062 4871 tem
2092 4820 2387 4889 praeterire
2418 4822 2735 4892 quidquam
2782 4824 2844 4876 in
2896 4828 3132 4892 aeterno,
3162 4826 3262 4880 sed
3292 4831 3479 4882 totum
3527 4845 3650 4884 esse

1944 4922 2234 4975 praesens;
2268 4910 2494 4963 nullum
2541 4926 2674 4963 vero
2708 4913 2931 4981 tempus
2961 4915 3145 4967 totum
3194 4931 3313 4969 esse
3357 4933 3646 4986 przesens:

1946 4998 2001 5047 et
2028 4995 2214 5049 videat
2234 5014 2401 5050 omne
2415 4998 2771 5069 praeteritum
2792 5000 3118 5071 propelliex
3144 5002 3359 5071 futuro,
3393 5009 3449 5058 et
3478 5022 3647 5058 omne

1944 5084 2205 5140 futurum
2235 5103 2301 5141 ex
2330 5088 2619 5157 praeterito
2652 5091 2962 5161 consequi;
2998 5096 3054 5145 et
3086 5109 3257 5148 omne
3287 5095 3646 5164 praeteritum

1945 5190 2009 5227 ac
2036 5174 2294 5229 futurum
2326 5176 2393 5229 ab
2415 5193 2481 5230 eo
2514 5177 2668 5246 quod
2699 5194 2924 5250 semper
2954 5185 3040 5233 est
3068 5197 3347 5250 prmsens,
3382 5182 3562 5236 creari
3594 5188 3650 5236 et

1946 5263 2285 5317 excurrere?
2317 5264 2451 5328 Quis
2488 5265 2701 5319 tenebit
2738 5283 2837 5322 cor
2878 5268 3151 5339 hominis,
3185 5276 3248 5325 ut
3297 5274 3427 5338 stet,
3471 5276 3527 5324 et
3568 5270 3650 5323 vi-

1944 5350 2075 5404 deat
2104 5355 2395 5421 quomodo
2428 5356 2581 5407 stans
2611 5354 2783 5411 dictet
2813 5357 3006 5411 futura
3029 5362 3084 5412 et
3112 5357 3405 5429 praeterita
3427 5363 3649 5428 tempo-

1944 5455 2028 5506 ra,
2062 5456 2167 5494 nec
2195 5440 2385 5495 futura
2414 5458 2518 5497 nec
2545 5446 2836 5514 praeterita
2859 5448 3145 5502 aeternitas
3166 5450 3194 5500 ‘?
3221 5446 3513 5516 Numquid
3532 5464 3649 5502 ma-

1946 5544 2051 5582 nus
2081 5545 2210 5583 mea
2236 5530 2385 5584 valet
2412 5531 2539 5600 hoc,
2573 5538 2674 5589 aut
2716 5552 2920 5591 manus
2958 5536 3072 5589 oris
3111 5534 3225 5589 mei
3254 5550 3357 5605 per
3390 5536 3648 5606 loquelas

1950 5616 2067 5687 agit
2094 5620 2213 5672 tam
2252 5620 2527 5688 grandem
2556 5628 2723 5679 rem?
