4058 6174
482 340 585 392 815

1135 466 1357 519 CAPUT
1395 466 1508 519 XII.

682 550 824 617 Quid
863 554 992 605 Deus
1021 554 1210 619 fecerit
1242 560 1366 606 ante
1395 553 1590 606 mundi
1623 558 1968 611 creationem.

553 658 640 711 14.
683 658 816 710 Ecce
840 658 1155 728 respondeo
1189 657 1421 722 dicenti,
1453 659 1600 722 Quid
1627 660 1869 715 faciebat
1901 663 2045 716 Deus
2077 679 2178 716 an-

480 750 709 815 tequam
736 746 943 798 faceret
963 747 1166 799 coelum
1190 752 1247 799 et
1266 752 1476 800 terram
1505 750 1860 818 ;respondeo
1893 767 2007 804 non
2039 751 2180 806 illud

478 833 633 903 quod
664 833 898 904 quidam
921 835 1280 904 respondisse
1311 837 1650 904 perhibetur
1673 839 2024 908 joculariter,
2059 841 2179 894 elu-

478 924 618 977 dens
644 922 976 994 quaastionis
1022 923 1388 977 violentiam:
1431 926 1580 991 Alta,
1629 926 1836 997 inquit,
1882 928 2180 982 scrutanti-

476 1013 580 1066 bus
607 1013 896 1082 gehennas
927 1012 1176 1080 parabat.
1210 1012 1374 1065 Aliud
1413 1018 1497 1066 est
1523 1013 1734 1080 videre,
1766 1015 1918 1069 aliud
1951 1016 2174 1083 ridere;

476 1101 597 1154 hare
627 1117 742 1155 non
764 1099 1097 1170 respondeo.
1133 1100 1420 1154 Libentius
1443 1101 1596 1154 enim
1623 1103 2040 1172 responderim,
2073 1106 2175 1158 Ne-

476 1188 609 1254 scio,
644 1188 795 1258 quod
823 1188 1008 1241 nescio
1035 1205 1047 1254 ;
1082 1203 1254 1257 quam
1287 1189 1429 1242 illud
1457 1189 1610 1243 unde
1638 1190 1910 1244 irridetur
1939 1193 2039 1262 qui
2066 1192 2179 1246 alta

475 1276 864 1346 interrogavit,
890 1280 945 1329 et
976 1276 1241 1329 laudatur
1269 1277 1370 1346 qui
1399 1276 1540 1330 falsa
1571 1280 1884 1348 respondit.
1917 1280 2026 1334 Sed
2049 1279 2175 1334 dico

477 1372 551 1431 te,
586 1367 734 1419 Deus
761 1371 972 1425 noster,
996 1365 1182 1418 omnis
1212 1369 1489 1418 creaturae
1520 1373 1854 1421 creatorem.
1894 1369 1958 1421 Et
1977 1367 2024 1420 si
2053 1369 2178 1422 caeli

476 1459 532 1508 et
560 1458 725 1507 terra:
764 1451 1000 1506 nomine
1031 1453 1216 1505 omnis
1247 1458 1508 1507 creatura
1549 1454 1892 1526 intelligitur
1920 1473 1932 1510 :
1959 1456 2176 1510 auden-

475 1549 560 1596 ter
591 1542 736 1610 dico,
781 1545 1103 1612 Antequam
1148 1541 1358 1595 faceret
1403 1543 1550 1596 Deus
1584 1545 1790 1598 coelum
1822 1549 1877 1598 et
1935 1549 2168 1610 terram,

475 1647 586 1684 non
616 1629 854 1683 faciebat
884 1629 1098 1698 aliquid
1127 1645 1139 1681 :
1165 1628 1210 1681 si
1241 1630 1397 1682 enim
1428 1631 1691 1697 faciebat,
1725 1631 1863 1702 quid
1895 1633 2002 1686 nisi
2023 1649 2174 1686 crea-

473 1727 660 1773 turam
690 1718 928 1772 faciebat
951 1718 977 1771 ?
1011 1718 1073 1770 Et
1089 1717 1307 1770 utinam
1335 1718 1413 1770 sic
1436 1719 1634 1788 sciam,
1656 1721 1936 1791 quidquid
1961 1722 2178 1775 utiliter

474 1808 612 1862 scire
631 1806 817 1878 cupio,
849 1804 1336 1876 quemadmodum
1355 1805 1470 1860 scio
1489 1808 1642 1878 quod
1666 1810 1823 1864 nulla
1838 1809 2010 1864 ﬁebat
2022 1825 2171 1864 crea-

471 1904 601 1951 tura
631 1896 668 1961 ¹,
712 1900 1017 1965 antequam
1056 1896 1219 1948 fieret
1243 1894 1361 1948 ulla
1391 1901 1676 1952 creatura.

1112 2001 1336 2055 CAPUT
1375 2002 1526 2055 XIII.

472 2092 624 2159 Quod
651 2096 775 2146 ante
803 2096 1043 2160 tempora
1069 2107 1101 2143 α
1129 2093 1233 2144 Deo
1259 2095 1443 2144 creata
1471 2091 1682 2146 nullum
1731 2096 1936 2162 tempus
1965 2095 2164 2160 fuerit.

549 2203 628 2254 15.
684 2201 758 2252 At
786 2197 831 2250 si
874 2197 1209 2267 cujusquam
1249 2197 1492 2251 volatilis
1536 2214 1734 2253 sensus
1781 2204 2018 2268 vagatur
2073 2216 2176 2270 per

472 2287 753 2358 imagines
782 2290 933 2339 retro
962 2289 1308 2355 temporum,
1343 2291 1400 2338 et
1429 2289 1483 2340 te
1512 2287 1692 2340 Deum
1723 2288 2173 2357 omnipotentem

470 2383 527 2431 et
556 2376 1005 2430 omnicreantem
1036 2378 1091 2427 et
1121 2373 1597 2444 omnitenentem,
1623 2375 1749 2429 caeli
1775 2380 1832 2430 et
1852 2381 2018 2430 terrm
2042 2377 2172 2430 arti-

471 2466 655 2531 licem,
689 2465 759 2518 ab
790 2479 961 2533 opere
995 2465 1172 2524 tanto,
1199 2467 1507 2534 antequam
1539 2463 1596 2518 id
1626 2464 1859 2529 faceres,
1887 2481 1991 2535 per
2013 2465 2175 2518 innu-

470 2553 765 2607 merabilia
822 2551 1026 2604 saecula
1079 2566 1323 2603 cessasse
1381 2550 1660 2618 miratur;
1725 2553 1956 2623 evigilet
2001 2559 2172 2624 atque

470 2643 746 2704 attendat,
779 2640 916 2712 quia
931 2640 1068 2693 falsa
1084 2639 1347 2692 miratur.
1378 2641 1518 2692 Nam
1537 2641 1690 2694 unde
1719 2645 1988 2710 poterant
2007 2641 2172 2694 innu-

475 2731 763 2784 merabilia
804 2729 1009 2782 saecula
1050 2726 1362 2798 praeterire,
1415 2744 1543 2798 quae
1596 2728 1718 2798 ipse
1767 2746 1881 2784 non
1931 2730 2166 2795 feceras,

467 2837 596 2875 cum
626 2819 700 2873 sis
739 2817 996 2872 omnium
1027 2817 1367 2870 saeculorum
1401 2821 1600 2871 auctor
1629 2823 1685 2871 et
1714 2818 2022 2873 conditor?
2072 2825 2173 2874 aut

469 2927 597 2981 qua:
630 2914 890 2977 tempora
918 2906 1158 2960 fuissent
1178 2921 1306 2976 quae
1339 2905 1438 2958 abs
1470 2909 1522 2959 te
1545 2907 1777 2961 condita
1799 2923 1916 2960 non
1938 2910 2171 2963 essent?

466 3005 565 3052 aut
596 2995 881 3068 quomodo
912 2993 1288 3065 praeterirent,
1323 2993 1368 3046 si
1390 3010 1691 3065 nunquam
1723 2995 2006 3050 fuissent?
2029 2998 2166 3051 Cum

469 3103 605 3157 ergo
635 3087 710 3139 sis
741 3090 1009 3154 operator
1045 3081 1305 3136 omnium
1336 3087 1685 3152 temporum,
1720 3084 1767 3136 si
1797 3084 1901 3138 fuit
1933 3085 2165 3156 aliquod

467 3183 695 3245 tempus
725 3177 1032 3242 antequam
1063 3172 1274 3224 faceres
1296 3171 1505 3224 coelum
1547 3177 1603 3224 et
1631 3176 1864 3239 terram,
1897 3189 1999 3226 cur
2027 3174 2166 3228 dici-

465 3270 562 3318 tur
591 3261 746 3334 quod
773 3261 842 3314 ab
863 3275 1034 3329 opere
1065 3258 1320 3312 eessabas
1346 3259 1374 3310 ?
1393 3257 1649 3327 Idipsum
1677 3259 1832 3312 enim
1857 3265 2083 3328 tempus
2105 3267 2167 3316 tu

469 3353 702 3417 feceras,
742 3365 844 3402 nec
865 3346 1157 3418 praeterire
1210 3350 1523 3416 potuerunt
1567 3351 1828 3417 tempora
1859 3354 2165 3420 antequam

465 3441 677 3494 faceres
699 3444 975 3508 tempora.
1009 3435 1064 3489 Si
1097 3438 1288 3488 autem
1309 3439 1440 3489 ante
1468 3435 1674 3489 cmlum
1706 3441 1764 3490 et
1792 3441 2006 3491 terram
2039 3440 2166 3492 nul-

467 3530 590 3583 lum
620 3533 741 3582 erat
780 3532 1030 3596 tempus,
1061 3541 1162 3578 cur
1201 3525 1483 3594 quaeritur
1525 3525 1662 3596 quid
1709 3529 1843 3580 tunc
1871 3526 2116 3582 faciebas
2139 3529 2166 3582 ’Β

467 3620 592 3672 Non
627 3617 778 3670 enim
800 3621 922 3669 erat
941 3616 1116 3679 Tunc,
1149 3613 1248 3667 ubi
1278 3629 1394 3667 non
1424 3617 1544 3667 erat
1574 3618 1814 3685 tempus.

542 3710 624 3759 l6.
661 3707 772 3758 Nec
803 3709 864 3756 tu
887 3710 1146 3772 tempore
1161 3708 1419 3772 tempora
1437 3703 1731 3772 praecedis,
1763 3704 2022 3775 alioquin
2050 3721 2163 3759 non

466 3794 659 3846 omnia
692 3797 949 3860 tempora
965 3789 1333 3860 praecederes.
1356 3791 1462 3843 Sed
1491 3791 1769 3860 praecedis
1795 3793 1992 3846 omnia
2019 3809 2165 3862 prae-

466 3881 633 3936 terita
663 3878 996 3932 celsitudine
1025 3893 1248 3946 semper
1270 3876 1566 3946 praesentis
1597 3879 1928 3933 aeternitatis
1951 3897 1963 3946 ;
1989 3886 2044 3934 et
2072 3899 2164 3934 su-

466 3984 632 4042 peras
670 3964 862 4020 omnia
891 3965 1102 4029 futura,
1134 3963 1270 4033 quia
1300 3964 1395 4016 illa
1422 3964 1614 4018 futura
1644 3969 1796 4034 sunt,
1828 3972 2034 4022 etcum
2065 3986 2166 4022 ve-

465 4058 672 4122 nerint,
715 4055 1001 4126 prmterita
1031 4058 1235 4118 erunt;
1273 4057 1334 4106 tu
1388 4057 1580 4107 autem
1636 4053 1784 4107 idem
1829 4054 1949 4125 ipse
1993 4074 2074 4126 es,
2111 4062 2167 4112 et

465 4147 601 4202 anni
652 4144 735 4199 tui
786 4159 900 4196 non
956 4141 1229 4196 deﬁciunt
1260 4141 1430 4207 (Psal.
1482 4159 1554 4204 ει,
1605 4143 1716 4212 28).
1757 4143 1906 4196 Anni
1947 4144 2031 4198 tui
2061 4161 2165 4199 nec

465 4239 602 4290 eunt
627 4249 730 4289 nec
759 4232 1032 4298 veniunt;
1058 4230 1151 4284 isti
1177 4234 1367 4284 autem
1398 4231 1576 4284 nostri
1600 4236 1655 4285 et
1675 4236 1814 4286 eunt
1832 4237 1886 4286 et
1909 4233 2162 4301 veniunt,

464 4331 526 4380 ut
547 4339 745 4378 omnes
774 4321 1024 4375 veniant.
1057 4318 1208 4374 Anni
1234 4318 1316 4372 tui
1348 4335 1546 4372 omnes
1594 4319 1763 4372 simul
1803 4324 1972 4387 stant,
2020 4337 2162 4392 quo-

464 4415 619 4468 niam
671 4415 854 4477 stant;
912 4426 1016 4464 nec
1046 4412 1248 4463 euntes
1280 4425 1313 4461 a
1355 4407 1716 4462 venientibus
1763 4409 2160 4476 excluduntur,

465 4502 602 4571 quia
625 4517 743 4554 non
774 4502 1104 4554 transeunt:
1153 4497 1247 4550 isti
1278 4501 1469 4551 autem
1503 4497 1680 4550 nostri
1729 4514 1928 4552 omnes
1971 4504 2160 4568 erunt,

465 4605 592 4642 cum
627 4604 825 4641 omnes
875 4603 994 4640 non
1047 4589 1234 4640 erunt.
1280 4583 1431 4639 Anni
1475 4584 1559 4637 tui
1590 4583 1709 4638 dies
1742 4602 1927 4652 unus;
1959 4591 2015 4640 et
2043 4587 2163 4641 dies

464 4683 594 4732 tuus
619 4693 735 4729 non
763 4675 1036 4746 quotidie,
1053 4673 1149 4728 sed
1168 4673 1361 4738 hodie,
1387 4672 1521 4744 quia
1547 4673 1861 4728 hodiernus
1890 4680 2021 4728 tuus
2043 4692 2161 4729 non

467 4765 616 4818 cedit
635 4764 914 4830 crastino;
947 4779 1135 4834 neque
1166 4761 1321 4815 enim
1351 4761 1598 4815 succedit
1618 4762 1904 4818 hesterno.
1932 4763 2163 4817 Hodier-

463 4869 571 4907 nus
601 4857 730 4906 tuus
759 4851 1081 4918 mternitas;
1113 4850 1242 4904 ideo
1268 4853 1618 4903 comtcrnum
1658 4851 1925 4920 genuisti,
1951 4852 2042 4906 cui
2074 4852 2160 4906 di-

462 4940 612 5006 xisti,
653 4943 765 5006 Ego
818 4939 972 4993 hodie
1014 4942 1176 5006 genui
1216 4945 1264 4992 te
1309 4940 1478 5008 (Psal.
1541 4955 1599 5008 ιι,
1629 4943 1698 5008 ’7;
1756 4940 1918 4994 Hebr.
1971 4957 2022 5009 v,
2083 4941 2156 5011 5).

464 5028 667 5084 Omnia
691 5033 951 5098 tempora
978 5032 1039 5081 tu
1069 5027 1269 5093 fecisti,
1303 5031 1358 5081 et
1401 5032 1529 5082 ante
1561 5027 1755 5081 omnia
1787 5033 2048 5099 tempora
2098 5035 2160 5084 tu

463 5136 552 5186 es;
587 5134 690 5173 nec
721 5117 912 5189 aliquo
938 5121 1193 5187 tempore
1227 5132 1341 5170 non
1372 5121 1494 5170 erat
1520 5122 1766 5188 tempus.

1121 5222 1346 5277 CAPUT
1371 5223 1504 5278 XIV.

916 5314 1188 5382 Temporis
1214 5311 1534 5379 differentiae
1579 5316 1704 5366 tres.

535 5427 618 5478 17.
660 5423 828 5477 Nullo
875 5436 1014 5491 ergo
1046 5423 1303 5489 tempore
1356 5435 1470 5473 non
1500 5419 1711 5474 feceras
1740 5419 1978 5491 aliquid,
2022 5421 2156 5491 quia

457 5512 645 5584 ipsum
675 5517 903 5582 tempus
932 5515 997 5564 tu
1026 5510 1259 5563 feceras.
1310 5508 1374 5562 Et
1406 5507 1564 5562 nulla
1610 5513 1868 5578 tempora
1913 5507 2018 5562 tibi
2059 5523 2154 5560 co-

516 5621 531 5652 ¹
561 5618 917 5680 Benignianus
946 5615 1132 5674 codex,
1157 5613 1295 5679 quod
1317 5613 1527 5666 nullam
1555 5611 1788 5692 faciebat
1823 5616 2150 5664 creaturam.

1672 345 2214 402 CONFESSIONUM
2281 347 2334 404 S.
2392 350 2796 407 AUGUSTINI.
3819 377 3888 428 816

2289 477 2501 526 aeterna
2531 479 2684 540 sunt,
2717 475 2852 545 quia
2882 479 2944 529 tu
2995 491 3297 546 permanes
3323 494 3337 532 :
3382 485 3435 534 at
3466 481 3553 537 illa
3578 487 3618 539 si
3659 505 3891 559 permane-

2289 565 2434 627 ient,
2487 579 2599 616 non
2649 568 2837 617 essent
2871 568 3152 635 tempora.
3193 566 3337 630 Quid
3387 569 3531 624 enim
3569 580 3644 628 est
3678 582 3893 650 tempus?

2289 647 2424 711 Quis
2467 651 2572 704 hoc
2611 651 2773 706 facile
2818 652 3179 724 breviterque
3233 656 3616 726 explicaverit?
3641 647 3891 733 Quia-hoc,

2289 737 2361 791 ad
2393 740 2629 793 verbum
2659 740 2728 794 de
2760 741 2858 794 illo
2889 742 3321 812 proferendum,
3353 747 3436 800 vel
3458 749 3763 820 cogitatione
3789 773 3894 811 com-

2288 827 2694 896 prehenderit?
2723 830 2868 894 Quid
2904 836 3096 886 autem
3124 832 3458 888 familiarius
3486 843 3538 891 et
3565 841 3729 895 notius
3755 844 3802 898 in
3837 847 3892 898 lo.

2289 916 2513 984 quendo
2541 933 3060 974 commemoramus
3107 937 3281 992 quam
3307 928 3568 994 tempus?
3597 929 3654 982 Et
3680 930 3895 1002 intelligi-

2288 1019 2415 1056 mus
2447 1004 2642 1076 utique
2671 1022 2802 1060 cum
2828 1006 2886 1060 id
2910 1008 3219 1078 loquimur,
3253 1009 3613 1084 intelligimus
3639 1018 3784 1072 etiam
3801 1036 3890 1075 cum

2289 1091 2400 1146 alio
2430 1093 2700 1164 loquente
2730 1095 2787 1148 id
2813 1096 3098 1153 audimus.
3131 1098 3274 1162 Quid
3308 1105 3392 1153 est
3419 1117 3547 1171 ergo
3592 1107 3820 1176 tempus?
3854 1109 3891 1162 Si

2289 1196 2455 1234 nemo
2471 1198 2536 1236 ex
2567 1199 2660 1237 me
2683 1188 2919 1254 quaerat,
2937 1185 3050 1239 scio
3071 1187 3438 1258 ;siquaarenti
3465 1193 3722 1260 explicare
3747 1196 3885 1256 velim,

2288 1268 2474 1322 nescio
2505 1286 2517 1323 :
2552 1269 2794 1324 ﬁdenter
2837 1277 3030 1326 tamen
3077 1273 3201 1328 dico
3246 1275 3386 1330 scire
3425 1293 3532 1343 me,
3562 1280 3699 1349 quod
3725 1281 3762 1334 si
3786 1283 3886 1334 nihil

2284 1357 2621 1424 prazteriret,
2661 1374 2777 1412 non
2817 1364 2964 1414 esset
3005 1361 3362 1431 praeteritum
3389 1368 3627 1435 tempus;
3658 1372 3706 1420 et
3732 1369 3768 1420 si
3785 1371 3883 1422 nihil

2286 1444 2599 1514 adveniret,
2640 1463 2757 1501 non
2795 1453 2941 1502 esset
2977 1448 3236 1504 futurum
3265 1455 3518 1522 tempus;
3551 1459 3602 1508 et
3628 1455 3669 1507 si
3695 1456 3808 1509 nihil
3828 1474 3881 1509 es-

2286 1537 2390 1596 set,
2423 1549 2539 1588 non
2570 1539 2716 1589 esset
2744 1551 2996 1606 praesens
3026 1541 3272 1609 tempus.
3329 1541 3448 1594 Duo
3503 1557 3626 1612 ergo
3664 1543 3745 1596 illa
3781 1551 3881 1598 tem-

2287 1637 2445 1690 pora,
2480 1625 2836 1692 praeteritum
2874 1630 2930 1678 et
2983 1625 3245 1681 futurum
3287 1629 3567 1698 quomodo
3607 1636 3737 1696 sunt,
3757 1648 3885 1702 quan-

2286 1711 2358 1764 do
2373 1716 2428 1764 et
2452 1712 2807 1781 praeteritum
2815 1714 2934 1784 jam
2961 1730 3077 1768 non
3099 1722 3202 1781 est,
3228 1721 3285 1770 et
3306 1718 3556 1772 futurum
3583 1719 3798 1774 nondum
3813 1725 3890 1773 est?

2287 1801 2541 1854 Praesens
2571 1807 2764 1856 autem
2795 1803 2841 1856 si
2869 1819 3095 1874 semper
3125 1810 3289 1870 esset,
3325 1822 3588 1876 praesens,
3603 1808 3755 1862 necin
3785 1825 3886 1879 pra-

2286 1889 2518 1943 teritum
2550 1891 2855 1959 transiret;
2881 1892 3003 1962 jam
3035 1909 3148 1947 non
3178 1898 3328 1948 esset
3354 1899 3591 1967 tempus,
3623 1897 3708 1951 sed
3730 1898 3887 1951 eterni-

2285 1981 2386 2032 tas.
2421 1976 2478 2032 Si
2508 1994 2644 2049 ergo
2673 1995 2942 2049 praesens,
2977 1986 3041 2035 ut
3066 1987 3292 2053 tempus
3324 1983 3416 2048 sit,
3457 1984 3578 2038 ideo
3623 1986 3681 2038 tit
3719 1985 3822 2056 quia
3852 1986 3885 2035 in

2284 2067 2641 2137 praeteritum
2679 2068 2920 2136 transit;
2975 2072 3268 2141 quomodo
3314 2077 3372 2127 et
3411 2073 3516 2127 hoc
3561 2090 3669 2128 esse
3699 2074 3886 2134 dicimus,

2284 2153 2376 2208 cui
2398 2171 2567 2210 causa
2594 2162 2657 2211 ut
2685 2157 2756 2211 sit
2775 2157 2873 2212 illa
2903 2163 3008 2224 est,
3038 2159 3176 2230 quia
3203 2176 3322 2215 non
3363 2161 3504 2229 erit;
3534 2167 3594 2216 ut
3619 2161 3792 2215 scilicet
3815 2177 3884 2213 non

2284 2260 2414 2299 vere
2443 2245 2695 2301 dicamus
2722 2251 2951 2319 tempus
2967 2264 3111 2317 esse,
3141 2248 3252 2302 nisi
3279 2250 3421 2321 quia
3449 2249 3622 2304 tendit
3649 2266 3745 2304 non
3762 2264 3847 2302 esse
3861 2251 3885 2302 ί.

2959 2354 3185 2408 CAPUT
3209 2356 3320 2410 XV.

2732 2446 2979 2497 Mensura
3011 2446 3266 2513 temporis
3306 2446 3366 2498 in
3397 2460 3523 2514 quo.

2359 2549 2440 2600 18.
2501 2549 2564 2602 Et
2608 2552 2800 2602 tamen
2852 2549 3095 2604 dicimus
3142 2551 3385 2622 longum
3423 2557 3652 2622 tempus,
3689 2554 3734 2603 et
3771 2547 3882 2601 breve

2281 2640 2508 2706 tempus
2535 2654 2547 2702 ;
2580 2653 2768 2709 neque
2798 2639 2905 2693 hoc
2935 2638 3041 2692 nisi
3073 2639 3142 2694 de
3170 2641 3464 2708 praeterito
3487 2644 3579 2694 aut
3612 2639 3770 2693 futuro
3795 2633 3882 2688 dici-

2281 2740 2429 2779 mus.
2462 2726 2825 2780 Prazteritum
2856 2731 3083 2797 tempus
3116 2729 3377 2798 longum,
3408 2729 3558 2783 verbi
3586 2726 3754 2798 gratia,
3778 2738 3882 2775 voca-

2281 2828 2408 2867 mus
2452 2819 2584 2868 aute
2625 2819 2852 2868 centum
2900 2831 3112 2882 annos;
3153 2816 3420 2871 futurum
3471 2816 3655 2870 itidem
3697 2814 3882 2881 longum,

2279 2906 2406 2972 post
2452 2908 2683 2958 centum
2732 2920 2928 2958 annos.
2988 2905 3160 2960 Breve
3192 2912 3387 2960 autem
3428 2904 3764 2976 praeteritum,
3791 2900 3882 2950 sicut

2279 2998 2433 3062 puta,
2470 2991 2712 3046 dicimus
2742 2997 2871 3048 ante
2921 2993 3117 3048 decem
3162 2994 3325 3062 dies;
3377 2999 3431 3049 et
3476 2995 3633 3049 breve
3681 2991 3881 3044 futurum.

2278 3085 2407 3150 post
2434 3081 2627 3135 decem
2659 3081 2796 3136 dies.
2819 3082 2926 3137 Sed
2951 3099 3064 3153 quo
3082 3088 3248 3154 pacto
3273 3085 3509 3155 longum
3539 3087 3616 3137 est
3641 3084 3723 3134 aut
3747 3077 3875 3130 breve.

2279 3169 2431 3240 quod
2455 3186 2571 3223 non
2589 3171 2717 3224 est?
2736 3171 3092 3225 Praeteritum
3116 3172 3276 3227 enim
3310 3173 3431 3244 jam
3470 3187 3582 3225 non
3613 3172 3702 3232 est,
3733 3169 3776 3219 et
3789 3163 3880 3216 iuta

2279 3273 2405 3311 rum
2443 3258 2703 3312 nondum
2729 3264 2827 3313 est.
2865 3260 2987 3313 Non
3028 3260 3220 3332 itaque
3249 3261 3528 3328 dicamus,
3567 3261 3780 3327 Longum
3801 3253 3878 3303 est:

2278 3347 2373 3399 sed
2405 3347 2658 3401 dicamus
2683 3347 2752 3402 de
2783 3348 3093 3418 praeterito,
3123 3350 3384 3420 Longum
3416 3349 3542 3413 fuit,
3573 3353 3624 3402 et
3651 3346 3709 3398 de
3733 3342 3878 3396 futuro,

2278 3435 2535 3505 Longum
2566 3437 2692 3493 erit.
2728 3437 2967 3491 Domine
3005 3454 3188 3506 meus,
3219 3439 3321 3493 lux
3353 3455 3502 3500 mea,
3549 3450 3718 3490 nonne
3757 3435 3796 3483 et
3824 3423 3879 3478 hic

2277 3525 2482 3577 veritas
2512 3529 2609 3578 tua
2639 3524 2922 3580 deridebit
2949 3526 3249 3581 hominem
3270 3531 3297 3583 ?
3344 3526 3507 3592 Quod
3551 3523 3689 3579 enim
3715 3521 3877 3584 long!"ll

2277 3612 2382 3666 fuit
2417 3613 2767 3683 praeteritum
2822 3619 3073 3684 tempus,
3105 3632 3237 3670 cum
3267 3617 3388 3688 jam
3429 3619 3570 3670 esset
3615 3605 3878 3684 praeteritum

2279 3702 2514 3770 longum
2542 3703 2666 3767 fuit,
2688 3719 2758 3756 an
2778 3719 2908 3756 cum
2929 3703 3113 3758 adhuc
3144 3721 3404 3775 praesens
3431 3707 3571 3759 esset
3589 3702 3755 3756 ?Tunc
3778 3691 3875 3745 enim

2276 3795 2498 3860 poterat
2527 3807 2647 3845 esse
2668 3791 2926 3861 longum,
2944 3793 3174 3863 quando
3197 3801 3324 3848 erat
3354 3793 3505 3866 quod
3527 3794 3661 3846 esset
3676 3789 3875 3853 longumi

2277 3879 2633 3949 prmteritum
2651 3897 2780 3933 vero
2788 3882 2910 3951 jam
2941 3897 3057 3935 non
3085 3886 3208 3935 erat
3239 3900 3253 3949 ;
3286 3883 3438 3938 unde
3466 3897 3564 3935 nec
3592 3880 3786 3945 longum
3802 3879 3876 3919 8S5?

2276 3971 2513 4037 poterat,
2546 3969 2697 4037 quod
2729 3969 2963 4023 omnino
3004 3987 3120 4024 non
3148 3977 3294 4027 erat.
3352 3972 3475 4026 Non
3505 3984 3632 4039 ergo
3675 3963 3873 4018 dicamus.

2279 4057 2534 4126 Longum
2563 4057 2672 4111 fuit
2700 4057 3056 4127 prseteritum
3084 4063 3358 4130 tempus;
3396 4073 3575 4128 neque
3609 4053 3739 4109 enim
3775 4048 3876 4100 init“

2274 4145 2498 4198 niemus
2524 4145 2662 4215 quid
2679 4145 2851 4199 fuerit
2875 4146 3134 4218 longum,
3157 4147 3394 4218 quando
3409 4163 3474 4202 ex
3487 4160 3595 4216 quo
3616 4135 3877 4214 praeteritum

2275 4237 2377 4302 est,
2410 4250 2523 4287 non
2554 4239 2667 4288 est:
2702 4234 2797 4288 sed
2822 4233 3094 4297 dicamus,
3131 4237 3394 4307 Longum
3427 4235 3532 4289 fuit
3558 4230 3683 4286 illud
3707 4231 3878 4298 prasem

2271 4327 2532 4393 tempus:
2560 4323 2694 4393 quia
2725 4340 2853 4378 cum
2883 4341 3136 4394 praesens
3167 4331 3340 4392 esset,
3387 4326 3613 4395 longum
3641 4320 3754 4372 erat.
3780 4310 3876 4395 Non:

2273 4392 2410 4466 dum
2441 4392 2594 4466 enim
2619 4392 2991 4483 prmterierat,
3023 4419 3087 4467 ut
3118 4429 3238 4468 non
3260 4419 3428 4480 esset,
3457 4392 3512 4466 et
3531 4411 3650 4465 ideo
3669 4392 3878 4488 eratqued

2272 4501 2508 4570 longum
2542 4519 2661 4556 esse
2691 4508 2902 4573 posset.
2937 4504 3141 4557 Postea
3180 4519 3317 4558 vero
3358 4518 3530 4575 quam
3569 4490 3876 4570 praeteriit.51'

2271 4590 2392 4643 mul
2423 4593 2478 4644 et
2502 4591 2738 4660 longum
2770 4607 2889 4645 esse
2920 4591 3153 4658 destitit,
3191 4593 3346 4663 quod
3376 4607 3494 4645 esse
3523 4584 3731 4643 destitit.

2345 4681 2428 4732 t9.
2461 4678 2762 4733 Videamus
2791 4695 2948 4750 ergo,
2982 4695 3014 4733 ο
3047 4679 3240 4733 anima
3284 4681 3553 4742 humana,
3583 4679 3746 4728 utrum
3779 4674 3878 4734 Im"

2271 4783 2398 4820 sens
2429 4772 2652 4837 tempus
2683 4768 2863 4837 possit
2888 4785 3008 4822 esse
3039 4769 3312 4840 longum;
3350 4769 3541 4822 datum
3575 4763 3709 4817 enim

2271 4855 2480 4910 sentire
2505 4871 2695 4910 moras
2725 4860 2894 4926 atque
2941 4855 3154 4910 metiri.
3189 4855 3342 4919 Quid
3381 4847 3720 4925 respondebis
3747 4832 3879 4931 mill“?
3950 4877 3951 4907 ί

2267 4946 2353 4999 ΑΙ]
2381 4950 2610 4999 centum
2641 4944 2776 4998 anni
2800 4921 3114 5014 praesentes
3139 4945 3385 5016 longum
3417 4921 3630 5012 tempus
3656 4932 3764 4990 est?

2268 5033 2427 5105 prius
2456 5038 2650 5088 utrum
2698 5033 2916 5103 possint
2948 5038 3263 5104 praesentes
3304 5049 3424 5088 esse
3468 5033 3677 5085 centum
3701 5019 3820 5074 anni-
3842 5019 3877 5105 §l

2247 5125 2423 5178 'enim
2454 5123 2675 5194 primus
2702 5139 2904 5177 eorum
2945 5139 3128 5177 annus
3158 5123 3373 5194 agitur,
3410 5122 3527 5192 ipse
3555 5123 3767 5188 praesens
3948 5195 3949 5212 χ

2267 5192 2582 5284 nonaginta
2604 5227 2736 5265 vero
2767 5216 2822 5266 et
2852 5227 3059 5266 novem
3088 5211 3270 5266 futuri
3297 5215 3451 5279 sunt,
3482 5214 3534 5262 et
3556 5205 3673 5260 ideo
3690 5192 3875 5284 nondum?

2266 5307 2433 5357 sunt:
2467 5301 2512 5354 si
2539 5306 2732 5356 autem
2761 5300 3043 5355 secundus
3072 5316 3261 5355 annus
3297 5299 3507 5370 agitur,
3531 5295 3642 5366 jam
3667 5297 3786 5341 unus
3818 5277 3871 5327 θεῖ

2327 5429 2343 5460 ι
2376 5427 2520 5486 Lov.,
2540 5425 2703 5477 tendit
2724 5424 3050 5476 adnonessc.
3075 5401 3869 5487 Abestparticulam!aiisfy‘llfi‘fﬁ1
3946 5463 3947 5472 η

2265 5460 2794 5551 alia;
2803 5460 2915 5537 i535
3600 5460 3865 5551 “negglig;
3946 5463 3947 5519 ἶ

2267 5525 3204 5615 23:5,-az‘aaza;1';;;i‘o?z‘e;g3‘
3235 5525 3361 5598 EGB}
3390 5525 3622 5597 ὸῖτῖἶιόἦιὶ
3640 5543 3684 5588 et
3706 5525 3867 5583 tendunt

2266 5626 2396 5662 esse.
2423 5628 2450 5657 ››
