4058 6174
166 212 272 262 8ίῖ

158 328 512 402 praeteritus,
544 330 686 384 alter
711 347 980 402 prasens,
1014 332 1203 386 caeteri
1253 331 1452 386 futuri.
1484 334 1668 404 Atque
1710 333 1791 387 ita
1820 333 1869 388 si

160 418 491 473 mediorum
520 419 836 489 quemlibet
863 419 1176 473 centenarii
1206 420 1377 491 hujus
1399 421 1625 476 numeri
1655 438 1868 475 annum

158 511 508 578 praesentem
540 506 906 577 posuerimus
934 525 947 575 ;
980 513 1109 562 ante
1158 508 1321 563 illum
1371 510 1651 580 praeteriti
1681 515 1867 575 erunt,

154 601 293 667 post
320 596 485 649 illum
516 595 735 649 futuri:
788 596 1050 666 quocirca
1096 601 1329 651 centum
1376 598 1513 651 anni
1556 605 1869 669 praesentes

155 701 283 739 esse
314 701 426 738 non
456 689 746 754 poterunt.
767 684 904 739 Vide
923 686 1124 739 saltem
1148 690 1338 739 utrum
1361 686 1460 756 qui
1490 686 1677 756 agitur
1698 703 1864 755 unus,

161 774 289 844 ipse
320 772 391 827 sit
420 789 691 843 przesens.
728 775 790 828 Et
810 775 934 845 ejus
963 774 1118 829 enim
1144 774 1191 827 si
1221 774 1443 844 primus
1487 775 1675 846 agitur
1702 792 1859 829 men-

163 863 265 929 sis,
309 862 488 917 futuri
537 866 671 916 sunt
710 863 940 927 caeteri;
984 863 1031 916 si
1068 863 1369 927 secundus,
1398 864 1519 934 jam
1550 868 1605 916 et
1648 863 1868 933 primus

155 950 461 1021 prmteriit,
494 954 549 1004 et
565 950 772 1021 reliqui
804 950 1061 1005 nondum
1084 955 1235 1005 sunt.
1261 952 1402 1022 Ergo
1421 966 1526 1004 nec
1555 967 1740 1005 annus
1766 950 1868 1022 qui

163 1041 536 1111 agitur,totus
566 1045 652 1094 est
679 1056 933 1110 praesens
958 1062 973 1109 ;
1002 1046 1057 1095 et
1087 1041 1133 1095 si
1164 1057 1279 1095 non
1310 1046 1460 1095 totus
1482 1046 1561 1096 est
1594 1058 1865 1111 praesens,

165 1147 283 1183 non
319 1135 403 1183 est
417 1146 600 1183 annus
630 1146 898 1199 praesens.
921 1129 1230 1183 Duodecim
1250 1130 1405 1184 enim
1433 1146 1654 1183 menses
1680 1146 1865 1183 annus

166 1224 274 1285 est,
309 1234 555 1289 quorum
585 1217 824 1287 quilibet
856 1234 1001 1272 unus
1060 1218 1273 1273 mensis
1329 1218 1430 1289 qui
1484 1218 1692 1288 agitur,
1750 1218 1871 1287 ipsc

164 1321 419 1375 praesens
432 1308 517 1358 est
540 1321 551 1369 ;
587 1304 777 1357 caeteri
804 1308 1017 1370 autem,
1039 1303 1315 1373 preeteriti
1333 1308 1432 1357 aut
1456 1304 1653 1371 futuri,
1676 1304 1866 1367 Quan-

166 1409 342 1464 quam
375 1406 561 1462 neque
591 1391 803 1444 mensis
828 1390 927 1460 qui
953 1390 1161 1461 agitur,
1183 1406 1435 1460 praesens
1458 1397 1563 1458 est,
1591 1392 1689 1446 sed
1721 1407 1869 1445 unus

167 1482 329 1536 dies:
362 1480 409 1534 si
432 1479 677 1550 primus,
717 1478 924 1533 futuris
954 1479 1172 1533 caeteris
1202 1495 1214 1545 ;
1253 1478 1300 1531 si
1329 1479 1687 1545 novissimus,
1731 1496 1871 1550 prte-

166 1570 350 1625 teritis
378 1568 597 1623 caeteris
626 1584 639 1635 ;
670 1568 717 1622 si
744 1568 1071 1622 mediorum
1091 1567 1351 1639 quilibet,
1376 1567 1526 1623 inter
1545 1568 1867 1639 praeteritos

166 1665 222 1713 ct
261 1659 505 1712 futuros.

234 1752 324 1803 20.
360 1749 494 1801 Ecce
526 1762 779 1817 praesens
826 1748 1053 1816 tempus
1100 1745 1254 1815 quod
1303 1745 1487 1799 solum
1543 1745 1869 1800 invenieba-

166 1854 292 1891 mus
326 1837 560 1906 longum
589 1834 1019 1905 appellandum,
1049 1834 1140 1887 vix
1169 1834 1243 1888 ad
1278 1836 1449 1887 unius
1479 1833 1592 1888 diei
1621 1834 1870 1903 spatium

164 1929 519 1979 contractum
548 1929 650 1978 est.
704 1923 812 1977 Sed
860 1922 1231 1977 discutiamus
1278 1922 1451 1976 etiam
1491 1922 1703 1992 ipsum,
1740 1923 1875 1993 quia

168 2030 269 2068 nec
300 2028 453 2067 unus
485 2012 604 2067 dies
630 2015 783 2065 totus
822 2017 905 2064 est
938 2026 1207 2081 praesens.
1269 2011 1568 2064 Nocturnis
1617 2010 1770 2064 enim
1819 2014 1875 2063 et

166 2102 389 2157 diurnis
418 2100 575 2156 horis
602 2100 869 2155 omnibus
902 2099 1106 2170 viginti
1138 2104 1382 2170 quatuor
1413 2100 1696 2170 expletur,
1730 2116 1871 2170 qua-

167 2208 298 2245 rum
330 2190 519 2261 prima
544 2194 778 2243 caeteras
809 2188 1029 2243 futuras
1055 2188 1247 2257 habet,
1287 2187 1597 2242 novissima
1636 2193 1872 2258 praeter-

168 2281 312 2348 itas;
349 2278 539 2349 aliqua
571 2293 705 2331 vero
754 2276 1181 2347 interjectarum
1238 2279 1366 2329 ante
1420 2292 1478 2329 se
1533 2275 1872 2345 praeteritas,

170 2374 304 2438 post
335 2384 393 2421 se
426 2367 668 2421 futuras.
694 2367 759 2420 Et
788 2366 911 2435 ipsa
959 2381 1074 2418 una
1120 2365 1260 2418 hora
1303 2363 1553 2434 fugitivis
1583 2364 1874 2433 particulis

171 2457 363 2528 agitur
391 2472 405 2508 :
439 2453 718 2526 quidquid
738 2455 860 2523 ejus
884 2453 1145 2520 avolavit,
1176 2452 1535 2523 praeteritum
1558 2457 1640 2506 est
1666 2469 1678 2518 ;
1714 2452 1874 2523 quid-

167 2544 308 2613 quid
331 2543 453 2613 ejus
475 2547 667 2607 restat,
700 2542 981 2596 futurum.
1015 2541 1233 2611 Silqnid
1266 2540 1614 2611 intelligitur
1646 2545 1868 2611 tempo-

173 2632 273 2698 ris,
303 2632 463 2704 quod
493 2632 554 2685 in
584 2632 770 2685 nullas
786 2631 906 2701 jam
924 2630 1083 2684 velin
1114 2629 1526 2684 minutissimas
1556 2634 1875 2683 momento-

172 2737 301 2774 rum
330 2725 521 2792 partes
552 2719 725 2774 dividi
755 2719 953 2790 possit,
988 2718 1046 2772 id
1077 2718 1261 2772 solum
1312 2722 1397 2771 est
1426 2718 1578 2788 quod
1629 2731 1879 2786 praesens

170 2810 403 2864 dicatur.
436 2808 595 2873 Quod
626 2812 821 2862 tamen
850 2807 929 2861 ita
944 2806 1200 2877 raptima
1221 2807 1413 2859 futuro
1436 2805 1495 2858 in
1519 2803 1876 2875 prmteritum

168 2898 497 2963 transvolat,
534 2902 596 2951 ut
629 2896 787 2950 nulla
809 2896 1032 2949 morula
1049 2894 1408 2949 extendatur.
1450 2894 1590 2946 Nam
1616 2893 1663 2946 si
1692 2897 1880 2946 exten-

170 2990 348 3052 ditur,
391 2984 663 3040 dividitur
692 2985 751 3039 in
783 2984 1137 3054 praeteritum
1166 2988 1220 3037 et
1257 2983 1515 3037 futurum
1558 2998 1571 3035 :
1621 2997 1870 3052 praesens

170 3081 367 3130 autem
398 3075 623 3129 nullum
659 3075 831 3127 habet
871 3072 1137 3143 spatium.
1195 3071 1299 3125 Ubi
1357 3076 1440 3125 est
1470 3087 1604 3140 ergo
1652 3074 1880 3138 tempus

173 3164 331 3237 quod
361 3164 602 3233 longum
633 3162 889 3217 dicamus
909 3164 937 3215 ?
991 3165 1078 3215 An
1125 3160 1385 3214 futurum
1405 3161 1433 3213 ‘P
1490 3160 1613 3213 Non
1645 3157 1878 3229 quidem

175 3254 439 3320 dicimus,
474 3253 737 3323 Longum
769 3255 872 3317 est,
906 3249 1041 3321 quia
1070 3250 1325 3303 nondum
1356 3252 1441 3301 est
1465 3247 1617 3318 quod
1642 3248 1881 3317 longum

177 3344 250 3397 sit
283 3360 299 3408 ;
334 3342 433 3396 sed
464 3340 727 3407 dicimus,
763 3341 1019 3409 Longum
1049 3337 1176 3391 erit.
1219 3336 1455 3401 Quando
1491 3335 1671 3405 igitur
1719 3334 1883 3389 erit?

175 3432 233 3488 Si
258 3431 416 3486 enim
446 3435 504 3485 et
527 3434 663 3483 tunc
682 3445 813 3483 cum
838 3428 1022 3481 adhuc
1051 3426 1309 3480 futurum
1336 3425 1465 3491 erit,
1498 3441 1609 3477 non
1642 3423 1749 3477 erit
1768 3424 1885 3476 Ion-

177 3536 362 3590 gum;
394 3518 532 3591 quia
564 3518 717 3589 quod
746 3517 819 3570 sit
844 3517 1104 3586 longum,
1138 3514 1399 3567 nondum
1431 3512 1538 3567 erit
1569 3531 1584 3565 :
1617 3512 1663 3565 si
1695 3515 1882 3565 autem

179 3616 323 3664 tunc
352 3608 462 3663 erit
488 3609 727 3677 longum
757 3622 887 3660 cum
928 3621 994 3658 ex
1027 3604 1242 3668 futuro,
1298 3602 1452 3672 quod
1486 3601 1740 3655 nondum
1779 3604 1883 3666 est,

178 3714 306 3752 esse
333 3698 453 3767 jam
481 3695 737 3766 coeperit,
789 3698 847 3747 et
890 3708 1142 3764 praisens
1195 3692 1404 3745 factum
1454 3690 1582 3754 erit,
1618 3695 1680 3743 ut
1706 3687 1888 3760 possit

178 3803 307 3841 esse
338 3786 492 3857 quod
523 3785 763 3853 longum
796 3782 900 3849 sit;
927 3782 1046 3851 jam
1081 3778 1469 3850 superioribus
1498 3776 1743 3831 'vocibus
1775 3776 1884 3830 cla-

181 3880 307 3931 mat
336 3890 592 3946 praesens
619 3877 866 3943 tempus,
900 3872 1142 3940 1ongum
1163 3885 1220 3921 se
1251 3884 1370 3922 esse
1399 3884 1514 3921 non
1548 3882 1733 3937 posse.

844 3967 1069 4022 CAPUT
1101 3966 1234 4020 XVI.

422 4059 588 4126 Quale
613 4062 819 4127 tempus
844 4057 1027 4110 metiri
1051 4056 1229 4120 liceat,
1263 4057 1312 4108 et
1345 4055 1503 4121 quate
1532 4067 1656 4105 non.

257 4154 352 4203 2t.
398 4149 462 4202 Et
490 4152 704 4212 tamen,
765 4145 1026 4211 Domine,
1075 4142 1355 4197 sentimus
1399 4140 1699 4195 intervalla
1742 4144 1888 4193 tem-

180 4253 417 4310 porum,
450 4240 506 4290 et
534 4249 933 4304 comparamus
964 4231 1215 4298 sibimet,
1251 4234 1305 4284 et
1337 4227 1577 4283 dicimus
1603 4227 1715 4281 alia
1759 4228 1889 4279 lon-

180 4328 369 4398 giora,
423 4328 478 4378 et
524 4323 635 4377 alia
685 4321 965 4376 breviora.
1021 4320 1288 4374 Metimur
1338 4317 1509 4371 etiam
1569 4319 1784 4386 quanto
1820 4313 1892 4367 sit

184 4414 420 4470 brevius
436 4418 534 4466 aut
546 4410 771 4482 longius
791 4410 931 4464 illud
946 4414 1173 4479 tempus
1194 4422 1363 4478 quam
1382 4404 1518 4460 illud
1541 4421 1554 4471 ;
1589 4410 1644 4458 et
1656 4418 1886 4473 respono

183 4505 398 4559 demus
428 4502 669 4572 duplum
696 4516 813 4553 esse
845 4499 951 4552 hoc
984 4498 1069 4551 vel
1098 4496 1355 4567 triplum,
1386 4494 1527 4548 illud
1560 4499 1751 4547 autem
1767 4491 1894 4545 sim-

181 4594 375 4665 plum,
406 4594 503 4644 aut
531 4593 757 4644 tantum
784 4588 892 4642 hoc
920 4602 1041 4641 esse
1094 4588 1377 4657 quantum
1423 4581 1587 4638 illud.
1613 4580 1723 4635 Sed
1744 4595 1895 4649 prae-

178 4679 474 4737 tereuntia
502 4678 777 4732 metimur
798 4682 1058 4746 tempora
1088 4690 1217 4729 cum
1246 4672 1545 4727 sentiendo
1578 4669 1851 4724 metimur
1881 4684 1893 4734 ;

180 4768 486 4843 praeterita
512 4783 645 4822 vero
673 4783 801 4837 quae
818 4766 940 4835 jam
966 4780 1084 4818 non
1106 4768 1256 4828 sunt,
1283 4766 1381 4815 aut
1408 4761 1599 4815 futura
1621 4775 1750 4830 quae
1766 4773 1902 4811 non-

183 4860 334 4913 dum
366 4860 522 4921 sunt,
554 4855 684 4927 quis
716 4854 902 4908 metiri
934 4856 1137 4924 potest,
1177 4850 1286 4904 nisi
1316 4850 1459 4903 forte
1504 4848 1737 4902 audebit
1773 4845 1900 4917 quis

184 4946 385 5002 dicere
420 4943 607 4997 metiri
638 4959 805 5014 posse
828 4942 980 5013 quod
1013 4956 1127 4994 non
1147 4940 1275 4992 est?
1306 4938 1447 4991 Cum
1479 4953 1613 5007 ergo
1648 4933 1903 5006 praeterit

184 5042 446 5104 tempus,
480 5032 678 5086 sentiri
708 5035 763 5084 et
802 5029 990 5084 metiri
1021 5033 1245 5100 potest;
1276 5042 1407 5079 cum
1440 5030 1632 5079 autem
1664 5027 1901 5094 praster-

184 5123 348 5188 ierit,
377 5120 651 5193 quoniam
683 5136 817 5187 non,
851 5124 935 5173 est
956 5135 1072 5171 non
1102 5119 1307 5187 potest.

840 5208 1064 5262 CAPUT
1102 5204 1264 5261 XVII.

512 5297 615 5352 Ubi
646 5301 852 5366 tempus
874 5296 1211 5364 praeteritum
1242 5295 1292 5345 et
1320 5292 1587 5356 futurum.

264 5392 362 5441 22.
393 5387 618 5452 Quaero,
649 5387 829 5451 Pater,
848 5400 965 5437 non
986 5382 1209 5435 afﬁrmo
1237 5397 1248 5434 :
1284 5381 1430 5433 Deus
1452 5393 1639 5441 meus,
1663 5373 1903 5447 praeside

189 5476 346 5532 mihi
379 5480 437 5529 et
456 5490 592 5545 rege
618 5489 728 5530 me.
762 5472 1036 5538 Quisnam
1066 5475 1150 5524 est
1180 5468 1278 5540 qui
1309 5467 1457 5523 dicat
1482 5464 1622 5521 mihi
1648 5480 1764 5519 non
1784 5480 1903 5519 esse

1584 211 1794 267 LIBER
1836 212 2266 269 UNDECIMUS.

3577 218 3680 271 818

1980 334 2090 388 tria
2118 338 2399 403 tempora,
2435 337 2578 391 sicut
2609 337 2773 409 pueri
2813 337 3136 399 didicimus,
3196 352 3519 408 puerosque
3576 337 3679 392 do-

1979 422 2218 483 cuimus,
2242 426 2620 494 praeteritum,
2652 443 2904 497 praesens
2927 432 2983 480 et
3011 427 3275 480 futurum
3301 442 3313 491 ;
3337 425 3432 479 sed
3456 429 3680 480 tantum

1978 526 2247 579 praesens,
2281 513 2555 583 quoniam
2588 514 2684 567 illa
2714 516 2825 569 duo
2854 532 2970 568 non
2987 519 3120 567 sunt
3140 513 3166 565 ?
3186 515 3273 567 An
3301 518 3356 567 ct
3381 513 3504 584 ipsa
3524 518 3676 581 sunt,

1980 599 2078 652 sed
2122 615 2188 653 ex
2240 600 2433 672 aliquo
2490 602 2748 672 procedit
2800 604 3041 668 occulto,
3073 618 3202 656 cum
3253 618 3321 655 ex
3372 602 3565 655 futuro
3617 602 3681 656 iit

1979 704 2273 757 praesens;
2320 694 2375 743 et
2410 690 2471 743 in
2528 691 2763 760 aliquod
2820 691 3031 743 recedit
3094 691 3400 760 occultum,
3430 707 3561 744 cum
3612 707 3680 744 ex

1978 778 2249 845 prmsenti
2278 778 2341 832 ﬁt
2372 779 2723 848 przeteritum
2744 779 2770 831 ‘?
2801 780 2941 833 Nam
2968 779 3064 833 ubi
3090 796 3157 833 ea
3175 779 3440 833 viderunt
3460 779 3560 849 qui
3591 779 3677 832 fu-

1978 870 2107 919 tura
2132 862 2475 933 cecinerunt,
2512 868 2556 921 si
2580 868 2835 922 nondum
2868 870 3045 921 sunt?
3075 870 3267 937 Neque
3300 866 3453 920 enim
3482 872 3673 937 potest

1979 954 2155 1007 videri
2176 954 2231 1009 id
2263 956 2415 1026 quod
2447 973 2561 1010 non
2592 962 2695 1011 est.
2730 958 2795 1011 Et
2824 957 2923 1027 qui
2955 961 3192 1009 narrant
3221 955 3532 1025 praaterita,
3565 972 3677 1008 non

1978 1042 2175 1113 utique
2206 1060 2337 1097 vera
2367 1050 2689 1115 narrarent,
2735 1045 2781 1098 si
2825 1045 3015 1099 animo
3067 1044 3163 1098 illa
3194 1060 3306 1097 non
3339 1047 3636 1096 cernerent
3666 1060 3678 1096 :

1980 1147 2108 1200 quin
2140 1132 2187 1184 si
2220 1133 2378 1185 nulla
2408 1138 2616 1197 essent,
2652 1132 2805 1186 cerni
2838 1132 3074 1185 omnino
3108 1148 3225 1185 non
3256 1134 3505 1202 possent.
3542 1130 3685 1184 Sunt

1981 1235 2117 1290 ergo
2150 1223 2205 1272 et
2224 1220 2416 1275 futura
2446 1225 2499 1274 et
2525 1221 2837 1291 praeterita.

2607 1311 2830 1364 CAPUT
2866 1309 3054 1362 XVIII.

2016 1398 2287 1462 Quomodo
2313 1401 2591 1466 praeterita
2626 1403 2676 1451 et
2707 1400 2903 1464 futura
2936 1402 3178 1465 tempora
3203 1399 3313 1449 sint
3328 1398 3641 1464 praesentia.

2050 1490 2139 1541 23.
2164 1486 2294 1540 Sine
2326 1502 2438 1548 me,
2470 1486 2727 1551 Domine,
2757 1485 3000 1556 amplius
3031 1499 3288 1555 quaerere
3316 1500 3328 1548 ;
3365 1499 3492 1552 spes
3526 1498 3675 1548 mea,

1984 1590 2095 1628 non
2126 1576 2494 1629 conturbetur
2514 1574 2759 1629 intentio
2789 1590 2933 1628 mea.
2966 1573 3023 1627 Si
3058 1573 3212 1626 enim
3243 1570 3599 1641 suntlfutura
3628 1575 3685 1624 et

1982 1665 2289 1733 praeterita,
2324 1666 2448 1718 volo
2468 1665 2611 1719 scire
2642 1665 2740 1718 ubi
2768 1664 2905 1719 sint.
2938 1663 3101 1727 Quod
3133 1663 3177 1715 si
3211 1662 3471 1715 nondum
3501 1660 3683 1725 valeo,

1984 1754 2097 1805 scio
2139 1757 2331 1806 tamen
2360 1752 2702 1822 ubicumque
2758 1755 2911 1816 sunt,
2944 1767 3057 1804 non
3089 1750 3168 1803 ibi
3202 1766 3269 1802 ea
3318 1749 3513 1802 futura
3541 1764 3682 1816 esse,

1984 1846 2081 1893 aut
2112 1841 2421 1910 praeterita,
2456 1841 2553 1893 sed
2604 1839 2928 1910 przesentia.
2986 1840 3129 1892 Nam
3180 1837 3225 1890 si
3276 1841 3332 1890 et
3380 1835 3460 1890 ibi
3497 1835 3685 1889 futura

1984 1932 2137 1993 sunt,
2170 1929 2427 1982 nondum
2452 1928 2531 1981 ibi
2562 1932 2693 1981 sunt
2720 1948 2733 1992 ;
2767 1928 2813 1980 si
2848 1934 2904 1981 et
2932 1926 3013 1979 ibi
3044 1924 3335 1996 prwterita
3380 1928 3531 1991 sunt,
3565 1924 3684 1993 jam

1986 2031 2101 2068 non
2124 2014 2203 2068 ibi
2234 2020 2383 2068 sunt.
2423 2015 2772 2085 Ubicumque
2806 2030 2941 2083 ergo
2974 2018 3106 2066 sunt
3123 2026 3502 2083 quaecumque
3533 2014 3683 2075 sunt,

1984 2119 2104 2157 non
2148 2109 2283 2157 sunt
2320 2103 2430 2157 nisi
2472 2103 2796 2173 praesentia.
2848 2104 3189 2172 Quanquam
3225 2098 3517 2170 praeterita
3557 2114 3688 2152 cum

1982 2207 2115 2246 vera
2136 2196 2459 2259 narrantur,
2487 2208 2552 2245 ex
2582 2190 2857 2245 memoria
2888 2189 3262 2259 proferuntur
3290 2204 3408 2241 non
3438 2203 3528 2241 res
3550 2186 3689 2257 ipsae
3772 2246 3779 2251 ,

1984 2295 2113 2350 quae
2143 2280 2563 2350 praeterierunt,
2597 2280 2693 2333 sed
2723 2279 2894 2333 verba
2923 2282 3195 2347 concepta
3239 2292 3304 2330 ex
3337 2274 3688 2345 imaginibus

1986 2384 2203 2435 earum,
2239 2385 2367 2439 quae
2399 2368 2459 2421 in
2498 2368 2690 2421 animo
2734 2368 2887 2421 velut
2915 2366 3152 2435 vestigia
3180 2381 3283 2435 per
3311 2380 3509 2419 sensus
3546 2380 3690 2433 prae-

1986 2458 2264 2511 tereundo
2294 2458 2562 2511 ﬁxerunt.
2600 2454 2851 2511 Pueritia
2878 2456 3088 2527 quippe
3113 2470 3239 2507 mea
3271 2468 3399 2524 qua:
3423 2452 3541 2523 jam
3570 2467 3690 2505 non

1988 2550 2094 2614 est,
2124 2546 2185 2600 in
2210 2551 2469 2616 tempore
2499 2544 2794 2616 praeterito
2819 2550 2904 2598 est
2923 2543 3073 2614 quod
3095 2544 3217 2613 jam
3244 2558 3358 2595 non
3390 2545 3502 2607 est;
3544 2540 3688 2593 ima-

1988 2636 2183 2705 ginem
2214 2632 2348 2689 vero
2380 2635 2503 2705 ejus
2525 2650 2653 2687 cum
2678 2649 2803 2686 eam
2834 2633 3021 2685 recolo
3049 2636 3103 2685 et
3127 2630 3390 2695 narro,in
3421 2628 3689 2698 praesenti

1988 2728 2249 2793 tempore
2278 2724 2522 2787 intueor,
2570 2721 2705 2792 quia
2753 2725 2837 2773 est
2882 2720 3067 2774 adhuc
3111 2718 3173 2771 in
3215 2717 3493 2771 memoria
3541 2732 3689 2770 mea.

1995 2813 2195 2865 Utrum
2226 2809 2427 2864 similis
2458 2810 2531 2863 sit
2568 2825 2735 2863 causa
2784 2807 2955 2861 etiam
3004 2805 3501 2877 praedicendorum
3530 2804 3690 2857 futu-

1989 2917 2208 2963 rorum,
2244 2904 2304 2953 ut
2328 2915 2522 2953 rerum
2566 2914 2695 2969 quae
2745 2896 3003 2951 nondum
3048 2898 3201 2958 sunt,
3232 2894 3351 2964 jam
3385 2893 3691 2946 existentes

1989 2988 2432 3060 praesentiantur
2485 2986 2764 3057 imagines
2820 2987 2874 3045 ¹;
2936 2985 3233 3049 conﬁteor,
3297 2983 3448 3035 Deus
3506 2996 3690 3044 meus,

1990 3074 2201 3130 nescio.
2239 3072 2383 3128 Illud
2414 3088 2550 3127 sane
2580 3072 2716 3140 scio,
2764 3088 2867 3125 nos
2910 3070 3251 3141 plerumque
3297 3065 3690 3138 praemeditari

1990 3166 2211 3220 futuras
2249 3163 2497 3217 actiones
2538 3166 2780 3228 nostras,
2836 3174 3078 3229 eamque
3130 3155 3688 3227 praemeditationem

1993 3270 2112 3307 esse
2143 3256 2510 3323 praesentem,
2542 3250 2823 3304 actionem
2866 3251 3059 3301 autem
3110 3261 3283 3317 quam
3332 3242 3693 3314 prmmedita-

1993 3357 2124 3395 mur
2169 3339 2429 3394 nondum
2477 3354 2617 3404 esse,
2668 3336 2802 3407 quia
2848 3336 3040 3390 futura
3087 3339 3208 3399 est;
3238 3348 3409 3403 quam
3439 3347 3569 3385 cum
3594 3346 3693 3400 ag-

1996 3428 2176 3499 gressi
2205 3426 2502 3492 fuerimus,
2536 3430 2590 3479 et
2619 3425 2773 3496 quod
2812 3421 3355 3495 praemeditabamur
3392 3435 3559 3489 agere
3591 3434 3694 3472 cce-

1996 3517 2271 3589 perimus,
2306 3520 2442 3569 tunc
2473 3514 2583 3568 erit
2627 3514 2723 3567 illa
2772 3513 2937 3579 actio,
2988 3510 3123 3581 quia
3167 3514 3303 3564 tunc
3344 3523 3460 3561 non
3482 3506 3693 3572 futura,

1997 3605 2096 3659 sed
2127 3620 2376 3675 praesens
2407 3608 2490 3657 est
2508 3601 2552 3657 ’.

2067 3694 2158 3746 24.
2191 3693 2432 3760 Quoquo
2463 3689 2631 3743 modo
2662 3705 2720 3743 se
2750 3688 2941 3758 itaque
2972 3687 3179 3741 habeat
3206 3700 3413 3739 arcana
3438 3698 3695 3754 praesen-

1999 3781 2081 3836 sio
2102 3781 2446 3840 futurorum,
2478 3776 2656 3832 videri
2686 3776 2795 3830 nisi
2821 3776 2975 3847 quod
3029 3779 3111 3829 est
3142 3790 3254 3828 non
3301 3775 3504 3843 potest.
3540 3768 3696 3834 Quod

1999 3874 2191 3924 autem
2212 3869 2337 3939 jam
2367 3872 2470 3935 est,
2510 3883 2626 3920 non
2667 3865 2925 3920 futurum
2966 3864 3063 3917 sed
3110 3877 3364 3932 praesens
3397 3864 3506 3913 est.
3556 3859 3697 3912 Cum

2004 3975 2141 4029 ergo
2172 3956 2352 4011 videri
2397 3956 2664 4010 dicuntur
2701 3955 2913 4017 futura,
2960 3969 3075 4006 non
3125 3951 3247 4021 ipsa
3273 3967 3400 4021 quae
3444 3947 3699 4001 nondum

2002 4052 2154 4114 sunt,
2187 4047 2243 4101 id
2276 4049 2359 4100 est
2389 4062 2517 4116 quae
2546 4044 2739 4098 futura
2790 4046 2940 4109 sunt,
2979 4041 3076 4095 sed
3130 4056 3326 4094 eorum
3379 4053 3579 4097 causae,
3612 4034 3699 4087 vel

2000 4137 2162 4207 signa
2192 4134 2426 4189 forsitan
2475 4132 2757 4197 videntur,
2805 4148 2932 4201 quae
2956 4131 3079 4201 jam
3110 4133 3277 4193 sunt;
3309 4127 3436 4181 ideo
3468 4140 3583 4179 non
3613 4124 3701 4176 fu-

2000 4229 2149 4300 tura,
2178 4224 2272 4277 sed
2305 4221 2611 4293 praesentia
2650 4223 2783 4273 sunt
2819 4219 2940 4288 jam
2988 4216 3332 4277 videntibus,
3380 4230 3443 4267 ex
3494 4210 3700 4281 quibus

2002 4313 2195 4367 futura
2229 4309 2610 4379 prmdicantur
2640 4307 2834 4361 animo
2866 4310 3155 4375 concepta.
3193 4304 3327 4367 Quae
3361 4316 3558 4354 rursus
3575 4314 3702 4351 con-

2003 4399 2292 4471 captiones
2313 4399 2433 4468 jam
2464 4400 2617 4461 sunt,
2652 4399 2706 4449 et
2731 4412 2825 4449 eas
2854 4397 3160 4466 praesentes
3191 4390 3341 4461 apud
3383 4405 3439 4441 se
3473 4387 3700 4439 intuen-

2005 4493 2099 4543 tur
2131 4487 2231 4558 qui
2266 4486 2363 4540 illa
2391 4484 2730 4556 praedicunt.
2760 4485 3048 4555 Loquatur
3070 4479 3213 4535 mihi
3245 4476 3473 4548 aliquod
3514 4490 3702 4528 exem-

2006 4578 2168 4648 plum
2217 4580 2374 4629 tanta
2432 4590 2627 4627 rerum
2677 4570 3077 4626 numerositas.
3137 4569 3369 4621 Intueor
3417 4580 3701 4629 auroram,

2009 4665 2295 4719 oriturum
2346 4662 2524 4716 solem
2568 4659 2893 4732 praenuntio
2927 4674 2939 4712 :
2974 4656 3127 4727 quod
3167 4655 3411 4719 intueor,
3454 4666 3705 4722 praesens

2009 4758 2129 4817 est;
2164 4751 2317 4822 quod
2356 4749 2709 4821 praenuntio,
2742 4749 2999 4801 futurum
3026 4762 3041 4797 :
3074 4760 3191 4797 non
3232 4742 3313 4796 sol
3344 4741 3569 4794 futurus
3609 4738 3708 4809 qui

2003 4842 2125 4912 jam
2156 4845 2258 4905 est,
2296 4840 2390 4894 sed
2419 4843 2576 4892 ortus
2610 4838 2731 4905 ejus
2753 4832 3127 4905 quinondum
3159 4835 3244 4885 est
3272 4847 3284 4884 :
3316 4833 3507 4883 tamen
3538 4827 3710 4881 etiam

2015 4934 2205 4983 ortum
2229 4928 2419 4998 ipsum
2452 4925 2563 4979 nisi
2588 4924 2779 4978 animo
2809 4921 3175 4991 imaginarer,
3211 4919 3355 4972 sicut
3380 4917 3549 4971 modo
3581 4932 3709 4968 cum

2013 5018 2068 5072 id
2102 5019 2330 5087 loquor,
2360 5031 2477 5069 non
2512 5029 2643 5067 eum
2691 5027 2919 5082 possem
2959 5008 3288 5079 praedicere.
3332 5006 3439 5062 Sed
3480 5021 3586 5057 nec
3618 5004 3715 5056 illa

2012 5123 2219 5160 aurora
2249 5121 2422 5175 quam
2449 5103 2507 5156 in
2537 5103 2678 5155 coelo
2719 5099 2905 5168 video,
2948 5098 3084 5153 solis
3131 5103 3290 5152 ortus
3320 5099 3424 5161 est,
3457 5090 3715 5163 quamvis

2014 5211 2145 5249 eum
2176 5192 2490 5265 praecedat;
2534 5207 2638 5243 nec
2690 5189 2789 5243 illa
2823 5188 3156 5257 imaginatio
3189 5186 3248 5239 in
3296 5182 3487 5238 animo
3538 5194 3664 5232 meo
3701 5194 3712 5230 :

2077 5286 2089 5318 ι
2115 5282 2243 5330 Edd.
2267 5280 2517 5344 plerique,
2540 5279 2917 5344 praesegteptgtr
2939 5279 3200 5344 imagines
3224 5289 3235 5331 ;
3258 5275 3310 5321 et
3330 5268 3487 5344 peplo
3514 5266 3716 5344 postsuet

2008 5328 2663 5452 ρνωῖἐιῖιὲἃίηιίινὸτίυηι.
2705 5339 2991 5388 Reddimus
3030 5328 3346 5386 lectionem.’
3375 5328 3715 5390 Mss.’quibus

2018 5406 2301 5452 nosteriore
2345 5418 2439 5452 oco
2457 5402 2775 5452 sutl‘ranatur
2804 5400 3086 5449 Arnaldus.

2018 5400 2439 5471 posterioreloco
2457 5402 2782 5471 sgtl‘ragatur
2804 5400 3086 5471 Arualdus.

2080 5472 2102 5505 3
2130 5467 2272 5527 Erit,
2296 5466 2448 5532 juxta
2482 5466 2566 5514 Er.
2604 5466 2729 5515 Ven.
2766 5463 2931 5527 Lugd.
2961 5462 3029 5511 M.
