4058 6174
416 159 520 210 819

419 291 548 348 quas
574 276 687 332 duo
719 275 1030 347 praesentia
1054 278 1388 339 cernuntur,
1422 277 1486 327 ut
1510 273 1738 327 futurus
1768 272 1864 326 ille
1893 275 2023 326 ante
2045 269 2124 325 di-

420 368 602 419 catur.
631 365 842 419 Futura
868 380 1003 436 ergo
1032 362 1294 418 nondum
1324 366 1487 427 sunt;
1513 365 1568 415 et
1595 361 1644 415 si
1673 360 1931 414 nondum
1967 362 2118 426 sunt,

423 469 538 508 non
568 456 699 507 sunt
725 468 738 507 :
772 452 905 507 etsi
934 468 1051 506 non
1081 454 1231 518 sunt,
1264 449 1443 504 videri
1463 448 1698 503 omnino
1724 464 1837 503 non
1864 452 2125 520 possunt;

427 543 525 596 sed
554 541 789 613 praedici
816 545 1054 613 possunt
1079 557 1141 594 ex
1169 538 1570 610 praesentibus,
1597 555 1725 610 quae
1752 539 1871 610 jam
1901 529 2128 605 sunt,et

429 631 712 686 videntur.

1075 716 1300 770 CAPUT
1344 717 1470 771 XIX.

639 809 759 863 Non
784 809 930 876 capit
957 805 1194 870 modum,
1228 821 1332 873 quo
1361 807 1498 858 Deus
1531 805 1678 858 docet
1697 805 1893 870 futura

499 901 586 952 25.
633 897 714 950 Tu
759 895 976 965 itaque,
1030 899 1304 964 regnator
1354 897 1628 947 creaturae
1678 897 1811 959 tum,
1874 895 1959 944 est
2013 905 2131 943 mo-

428 987 533 1041 dus
563 1001 677 1056 quo
700 985 866 1040 doces
893 984 1111 1038 animas
1142 1000 1208 1037 ea
1237 999 1366 1055 quae
1419 983 1613 1037 futura
1657 984 1833 1036 sunt?
1881 979 2128 1035 docuisti

429 1075 583 1130 enim
611 1075 920 1145 prophetas
947 1078 1096 1126 tuos.
1117 1071 1390 1136 Quisnam
1407 1071 1504 1126 ille
1521 1071 1727 1126 modus
1740 1073 1824 1124 est
1838 1085 1952 1140 quo
1965 1069 2132 1122 doces

431 1165 644 1226 futura,
677 1162 769 1215 cui
799 1163 1057 1216 futurum
1087 1161 1402 1232 quidquam
1433 1176 1547 1213 non
1576 1164 1659 1214 est
1684 1176 1698 1226 ;
1727 1159 1812 1213 vel
1847 1158 2036 1229 potius
2064 1157 2133 1210 de

433 1251 639 1307 futuris
661 1252 828 1305 doces
858 1249 1160 1320 praesentia
1185 1287 1197 1298 .
1242 1250 1384 1303 Nam
1416 1249 1566 1319 quod
1601 1264 1716 1302 non
1746 1252 1850 1314 est,
1893 1263 1996 1300 nec
2026 1246 2133 1299 do-

433 1339 550 1394 ceri
577 1339 779 1409 utique
808 1342 1012 1408 potest.
1053 1336 1232 1390 Nimis
1262 1337 1430 1407 longe
1452 1342 1538 1390 est
1564 1336 1769 1391 modus
1797 1336 1901 1389 iste
1926 1335 1997 1389 ab
2019 1333 2136 1388 acie

434 1443 593 1493 mea;
617 1425 855 1480 invaluit
871 1443 935 1480 ex
951 1442 1042 1480 me
1059 1466 1073 1491 ,
1103 1442 1216 1480 non
1232 1430 1431 1495 potero
1447 1425 1518 1479 ad
1534 1425 1698 1478 illnm
1722 1425 1881 1493 (Psal.
1905 1438 2131 1489 xxxvm,

436 1519 488 1589 6)
515 1532 528 1580 ;
563 1519 759 1586 potero
787 1519 980 1568 autem
1011 1530 1076 1567 ex
1105 1518 1179 1576 te,
1212 1530 1342 1568 cum
1373 1512 1598 1568 dederis
1627 1517 1712 1580 tu,
1745 1512 1910 1566 dulce
1939 1511 2137 1566 lumen

438 1603 788 1658 occultorum
818 1604 1115 1658 oculorum
1143 1617 1428 1656 meorum.

1105 1709 1329 1762 CAPUT
1366 1708 1470 1761 ΧΧ.

628 1798 961 1865 Πίπθνοηιίω
988 1798 1242 1865 temporis
1283 1795 1541 1864 quomodo
1569 1793 1934 1848 nominandae.

506 1890 596 1941 26.
623 1886 794 1949 Quod
823 1889 1016 1939 autem
1058 1900 1208 1937 nunc
1238 1883 1419 1954 liquet
1463 1888 1522 1937 et
1567 1883 1761 1949 claret,
1811 1898 1916 1936 nec
1948 1882 2142 1936 futura

440 1979 592 2045 sunt,
624 1989 732 2028 nec
766 1973 1078 2045 praeterita.
1137 1974 1250 2027 Nec
1290 1971 1522 2043 proprie
1578 1971 1806 2038 dicitur,
1855 1973 2138 2041 Tempora

439 2067 574 2118 sunt
602 2061 747 2128 tria;
778 2060 1156 2132 praeteritum,
1187 2076 1440 2130 praesens
1467 2063 1523 2113 et
1545 2060 1841 2114 futurum:
1895 2059 1991 2113 sed
2034 2059 2142 2112 for-

441 2157 589 2206 tasse
620 2150 849 2221 proprie
879 2149 1186 2212 diceretur,
1225 2150 1506 2218 Tempora
1533 2152 1666 2201 sunt
1712 2147 1858 2214 tria;
1890 2162 2142 2218 praesens

441 2241 510 2296 de
542 2239 864 2310 praeteritis,
915 2253 1167 2309 praesens
1225 2238 1294 2292 de
1341 2236 1743 2307 praesentibus,
1791 2251 2045 2306 praesens
2073 2234 2144 2288 de

438 2327 662 2382 futuris.
695 2327 837 2381 Sunt
858 2326 1012 2380 enim
1042 2326 1164 2379 haec
1183 2325 1241 2378 in
1267 2325 1455 2380 anima
1478 2325 1586 2378 tria
1619 2324 1904 2395 quaedam,
1927 2327 1984 2377 et
2004 2321 2142 2377 alibi

443 2433 510 2472 ea
541 2432 659 2471 non
687 2415 882 2480 video;
915 2430 1164 2484 praesens
1195 2414 1264 2468 de
1293 2413 1600 2484 praeteritis
1650 2412 1948 2478 memoria,
1989 2428 2140 2482 prae-

443 2522 571 2560 sens
603 2505 672 2560 de
700 2503 1080 2576 praesentibus
1109 2502 1416 2565 contuitus,
1448 2517 1697 2573 praesens
1717 2501 1787 2555 de
1817 2499 2024 2555 futuris
2053 2516 2146 2554 ex-

446 2593 736 2664 spectatio.
780 2593 836 2647 Si
884 2593 1006 2646 hzec
1065 2590 1456 2661 permittimur
1502 2589 1688 2644 dicere
1729 2589 1840 2644 tria
1886 2593 2147 2658 tempora

445 2683 627 2750 video,
655 2682 967 2751 fateorque,
1003 2681 1114 2734 tria
1161 2683 1312 2734 sunt.
1357 2679 1589 2733 Dicatur
1637 2677 1826 2745 etiam,
1867 2678 2147 2746 Tempora

445 2776 579 2827 sunt
607 2771 736 2838 tria,
769 2769 1148 2842 praeteritum,
1175 2783 1428 2839 praesens
1450 2772 1508 2822 et
1535 2767 1795 2822 futurum
1818 2782 1831 2832 ;
1865 2764 2010 2819 sicut
2039 2763 2146 2818 ab-

449 2861 629 2916 utitur
644 2860 1017 2928 consuetudo,
1041 2859 1263 2913 dicatur
1285 2873 1297 2911 :
1324 2873 1445 2910 esse
1468 2872 1582 2910 non
1603 2871 1761 2921 curo,
1795 2871 1900 2908 nec
1920 2853 2143 2919 resisto,

445 2965 550 3004 nec
576 2947 931 3019 reprehendo
953 2963 966 3013 ;
991 2947 1131 3001 dum
1147 2950 1340 2999 tamen
1361 2944 1714 3015 intelligatur
1731 2943 1886 3014 quod
1911 2941 2140 3007 dicitur,

447 3051 635 3105 neque
665 3035 720 3089 id
751 3035 904 3104 quod
927 3036 1184 3088 futurum
1209 3038 1313 3098 est,
1351 3049 1472 3087 esse
1496 3033 1638 3101 jam,
1684 3047 1870 3101 neque
1908 3030 1963 3084 id
1995 3029 2148 3100 quod

448 3123 801 3195 praeteritum
854 3126 955 3176 est.
991 3124 1176 3176 Pauca
1201 3125 1332 3174 sunt
1363 3121 1521 3174 enim
1544 3135 1673 3190 quae
1703 3118 1937 3189 proprie
1969 3115 2149 3189 loqui-

447 3227 598 3278 mur,
630 3211 798 3282 plura
821 3225 936 3264 non
961 3209 1232 3282 proprie;
1262 3209 1360 3263 sed
1382 3207 1708 3279 agnoscitur
1724 3207 1863 3278 quid
1883 3206 2144 3262 velimus.

1105 3317 1330 3371 CAPUT
1359 3317 1491 3370 XXI.

830 3413 1098 3481 Quomodo
1136 3417 1343 3484 tempus
1381 3413 1538 3467 liceat
1566 3412 1766 3466 metiri.

518 3527 604 3578 27.
635 3522 762 3577 Dixi
788 3537 923 3594 ergo
952 3521 1124 3593 paulo
1174 3525 1325 3590 ante,
1355 3519 1511 3592 quod
1551 3517 1959 3590 prmtereuntia
1998 3521 2151 3572 tem-

449 3628 590 3685 pora
634 3610 930 3680 metimur,
961 3614 1025 3664 ut
1054 3609 1340 3682 possimus
1371 3608 1560 3664 dicere
1591 3607 1835 3678 duplum
1876 3622 1997 3660 esse
2043 3605 2152 3660 hoc

449 3700 726 3771 temporis
755 3700 827 3753 ad
860 3699 1001 3752 illud
1036 3699 1330 3770 simplum,
1363 3703 1464 3752 aut
1480 3702 1703 3752 tantum
1732 3697 1840 3751 hoc
1870 3700 2150 3766 quantum

447 3789 611 3855 illud,
643 3793 700 3842 et
728 3788 775 3840 si
805 3788 943 3858 quid
994 3788 1147 3842 aliud
1181 3788 1251 3841 de
1290 3787 1548 3858 partibus
1581 3791 1913 3857 temporum
1946 3801 2150 3855 possu-

452 3892 580 3930 mus
635 3875 964 3928 renuntiare
1019 3875 1327 3928 metiendo.
1396 3873 1688 3936 Quocirca,
1749 3878 1814 3927 ut
1871 3873 2151 3940 dicebam,

447 3962 855 4034 praetereuntia
875 3963 1144 4016 metimur
1164 3967 1444 4028 tempora.
1473 3963 1536 4016 Et
1567 3961 1612 4014 si
1635 3959 1764 4032 quis
1793 3959 1936 4014 mihi
1980 3961 2150 4026 dicat,

456 4053 610 4108 Unde
639 4049 792 4106 scis?
820 4051 1216 4122 respondeam,
1250 4049 1374 4104 Scio
1401 4049 1536 4122 quia
1566 4048 1856 4116 metimur,
1889 4064 1993 4102 nec
2024 4065 2151 4103 me-

455 4142 551 4197 tiri
583 4157 713 4215 que:
756 4157 872 4195 non
917 4144 1050 4195 sunt
1094 4155 1418 4210 possumus,
1473 4145 1528 4193 et
1556 4155 1671 4192 non
1703 4143 1837 4192 sunt
1865 4137 2155 4209 prmterita

454 4232 538 4286 vel
569 4231 782 4286 futura.
811 4231 1067 4284 Praesens
1094 4244 1226 4282 vero
1258 4231 1481 4299 tempus
1519 4227 1810 4298 quomodo
1857 4227 2151 4292 metimur,

457 4321 687 4393 quando
734 4336 848 4373 non
901 4319 1073 4372 habet
1101 4317 1347 4388 spatium
1368 4320 1397 4372 ‘?
1425 4317 1652 4373 Metitur
1679 4333 1815 4388 ergo
1845 4333 1975 4370 cum
2001 4332 2154 4388 prm-

458 4409 614 4476 terit,
635 4423 764 4462 cum
787 4410 979 4460 autem
999 4404 1364 4476 praeterierit,
1379 4421 1496 4459 non
1519 4405 1751 4459 metitur
1767 4407 1784 4442 ¹
1805 4425 1820 4473 ;
1840 4405 1978 4476 quid
1999 4404 2152 4460 enim

457 4497 752 4556 metiatur,
785 4511 906 4550 non
931 4494 1057 4550 erit.
1091 4493 1201 4550 Sed
1231 4494 1383 4548 unde
1414 4499 1470 4548 et
1498 4511 1610 4564 qua
1637 4498 1692 4547 et
1720 4509 1833 4564 quo
1875 4493 2151 4564 praeterit,

461 4600 588 4638 cum
619 4584 901 4638 metitur?
960 4584 1139 4648 Unde,
1169 4582 1279 4637 nisi
1319 4599 1386 4636 ex
1429 4583 1671 4636 futuro?
1714 4598 1848 4653 qua,
1897 4581 2009 4636 nisi
2053 4599 2156 4654 per

457 4674 754 4745 praesens?
782 4689 917 4744 quo,
949 4671 1059 4726 nisi
1075 4673 1135 4726 in
1164 4670 1525 4742 prmteritum
1544 4672 1572 4724 ?
1604 4671 1675 4724 Ex
1705 4670 1804 4724 illo
1837 4687 1971 4742 ergo
2000 4672 2155 4743 quod

456 4761 716 4817 nondum
742 4766 844 4828 est,
876 4777 978 4830 per
1006 4761 1148 4816 illud
1167 4760 1320 4833 quod
1341 4759 1523 4830 spatio
1553 4763 1725 4825 caret,
1751 4758 1810 4812 in
1841 4758 1983 4813 illud
2005 4760 2156 4830 quod

449 4852 570 4923 jam
595 4865 714 4904 non
744 4853 845 4904 est.
878 4849 1024 4913 Quid
1051 4856 1242 4904 autem
1265 4849 1559 4915 metimur,
1592 4847 1703 4902 nisi
1721 4853 1947 4918 tempus
1968 4847 2030 4902 in
2050 4849 2154 4903 ali-

455 4956 568 5012 quo
599 4938 780 5009 spatio
802 4936 829 4990 ‘2
859 4939 1054 5008 Neque
1082 4938 1235 4992 enim
1263 4937 1506 4992 dicimus
1532 4937 1758 5007 simpla,
1792 4940 1848 4990 et
1871 4936 2063 5007 dupla,
2099 4941 2156 4992 et

456 5028 650 5099 tripla,
679 5032 736 5081 et
764 5027 1029 5098 aequalia,
1058 5031 1114 5080 et
1142 5027 1188 5080 si
1207 5027 1347 5097 quid
1377 5027 1488 5082 hoc
1505 5026 1677 5080 modo
1707 5025 1763 5079 in
1792 5030 2049 5095 tempore
2069 5025 2153 5080 di-

455 5117 659 5183 cimus,
687 5114 800 5170 nisi
831 5114 1014 5187 spatia
1041 5119 1388 5186 temporum.
1441 5116 1506 5169 In
1529 5131 1641 5185 quo
1668 5130 1803 5185 ergo
1830 5113 2010 5184 spatio
2039 5130 2157 5168 me-

456 5207 634 5262 timur
671 5209 898 5276 tempus
956 5204 1332 5274 prmteriens?
1384 5204 1587 5258 Utrum
1635 5203 1696 5256 in
1752 5202 1964 5269 futuro,
2003 5203 2154 5256 unde

451 5293 755 5366 praeterit?
783 5293 891 5349 Sed
916 5291 1070 5364 quod
1099 5291 1358 5345 nondum
1387 5295 1492 5358 est,
1518 5307 1636 5345 non
1664 5291 1956 5346 metimur.
1981 5293 2068 5345 An
2094 5291 2152 5346 in

519 5419 532 5450 ¹
561 5416 692 5465 Edd.
722 5415 923 5478 aliquot
944 5414 1158 5478 etMss.,
1178 5411 1436 5462 metimur
1451 5424 1571 5472 ergo
1595 5425 1710 5478 cum
1727 5412 2150 5478 prwterit...non

456 5481 743 5538 metimur;
772 5475 902 5542 quid
922 5477 1063 5529 enim
1083 5477 1349 5526 metiatur
1376 5489 1388 5523 :
1418 5487 1526 5524 non
1555 5475 1832 5525 concinne.
1856 5475 1920 5524 M.

2205 2656 2214 2670 ’
2254 2671 2310 2720 et
2340 2665 2602 2720 audimus
2630 2665 2771 2730 haec,
2807 2671 2863 2720 et
2891 2666 3272 2736 intelligimur
3319 2672 3377 2721 et
3405 2663 3748 2734 intelligimus.
3771 2657 3842 2711 ila-

1615 152 1749 206 CON
1759 151 2044 206 FESSION
2055 150 2150 205 UM
2206 149 2262 204 S.
2317 150 2364 204 Α
2375 150 2463 206 UG
2474 149 2702 205 USTlNl
2713 191 2724 203 .
3718 165 3779 216 εἰς)

2232 271 2526 341 praesenti,
2559 288 2674 344 qua
2693 273 2992 344 praeterit?
3019 275 3125 329 Sed
3145 276 3358 330 nullum
3385 279 3593 348 spatium
3621 298 3703 337 non
3719 301 3786 338 me-

2234 359 2433 414 timur.
2462 363 2550 416 An
2575 361 2636 415 in
2665 362 2975 431 praeterito,
3006 378 3122 434 quo
3151 365 3434 434 praeterit?
3453 367 3545 422 Sed
3572 370 3692 439 quod
3716 373 3789 440 jam

2234 465 2352 503 non
2381 454 2484 519 est,
2511 467 2624 505 non
2655 451 2950 506 metimur.

2873 541 3099 594 CAPUT
3136 542 3289 596 XXII.

2446 628 2585 682 Petit
2623 629 2931 695 aenigmah‘s
2972 631 3132 684 istius
3175 631 3473 685 solutionem
3499 647 3528 685 a
3552 634 3649 688 Deo.

2304 719 2394 770 28.
2428 715 2650 784 Exarsit
2678 718 2902 771 animus
2938 733 3099 772 meus
3139 734 3302 772 nosse
3332 718 3470 772 istud
3515 720 3798 790 implicatissi-

2235 819 2394 858 mum
2415 803 2680 875 aenigma.
2704 805 2828 859 Noli
2855 806 3137 876 claudere,
3163 807 3392 861 Domine
3422 809 3551 861 Deus
3570 810 3802 863 meusboue

2237 894 2422 960 Pater,
2462 909 2565 963 per
2595 893 2884 950 Christum
2909 896 3164 966 obsecro,
3195 896 3311 950 noli
3339 897 3574 951 claudere
3607 898 3804 952 desiderio

2236 995 2366 1035 meo
2397 979 2524 1048 ista,
2557 987 2615 1036 et
2662 983 2872 1038 usitata
2901 989 2958 1038 et
2988 985 3198 1051 abdita,
3249 985 3537 1056 quominus
3576 985 3626 1039 in
3665 1002 3715 1039 ea
3749 1003 3807 1056 pe.

2238 1073 2443 1138 netret,
2467 1073 2523 1124 et
2570 1070 2918 1127 dilucescant
2939 1074 3216 1128 allucente
3241 1074 3601 1128 misericordia
3637 1079 3726 1140 tua,
3750 1077 3810 1129 Du

2239 1158 2414 1213 mine.
2448 1160 2627 1224 Quem
2659 1162 3040 1232 percontabor
3072 1162 3141 1216 de
3179 1163 3309 1218 his?
3345 1167 3398 1216 et
3441 1162 3523 1216 cui
3563 1163 3812 1217 fructuosius

2237 1247 2554 1303 conﬁtebor
2581 1247 2928 1319 imperitiam
2968 1265 3178 1317 meam,
3228 1249 3337 1304 nisi
3384 1250 3480 1304 tibi
3523 1250 3600 1304 cui
3628 1265 3715 1303 non
3736 1256 3816 1302 sunt

2241 1336 2483 1389 molesta
2513 1335 2702 1390 studia
2732 1353 2880 1404 mea,
2914 1338 3271 1392 flammantia
3300 1337 3634 1392 vehementer
3657 1336 3704 1390 in
3731 1336 3817 1390 Scri-

2241 1429 2438 1493 pturas
2468 1424 2632 1478 tuas?
2665 1426 2744 1479 Da
2776 1427 2929 1497 quod
2960 1443 3089 1482 amo
3125 1443 3138 1481 :
3168 1442 3299 1480 amo
3333 1427 3497 1494 enim,
3518 1430 3568 1480 et
3590 1425 3680 1478 hoc
3699 1430 3746 1477 tu
3766 1424 3818 1476 de

2244 1511 2396 1566 disti.
2434 1513 2534 1579 Da,
2571 1515 2754 1580 Pater,
2790 1514 2887 1584 qui
2917 1531 3049 1568 vere
3083 1515 3234 1568 nosti
3270 1515 3396 1569 data
3438 1515 3573 1568 bona
3613 1513 3718 1566 dare
3741 1511 3821 1564 ﬁliis

2245 1601 2358 1654 tuis
2391 1603 2613 1671 (Matth.
2675 1619 2767 1670 vn,
2819 1603 2921 1672 Η).
2975 1604 3072 1661 Da.
3119 1603 3395 1674 quoniam
3443 1600 3641 1671 suscepi
3687 1615 3822 1668 cogno-

2245 1705 2398 1744 scere
2429 1692 2469 1756 ¹,
2502 1695 2560 1744 et
2591 1691 2750 1745 labor
2779 1695 2862 1744 est
2892 1695 3024 1745 ante
3055 1708 3146 1745 me
3180 1692 3346 1759 (Psal.
3398 1706 3547 1755 Lxxu,
3596 1691 3680 1753 l6),
3711 1686 3824 1739 donec

2246 1777 2490 1848 aperias.
2524 1779 2632 1831 Per
2661 1777 2948 1832 Christum
2976 1778 3232 1845 obsecro,
3255 1779 3316 1832 in
3345 1777 3563 1831 nomine
3589 1775 3690 1846 ejus
3707 1771 3826 1827 Sancti

2249 1870 2595 1932 sanctorum,
2629 1881 2800 1919 nemo
2861 1865 3006 1920 mihi
3063 1867 3381 1938 obstrepat.
3445 1867 3504 1919 Et
3547 1881 3636 1934 ego
3671 1859 3827 1916 credidi.

2250 1959 2487 2026 propter
2525 1955 2680 2026 quod
2712 1959 2769 2008 et
2799 1955 3008 2025 loquor
3039 1955 3210 2026 (Psal.
3272 1971 3386 2020 cxv,
3435 1956 3496 2021 l).
3527 1955 3638 2007 Huic
3663 1957 3728 2005 est
3754 1965 3829 2018 Spe:

2248 2059 2413 2110 mea;
2473 2044 2542 2098 ad
2581 2044 2725 2098 hanc
2769 2044 2896 2097 vivo
2927 2042 2951 2076 ²
2981 2049 3045 2098 ut
3102 2045 3454 2115 contempler
3500 2039 3830 2096 delectationem
3919 2066 3921 2114 ι

2252 2131 2496 2187 Domini.
2524 2133 2658 2186 Ecce
2679 2137 2892 2186 veteres
2923 2131 3163 2203 posuisti
3187 2133 3308 2188 dies
3339 2148 3490 2186 meos
3518 2130 3662 2201 (Psal.
3683 2141 3832 2186 ιωιιι,
3919 2115 3921 2118 ⁴

2254 2223 2332 2291 6),
2367 2226 2426 2276 et
2453 2225 2780 2288 transeunt;
2839 2225 2896 2276 et
2941 2221 3258 2292 quomodo,
3309 2220 3510 2276 nescio.
3556 2220 3613 2273 Et
3655 2216 3835 2275 dicimus.

2249 2312 2494 2381 Tempus
2534 2315 2590 2365 et
2632 2315 2881 2382 tempus,
2931 2316 3196 2382 tempora
3253 2316 3308 2366 et
3340 2317 3616 2380 tempora;
3644 2302 3836 2370 Quamdiu

2253 2399 2396 2453 dixit
2422 2400 2532 2453 hoc
2562 2399 2678 2462 ille,
2699 2399 2974 2470 quamdiu
3004 2400 3136 2455 fecit
3165 2401 3276 2455 hoc
3303 2401 3397 2454 ille
3420 2418 3435 2468 ;
3456 2403 3528 2464 et,
3556 2399 3708 2462 Quam
3729 2394 3840 2458 longo

2252 2492 2508 2559 tempore
2538 2487 2681 2542 illud
2709 2504 2826 2542 non
2865 2488 3015 2544 vidi!
3051 2493 3128 2556 et,
3182 2490 3430 2560 Duplum
3475 2483 3711 2556 temporis
3733 2480 3843 2534 habet

2251 2577 2373 2630 haec
2399 2576 2614 2647 syllaba
2642 2577 2711 2631 ad
2744 2576 2902 2631 illam
2931 2577 3197 2648 simplam
3231 2579 3478 2633 brevem.
3523 2573 3732 2632 Dicimus
3752 2571 3844 2632 hec,

3915 1928 3917 1972 |

3917 1998 3919 2040 |

3919 2066 3921 2118 Ι

3921 2136 3923 2192 l

3921 2206 3925 2270 l

3923 2271 3927 2330 Ι

3927 2344 3929 2400 l

3929 2412 3931 2450 |

3931 2482 3933 2518 |

2252 2754 2619 2808 nifestissima
2649 2759 2705 2809 et
2728 2754 3096 2809 usitatissima
3119 2761 3295 2823 sunt;
3327 2761 3384 2810 et
3401 2755 3589 2833 eadem
3621 2764 3772 2805 rursus
3786 2744 3841 2799 ni-
3940 2758 3941 2766 ‘

2255 2843 2363 2897 mis
2392 2844 2588 2912 latent,
2623 2848 2680 2899 et
2707 2860 2853 2898 nova
2884 2848 2969 2898 est
2997 2845 3254 2898 inventio
3289 2861 3503 2900 eorum.

2884 2932 3108 2986 CAPUT
3137 2933 3325 2987 XXIII.

2854 3019 2998 3084 Quid
3026 3022 3097 3074 sit
3129 3025 3360 3089 tempus.

2320 3111 2407 3163 29.
2448 3107 2653 3162 Audivi
2678 3125 2712 3162 a
2742 3108 2996 3179 quodam
3023 3109 3262 3164 homine
3319 3109 3504 3174 docto,
3533 3104 3668 3179 quod
3693 3100 3792 3156 solis
3812 3101 3847 3148 et

2256 3198 2408 3252 lunae
2440 3213 2503 3251 ac
2531 3197 2783 3251 siderum
2815 3201 3028 3260 motus,
3059 3197 3184 3268 ipsa
3213 3197 3332 3253 sint
3360 3203 3623 3268 tempora,
3649 3198 3696 3247 et
3715 3189 3773 3244 nil
3795 3201 3855 3238 an-

2257 3285 2408 3339 nui‘.
2447 3286 2558 3339 Cur
2581 3285 2735 3340 enim
2763 3301 2881 3340 non
2910 3287 3101 3356 potius
3131 3287 3395 3341 omnium
3425 3296 3698 3356 corporum
3721 3280 3851 3332 motu:

2257 3373 2372 3426 sint
2395 3373 2701 3444 tempora?
2731 3376 2818 3427 An
2861 3389 2994 3428 vero
3027 3374 3076 3428 si
3124 3380 3415 3429 cessarent
3445 3373 3563 3430 caeli
3607 3368 3797 3429 lumina,
3826 3365 3860 3413 εί

2257 3467 2584 3518 moveretur
2611 3466 2738 3516 rota
2767 3463 2952 3534 ﬁguli,
2981 3479 3099 3517 non
3129 3470 3283 3520 esset
3302 3469 3522 3536 tempus
3562 3476 3663 3532 quo
3701 3453 3859 3510 metire-

2258 3567 2389 3606 mur
2418 3567 2512 3606 eos
2533 3567 2724 3622 gyros,
2774 3556 2832 3606 et
2878 3551 3198 3606 diceremus
3239 3558 3345 3608 aut
3384 3550 3676 3624 aequalibus
3701 3539 3863 3600 merulis

2259 3640 2386 3712 agi;
2422 3643 2518 3694 aut
2555 3640 2602 3694 si
2649 3639 2786 3694 alias
2829 3640 3070 3708 tardius,
3121 3641 3262 3695 alias
3312 3641 3556 3696 velocius
3601 3635 3862 3691 moveretur,

2259 3729 2398 3783 alios
2427 3727 2611 3800 magis
2635 3728 2937 3784 diuturnos
2963 3745 3105 3796 esse,
3139 3729 3283 3784 alios
3314 3729 3543 3785 minus?
3559 3730 3661 3782 Aut
3676 3737 3780 3778 cum
3799 3718 3868 3772 hoc

2260 3816 2597 3883 diceremus,
2622 3833 2738 3871 non
2758 3822 2816 3872 et
2836 3834 2940 3872 nos
2960 3819 3019 3872 in
3040 3822 3329 3890 tempore,
3348 3820 3709 3890 loqueremur,
3732 3812 3802 3862 aut
3817 3820 3867 3855 es

2259 3911 2387 3960 sent
2415 3906 2477 3960 in
2508 3905 2691 3961 verbis
2720 3907 2928 3962 nostris
2969 3907 3094 3962 alia:
3144 3908 3336 3980 longas
3379 3906 3622 3980 syllabae,
3655 3900 3759 3956 alia:
3786 3895 3869 3948 bre-

2259 4011 2370 4060 ves,
2407 3993 2519 4048 nisi
2547 3993 2684 4065 quia
2712 3994 2825 4050 illa:
2846 3995 3112 4065 longiore
3141 3999 3404 4068 tempore
3450 3992 3757 4050 sonuissent,
3792 3982 3870 4034 ἰείεε

2261 4082 2520 4138 breviore
2537 4084 2567 4136 ‘2
2600 4085 2769 4150 Deus,
2802 4083 2953 4138 dona
2967 4083 3302 4139 hominibus
3322 4084 3512 4140 videre
3531 4082 3587 4136 in
3610 4093 3756 4152 parvo
3773 4083 3872 4125 com-

2261 4188 2462 4226 munes
2502 4172 2729 4227 notitias
2768 4189 2962 4226 rerum
3009 4189 3319 4244 parvarum
3365 4178 3532 4244 atque
3579 4173 3870 4238 magnarum.

2261 4262 2406 4317 Sunt
2434 4265 2490 4316 et
2517 4261 2703 4316 sidera
2724 4267 2778 4316 et
2806 4262 3114 4317 luminaria
3145 4263 3274 4318 coeli
3304 4263 3367 4318 in
3397 4261 3592 4334 signis,
3621 4263 3670 4313 et
3701 4255 3750 4309 in
3773 4255 3877 4303 tem-

2261 4349 2512 4421 poribus,
2547 4355 2606 4406 et
2631 4350 2692 4404 in
2722 4351 2906 4414 annis,
2939 4356 2996 4406 et
3023 4352 3082 4406 in
3109 4351 3313 4406 diebus
3363 4353 3511 4422 (Gen.
3550 4353 3596 4414 l,
3630 4345 3704 4413 ti)
3735 4358 3747 4394 :
3789 4337 3881 4390 sunt

2260 4452 2428 4503 vero;
2462 4437 2560 4490 sed
2584 4452 2689 4491 nec
2709 4452 2815 4507 ego
2850 4437 3091 4492 dixerim
3122 4421 3429 4493 circuitum
3473 4435 3618 4491 illius
3639 4421 3883 4501 .ligneolaz‘

2262 4530 2405 4581 rota:
2445 4525 2601 4580 diem
2647 4541 2792 4596 esse,
2835 4542 2939 4581 nec
2987 4532 3179 4582 tamen
3227 4527 3361 4582 ideo
3405 4530 3622 4596 tempus
3662 4533 3761 4573 non
3797 4522 3884 4564 esse

2263 4615 2357 4670 ille
2389 4614 2616 4670 dixerit.

2335 4708 2423 4760 30.
2454 4706 2570 4775 Ego
2607 4703 2750 4759 scire
2779 4704 2948 4776 cupio
2977 4704 3091 4759 vim
3119 4707 3503 4776 naturamque
3532 4693 3776 4768 temporis
3805 4701 3888 4758 (Ιυο

2328 4795 2342 4827 ¹
2368 4793 2492 4841 Bad.
2515 4793 2629 4842 Am.
2661 4793 2746 4840 Er.
2777 4795 2902 4844 Lov.
2931 4805 3240 4854 cognoscere
3261 4795 3331 4843 te.
3352 4785 3748 4854 Expurngepdum
3763 4777 3887 4854 est}?

2257 4852 2411 4919 juxta
2431 4855 2552 4919 Mss.
2581 4859 2632 4919 et
2651 4856 2778 4919 Arn.
2801 4856 2931 4919 quia,
2952 4849 3016 4904 de
3045 4860 3299 4919 tempore,
3338 4849 3450 4904 non
3482 4849 3566 4902 de'
3586 4851 3683 4899 Deo
3715 4849 3889 4904 θυμω

2263 4917 2432 4980 cendo
2455 4917 2687 4980 loquitur
2715 4917 3059 4980 Augustinus.

2325 4959 3172 5037 {116631653217}?iiiiXS'Eécte,
3209 4979 3310 5026 nisi
3358 4977 3443 5026 alii
3478 4959 3892 5037 ιιθῑηειξτειιωεξι

2262 5041 2392 5103 Edd.
2425 5045 2476 5089 et
2503 5032 2629 5089 "Mss.
2671 5042 2759 5103 qui
2790 5055 2983 5103 magno
3027 5032 3288 5089 consensu
3329 5040 3520 5103 ferunt,
3547 5032 3889 5103 editam???"

2325 5105 2346 5137 ³
2375 5102 2459 5151 Sic
2485 5091 2986 5165 legendumvidetur
3005 5117 3126 5152 cum
3154 5103 3274 5152 Mss.
3299 5091 3737 5165 Vedastfdupbps,
3756 5091 3890 5165 9‘39?

2264 5147 2863 5225 οοιοιῖξξνῖιῗιῖἆλῖέιῖξ
2873 5147 3371 5215 excitaturus:
3384 5147 3554 5214 term.
3584 5155 3739 5207 Codex
3756 5147 3890 5225 hauet.

2265 5231 2316 5292 et
2347 5218 2455 5276 nou
2487 5227 2668 5292 αὺηιιὶἐ
2693 5218 2967 5292 Lo_v.'\’ero
2998 5241 3130 5292 cum
3155 5226 3369 5292 aliquot
3394 5227 3531 5280 Msa,
3561 5226 3609 5292 et
3645 5228 3733 5290 ζιοπ
3776 5218 3890 5292 εξξιξξξ

2262 5271 2377 5352 ᾖν..
2389 5271 2451 5338 ’έὶ
2469 5271 3488 5352 αἳὶιῖέῗῠὲᾱίέιὺζὴξιάέὶῖΑἶὲΞῖἷῐτῐὸἱί
3501 5271 3676 5338 animi.
3699 5300 3753 5313 -
3772 5271 3892 5322 Juxta

2262 5351 2414 5407 \’en.,
2445 5355 2686 5413 tempora
2707 5357 2758 5402 et
2787 5351 2944 5412 anni;
2967 5365 3073 5401 non
3097 5352 3282 5402 annui.

2321 5389 2944 5476 ὶ“ὅιιὲἕέἑἰῐίε“ἑ.”λιῖᾁί’.“ε’
2959 5389 3456 5476 ὸὶἲὸιῆἱᾶἱῆἱάιέιιῦ
3485 5413 3576 5476 aut
3613 5399 3793 5476 deﬁatfg
3822 5389 3895 5476 δέ’

2257 5475 2352 5537 plu
2361 5452 2938 5538 137:3R23E'r333."4
2960 5452 3644 5540 ié'n'eB'LEHuZiIiir.‘vim.
3667 5452 3808 5523 iusd-
3831 5452 3884 5501 “-
