4058 6174
193 203 297 253 821

189 319 472 373 metimur
500 332 807 387 corporum
849 321 1056 383 motus,
1084 321 1140 371 et
1186 317 1427 372 dicimus
1456 319 1619 377 illum
1646 322 1889 383 motum,

190 408 360 462 verbi
388 406 591 478 gratia,
624 410 883 477 tempore
911 406 1085 476 duplo
1115 423 1235 461 esse
1276 407 1696 462 diuturniorem
1721 423 1895 479 quam

188 497 395 551 istum.
422 498 563 550 Nam
585 511 803 567 quaero,
836 495 1111 567 quoniam
1132 497 1252 551 dies
1275 496 1501 565 dicitur,
1534 514 1648 551 non
1674 501 1898 551 tantum

190 603 361 641 mora
373 586 503 640 solis
530 600 702 655 super
721 589 952 644 terram.
977 587 1289 640 secundum
1308 588 1462 658 quod
1479 587 1636 641 aliud
1654 593 1738 641 est
1757 586 1895 647 dies,

183 676 355 729 aliud
383 691 515 740 nox,
540 674 638 728 sed
666 673 841 728 etiam
870 674 1043 728 totius
1073 677 1091 712 ί
1120 675 1241 745 ejus
1270 676 1538 729 circuitus
1568 676 1639 729 ab
1671 675 1896 729 oriente

183 781 377 836 usque
396 764 466 818 ad
482 762 782 828 orientem,
807 764 1122 817 secundum
1155 763 1311 834 quod
1344 764 1606 827 dicimus,
1636 765 1743 817 Tot
1772 762 1895 817 dies

188 852 575 919 transierunt;
600 867 729 905 cum
761 851 879 905 suis
904 852 1059 905 enim
1085 852 1347 906 noctibus
1378 852 1645 907 dicuntur
1674 856 1761 905 tot
1783 852 1902 905 dies

189 959 303 996 nec
334 946 493 995 extra
538 945 881 1012 reputantur
911 940 1091 1012 spatia
1115 941 1397 996 noctium:
1449 942 1724 1013 quoniam
1757 957 1895 1011 ergo

192 1030 321 1084 dies
349 1030 609 1100 expletur
634 1034 796 1083 motu
822 1028 977 1094 solis,
1004 1034 1174 1100 atque
1204 1029 1445 1084 circuitu
1475 1031 1545 1084 ab
1566 1030 1783 1084 oriente
1814 1046 1902 1083 us-

192 1136 313 1191 que
351 1120 421 1173 ad
451 1120 763 1185 orientem;
799 1134 996 1189 quaero
1027 1122 1222 1171 utrum
1268 1122 1454 1172 motus
1486 1118 1607 1188 ipse
1637 1117 1711 1171 sit
1758 1117 1898 1183 dies,

192 1226 275 1263 an
306 1225 469 1263 mora
498 1208 621 1278 ipsa
648 1210 861 1278 quanta
880 1207 1197 1277 peragitur,
1221 1223 1292 1260 an
1310 1212 1641 1277 utrumque.
1665 1206 1721 1260 Si
1747 1205 1903 1284 enim

194 1302 457 1370 primum
488 1298 607 1353 dies
637 1302 812 1363 esset;
842 1297 961 1351 dies
991 1312 1127 1367 ergo
1158 1302 1306 1351 esset
1332 1296 1557 1351 etiamsi
1585 1300 1743 1350 tanto
1768 1312 1899 1366 spa-

194 1390 279 1442 tio
312 1388 591 1459 temporis
619 1388 943 1441 solcursum
966 1385 1129 1439 illum
1156 1384 1489 1456 peregisset,
1509 1390 1790 1456 quantum
1821 1389 1904 1437 est

195 1481 361 1531 horae
389 1477 580 1531 unius.
612 1476 668 1530 Si
700 1475 1039 1541 secundum;
1069 1490 1186 1527 non
1216 1490 1350 1545 ergo
1383 1479 1531 1528 esset
1560 1474 1699 1540 dies,
1742 1472 1789 1526 si
1831 1474 1902 1527 ab

191 1572 331 1620 ortu
385 1565 517 1619 solis
545 1580 726 1635 usque
756 1564 816 1617 in
842 1567 1028 1616 ortum
1069 1563 1309 1615 alterum
1350 1568 1463 1615 tam
1513 1561 1699 1615 brevis
1744 1577 1905 1614 mora

192 1659 345 1709 esset
372 1670 544 1725 quam
575 1658 659 1707 est
686 1653 841 1705 horae
872 1650 1070 1716 unius;
1106 1650 1204 1705 sed
1252 1650 1421 1703 vicies
1466 1654 1520 1705 et
1562 1654 1765 1721 quater
1794 1651 1901 1703 cir-

196 1744 453 1798 cumiret
482 1744 561 1796 sol
610 1746 668 1795 ut
699 1742 950 1811 expleret
978 1739 1153 1794 diem.
1191 1739 1249 1794 Si
1288 1744 1627 1810 utrumque;
1664 1756 1767 1793 nec
1810 1738 1904 1792 ille

192 1834 591 1904 appellaretur
626 1831 763 1895 dies,
799 1829 843 1882 si
875 1829 1030 1883 horas
1062 1828 1249 1898 spatio
1280 1829 1361 1881 sol
1393 1832 1576 1882 totum
1607 1844 1770 1881 suum
1804 1844 1907 1898 gy-

194 1938 331 1976 rum
365 1920 729 1985 circumiret;
780 1934 885 1971 nec
917 1917 1011 1971 ille
1043 1917 1083 1983 ²,
1136 1916 1182 1969 si
1233 1918 1350 1970 sole
1390 1922 1641 1970 cessante
1685 1921 1904 1970 tantum

194 2008 485 2079 temporis
515 2006 857 2077 praeteriret,
878 2010 1094 2076 quanto
1118 2021 1390 2076 peragere
1417 2007 1499 2059 sol
1520 2010 1702 2059 totum
1731 2004 1907 2058 ambi-

194 2110 323 2153 tum
359 2099 429 2153 de
460 2112 626 2150 mane
658 2096 716 2149 in
749 2111 914 2149 mane
947 2096 1173 2149 assolet.
1203 2096 1325 2148 Non
1355 2094 1547 2166 itaque
1575 2110 1725 2148 nunc
1756 2111 1907 2165 qua:-

198 2204 330 2243 ram
345 2185 489 2259 quid
506 2185 577 2239 sit
592 2184 732 2239 illud
746 2184 899 2255 quod
910 2188 1142 2237 vocatur
1160 2182 1300 2249 dies,
1318 2183 1411 2237 sed
1429 2182 1566 2254 quid
1586 2182 1657 2237 sit
1681 2188 1909 2253 tempus

200 2293 321 2349 quo
352 2274 655 2329 metientes
672 2272 808 2326 solis
828 2271 1149 2333 circuitum,
1177 2271 1495 2326 diceremus
1517 2288 1649 2326 eum
1671 2272 1906 2326 dimidio

202 2362 393 2436 spatio
415 2361 691 2432 temporis
723 2365 1017 2431 peractum
1047 2360 1240 2414 minus
1268 2377 1444 2431 quam
1474 2361 1639 2425 solet,
1675 2360 1721 2413 si
1751 2364 1907 2414 tanto

203 2452 395 2523 spatio
418 2449 693 2519 temporis
720 2452 983 2519 peractus
1012 2452 1179 2515 esset,
1203 2452 1419 2519 quanto
1434 2452 1786 2519 peraguntur
1810 2447 1907 2501 ho-

206 2558 283 2594 τω
313 2538 648 2603 duodecim;
669 2541 726 2591 et
752 2541 1063 2607 utrumque
1080 2540 1307 2607 tempus
1331 2541 1726 2607 comparantes
1757 2536 1906 2590 dice-

204 2644 401 2683 remus
428 2626 571 2681 illud
605 2626 899 2697 simplum,
930 2625 1039 2679 hoc
1070 2625 1575 2696 duplum,etiamsi
1597 2625 1905 2696 aliquando

206 2719 303 2772 illo
336 2716 567 2785 simplo,
602 2714 906 2786 aliquando
935 2714 1041 2768 isto
1074 2714 1247 2784 duplo
1269 2714 1353 2768 sol
1385 2714 1455 2767 ab
1487 2713 1704 2767 oriente
1728 2729 1907 2783 usque

206 2806 278 2861 ad
305 2805 591 2860 orientem
638 2803 983 2857 circumiret.
1020 2803 1195 2857 Nemo
1227 2818 1363 2873 ergo
1394 2802 1538 2856 mihi
1564 2802 1712 2855 dicat
1740 2802 1909 2855 coele—

207 2895 382 2949 stium
404 2908 711 2964 corporum
735 2895 923 2945 motus
942 2907 1063 2945 esse
1088 2896 1373 2961 tempora:
1391 2890 1525 2962 quia
1543 2890 1909 2959 etcujusdam

210 2988 336 3038 voto
366 2998 499 3037 cum
534 2982 616 3035 sol
648 2980 903 3035 stetisset
927 2980 1106 3049 (Josue
1141 2996 1195 3042 Χ,
1232 2982 1349 3049 t3);
1398 2984 1464 3033 ut
1492 2977 1859 3032 victoriosum
1891 2980 1911 3011 ³

208 3072 477 3145 praelium
508 3075 830 3141 perageret,
881 3070 965 3123 sol
993 3069 1189 3131 stabat,
1233 3068 1331 3122 sed
1370 3073 1599 3138 tempus
1641 3066 1778 3119 ibat.
1808 3067 1913 3119 Per

208 3178 378 3217 suum
432 3160 648 3232 quippe
693 3158 942 3230 spatium
980 3156 1276 3229 temporis,
1319 3156 1475 3226 quod
1522 3155 1575 3209 ei
1607 3154 1909 3219 sufliceret,

208 3252 309 3305 illa
338 3266 539 3322 pugna
568 3253 723 3321 gesta
753 3252 924 3319 atque
957 3247 1117 3301 ﬁnita
1140 3251 1241 3301 est.
1276 3245 1449 3299 Video
1481 3244 1656 3315 igitur
1686 3248 1911 3312 tempus

209 3340 521 3413 quamdam
542 3355 665 3401 esse
682 3336 1104 3391 distentionem.
1137 3336 1246 3389 Sed
1264 3335 1450 3404 video,
1470 3350 1543 3387 an
1560 3333 1748 3387 videre
1772 3331 1910 3386 mihi

208 3430 443 3486 videor?
468 3429 550 3482 Tu
581 3426 1016 3491 demonstrabis,
1052 3425 1187 3491 Lux,
1216 3424 1448 3477 Veritas.

847 3532 1070 3587 CAPUT
1098 3531 1276 3585 XXIV.

421 3627 651 3692 Tempus
679 3626 757 3676 est
787 3637 891 3691 quo
922 3623 1173 3674 metimur
1200 3622 1403 3673 motum
1437 3618 1701 3685 corporis.

282 3718 370 3769 31.
404 3713 577 3769 Jubes
609 3716 671 3765 ut
712 3710 1024 3780 approbem
1054 3707 1101 3761 si
1148 3707 1277 3777 quis
1320 3705 1471 3760 dicat
1512 3710 1740 3774 tempus
1788 3719 1910 3757 esse

210 3809 437 3859 motum
467 3800 758 3872 corporis?
790 3800 913 3853 Non
934 3798 1118 3868 jubes.
1146 3798 1288 3851 Nam
1309 3810 1515 3866 corpus
1537 3795 1781 3859 nullum,
1805 3791 1912 3846 nisi

213 3891 270 3944 in
306 3896 587 3959 tempore,
617 3886 835 3942 moveri
853 3886 1051 3940 audio:
1076 3889 1139 3939 tu
1160 3884 1326 3938 dicis.
1366 3886 1561 3954 Ipsum
1578 3886 1767 3936 autem
1789 3898 1913 3935 cor-

216 3979 376 4049 poris
422 3982 642 4031 motum
691 3982 918 4045 tempus
949 3991 1067 4029 esse
1100 3990 1213 4027 non
1252 3972 1454 4027 audio:
1500 3988 1615 4025 non
1658 3976 1719 4024 tu
1756 3970 1913 4025 dicis.

217 4069 365 4121 Cum
397 4065 553 4119 enim
582 4068 844 4119 movetur
862 4079 1092 4133 corpus,
1119 4066 1378 4131 tempore
1407 4059 1617 4113 metior
1645 4058 1921 4129 quamdiu

219 4157 540 4221 moveatur,
575 4170 641 4208 ex
668 4170 781 4224 quo
822 4150 1038 4205 moveri
1064 4150 1265 4219 incipit
1293 4148 1475 4202 donec
1505 4146 1747 4201 desinat.
1782 4148 1845 4201 Et
1874 4145 1919 4199 si

217 4261 343 4300 non
372 4243 488 4297 vidi
517 4260 583 4297 ex
612 4260 725 4314 quo
766 4241 956 4312 coepit,
990 4244 1044 4294 et
1086 4241 1409 4311 perseverat
1438 4236 1672 4301 moveri,
1704 4240 1769 4290 ut
1806 4252 1920 4289 non

224 4334 453 4387 videam
486 4348 615 4387 cum
646 4330 888 4397 desinit;
920 4344 1039 4384 non
1067 4328 1226 4381 valeo
1270 4326 1479 4392 metiri,
1523 4324 1634 4379 nisi
1682 4324 1826 4379 forte
1858 4340 1922 4377 ex

220 4439 338 4495 quo
375 4422 564 4475 videre
596 4420 809 4491 incipio
834 4420 1014 4473 donec
1045 4416 1321 4472 desinam.
1351 4415 1508 4479 Quod
1540 4414 1586 4468 si
1612 4414 1709 4469 diu
1737 4413 1921 4478 video,

221 4510 622 4566 tantummodo
644 4511 881 4581 longum
904 4514 1132 4578 tempus
1147 4522 1267 4560 esse
1292 4504 1578 4570 renuntio,
1602 4520 1717 4557 non
1735 4508 1924 4557 autem

218 4604 504 4674 quantum
535 4600 641 4669 sit;
664 4598 799 4670 quia
816 4603 871 4651 et
890 4600 1171 4668 quantum
1194 4611 1324 4649 cum
1342 4594 1607 4661 dicimus,
1628 4593 1927 4647 collatione

221 4690 498 4755 dicimus;
528 4689 702 4754 velut,
734 4689 983 4741 Tantum
1012 4687 1117 4740 hoc
1141 4689 1423 4756 quantum
1445 4683 1623 4749 illud;
1659 4686 1775 4749 aut,
1811 4683 1923 4735 Du-

218 4781 385 4852 plum
416 4779 522 4832 hoc
547 4778 616 4831 ad
639 4776 877 4843 illud,et
904 4775 951 4829 si
973 4775 1113 4846 quid
1130 4774 1285 4829 aliud
1308 4773 1416 4827 isto
1436 4772 1627 4827 modo.
1653 4771 1710 4827 Si
1734 4776 1926 4825 autem

218 4874 424 4923 notare
456 4865 819 4937 potuerimus
836 4866 1094 4919 locorum
1112 4862 1316 4933 spatia,
1340 4862 1490 4916 unde
1514 4865 1570 4915 et
1594 4877 1708 4931 quo
1735 4858 1929 4913 veniat

218 4972 431 5028 corpus
461 4955 614 5027 quod
648 4959 931 5020 movetur,
962 4954 1049 5007 vel
1079 4956 1271 5023 partes
1304 4952 1446 5021 ejus,
1492 4950 1538 5003 si
1565 4954 1841 5019 tanquam
1868 4948 1927 5000 in

216 5050 387 5100 torno
424 5048 708 5110 movetur,
730 5058 1034 5113 possumus
1054 5042 1240 5095 dicere
1263 5042 1543 5111 quantum
1565 5038 1636 5091 sit
1651 5035 1929 5107 temporis

219 5149 285 5188 ex
320 5148 435 5203 quo
466 5132 535 5185 ab
566 5132 663 5185 illo
689 5133 811 5185 loco
848 5147 1029 5202 usque
1063 5131 1128 5184 ad
1162 5130 1327 5183 illum
1358 5129 1547 5182 locum
1592 5130 1777 5179 motus
1807 5139 1928 5177 cor-

284 5240 321 5346 :d
342 5236 692 5346 TotusM'uxta
714 5236 798 5284 Er.
830 5236 958 5285 Ven.
986 5234 1150 5296 Lugd.
1170 5234 1370 5282 Somm.
1393 5231 1527 5280 Dub.
1544 5234 1597 5279 et
1616 5230 1788 5279 ltond.
1811 5242 1930 5277 cum

284 5340 288 5346 .
329 5314 402 5346 BS.
559 5335 569 5346 .

218 5304 246 5349 8
272 5300 402 5347 Mes.
502 5300 569 5347 M.

281 5364 302 5396 2
329 5360 463 5427 ζιιᾳ,
489 5360 753 5427 j‘uxta_Er.
786 5361 913 5427 ven.
942 5358 1105 5420 Lugd.
1204 5357 1289 5427 M._
1361 5418 1391 5427 η
1501 5417 1543 5427 __
1720 5418 1731 5427 .

216 5487 253 5535 Ι
284 5427 305 5457 ³
338 5422 465 5472 Bad.
489 5417 612 5534 litim.
639 5423 724 5472 Er.
756 5427 809 5472 et
838 5424 962 5472 Lov.
993 5417 1113 5469 cum
1139 5418 1479 5482 paucioribus
1497 5417 1643 5476 Mss.,
1671 5418 1731 5466 ut
1764 5417 1935 5465 Victor

254 5497 401 5536 osus.
553 5524 571 5545 ,

1611 196 1821 251 LIBER
1882 194 2199 252 UNDECIM
2211 196 2310 250 US.

3608 204 3711 255 822

2003 318 2161 386 poris
2192 320 2279 373 vel
2308 320 2487 390 partis
2509 320 2632 391 ejus
2664 322 2895 375 elfectus
2916 327 3018 376 est.
3055 323 3196 377 Cum
3227 323 3419 395 itaque
3450 325 3607 381 aliud
3638 327 3713 381 sit

2010 411 2198 462 motus
2221 410 2491 479 corporis,
2516 409 2672 463 aliud
2702 426 2815 481 quo
2846 410 3117 465 metimur
3138 412 3413 483 quamdiu
3444 414 3547 481 sit;
3578 416 3706 486 quis

2010 512 2127 550 non
2152 498 2358 551 sentiat
2386 497 2523 568 quid
2553 498 2759 553 horum
2784 500 2970 569 potius
3000 505 3225 571 tempus
3254 501 3561 557 dicendum
3599 503 3707 557 sit?

2014 588 2157 640 Nam
2183 586 2289 641 etsi
2328 586 2480 641 varie
2511 604 2717 658 corpus
2750 588 3059 659 aliquando
3083 596 3363 658 movetur,
3396 592 3706 663 aliquando

2012 679 2150 736 stat;
2180 692 2298 729 non
2328 676 2513 730 solum
2543 681 2764 730 motum
2806 678 2948 747 ejus,
2982 679 3080 732 sed
3111 679 3279 734 etiam
3312 685 3523 735 statum
3565 685 3711 736 tem-

2012 779 2151 833 pore
2200 765 2503 831 metimur;
2539 771 2595 819 et
2634 766 2896 829 dicimus,
2939 769 3180 821 Tantum
3224 770 3396 835 stetit,
3429 774 3706 840 quantum

2014 857 2236 908 motum
2264 858 2377 919 est;
2404 859 2523 921 aut,
2559 855 2837 925 Duplovel
2862 856 3034 925 triplo
3057 857 3230 922 stetit,
3253 858 3323 910 ad
3348 858 3403 911 id
3417 859 3709 928 quodmo-

2013 947 2135 996 tum
2165 946 2273 1009 est;
2309 948 2365 997 et
2398 942 2443 996 si
2485 943 2623 1014 quid
2656 944 2807 998 aliud
2852 948 3047 998 nostra
3092 944 3371 999 dimensio
3399 945 3513 999 sive
3547 964 3710 1000 com—

2012 1031 2379 1101 prehenderit
2408 1032 2524 1086 sive
2556 1032 2981 1099 existimaverit,
3015 1037 3080 1087 ut
3108 1034 3217 1087 dici
3249 1034 3407 1100 solet,
3440 1036 3569 1105 plus
3600 1036 3710 1088 mi-

2013 1136 2143 1176 nus.
2182 1123 2306 1175 Non
2336 1126 2420 1176 est
2442 1138 2574 1193 ergo
2602 1127 2828 1191 tempus
2859 1123 3111 1191 corporis
3142 1128 3350 1177 motus.

2658 1210 2881 1263 CAPUT
2918 1212 3067 1265 XXV.

2488 1300 2696 1352 Rursus
2726 1302 2891 1352 Deum
2912 1301 3235 1367 interpellat.

2085 1387 2171 1438 32.
2244 1385 2311 1438 Et
2369 1386 2663 1452 conﬁteor,
2720 1388 2977 1452 Domine,
3052 1387 3314 1457 ignorare
3378 1404 3469 1442 me
3526 1390 3711 1442 adhuc

2014 1472 2154 1543 quid
2171 1473 2241 1527 sit
2263 1476 2516 1545 tempus;
2551 1480 2606 1529 et
2635 1492 2829 1529 rursus
2851 1476 3262 1545 conﬁteortibi,
3280 1478 3535 1544 Domine,
3570 1477 3710 1531 scire

2015 1576 2105 1614 me
2132 1560 2192 1614 in
2222 1564 2480 1632 tempore
2502 1563 2608 1616 ista
2630 1564 2835 1630 dicere,
2854 1570 2907 1618 et
2934 1564 3028 1617 diu
3054 1565 3283 1635 mejam
3306 1565 3461 1636 loqui
3483 1566 3552 1619 de
3573 1570 3711 1619 tem-

2015 1666 2175 1720 pore,
2191 1655 2362 1721 atque
2376 1650 2565 1722 ipsum
2590 1652 2685 1705 diu
2711 1670 2824 1706 non
2848 1670 2969 1707 esse
2992 1653 3088 1705 diu
3110 1653 3221 1706 nisi
3240 1670 3397 1708 mora
3415 1654 3709 1725 temporis.

2015 1739 2314 1803 Quomodo
2347 1738 2527 1811 igitur
2555 1741 2664 1795 hoc
2694 1742 2832 1807 scio,
2862 1743 3089 1811 quando
3115 1742 3246 1813 quid
3274 1743 3346 1795 sit
3372 1747 3597 1813 tempus
3620 1760 3708 1796 ne-

2018 1828 2173 1881 scio?
2194 1832 2280 1882 An
2303 1829 2447 1883 forte
2465 1830 2655 1883 nescio
2675 1830 3159 1899 quemadmodum
3181 1831 3363 1884 dicam
3380 1832 3532 1902 quod
3556 1832 3712 1885 scio?

2020 1916 2118 1970 Hei
2144 1916 2286 1970 mihi
2317 1916 2416 1987 qui
2446 1917 2638 1971 neseio
2668 1919 2865 1971 saltem
2898 1918 3033 1989 quid
3066 1918 3339 1973 nesciam!
3378 1920 3532 1981 Ecce,
3566 1922 3712 1973 Deus

2017 2020 2202 2072 meus,
2236 2021 2427 2058 coram
2458 2009 2532 2069 te,
2586 2005 2719 2075 quia
2750 2022 2862 2059 non
2895 2006 3172 2073 mentior;
3206 2006 3349 2060 sicut
3377 2008 3604 2078 loquor,
3634 2008 3713 2062 ita

2017 2097 2101 2147 est
2126 2108 2445 2147 cormeum.
2462 2094 2904 2148 Tuilluminabis
2921 2096 3213 2149 lucernam
3233 2111 3441 2161 meam,
3468 2096 3711 2151 Domine

2019 2185 2167 2239 Deus
2196 2198 2379 2251 meus,
2412 2183 2763 2238 illuminabis
2785 2184 3052 2237 tenebras
3070 2200 3224 2239 meas
3252 2186 3417 2254 (Psal.
3438 2201 3568 2251 xvu,
3592 2187 3706 2253 25).

2649 2272 2873 2326 CAPUT
2903 2273 3079 2326 XXVI.

2463 2361 2735 2427 Quomodo
2768 2366 2973 2430 tempus
3004 2362 3271 2415 metimur.

2090 2450 2179 2502 33.
2230 2448 2427 2502 Nonne
2472 2448 2576 2501 tibi
2623 2450 2931 2503 confitetur
2974 2450 3165 2504 anima
3195 2466 3323 2503 mea
3361 2450 3714 2505 confessione

2017 2534 2265 2589 veridica
2307 2536 2497 2591 metiri
2536 2553 2627 2591 me
2660 2538 2958 2608 tempora?
2990 2540 3164 2604 Itane,
3197 2539 3345 2592 Deus
3374 2554 3560 2603 meus,
3589 2555 3715 2593 me-

2017 2624 2150 2687 tior,
2196 2628 2252 2679 et
2298 2624 2434 2695 quid
2464 2625 2672 2679 metiar
2714 2627 2942 2679 nescio?
2973 2626 3173 2680 Metior
3212 2630 3433 2681 motum
3461 2627 3715 2698 corporis

2017 2718 2273 2784 tempore
2292 2734 2305 2780 ;
2325 2714 2462 2767 item
2480 2713 2670 2783 ipsum
2691 2718 2919 2784 tempus
2937 2730 3052 2768 non
3072 2713 3316 2768 metior?
3334 2717 3423 2768 An
3439 2731 3573 2769 vero
3596 2732 3715 2768 cor-

2018 2802 2175 2871 poris
2204 2805 2423 2855 motum
2450 2802 2683 2855 metirer
2709 2802 2986 2872 quamdiu
3012 2803 3105 2871 sit,
3127 2807 3182 2855 et
3202 2802 3476 2872 quamdiu
3502 2803 3635 2856 hinc
3652 2803 3716 2857 il-

2018 2892 2110 2945 luc
2140 2890 2452 2961 perveniat,
2485 2890 2595 2944 nisi
2633 2894 2857 2960 tempus
2891 2890 2949 2943 in
2979 2907 3092 2961 quo
3139 2894 3396 2944 movetur
3436 2892 3715 2945 metirer?

2022 2982 2213 3051 Ipsum
2235 2996 2370 3050 ergo
2392 2984 2617 3049 tempus
2637 2980 2790 3034 unde
2810 2978 3018 3033 metior
3032 2980 3060 3033 ?
3079 2981 3163 3033 An
3180 2984 3437 3050 tempore
3457 2979 3713 3034 breviore

2022 3067 2294 3123 metimur
2324 3068 2570 3139 longius,
2602 3068 2748 3123 sicut
2771 3067 2953 3139 spatio
2986 3067 3162 3122 cubiti
3194 3068 3717 3138 spatiumtranstri?

2022 3157 2111 3212 Sic
2134 3156 2287 3211 enim
2308 3156 2565 3211 videmur
2584 3158 2766 3227 spatio
2780 3157 2966 3211 brevis
2986 3158 3217 3229 syllabas
3241 3158 3429 3211 metiri
3468 3159 3716 3229 spatium

2022 3245 2209 3315 longe:
2238 3245 2489 3315 syllabae,
2524 3250 2693 3317 atque
2726 3245 2784 3300 id
2815 3246 3056 3315 duplum
3095 3244 3301 3300 dicere.
3338 3248 3420 3299 Ita
3450 3246 3721 3300 metimur

2023 3334 2203 3403 spatia
2240 3333 2558 3388 carminum
2602 3334 2796 3405 spatiis
2820 3350 3108 3399 versuum,
3151 3339 3207 3387 et
3236 3334 3417 3404 spatia
3450 3351 3718 3389 versuum

2023 3422 2221 3492 spatiis
2248 3424 2483 3492 pedum,
2507 3427 2565 3477 et
2584 3423 2764 3493 spatia
2778 3424 2991 3493 pedum
3025 3423 3217 3493 spatiis
3240 3424 3611 3493 syllabarum,
3660 3428 3717 3477 et

2024 3511 2209 3581 spatia
2238 3512 2540 3581 longarum
2570 3512 2767 3581 spatiis
2784 3512 3205 3565 breviummon
3228 3511 3288 3564 in
3314 3511 3541 3581 paginis
3564 3512 3718 3582 (nam

2025 3615 2092 3653 eo
2124 3599 2295 3652 modo
2334 3600 2456 3653 loca
2493 3599 2785 3667 metimur,
2814 3614 2935 3653 non
2966 3601 3290 3670 tempora),
3325 3600 3421 3652 sed
3455 3615 3583 3653 cum
3616 3616 3717 3652 vo-

2025 3705 2115 3743 ces
2140 3688 2563 3760 pronuntiando
2592 3692 2907 3751 transeunt,
2945 3692 3001 3742 et
3021 3688 3279 3756 dicimus,
3316 3690 3574 3759 Longum
3604 3705 3721 3743 car-

2025 3794 2158 3833 men
2190 3782 2294 3844 est,
2339 3793 2472 3830 nam
2501 3781 2586 3831 tot
2612 3777 2867 3831 versibus
2915 3777 3258 3843 contexitur;
3297 3777 3457 3847 longi
3500 3794 3718 3845 versus,

2026 3884 2159 3922 nam
2200 3871 2284 3921 tot
2313 3867 2552 3937 pedibus
2588 3871 2877 3932 constant;
2911 3866 3066 3937 longi
3095 3867 3287 3936 pedes,
3320 3883 3452 3921 nam
3494 3872 3580 3922 tot
3609 3867 3721 3937 syl-

2028 3956 2169 4011 labis
2200 3956 2537 4021 tenduntur,
2571 3957 2744 4026 longa
2774 3956 3007 4026 syllaba,
3034 3972 3165 4009 nam
3189 3956 3363 4027 dupla
3379 3961 3463 4010 est
3491 3956 3563 4009 ad
3594 3956 3721 4009 bre-

2028 4062 2176 4101 vem.
2222 4045 2327 4100 Sed
2373 4061 2560 4115 neque
2612 4044 2690 4098 ita
2734 4044 3239 4115 comprehenditur
3267 4050 3420 4099 certa
3454 4061 3723 4098 mensura

2030 4133 2323 4203 temporis,
2360 4132 2828 4203 quandoquidem
2857 4134 2983 4187 ﬁeri
3005 4138 3192 4205 potest
3210 4137 3269 4187 ut
3299 4132 3563 4203 ampliori
3600 4149 3724 4202 spa-

2030 4222 2109 4276 tio
2149 4221 2443 4291 temporis,
2491 4226 2754 4291 personet
2794 4226 2989 4275 versus
3029 4221 3257 4276 brevior
3297 4221 3344 4274 si
3389 4220 3723 4290 productius

2031 4309 2457 4381 pronuntietur,
2479 4325 2651 4379 quam
2674 4308 2903 4379 longior
2936 4310 2981 4363 si
3003 4309 3338 4379 correptius.
3365 4310 3449 4363 Ita
3469 4325 3721 4376 carmen,

2031 4400 2112 4455 ita
2141 4415 2263 4469 pes,
2302 4397 2378 4451 ita
2431 4398 2665 4468 syllaba.
2720 4398 2853 4453 Inde
2886 4399 3028 4453 mihi
3069 4397 3254 4451 visum
3295 4401 3399 4465 est,
3431 4395 3573 4450 nihil
3603 4413 3726 4450 esse

2032 4488 2189 4544 aliud
2220 4492 2447 4557 tempus
2476 4503 2650 4558 quam
2681 4487 3114 4542 distentionem:
3151 4485 3249 4539 sed
3296 4485 3456 4556 cujus
3486 4484 3590 4552 rei,
3624 4502 3725 4540 ne-

2033 4578 2176 4645 scio;
2203 4580 2258 4631 et
2278 4576 2491 4631 mirum
2521 4576 2567 4630 si
2588 4593 2704 4630 non
2732 4576 2909 4647 ipsius
2932 4574 3130 4630 animi.
3156 4574 3301 4637 Quid
3324 4574 3476 4627 enim
3494 4574 3724 4640 metior,

2034 4670 2285 4733 obsecro,
2325 4668 2470 4721 Deus
2499 4682 2683 4735 meus,
2726 4671 2782 4719 et
2814 4665 2938 4719 dico
2981 4667 3080 4717 aut
3106 4662 3425 4727 indefinite,
3476 4664 3729 4735 Longius

2035 4761 2119 4812 est
2156 4757 2262 4811 hoc
2291 4760 2518 4825 tempus
2548 4769 2719 4824 quam
2750 4753 2921 4818 illud;
2964 4756 3065 4806 aut
3097 4750 3269 4806 etiam
3322 4752 3582 4821 deﬁnite,
3616 4754 3730 4807 Du—

2033 4847 2196 4917 plum
2246 4849 2331 4897 est
2381 4844 2489 4897 hoc
2532 4842 2599 4896 ad
2644 4841 2823 4895 illud?
2851 4842 3097 4910 Tempus
3144 4839 3375 4910 metior,
3426 4841 3584 4909 scio;
3632 4842 3729 4896 sed

2035 4952 2149 4989 non
2179 4934 2385 4987 metior
2428 4934 2707 4997 futurum,
2739 4928 2873 5000 quia
2904 4930 3157 4983 nondum
3188 4933 3299 4997 est;
3352 4946 3467 4984 non
3523 4930 3731 4984 metior

2036 5039 2310 5094 praesens,
2342 5021 2475 5092 quia
2497 5019 2655 5074 nullo
2678 5018 2859 5090 spatio
2890 5018 3170 5086 tenditur;
3201 5036 3317 5073 non
3345 5019 3551 5072 metior
3579 5034 3728 5087 prte-

2037 5113 2292 5179 teritum,
2315 5110 2449 5181 quia
2472 5109 2594 5179 jam
2621 5124 2733 5163 non
2754 5109 3018 5173 est.Quid
3043 5125 3177 5179 ergo
3204 5108 3445 5163 metior?
3474 5110 3559 5161 An
3589 5123 3731 5176 pras-

2036 5199 2318 5255 tereuntia
2350 5203 2627 5269 tempora,
2664 5213 2775 5252 non
2809 5197 3142 5267 prmterita?
3168 5197 3243 5251 sic
3271 5196 3423 5251 enim
3453 5194 3727 5249 dixeram.

2653 5287 2877 5342 CAPUT
2906 5288 3113 5342 XXVII.

2182 5377 2449 5444 Quomodo
2473 5379 2723 5431 metimur
2746 5382 2949 5447 tempus
2968 5389 3287 5447 permanens
3309 5375 3365 5426 in
3390 5373 3587 5426 animo.

2121 5469 2208 5523 34.
2247 5465 2467 5533 Insiste,
2512 5465 2701 5521 anime
2746 5483 2928 5533 meus,
2958 5470 3014 5520 et
3040 5462 3267 5519 attende
3292 5459 3548 5516 fortiter:
3586 5460 3735 5516 Deus
