4062 6188
349 249 452 302 823

351 370 580 441 adjutor
628 372 850 433 noster;
883 367 1003 437 ipse
1032 366 1166 420 fecit
1213 381 1339 433 nos,
1387 370 1440 419 et
1471 380 1587 418 non
1620 363 1729 434 ipsi
1760 379 1860 416 nos
1887 361 2049 429 (Psal.

350 474 495 523 xeix,
537 456 610 524 3).
649 455 890 509 Attende
918 453 1017 508 ubi
1046 452 1281 508 albescit
1322 453 1548 506 veritas.
1580 452 1716 505 Ecce
1745 455 1905 520 puta,
1942 464 2050 503 vox

352 545 608 614 corporis
651 543 854 615 incipit
895 558 1120 608 sonare,
1155 546 1210 595 et
1241 545 1423 606 sonat,
1457 544 1513 594 et
1550 539 1738 594 adhuc
1767 543 1948 604 sonat,
1999 541 2055 590 et

353 648 480 687 ecce
509 631 754 698 desinit;
797 631 1037 701 jamque
1085 629 1377 683 silentium
1406 633 1513 694 est,
1560 631 1614 682 et
1644 644 1749 681 vox
1780 626 1876 681 illa
1904 642 2052 698 pra:-

350 722 519 777 terita
540 727 646 790 est,
666 724 722 775 et
740 736 858 775 non
875 725 960 774 est
969 719 1092 789 jam
1122 735 1246 771 vox.
1266 719 1476 772 Futura
1488 722 1624 771 erat.
1639 721 1948 788 antequam
1967 732 2055 769 so-

354 815 533 876 naret,
561 814 617 864 et
637 825 756 864 non
769 811 995 878 poterat
1015 805 1226 872 metiri,
1252 805 1389 876 quia
1410 805 1665 860 nondum
1681 809 1820 869 erat,
1837 808 2056 858 etnunc

354 915 469 954 non
501 903 703 969 potest,
740 896 876 967 quia
898 895 1018 964 jam
1051 910 1166 947 non
1198 898 1295 948 est.
1326 895 1482 946 Tunc
1505 909 1641 963 ergo
1673 897 1896 962 poterat
1925 908 2056 946 cum

353 987 609 1052 sonabat,
638 984 776 1054 quia
798 989 933 1037 tunc
954 986 1072 1035 erat
1101 997 1230 1052 qua:
1257 981 1447 1036 metiri
1473 987 1684 1051 posset.
1710 981 1819 1036 Sed
1840 986 1896 1035 et
1920 986 2057 1034 tunc

349 1089 468 1128 non
498 1074 712 1138 stabat;
745 1071 862 1124 ibat
893 1069 1050 1124 enim
1080 1075 1136 1122 et
1163 1069 1514 1140 praateribat.
1563 1072 1652 1124 An
1696 1069 1825 1124 ideo
1869 1069 2055 1140 magis

353 1161 614 1232 poterat?
640 1158 981 1214 Prasteriens
1013 1158 1167 1212 enim
1195 1159 1539 1212 tendebatur
1568 1158 1628 1212 in
1661 1158 1890 1229 aliquod
1930 1174 2057 1228 spa-

348 1251 493 1304 tium
538 1248 815 1320 temporis
846 1264 961 1319 quo
1003 1247 1195 1300 metiri
1224 1252 1436 1317 posset,
1481 1247 1758 1318 quoniam
1806 1263 2057 1318 praesens

354 1339 575 1392 nullum
602 1337 774 1391 habet
796 1335 1061 1406 spatium.
1090 1336 1147 1390 Si
1169 1352 1303 1405 ergo
1322 1341 1457 1390 tunc
1482 1341 1728 1406 poterat,
1754 1352 1880 1389 ecce
1894 1341 2052 1406 puta,

355 1428 533 1481 altera
554 1425 724 1496 coepit
754 1440 980 1490 sonare,
1010 1428 1065 1478 et
1082 1424 1268 1478 adhuc
1292 1428 1476 1491 sonat,
1500 1423 1829 1478 continuato
1859 1430 2058 1477 tenore

357 1515 479 1568 sine
505 1515 623 1567 ulla
653 1512 1045 1566 distinctione:
1072 1511 1379 1566 metiamur
1399 1529 1526 1566 eam
1551 1512 1689 1566 dum
1717 1517 1906 1578 sonat;
1929 1528 2055 1566 cum

355 1601 510 1655 enim
542 1617 745 1654 sonare
766 1599 1088 1666 cessaverit,
1107 1601 1227 1670 jam
1248 1600 1537 1669 praeterita
1568 1601 1702 1670 erit,
1732 1605 1787 1655 et
1811 1617 1924 1656 non
1952 1601 2062 1654 erit

361 1707 490 1760 quae
515 1689 696 1759 possit
723 1688 939 1755 metiri;
972 1688 1282 1742 metiamur
1310 1689 1474 1757 plane
1497 1693 1552 1743 et
1572 1689 1826 1744 dicamus
1847 1694 2060 1760 quanta

353 1778 444 1831 sit.
475 1777 582 1831 Sed
606 1777 791 1830 adhuc
808 1781 988 1842 sonat,
1008 1793 1112 1831 nec
1142 1776 1332 1830 metiri
1351 1781 1535 1847 potest
1556 1777 1666 1830 nisi
1687 1777 1757 1830 ab
1783 1777 1949 1831 initio
1971 1776 2060 1830 sui

360 1881 472 1935 quo
505 1881 706 1918 sonare
733 1864 922 1932 carpit,
947 1881 1128 1934 usque
1161 1864 1230 1917 ad
1260 1864 1433 1918 ﬁnem
1465 1881 1577 1935 quo
1605 1865 1831 1920 desinit.
1867 1868 2059 1936 Ipsum

359 1955 574 2025 quippe
621 1954 984 2006 intervallum
1032 1953 1304 2007 metimur
1350 1954 1420 2008 ab
1453 1955 1642 2025 aliquo
1673 1955 1838 2010 initio
1877 1972 2059 2026 usque

359 2043 431 2097 ad
463 2042 713 2112 aliquem
739 2042 932 2095 ﬁnem.
968 2041 1326 2111 Quapropter
1343 2059 1447 2096 vox
1468 2059 1596 2113 quae
1620 2044 1877 2098 nondum
1902 2044 2060 2097 ﬁnita

360 2136 464 2200 est,
491 2129 681 2185 metiri
714 2147 830 2184 non
859 2135 1068 2199 potest,
1099 2135 1164 2184 ut
1189 2130 1406 2184 dicatur
1432 2147 1603 2202 quam
1625 2132 1796 2202 longa
1816 2133 1902 2185 vel
1931 2132 2058 2186 bre-

355 2219 442 2272 vis
473 2219 573 2284 sit;
609 2234 710 2271 nec
756 2217 866 2272 dici
897 2223 994 2272 aut
1031 2219 1268 2288 mqualis
1318 2219 1508 2285 alicui,
1542 2224 1641 2273 aut
1699 2220 1769 2274 ad
1808 2220 2059 2290 aliquam

361 2306 568 2377 simpla
589 2306 673 2360 vel
690 2306 886 2376 dupla,
908 2306 994 2360 vel
1023 2306 1163 2377 quid
1185 2307 1359 2362 aliud.
1385 2308 1526 2362 Cum
1548 2311 1740 2362 autem
1764 2308 1925 2362 ﬁnita
1944 2308 2062 2361 fue-

361 2394 458 2461 rit,
486 2395 608 2465 jam
634 2411 754 2448 non
779 2394 904 2449 erit.
939 2395 1060 2459 Quo
1092 2400 1256 2465 pacto
1287 2395 1465 2465 igitur
1493 2395 1686 2450 metiri
1714 2395 1965 2466 poterit?
1998 2397 2060 2450 Et

359 2483 632 2539 metimur
662 2487 856 2536 tamen
884 2487 1178 2554 tempora:
1211 2500 1314 2537 nec
1345 2500 1412 2538 ea
1451 2500 1581 2554 qua:
1610 2485 1868 2538 nondum
1901 2489 2056 2553 sunt,

361 2587 464 2627 nec
497 2587 562 2626 ea
593 2587 722 2642 qua:
745 2572 869 2642 jam
898 2587 1014 2625 non
1046 2575 1196 2638 sunt,
1229 2588 1332 2626 nec
1363 2587 1430 2626 ea
1450 2589 1579 2642 quae
1600 2573 1758 2626 nulla
1780 2589 1942 2627 mora
1973 2590 2060 2627 ex-

361 2660 695 2726 tenduntur,
720 2676 824 2713 nec
853 2676 918 2713 ea
947 2677 1077 2730 quae.
1107 2660 1382 2714 terminos
1411 2677 1526 2715 non
1564 2661 1808 2728 habent;
1838 2677 1940 2715 nec
1969 2661 2058 2714 fu-

362 2754 491 2804 tura
538 2764 696 2818 ergo,
727 2765 832 2802 nec
863 2748 1168 2819 praeterita,
1219 2764 1323 2802 nec
1351 2750 1678 2820 praesentia,
1721 2766 1790 2803 ne
1823 2755 2059 2821 prseter-

361 2838 554 2894 euntia
573 2843 837 2908 tempora
858 2837 1130 2892 metimur
1147 2879 1161 2906 ,
1185 2843 1241 2892 et
1263 2838 1536 2892 metimur
1557 2842 1750 2893 tamen
1774 2842 2056 2908 tempora.

434 2931 521 2982 35.
554 2930 691 2980 Deus
722 2932 932 2980 creator
966 2928 1234 2996 omnium;
1268 2943 1463 2980 versus
1511 2927 1614 2982 iste
1648 2932 1772 2981 octo
1817 2927 2059 2998 syllaba-

361 3030 511 3079 rum,
543 3013 810 3066 brevibus
841 3017 897 3067 et
923 3013 1110 3084 longis
1139 3014 1384 3068 alternat
1413 3014 1662 3085 syllabis.
1685 3014 1940 3078 Quatuor
1962 3015 2063 3068 ita-

359 3118 471 3172 que
490 3101 702 3165 breves;
719 3099 927 3170 prima,
955 3102 1354 3173 tertia,quinta
1370 3103 1660 3173 ,septima,
1689 3104 1910 3174 simple:
1932 3107 2063 3157 sunt

363 3190 434 3244 ad
454 3194 702 3260 quatuor
726 3191 953 3260 longas;
978 3191 1309 3256 secundam,
1335 3197 1620 3262 quartam,
1645 3197 1881 3258 sextam,
1913 3197 2062 3245 octa-

362 3298 512 3336 vam.
537 3284 634 3336 Hae
657 3281 895 3351 singulm
917 3281 988 3336 ad
1007 3282 1134 3335 illas
1155 3281 1409 3352 singulas
1426 3283 1665 3354 duplum
1683 3283 1894 3337 habent
1917 3288 2061 3337 tem-

363 3370 544 3441 poris;
573 3369 900 3440 pronuntio,
924 3369 1214 3432 renuntio,
1243 3375 1299 3423 et
1319 3370 1395 3423 ita
1416 3374 1499 3424 est
1515 3375 1794 3441 quantum
1823 3371 2064 3425 sentitur

364 3475 532 3513 sensu
549 3457 868 3512 manifesto.
890 3458 1178 3522 Quantum
1193 3474 1388 3512 sensus
1421 3459 1753 3513 manifestus
1765 3464 1869 3527 est,
1905 3460 2064 3514 brevi

363 3546 576 3616 syllaba
598 3546 826 3616 longam
853 3545 1079 3613 metior,
1099 3562 1342 3617 eamque
1359 3546 1568 3600 habere
1589 3546 1676 3600 bis
1696 3551 1921 3619 tantum
1933 3564 2064 3601 sen-

362 3635 465 3688 tio.
498 3634 604 3688 Sed
634 3649 765 3687 cum
787 3635 968 3689 altera
987 3639 1120 3705 post
1137 3636 1375 3688 alteram
1401 3640 1585 3702 sonat,
1610 3637 1655 3690 si
1670 3636 1834 3706 prior
1851 3636 2059 3703 brevis,

362 3723 535 3793 longa
553 3723 854 3792 posterior,
878 3724 1170 3794 quomodo
1194 3725 1401 3779 tenebo
1421 3724 1672 3794 brevem,
1694 3728 1748 3778 et
1769 3725 2061 3796 quomodo

365 3825 491 3862 eam
549 3811 735 3878 longa:
767 3810 1007 3862 metiens
1031 3811 1351 3881 applicabo,
1384 3817 1449 3865 ut
1476 3812 1764 3866 inveniam
1799 3813 1949 3884 quod
1976 3813 2064 3867 bis

365 3900 588 3949 tantum
618 3896 851 3959 habeat;
884 3898 1350 3967 quandoquidem
1369 3900 1539 3969 longa
1559 3917 1758 3955 sonare
1788 3917 1904 3955 non
1936 3901 2065 3955 inci-

363 3983 468 4052 pit,
501 3983 610 4036 nisi
641 3982 827 4036 brevis
856 4000 1056 4036 sonare
1090 3985 1407 4040 destiterit?
1449 3989 1635 4056 Ipsam
1681 4003 1907 4059 quoque
1939 3990 2062 4042 lon-

361 4087 494 4142 gam
525 4087 643 4125 non
672 4073 1273 4140 praesentemmetior,
1310 4075 1536 4145 quando
1565 4075 1676 4129 nisi
1701 4076 1925 4131 ﬁnitam
1947 4094 2062 4132 non

364 4160 585 4215 metior.
621 4160 752 4230 Ejus
799 4163 991 4214 autem
1022 4160 1227 4227 ﬁnitio,
1261 4163 1578 4232 praeteritio
1619 4169 1720 4219 est.
1749 4165 1894 4230 Quid
1926 4183 2062 4237 ergo

363 4254 448 4303 est
489 4249 641 4320 quod
687 4247 928 4302 metiar?
956 4249 1054 4304 ubi
1102 4256 1206 4316 est,
1240 4254 1394 4321 qua1
1433 4253 1660 4320 metior,
1693 4253 1922 4308 brevis?
1967 4255 2064 4309 ubi

362 4342 444 4392 est
465 4339 635 4408 longa
647 4353 822 4408 quam
839 4337 1046 4394 metior
1061 4340 1088 4393 ‘I
1105 4340 1303 4394 Ambae
1319 4347 1658 4412 sonuerunt,
1675 4343 2060 4410 avolaverunt,

366 4425 700 4496 praeterieru
709 4430 786 4488 nt,
794 4425 916 4496 jam
931 4443 1048 4480 non
1068 4431 1230 4495 sunt;
1251 4433 1304 4482 et
1317 4445 1422 4500 ego
1437 4431 1666 4498 metior,
1686 4432 2062 4504 ﬁdenterque,

367 4515 704 4585 respondeo,
755 4519 1035 4586 quantum
1075 4517 1373 4572 exercitato
1419 4535 1590 4574 sensu
1636 4521 1856 4590 ﬁditur,
1906 4521 2065 4578 illam

368 4601 633 4673 simplam
663 4619 804 4672 esse,
835 4603 993 4660 illam
1024 4605 1280 4677 duplam,
1310 4607 1368 4660 in
1393 4608 1574 4678 spatio
1607 4610 1820 4664 scilicet
1845 4614 2066 4682 tempo-

364 4689 458 4742 ris.
493 4691 683 4760 Neque
714 4691 821 4746 hoc
843 4709 1094 4762 possum,
1124 4694 1234 4748 nisi
1259 4695 1394 4766 quia
1424 4697 1826 4766 prasterierunt
1855 4705 1910 4753 et
1937 4699 2060 4754 ﬁni-

364 4782 438 4830 tae
463 4781 613 4831 sunt.
640 4778 760 4832 Non
793 4796 929 4850 ergo
960 4781 1112 4851 ipsas
1143 4799 1271 4854 quae
1285 4784 1405 4853 jam
1434 4789 1712 4853 nonsunt,
1729 4786 1828 4841 sed
1845 4788 2062 4860 aliquid

365 4865 426 4920 in
458 4865 733 4918 memoria
758 4883 886 4921 mea
914 4870 1124 4924 metior
1151 4873 1304 4943 quod
1334 4873 1572 4928 inﬁxum
1599 4880 1815 4929 manet.

437 4956 525 5008 36.
558 4953 620 5008 In
649 4957 726 5022 te,
758 4955 944 5010 anime
975 4975 1159 5026 meus,
1192 4965 1456 5032 tempora
1485 4962 1721 5033 metior;
1760 4964 1881 5019 noli
1919 4964 2064 5020 mihi

366 5043 728 5112 obstrepere:
778 5045 930 5112 quod
962 5051 1064 5108 est,
1115 5048 1239 5102 Noli
1268 5050 1373 5104 tibi
1400 5051 1723 5122 obstrepere
1766 5052 1950 5106 turbis
1981 5053 2063 5107 af-

364 5131 677 5186 fectionum
718 5135 967 5188 tuarum.
1003 5136 1065 5188 In
1114 5141 1188 5196 te,
1213 5137 1465 5210 inquam,
1512 5145 1772 5211 tempora
1815 5141 2053 5208 metior;

369 5219 727 5275 affectionem
779 5237 953 5291 quam
1005 5239 1096 5277 res
1123 5232 1532 5295 prmtereuntes
1562 5229 1621 5283 in
1650 5234 1705 5284 te
1734 5229 1969 5296 faciunt,
2008 5236 2065 5285 et

366 5324 496 5363 cum
542 5309 656 5364 illa:
699 5310 1081 5381 praeterierint
1123 5320 1339 5383 manet,
1372 5317 1555 5388 ipsam
1581 5317 1788 5373 metior
1813 5335 2061 5390 praesen-

428 5408 443 5440 ι
482 5406 604 5454 Lov.
629 5411 684 5474 et
705 5406 1028 5474 antiquiores
1041 5408 1325 5474 editiones.
1344 5424 1511 5474 quam
1526 5416 1734 5474 metior;
1757 5414 1850 5463 sed
1874 5414 2062 5464 melius

367 5467 627 5540 Anapum
640 5468 760 5516 Mss.
777 5467 891 5532 qua
907 5484 918 5527 ;
933 5469 1108 5540 statim
1125 5471 1316 5534 quippe
1329 5467 1530 5524 dixerat
1570 5467 1895 5540 Augustinus
1917 5476 2062 5526 brevi

367 5528 565 5592 syllaba
597 5528 807 5594 longam
840 5545 896 5580 se
925 5531 1116 5581 metiri.

1543 239 2078 296 CONFESSIONUM
2259 237 2664 294 AUGUSTINI.
3760 237 3857 290 8‘5

2162 365 2300 427 tem,
2335 375 2452 414 non
2483 375 2576 413 eas
2615 375 2744 430 qua:
2773 357 3178 430 praeterierunt
3208 360 3271 411 ut
3297 356 3492 420 ﬁeret;
3518 357 3700 427 ipsam
3733 371 3861 410 me-

2162 448 2293 514 tior,
2343 464 2475 502 cum
2517 452 2779 518 tempora
2820 445 3046 501 metior.
3100 446 3245 516 Ergo
3277 449 3378 499 aut
3406 444 3530 516 ipsa
3554 449 3688 499 sunt
3715 449 3863 498 tem-

2163 553 2323 608 pora,
2373 541 2474 592 aut
2514 553 2632 591 non
2680 540 2944 606 tempora
2992 534 3217 589 metior.
3251 533 3399 598 Quid
3428 549 3558 588 cum
3587 533 3866 588 metimur

2162 625 2407 692 silentia,
2446 630 2504 680 et
2552 623 2796 680 dicimus
2824 623 2968 678 illud
3020 622 3316 677 silentium
3346 626 3569 676 tantum
3608 621 3868 676 tenuisse

2161 713 2452 785 temporis,
2500 717 2776 785 quantum
2813 712 2909 765 illa
2937 727 3044 766 vox
3072 711 3295 766 tenuit?
3327 711 3522 765 Nonne
3561 710 3868 781 cogitatio-

2163 818 2297 858 nem
2325 802 2616 857 tendimus
2655 802 2724 855 ad
2756 816 3085 855 mensuram
3116 799 3293 866 vocis,
3325 799 3489 870 quasi
3518 803 3775 863 sonaret,
3816 805 3874 852 ut

2163 891 2380 964 aliquid
2430 893 2501 946 de
2547 889 2860 945 intervallis
2890 889 3252 944 silentiorum
3282 888 3344 942 in
3369 888 3552 959 spatio
3590 887 3874 959 temporis

2165 980 2494 1035 renuntiare
2519 978 2843 1051 possimus?
2863 979 3005 1032 Nam
3029 984 3086 1032 et
3113 993 3250 1034 voce
3268 983 3440 1048 atque
3465 993 3563 1031 ore
3586 982 3872 1040 cessante,

2164 1069 2494 1141 peragimus
2522 1067 2829 1138 cogitando
2859 1067 3130 1134 carmina,
3163 1072 3223 1122 et
3265 1083 3461 1120 versus
3493 1071 3548 1120 et
3576 1083 3874 1138 quemque

2165 1173 2511 1224 sermonem,
2533 1157 2973 1228 motionumque
2991 1156 3380 1230 dimensiones
3397 1155 3697 1226 quaslibet,
3717 1160 3788 1209 et
3809 1156 3874 1209 de

2166 1247 2364 1317 spatiis
2382 1252 2732 1317 temporum,
2752 1251 3031 1316 quantum
3056 1245 3198 1299 illud
3215 1245 3286 1298 ad
3305 1244 3444 1298 illud
3476 1243 3549 1299 sit
3578 1244 3874 1299 renuntia-

2167 1351 2316 1402 mus,
2363 1351 2480 1389 non
2527 1335 2696 1389 aliter
2740 1351 2806 1389 ac
2844 1334 2890 1388 si
2919 1351 2986 1388 ea
3014 1333 3270 1388 sonando
3303 1332 3641 1387 diceremus.
3677 1333 3734 1388 Si
3777 1349 3874 1386 vo-

2168 1424 2341 1478 luerit
2379 1423 2582 1494 aliquis
2615 1423 2782 1478 edere
2825 1422 3241 1493 longiusculam
3288 1437 3506 1482 vocem,
3553 1425 3610 1475 et
3651 1422 3874 1475 consti-

2168 1511 2343 1566 tuerit
2388 1511 2840 1583 praemeditando
2869 1527 3042 1582 quam
3064 1511 3233 1580 longa
3263 1510 3456 1564 futura
3472 1509 3582 1578 sit;
3616 1510 3728 1580 egit
3765 1511 3876 1564 nti-

2170 1616 2280 1670 que
2325 1599 2432 1654 iste
2475 1598 2726 1671 spatium
2758 1598 3032 1669 temporis
3069 1597 3132 1651 in
3175 1597 3406 1651 silentio
3456 1598 3875 1670 memoriaeque

2169 1689 2578 1743 commendans
2623 1687 2795 1758 cmpit
2841 1687 3008 1742 edere
3054 1687 3214 1741 illam
3260 1702 3460 1740 vocem
3505 1703 3634 1758 qua:
3684 1693 3874 1753 sonat,

2170 1779 2349 1832 donec
2377 1777 2449 1831 ad
2479 1776 2840 1848 propositum
2863 1775 3178 1830 terminum
3210 1775 3589 1846 perducatur;
3622 1775 3738 1829 imo
3782 1793 3874 1830 so-

2171 1867 2296 1921 nuit
2325 1871 2383 1922 et
2408 1865 2662 1931 sonabit;
2695 1881 2830 1919 nam
2857 1864 3007 1936 quod
3028 1865 3152 1934 ejus
3170 1864 3287 1934 jam
3308 1870 3607 1934 peractum
3630 1869 3733 1929 est,
3764 1864 3877 1918 uti~

2171 1972 2281 2027 que
2321 1955 2541 2019 sonuit;
2586 1953 2740 2025 quod
2790 1960 2982 2007 autem
3029 1957 3224 2019 restat,
3275 1952 3524 2006 sonabit:
3575 1958 3746 2023 atque
3797 1953 3874 2006 ita

2170 2044 2483 2115 peragitur,
2517 2043 2654 2097 dum
2702 2057 2951 2112 praesens
2981 2040 3225 2095 intentio
3272 2040 3529 2094 futurum
3561 2040 3618 2093 in
3662 2047 3872 2110 prete—

2173 2132 2346 2184 ritum
2370 2130 2600 2201 trajicit,
2625 2129 3007 2184 diminutione
3036 2127 3218 2183 futuri
3246 2134 3531 2182 crescente
3558 2131 3870 2199 praeterito,

2171 2219 2350 2275 donec
2380 2217 2816 2290 consumptione
2848 2217 3026 2272 futuri
3057 2217 3130 2271 sit
3160 2221 3344 2272 totum
3373 2217 3753 2288 praeteritum.

2773 2308 2999 2362 CAPUT
3029 2307 3264 2360 XXVIII.

2638 2397 2837 2450 Animo
2865 2398 3117 2451 metimur
3145 2400 3406 2464 tempora.

2243 2488 2328 2539 37.
2351 2484 2461 2539 Sed
2483 2483 2766 2554 quomodo
2788 2483 3070 2538 minuitur
3082 2487 3181 2536 aut
3203 2482 3580 2538 comsumitur
3591 2484 3872 2552 futurum,

2171 2572 2324 2643 quod
2363 2572 2622 2626 nondum
2651 2573 2776 2626 est?
2823 2577 2923 2626 aut
2950 2571 3245 2643 quomodo
3278 2571 3477 2626 crescit
3513 2572 3872 2642 prasteritum

2171 2661 2326 2732 quod
2356 2662 2477 2731 jam
2507 2677 2623 2714 non
2653 2665 2753 2727 est,
2799 2659 2910 2714 nisi
2938 2660 3075 2731 quia
3104 2659 3164 2713 in
3199 2659 3390 2714 animo
3445 2659 3548 2731 qui
3576 2660 3717 2716 illud
3756 2662 3872 2730 agit

2170 2748 2281 2802 tria
2309 2750 2482 2803 sunt?
2509 2749 2650 2802 Nam
2673 2752 2732 2802 et
2761 2752 3050 2818 exspectat
3078 2752 3135 2802 et
3154 2748 3392 2802 attendit
3421 2754 3478 2802 et
3505 2748 3786 2814 meminit,
3809 2755 3872 2802 ut

2171 2837 2226 2891 id
2257 2837 2410 2908 quod
2441 2840 2744 2907 exspectat.
2771 2853 2874 2908 per
2903 2837 2963 2891 id
2985 2836 3140 2908 quod
3170 2836 3434 2903 attendit,
3458 2841 3714 2892 transeat
3736 2838 3790 2891 in
3811 2838 3866 2891 id

2173 2926 2324 2996 quod
2338 2925 2683 2979 meminerit.
2707 2925 2842 2989 Quis
2856 2925 3034 2995 igitur
3048 2931 3219 2996 negat
3231 2926 3423 2980 futura
3435 2926 3699 2980 nondum
3712 2942 3826 2981 esse
3841 2926 3868 2978 ?

2172 3014 2281 3068 Sed
2318 3017 2512 3068 tamen
2554 3015 2676 3085 jam
2725 3018 2812 3068 est
2847 3013 2909 3067 in
2943 3014 3135 3068 animo
3167 3014 3484 3084 expectatio
3524 3015 3865 3069 futurorum.

2174 3104 2239 3156 Et
2286 3104 2414 3174 quis
2462 3107 2634 3174 negat
2679 3103 2971 3174 praeterita
3001 3103 3124 3172 jam
3173 3119 3290 3156 non
3339 3103 3497 3158 esse?
3526 3102 3639 3158 Sed
3684 3109 3865 3158 tamen

2173 3191 2356 3245 adhuc
2385 3195 2469 3244 est
2519 3191 2580 3244 in
2629 3190 2822 3258 animo
2853 3190 3136 3244 memoria
3163 3191 3613 3262 prasteritorum.
3659 3193 3723 3246 Et
3750 3191 3868 3263 quis

2171 3285 2344 3350 negat
2389 3295 2642 3350 praesens
2672 3284 2899 3350 tempus
2929 3295 3122 3334 carere
3165 3279 3371 3350 spatio,
3410 3280 3547 3351 quia
3572 3280 3635 3334 in
3661 3286 3864 3352 puncto

2171 3368 2470 3438 praeterit?
2498 3367 2607 3423 Sed
2628 3373 2819 3422 tamen
2846 3368 3119 3438 perdurat
3150 3368 3390 3422 attentio
3420 3385 3525 3439 per
3546 3385 3726 3440 quam
3748 3386 3864 3440 per-

2169 3460 2266 3526 gat
2289 3455 2307 3489 ¹
2341 3457 2532 3510 abesse
2575 3455 2727 3527 quod
2756 3456 2958 3510 aderit.
2992 3457 3118 3510 Non
3145 3455 3326 3528 igitur
3369 3457 3610 3528 longum
3651 3463 3865 3528 tempus

2173 3546 2428 3599 futurum
2459 3545 2615 3616 quod
2654 3561 2770 3599 non
2816 3548 2918 3612 est,
2960 3544 3058 3598 sed
3086 3544 3324 3616 longum
3374 3545 3640 3600 futurum
3701 3547 3860 3616 longa

2171 3633 2516 3705 exspectatio
2538 3632 2716 3688 futuri
2732 3638 2816 3688 est
2839 3650 2851 3700 ;
2885 3649 3070 3704 neque
3092 3633 3331 3705 longum
3353 3635 3721 3704 praeteritum
3741 3641 3861 3690 tem-

2172 3740 2281 3794 pus
2312 3723 2464 3794 quod
2497 3739 2614 3776 non
2640 3726 2748 3789 est,
2781 3722 2875 3777 sed
2911 3723 3150 3793 longum
3175 3723 3536 3794 praeteritum
3559 3725 3742 3796 longa
3763 3741 3855 3780 me-

2173 3812 2356 3866 moria
2383 3811 2656 3882 praateriti
2686 3815 2790 3866 est.

2246 3904 2330 3956 38.
2381 3901 2646 3956 Dicturus
2691 3917 2820 3955 sum
2846 3901 3130 3956 canticum
3163 3901 3316 3972 quod
3353 3901 3520 3956 novi:
3568 3907 3860 3975 antequam

2174 3989 2459 4060 incipiam,
2493 3989 2553 4043 in
2573 3993 2757 4044 totum
2787 3990 3129 4060 exspectatio
3154 4006 3279 4044 mea
3311 3991 3603 4058 tenditur;
3627 4008 3755 4048 cum
3781 4007 3861 4045 au-

2171 4083 2290 4132 tem
2318 4093 2563 4148 coepero,
2596 4080 2874 4147 quantum
2900 4093 2969 4131 ex
3001 4077 3099 4131 illa
3123 4075 3146 4110 ²
3191 4077 3252 4131 in
3285 4079 3646 4148 praeteritum
3675 4080 3859 4134 decer-

2173 4182 2358 4237 psero,
2409 4165 2661 4220 tenditur
2692 4165 2752 4219 in
2802 4166 3080 4220 memoria
3110 4182 3266 4221 mea:
3320 4172 3492 4239 atque
3533 4167 3861 4224 distenditur

2172 4255 2286 4309 vita
2312 4254 2482 4325 hujus
2513 4253 2752 4308 actionis
2781 4271 2924 4309 mea:
2957 4255 3016 4309 in
3057 4255 3416 4322 memoriam,
3449 4263 3690 4328 prOpter
3717 4255 3858 4328 quod

2173 4343 2321 4411 dixi;
2367 4347 2424 4398 et
2464 4342 2525 4396 in
2572 4343 3074 4414 exspectationem,
3129 4349 3366 4416 propter
3421 4346 3579 4416 quod
3622 4346 3860 4400 dicturus

2174 4448 2327 4486 sum:
2371 4447 2626 4501 praesens
2663 4436 2857 4485 tamen
2905 4432 3064 4487 adest
3110 4431 3346 4486 attentio
3388 4449 3538 4496 mea,
3570 4451 3674 4504 per
3701 4448 3857 4502 quam

2173 4519 2490 4591 trajiciatur
2515 4520 2665 4590 quod
2689 4524 2811 4574 erat
2827 4520 3086 4576 futurum
3106 4525 3171 4576 ut
3191 4522 3292 4576 ﬁat
3308 4522 3685 4592 praeteritum.
3711 4519 3858 4586 Quod

2174 4613 2388 4680 quanto
2408 4607 2590 4679 magis
2609 4608 2800 4679 agitur
2819 4613 2876 4663 et
2897 4609 3110 4680 agitur,
3134 4614 3292 4665 tanto
3313 4609 3572 4665 breviata
3592 4613 3858 4681 exspecta-

2172 4699 2325 4752 tione
2360 4697 2736 4768 prolongatur
2783 4698 3092 4766 memoria;
3138 4699 3320 4754 donec
3368 4703 3489 4753 tota
3533 4697 3859 4769 exspectatio

2173 4791 2563 4854 consumatur,
2604 4801 2736 4840 cum
2773 4789 2892 4840 tota
2939 4787 3038 4840 illa
3085 4787 3230 4842 actio
3274 4787 3437 4842 ﬁnita
3483 4786 3768 4842 transierit
3805 4785 3860 4837 in

2172 4874 2532 4929 memoriam.
2583 4875 2649 4928 Et
2697 4875 2850 4946 quod
2890 4875 2948 4928 in
2979 4880 3096 4930 toto
3127 4876 3368 4945 cantico,
3400 4877 3509 4931 hoc
3541 4876 3601 4930 in
3635 4874 3856 4946 singulis

2173 4963 2464 5036 particulis
2494 4964 2616 5034 ejus
2645 4963 2730 5028 fit,
2772 4968 2942 5034 atque
2971 4963 3031 5018 in
3056 4964 3296 5035 singulis
3326 4965 3555 5036 syllabis
3586 4965 3732 5035 ejus;
3761 4964 3856 5017 hoc

2172 5053 2232 5106 in
2262 5050 2482 5106 actione
2514 5050 2793 5124 longiore,
2827 5053 2988 5122 cujus
3008 5051 3149 5106 forte
3171 5052 3451 5123 particula
3468 5059 3555 5107 est
3579 5053 3715 5108 illud
3736 5066 3853 5104 can-

2172 5141 2376 5206 ticum;
2428 5141 2534 5194 hoc
2581 5139 2641 5194 in
2685 5144 2805 5194 tota
2835 5140 2948 5194 vita
2987 5139 3262 5207 hominis,
3313 5142 3478 5212 cujus
3509 5147 3699 5213 partes
3740 5143 3854 5193 sunt

2241 5231 2253 5256 '
2285 5229 2343 5277 ln
2376 5228 2522 5299 prius
2549 5227 2722 5299 editis,
2750 5231 2973 5299 peragat
3003 5229 3183 5280 abesse
3214 5228 3569 5299 quodpaderit.
3607 5229 3780 5280 Melius
3809 5226 3852 5299 in

2173 5291 2530 5361 Mss.,_pergat
2551 5290 2762 5361 abesse;
2783 5291 2837 5338 id
2870 5296 2966 5349 est,
2999 5305 3091 5354 per
3121 5290 3278 5355 quam
3310 5293 3656 5342 attentionem
3681 5290 3855 5402 lpergat

2175 5356 2395 5401 transire
2428 5366 2480 5400 in
2500 5353 3666 5402 nraaterntummuodestfuturum.—Mart.et
3723 5366 3786 5401 on
3823 5384 3853 5402 ..

2175 5353 2480 5428 transirem
2500 5353 2845 5428 prasteritum,
2859 5353 3355 5428 quod’estfuturum.
3374 5357 3596 5404 —Mart.
3615 5360 3666 5404 et
3681 5353 3786 5402 Bon

2171 5418 2366 5490 pergat
2394 5414 2568 5488 adesse
2596 5413 2732 5476 quod
2755 5413 2947 5466 aberit.
3052 5417 3120 5464 M.

2174 5475 2748 5588 ωἷέιξίῖἐξοιιιχὶῗὲὶτ.
2766 5476 2899 5526 Ven.
2918 5478 3064 5540 Lugd
3077 5516 3088 5527 .
3109 5478 3310 5528 Somm.
3329 5479 3463 5534 Dub.
3483 5477 3619 5588 Flpr.
3637 5481 3686 5526 et
3701 5471 3849 5525 Rond.

2174 5551 2293 5587 cum
2323 5551 2347 5588 ⁷1
2371 5551 2496 5586 ωδε.
2596 5551 2661 5586 Μ.
3538 5574 3550 5588 .
