4022 6176
118 267 218 319 825

120 398 315 437 omnes
343 378 593 435 actiones
618 378 903 445 hominis;
928 378 1036 433 hoc
1068 379 1124 433 in
1164 384 1287 435 toto
1319 380 1526 435 saeculo
1558 381 1811 436 ﬁliorum

120 470 432 535 hominum,
464 467 626 539 cujus
656 470 847 539 partes
877 471 1010 522 sunt
1037 484 1237 523 omnes
1266 468 1395 522 vitae
1417 468 1737 525 hominum.

741 574 964 629 CAPUT
1002 576 1177 629 XXIX.

205 668 266 719 Se
294 667 350 717 in
377 663 698 731 temporalia
728 663 1024 717 distentum
1062 666 1209 732 cupit
1239 665 1298 717 in
1328 667 1490 718 Deum
1518 666 1718 732 colligi.

187 777 267 823 39.
303 769 409 824 Sed
438 769 715 839 quoniam
754 766 957 822 melior
988 774 1073 822 est
1104 769 1487 824 misericordia
1515 775 1611 824 tua
1641 786 1811 841 super

119 861 250 912 vitas
279 859 443 927 (Psal.
494 874 626 923 Lxu,
671 858 748 926 4),
797 874 922 911 ecce
971 858 1241 912 distentio
1285 863 1369 912 est
1413 859 1526 913 vita
1574 876 1720 926 mea,
1754 864 1811 913 et

123 965 206 1001 me
235 945 481 1016 suscepit
510 946 742 1000 dextera
770 950 870 1000 tua
890 946 950 1000 in
973 946 1214 1001 Domino
1244 963 1372 1001 meo
1394 948 1703 1002 mediatore
1719 949 1804 1001 Fi-

122 1038 189 1091 lio
218 1035 468 1090 hominis
498 1034 649 1088 inter
688 1040 740 1089 te
774 1051 956 1089 unum
1008 1040 1067 1089 et
1108 1052 1212 1089 nos
1244 1037 1473 1103 multos,
1518 1036 1578 1091 in
1614 1036 1810 1090 multis

119 1140 215 1195 per
243 1123 442 1189 multa,
473 1128 539 1176 ut
568 1139 671 1193 per
702 1139 833 1176 eum
887 1125 1315 1194 apprehendam
1369 1126 1428 1179 in
1460 1142 1572 1196 quo
1618 1132 1672 1179 et
1701 1141 1808 1195 ap-

120 1212 422 1283 prehensus
453 1228 603 1280 sum,
636 1216 691 1265 et
719 1228 753 1264 a
775 1212 1059 1266 veteribus
1080 1213 1280 1268 diebus
1308 1214 1545 1283 colligar
1565 1230 1809 1284 sequens

122 1316 306 1361 unum,
341 1300 637 1369 prmterita
683 1300 926 1367 oblitus;
979 1318 1095 1355 non
1143 1300 1202 1355 in
1247 1318 1313 1356 ea
1359 1319 1486 1373 quin
1536 1303 1725 1356 futura
1755 1306 1810 1355 et

121 1388 411 1443 transitura
443 1394 597 1450 sunt,
630 1389 725 1442 sed
760 1388 818 1441 in
850 1405 916 1442 ea
946 1406 1074 1460 qua)
1104 1395 1236 1444 ante
1268 1395 1418 1457 sunt,
1450 1407 1567 1444 non
1598 1390 1808 1444 disten-

122 1484 220 1543 tus,
252 1477 345 1531 sed
379 1476 713 1542 extentus‘,
752 1494 868 1530 non
901 1479 1213 1532 secundum
1247 1478 1679 1546 distentionem,
1711 1480 1808 1532 sed

123 1566 415 1619 secundum
452 1565 833 1619 intentionem
876 1583 1088 1637 sequor
1134 1568 1203 1620 ad
1246 1568 1497 1637 palmam
1544 1584 1807 1637 superum

122 1653 413 1707 vocationis
456 1655 716 1723 (Philipp.
761 1671 841 1719 in,
880 1658 963 1720 l3,
1016 1656 1135 1723 lii);
1188 1655 1288 1709 ubi
1338 1656 1567 1710 audiam
1614 1672 1807 1710 vocem

126 1740 288 1795 laudis
321 1746 454 1807 tute,
490 1745 546 1794 et
594 1743 951 1811 contempler
1003 1742 1439 1797 delectationem
1485 1749 1662 1808 tuam,
1707 1761 1809 1798 nec

123 1830 446 1895 venientem,
498 1847 600 1883 nec
655 1836 1121 1899 praetereuntem.
1174 1834 1335 1886 Nunc
1367 1850 1499 1887 vero
1530 1834 1663 1885 anni
1695 1834 1808 1887 mei

127 1919 174 1970 in
205 1919 523 1989 gemitibus.
559 1920 622 1972 Et
653 1923 714 1972 tu
758 1920 1027 1973 solatium
1083 1936 1295 1984 meum,
1352 1922 1610 1989 Domine,
1649 1928 1811 1992 pater

127 2023 269 2061 meus
296 2012 545 2061 internus
575 2024 634 2061 es
664 2024 675 2061 :
712 2011 767 2060 at
799 2024 906 2078 ego
940 2010 997 2061 in
1025 2014 1287 2079 tempora
1319 2010 1537 2063 dissilui
1583 2011 1623 2076 ’,
1658 2028 1806 2081 quo—

126 2112 239 2149 rum
269 2096 527 2149 ordinem
556 2096 745 2150 nescio
771 2116 785 2161 ;
828 2102 885 2151 et
923 2098 1287 2152 tumultuosis
1314 2099 1677 2152 varietatibus
1723 2100 1807 2153 di-

129 2184 391 2237 laniantur
439 2185 817 2255 cogitationes
867 2202 1032 2252 meae,
1086 2186 1284 2240 intima
1342 2187 1554 2241 viscera
1602 2188 1807 2242 animas

129 2288 272 2339 mete,
303 2273 485 2326 donec
511 2273 570 2327 in
600 2278 655 2329 te
684 2274 973 2328 contluam
1008 2280 1285 2346 purgatus
1315 2280 1370 2329 et
1398 2276 1650 2346 liquidus
1677 2276 1808 2347 igne

131 2361 314 2414 amoris
342 2361 444 2414 tui.

755 2450 981 2504 CAPUT
1015 2453 1160 2505 XXX.

137 2540 374 2603 Coarguit
406 2552 633 2592 rursum
679 2539 1051 2606 obtrectantes,
1100 2538 1235 2608 quid
1272 2543 1461 2608 fecerit
1509 2545 1644 2597 Deus
1687 2546 1811 2596 ante

675 2628 872 2680 mundi
902 2630 1243 2683 creationem.

190 2732 267 2786 40.
300 2733 359 2785 Et
388 2732 555 2786 stabo
588 2736 755 2803 atque
785 2733 1070 2788 solidabor
1107 2734 1169 2787 in
1194 2740 1269 2801 te,
1318 2734 1380 2788 in
1431 2736 1617 2789 forma
1660 2752 1807 2803 mea,

134 2820 339 2873 veritate
385 2823 531 2887 tua;
575 2837 678 2874 nec
722 2821 911 2891 patiar
950 2822 1294 2892 quaestiones
1337 2822 1659 2890 hominum,
1712 2823 1810 2895 qui

135 2909 317 2977 pcenali
346 2910 555 2963 morbo
586 2909 713 2979 plus
742 2909 946 2963 sitiunt
995 2926 1167 2980 quam
1217 2910 1450 2981 capiunt
1506 2916 1561 2965 et
1592 2911 1807 2978 dicunt,

135 2997 257 3059 Quid
288 2998 532 3052 faciebat
585 2999 732 3052 Deus
767 3004 1077 3070 antequam
1108 2999 1315 3053 faceret
1342 3000 1547 3054 caelum
1588 3004 1643 3054 et
1689 3005 1809 3054 ter-

133 3088 276 3139 ram?
301 3091 408 3141 Aut
435 3086 589 3158 quid
619 3088 669 3140 ei
702 3088 854 3141 venit
890 3087 947 3140 in
998 3092 1273 3148 mentem,
1309 3094 1372 3142 ut
1406 3088 1625 3159 aliquid
1660 3090 1808 3143 face-

137 3179 221 3241 ret,
249 3192 367 3229 cum
398 3179 577 3229 antea
606 3176 1135 3246 nunquam'aliquid
1168 3177 1410 3231 fecerit?
1442 3179 1519 3230 Da
1542 3176 1675 3243 illis,
1706 3178 1808 3231 Do-

138 3262 284 3329 mine,
325 3263 481 3318 bene
521 3263 769 3333 cogitare
812 3264 949 3335 quid
992 3264 1201 3329 dicant,
1251 3268 1306 3319 et
1352 3264 1605 3320 invenire
1664 3266 1801 3337 quia

136 3366 229 3404 non
256 3351 475 3419 dicitur,
535 3353 864 3423 Nunquam,
924 3352 1023 3406 ubi
1050 3368 1170 3406 non
1209 3358 1293 3407 est
1320 3356 1566 3424 tempus.
1600 3354 1758 3418 Quod
1789 3358 1809 3389 ³

144 3456 254 3509 ergo
279 3441 501 3510 dicitur,
536 3457 837 3512 nunquam
862 3441 1081 3509 fecisse,
1116 3442 1253 3513 quid
1276 3442 1432 3497 aliud
1462 3441 1670 3497 dicitur
1698 3442 1808 3497 nisi

194 3567 203 3596 ¹
233 3563 305 3611 Sic
331 3566 444 3613 Mss.
468 3580 479 3612 :
515 3568 571 3613 at
600 3564 752 3621 Edd.,
788 3566 1041 3614 intentus.

191 3627 206 3658 ε
232 3626 339 3674 Mss.
362 3628 585 3689 Benign.
616 3626 771 3675 Corb.
806 3632 857 3674 et
887 3627 973 3674 alii
1000 3640 1105 3674 non
1133 3626 1434 3682 deteriores,
1470 3625 1713 3677 dissolui.

192 3690 208 3718 ³
235 3688 609 3750 ΟτιωιικιιίΕΓ.
638 3690 769 3737 Ven.
789 3690 955 3750 Lugd.
974 3690 1122 3738 Mart.
1151 3694 1202 3737 et
1226 3689 1397 3737 llond.
1421 3704 1538 3737 cum
1563 3694 1588 3738 8
1609 3691 1805 3740 Mss.M.

1490 259 1701 316 LIBER
1758 256 2237 315 DUODECIMUS.

3518 269 3620 321 8‘26

1921 381 2078 435 nullo
2108 386 2365 452 tempore
2392 380 2592 436 fecisse
2610 381 2637 435 Ἰ
2669 381 2908 437 Videant
2927 382 3120 453 itaque
3137 385 3359 440 nullum
3392 390 3618 458 tempus

1919 487 2039 525 esse
2069 487 2234 542 posse
2262 470 2386 525 sine
2419 476 2699 538 creatura,
2728 478 2783 526 et
2809 474 3075 528 desinant
3102 474 3271 529 istam
3311 476 3616 532 vanitatem

1919 557 2102 628 loqui.
2142 558 2531 612 Extendantur
2560 559 2733 612 etiam
2759 559 2821 613 in
2847 576 2911 613 ea
2938 577 3067 631 quae
3094 567 3226 615 ante
3257 567 3409 630 sunt,
3438 568 3494 617 et
3523 563 3615 617 in-

1918 643 2180 715 telligant
2207 650 2261 698 te
2302 649 2431 699 ante
2460 646 2652 700 omnia
2681 651 2942 717 tempora
2981 655 3262 704 aeternum
3294 652 3618 705 Creatorem

1918 733 2180 786 omnium
2210 737 2554 804 temporum,
2580 750 2766 805 neque
2796 736 2912 790 ulla
2935 742 3194 807 tempora
3226 739 3326 793 tibi
3355 755 3476 793 esse
3519 753 3612 793 co-

1920 827 2151 887 seterna,
2176 838 2282 875 nec
2316 823 2485 877 ullam
2520 828 2859 891 creaturam,
2892 825 3064 881 etiam
3095 826 3141 881 si
3180 834 3262 881 est
3292 828 3485 899 aliqua
3517 844 3617 883 su-

1917 926 2022 981 pra
2052 915 2334 981 tempora.

2555 998 2783 1055 CAPUT
2806 1003 2975 1057 XXXI.

2096 1097 2368 1161 Quomodo
2398 1101 2664 1165 cognoscit
2693 1102 2852 1168 Deus,
2876 1102 3137 1168 quomodo
3158 1108 3435 1157 creatura.

1987 1195 2075 1246 41.
2120 1193 2360 1247 Domine
2392 1195 2537 1247 Deus
2566 1211 2746 1264 meus,
2780 1197 2907 1266 quis
2952 1197 3045 1250 ille
3089 1198 3245 1252 sinus
3292 1203 3375 1253 est
3403 1198 3503 1253 alti
3529 1215 3617 1252 se-

1916 1280 2054 1333 creti
2086 1280 2190 1347 tui,
2226 1284 2283 1333 et
2321 1297 2493 1349 quam
2521 1283 2687 1352 longe
2716 1283 2847 1337 inde
2880 1301 2969 1337 me
3027 1287 3391 1356 projecerunt
3420 1304 3613 1341 conse-

1915 1367 2151 1438 quentia
2181 1368 2519 1423 delictorum
2566 1375 2873 1425 meorum?
2927 1373 3075 1427 Sana
3120 1376 3313 1428 oculos
3345 1392 3520 1441 meos,
3564 1379 3619 1428 et

1915 1457 2307 1526 congaudeam
2338 1457 2452 1511 luci
2476 1463 2607 1512 tuae.
2642 1460 2804 1513 Certe
2836 1459 2881 1512 si
2914 1468 2997 1514 est
3018 1468 3131 1515 tam
3155 1463 3357 1532 grandi
3385 1464 3618 1517 scientia

1917 1551 1974 1599 et
2001 1545 2361 1616 prmscientia
2389 1547 2611 1617 pollens
2644 1546 2889 1617 animus,
2924 1549 3016 1603 cui
3073 1555 3275 1604 cuncta
3325 1551 3622 1621 prmterita

1917 1636 1974 1689 et
2003 1634 2195 1688 futura
2227 1634 2305 1688 ita
2335 1640 2468 1688 nota
2491 1635 2626 1704 sint,
2658 1636 2801 1690 sicut
2828 1637 2969 1692 mihi
2998 1656 3179 1694 unum
3209 1640 3491 1694 canticum
3526 1657 3622 1694 no-

1915 1723 2199 1777 tissimum
2229 1742 2242 1789 ;
2277 1723 2521 1777 nimium
2562 1724 2841 1779 mirabilis
2875 1731 2959 1781 est
3001 1728 3229 1782 animus
3288 1728 3416 1793 iste,
3450 1734 3620 1798 atque

1916 1812 1987 1865 ad
2014 1813 2314 1865 horrorem
2344 1813 2657 1882 stupendus
2693 1831 2704 1867 :
2741 1816 2956 1884 quippe
2988 1833 3159 1886 quem
3190 1816 3269 1870 ita
3301 1833 3419 1870 non
3452 1818 3624 1871 lateat

1916 1899 2201 1971 quidquid
2231 1906 2548 1970 peractum,
2579 1907 2634 1955 et
2664 1902 2944 1973 quidquid
2960 1905 3249 1975 reliquum
3280 1906 3617 1959 saeculorum

1917 1992 2019 2054 est;
2044 1988 2529 2058 quemadmodum
2554 2006 2771 2043 menon
2795 1991 2931 2045 latet
2960 1996 3288 2047 cantantem
3316 1993 3459 2046 illud
3490 2009 3622 2046 can-

1918 2076 2113 2144 ticum,
2147 2076 2283 2147 quid
2314 2081 2370 2131 et
2400 2083 2680 2147 quantum
2710 2080 2831 2149 ejus
2862 2080 3064 2134 abierit
3094 2082 3163 2135 ab
3195 2082 3446 2147 exordio,
3480 2080 3620 2152 quid

1916 2169 1973 2218 et
2002 2170 2280 2235 quantum
2312 2170 2483 2219 restet
2507 2167 2577 2220 ad
2610 2166 2805 2221 ﬁnem.
2839 2168 2949 2221 Sed
2978 2168 3124 2222 absit
3157 2176 3216 2221 ut
3248 2173 3311 2222 tu
3356 2168 3617 2223 conditor

1917 2252 2329 2319 universitatis,
2361 2254 2627 2308 conditor
2657 2255 2979 2310 animarum
3010 2260 3065 2310 et
3115 2273 3445 2327 corporum,
3477 2257 3624 2311 absit

1918 2346 1979 2394 ut
2008 2341 2088 2395 ita
2117 2341 2343 2394 noveris
2377 2343 2569 2395 omnia
2596 2344 2790 2397 futura
2840 2349 2895 2398 et
2939 2346 3248 2415 praeterita.
3301 2346 3487 2416 Longe
3537 2351 3620 2411 tu,

1918 2429 2089 2500 longe
2121 2429 2462 2496 mirabilius,
2492 2430 2776 2502 longeque
2807 2431 3099 2487 secretius.
3126 2433 3320 2504 Neque
3343 2432 3497 2486 enim
3514 2432 3621 2486 sic-

1914 2522 1979 2570 ut
2028 2522 2162 2571 nota
2199 2518 2480 2571 cantantis
2524 2524 2798 2574 notumve
2845 2520 3134 2576 canticum
3165 2521 3475 2589 audientis,
3524 2537 3621 2576 ex-

1921 2605 2273 2676 spectatione
2303 2622 2509 2660 vocum
2538 2608 2863 2662 futurarum
2896 2614 2950 2662 et
2996 2609 3276 2663 memoria
3307 2609 3621 2680 praeterita-

1918 2711 2048 2749 rum
2079 2695 2334 2749 variatur
2363 2696 2615 2761 afi‘ectus,
2649 2713 2961 2767 sensusque
3001 2697 3371 2763 distenditur;
3409 2698 3487 2751 ita
3520 2698 3622 2752 tibi

1918 2782 2137 2854 aliquid
2170 2783 2372 2837 accidit
2400 2783 2949 2838 incommutabiliter
2968 2790 3205 2849 aeterno,
3239 2785 3345 2838 hoc
3367 2792 3470 2851 est,
3492 2801 3621 2839 vere

1918 2875 2133 2924 interno
2170 2871 2425 2925 Creatori
2453 2870 2766 2927 mentium.
2804 2871 2956 2926 Sicut
2988 2887 3124 2942 ergo
3156 2871 3301 2925 nosti
3330 2871 3392 2924 in
3408 2870 3619 2940 princi-

1916 2957 2011 3027 pio
2042 2958 2247 3012 cmlum
2279 2964 2335 3011 et
2365 2962 2575 3013 terram
2625 2959 2748 3013 sine
2781 2958 3054 3025 varietate
3102 2959 3322 3014 notitia:
3374 2964 3508 3025 tuae,
3542 2960 3621 3013 ita

1914 3046 2094 3100 fecisti
2122 3046 2182 3099 in
2202 3046 2486 3117 principio
2519 3048 2724 3101 coelum
2746 3052 2800 3101 et
2829 3052 3039 3104 terram
3062 3047 3183 3101 sine
3215 3045 3620 3115 distentione‘,

1914 3134 2153 3188 actionis
2201 3140 2336 3189 tuae.
2394 3135 2502 3199 Qui
2554 3135 2842 3205 intelligit,
2895 3138 3235 3191 conﬁteatur
3264 3136 3399 3202 tibi;
3435 3142 3491 3190 et
3522 3136 3621 3207 qui

1915 3240 2031 3277 non
2058 3223 2345 3295 intelligit,
2376 3224 2716 3278 conﬁteatur
2738 3225 2859 3279 tibi.
2894 3226 2936 3279 0
2960 3241 3133 3296 quam
3156 3225 3407 3279 excelsus
3438 3241 3517 3290 es,
3568 3229 3622 3278 ct

1913 3312 2160 3367 humiles
2190 3312 2363 3367 corde
2392 3317 2525 3368 sunt
2555 3313 2759 3367 domus
2786 3318 2883 3368 tua
2908 3318 2920 3367 !
2964 3316 3076 3368 Tus
3097 3314 3250 3368 enim
3282 3314 3424 3385 erigi
3454 3312 3620 3367 elisos

1916 3403 2078 3469 (Psal.
2107 3418 2260 3467 CXLV,
2292 3402 2365 3471 8),
2391 3406 2447 3456 et
2476 3418 2592 3456 non
2620 3402 2829 3456 cadunt
2859 3418 3107 3472 quorum
3137 3402 3410 3455 celsitudo
3443 3405 3506 3455 tu
3538 3418 3616 3455 es.

1977 3509 1989 3540 ¹
2027 3507 2085 3553 In
2114 3506 2341 3564 vulgatis
2364 3506 2633 3568 etaliquot
2654 3507 2797 3565 Mss,
2827 3506 2943 3555 sine
2971 3506 3303 3568 distinctione
3324 3520 3335 3565 ;
3356 3504 3474 3553 atin
3496 3505 3619 3553 Mss.

1914 3566 2153 3630 pluribus
2170 3573 2220 3616 et
2244 3568 2476 3616 melioris
2495 3566 2633 3616 notae
2659 3568 2901 3623 habetur,
2923 3571 3038 3630 sine
3056 3566 3415 3616 distentione:
3441 3580 3621 3614 conse-

1914 3629 2161 3690 quentius
2196 3644 2350 3691 porro
2381 3630 2447 3678 ad
2468 3630 2601 3677 illud
2631 3630 2769 3691 quod
2802 3629 3084 3691 praecedit:
3119 3642 3282 3691 neque
3304 3631 3441 3691 enim
3474 3631 3618 3691 sicut

1912 3689 2041 3741 nota
2062 3689 2399 3741 cantantis...
2426 3689 2666 3741 variatur
2695 3689 2923 3754 a/fectus
2961 3689 3252 3752 sensusque
3280 3689 3615 3744 distenditur,

1884 3823 2135 3830 __._,..__.__-

986 3912 1499 4036 LIBER
1613 3911 2746 4039 DUODECIMUS.

193 4090 1025 4163 Proseq_uitur_interpretationem
1048 4095 1267 4163 hujusce
1287 4096 1548 4152 versiculi,
1572 4098 1634 4146 In
1649 4096 1919 4159 principio
1946 4096 2070 4163 fecit
2097 4102 2236 4163 Deus
2250 4100 2435 4163 caelum
2462 4103 2513 4148 et
2528 4104 2747 4150 terram.
2774 4101 2884 4149 Illic
2903 4102 3115 4151 nomine
3134 4101 3253 4150 σεῖ’ιὶ
3273 4100 3617 4163 signiﬁcatam

147 4157 271 4209 putat
296 4156 615 4224 spiritualem
632 4156 714 4206 vel
742 4156 1154 4206 intellectualem
1180 4158 1325 4206 illam
1347 4156 1665 4224 creaturam;
1684 4172 1802 4221 qua:
1826 4156 2030 4224 semper
2050 4162 2234 4209 faciem
2258 4162 2347 4209 Dei
2371 4163 2789 4224 contemplatur;
2813 4167 2963 4212 terra
2985 4170 3162 4211 autem
3185 4156 3439 4211 vocabulo
3457 4160 3619 4224 infor-

148 4226 260 4261 mem
282 4220 566 4287 materiam,
584 4234 662 4287 ἐκ
685 4234 789 4287 qua
816 4233 1388 4287 rerum_corpore_arum
1418 4220 2097 4287 speciesfueruntpo‘stbac
2117 4224 2372 4287 formatae.
2406 4220 2598 4272 Verani
2624 4224 2752 4272 alias
2782 4226 3171 4287 interpretandi
3194 4225 3422 4272 rationes
3453 4221 3618 4270 haud-

146 4288 376 4340 quaquam
401 4281 785 4345 improbandas
812 4295 953 4341 esse;
988 4282 1093 4330 imo
1124 4295 1186 4331 ex
1220 4281 1503 4345 Scriptura:
1531 4282 1721 4333 divinae
1754 4281 2086 4345 profundiate
2112 4286 2456 4348 multiplicem
2488 4300 2641 4349 posse
2667 4287 2781 4335 erui
2808 4281 3021 4336 sensum
3047 4286 3342 4336 conﬁtetur.

1663 4407 2038 4419 —

679 4478 904 4534 CAPUT
946 4479 1241 4533 PRIMUM.

587 4612 851 4682 Difﬁcilis
881 4613 1164 4680 inquisitio
1184 4615 1324 4667 veri.

206 4742 241 4791 l.
267 4741 427 4796 Multa
455 4742 663 4813 satagit
693 4759 792 4797 cor
820 4759 1035 4809 meum,
1063 4744 1323 4810 Domine,
1384 4743 1443 4797 in
1475 4745 1581 4797 hac
1613 4743 1809 4813 inopia

146 4824 251 4880 vita:
276 4844 410 4884 mete
439 4832 729 4901 pulsatum
762 4830 950 4885 verbis
978 4836 1187 4885 sancta:
1228 4831 1536 4903 Scriptura:
1566 4836 1680 4885 tuae
1710 4850 1727 4885 :
1756 4836 1812 4885 et

146 4910 249 4966 ideo
273 4917 606 4989 plerumque
637 4919 697 4973 in
756 4935 1020 4973 sermone
1062 4918 1292 4990 copiosa
1343 4924 1400 4973 et
1457 4924 1673 4991 egestas
1702 4920 1807 4973 hu-

148 5008 771 5081 manaaiintelligentise;
832 5010 968 5082 quia
1025 5012 1153 5082 plus
1205 5010 1462 5080 loquitur
1515 5010 1809 5081 inquisitio

146 5105 289 5156 quam
316 5095 582 5160 inventio,
618 5103 673 5151 et
720 5098 949 5168 longior
978 5104 1064 5152 est
1093 5097 1296 5168 petitio
1331 5113 1505 5167 quam
1537 5097 1809 5166 impetra-

150 5176 225 5241 tio,
252 5187 302 5235 et
330 5187 618 5255 operosior
643 5192 726 5241 est
757 5203 962 5241 manus
982 5187 1217 5257 pulsans
1240 5202 1409 5256 quam
1427 5201 1676 5240 sumens.
1708 5186 1809 5239 Te-

149 5280 320 5323 nemus
348 5274 692 5342 promissum
719 5295 733 5343 ;
765 5275 894 5346 quis
916 5274 1394 5346 corrumpetillud
1411 5277 1438 5329 ?
1460 5274 1515 5327 Si
1539 5275 1685 5327 Deus
1713 5290 1811 5344 pro

153 5355 303 5419 nobis,
339 5363 463 5430 quis
508 5369 706 5417 contra
743 5380 847 5417 nos
888 5364 1065 5435 (Rom.
1111 5381 1206 5431 vn,
1243 5362 1382 5435 31)?
1421 5365 1608 5429 Petite,
1642 5367 1691 5415 et
1720 5379 1809 5415 ac-

153 5443 330 5509 σίΡίειίε
354 5465 366 5513 ;
390 5453 629 5518 quwrite,
663 5458 711 5507 et
736 5454 1020 5507 invenietis
1048 5470 1060 5517 ;
1089 5455 1319 5521 pulsate,
1349 5456 1397 5507 et
1427 5453 1699 5521 aperietur
1718 5468 1809 5505 υο-

156 5527 235 5583 ῢὶδ.
259 5534 429 5593 Omnis
456 5542 596 5594 enim
624 5543 721 5611 qui
742 5545 883 5611 petit
930 5544 1148 5613 accipit,
1197 5548 1248 5596 et
1290 5556 1531 5612 quaerens
1582 5542 1810 5611 invenit,

1918 4484 1967 4532 et
1989 4480 2238 4547 pulsanti
2264 4482 2539 4549 aperietur
2570 4482 2777 4549 (Matth.
2819 4496 2914 4547 vu,
2961 4483 3015 4540 7,
3052 4478 3124 4544 8).
3176 4474 3465 4529 Promissa
3522 4479 3617 4529 tua

1922 4569 2092 4633 sunt;
2122 4570 2178 4621 et
2202 4567 2331 4637 quis
2361 4565 2502 4634 falli,
2536 4567 2753 4634 timeat,
2786 4583 2916 4620 cum
2946 4563 3228 4636 promittit
3258 4562 3512 4616 Veritas?

2608 4656 2829 4710 CAPUT
2867 4655 2935 4706 Il.

2408 4748 2481 4799 De
2510 4744 2718 4813 duplici
2747 4744 2869 4796 cwlo
2899 4748 2948 4795 et
2971 4746 3135 4794 terra.

1993 4836 2043 4886 '2.
2081 4833 2396 4888 Conlitetur
2424 4831 2713 4885 altitudini
2742 4836 2850 4883 tua:
2881 4828 3174 4883 humilitas
3232 4826 3445 4899 linguae
3476 4844 3617 4881 mea).

1921 4921 2195 4992 quoniam
2241 4927 2301 4974 tu
2349 4920 2527 4974 fecisti
2578 4920 2781 4972 coelum
2844 4923 2899 4972 et
2960 4922 3210 4983 terram;
3259 4918 3369 4971 hoc
3412 4917 3616 4970 coelum

1922 5010 2075 5080 quod
2121 5010 2310 5078 video,
2354 5015 2679 5078 terramque
2733 5023 2906 5077 quam
2954 5006 3129 5070 calco,
3180 5006 3330 5059 unde
3388 5010 3471 5058 est
3498 5004 3619 5057 haec

1920 5105 2074 5152 terra
2097 5114 2269 5168 quam
2300 5102 2489 5167 porto,
2519 5103 2581 5150 tu
2609 5095 2810 5150 fecisti.
2836 5095 2945 5150 Sed
2977 5094 3074 5149 ubi
3103 5097 3187 5148 est
3235 5094 3439 5147 coelum
3466 5090 3614 5156 coali,

1923 5185 2184 5249 Domine,
2222 5186 2291 5238 de
2322 5201 2436 5255 quo
2482 5184 2803 5239 audivimus
2834 5183 2893 5238 in
2942 5198 3075 5237 voce
3131 5180 3341 5237 Psalmi
3377 5197 3389 5234 :
3423 5180 3616 5236 Casium

1920 5276 2038 5328 cwli
2066 5276 2320 5338 Domino;
2356 5279 2555 5327 terram
2580 5279 2757 5327 autem
2783 5274 2932 5327 dedit
2961 5274 3097 5343 ﬁliis
3144 5272 3417 5324 hominum
3447 5268 3612 5337 (Psal.

1920 5378 2068 5428 cxiii,
2104 5363 2233 5426 l6)?
2276 5362 2377 5415 Ubi
2419 5366 2505 5415 est
2550 5363 2756 5415 coelum
2808 5362 3119 5433 quodnon
3169 5357 3479 5424 cernimus,
3525 5355 3618 5408 cui

1921 5456 2073 5505 terra
2100 5456 2186 5503 est
2213 5450 2320 5504 hoc
2350 5467 2519 5505 omne
2550 5450 2703 5521 quod
2733 5451 3064 5504 cernimus?
3090 5449 3206 5501 Hoc
3243 5446 3399 5500 enim
3431 5448 3618 5499 totum

1920 5555 2280 5610 corporeum,
2326 5555 2446 5593 non
2488 5538 2701 5611 ubique
2743 5543 2927 5594 totum
2976 5536 3054 5591 ita
3104 5533 3319 5605 accepit
3370 5533 3619 5606 speciem
