4062 6188
347 272 447 322 827

350 391 644 463 pulchram
676 391 737 445 in
765 387 1109 452 novissimis,
1136 387 1298 458 cujus
1335 385 1589 442 *fundus
1619 388 1704 440 est
1748 388 1902 438 terra
1948 398 2048 437 no-

347 484 499 548 stra;
533 480 629 534 sed
678 479 749 534 ad
775 478 919 534 illud
948 477 1157 532 coelum
1205 475 1352 544 caeli,
1406 474 1579 528 etiam
1630 477 1800 528 terras
1834 476 2041 526 nostras

347 570 556 625 coelum
583 571 736 623 terra
766 572 870 622 est.
918 568 982 621 Et
1035 567 1141 620 hoc
1179 568 1489 634 utrumque
1536 577 1813 633 magnum
1840 578 2044 632 corpus

347 674 464 712 non
487 655 730 712 absurde
772 660 923 710 terra
973 659 1077 721 est,
1137 653 1209 707 ad
1234 652 1378 706 illud
1421 651 1610 706 nescio
1639 651 1808 722 quale
1837 651 2044 705 coelum

345 746 504 818 quod
535 745 776 800 Domino
808 748 908 811 est,
938 759 1058 797 non
1087 741 1222 796 filiis
1246 740 1568 796 hominum.

1007 848 1234 903 CAPUT
1283 847 1380 901 III.

663 938 811 1004 Quid
843 937 1068 992 tenebrae
1095 952 1258 1006 super
1284 938 1480 1003 faciem
1509 935 1718 1003 abyssi.

415 1040 466 1091 3.
501 1036 566 1090 Et
593 1034 868 1089 nimirum
897 1034 1021 1088 haec
1054 1039 1202 1089 terra
1229 1038 1346 1088 erat
1373 1034 1668 1088 invisibilis
1698 1036 1748 1087 et
1768 1034 2048 1100 incompo—

343 1128 472 1194 sita,
505 1130 563 1180 et
582 1123 771 1180 nescio
796 1140 925 1196 qua:
947 1123 1307 1195 profunditas
1328 1121 1517 1193 abyssi
1538 1137 1712 1191 super
1737 1137 1912 1191 quam
1930 1134 2048 1172 non

343 1219 464 1268 erat
485 1213 620 1280 lux;
657 1212 793 1285 quia
813 1213 970 1266 nulla
1005 1211 1220 1282 species
1250 1214 1371 1264 erat
1394 1209 1474 1264 illi
1502 1227 1514 1276 ;
1548 1209 1698 1263 unde
1739 1207 1960 1278 jussisti
1986 1211 2051 1261 ut

345 1302 708 1367 scriberetur,
735 1301 885 1372 quod
921 1302 1145 1355 tenebrae
1174 1305 1329 1353 erant
1350 1315 1512 1368 super
1533 1298 1786 1366 abyssum
1819 1299 1964 1367 (Gen.
1998 1299 2046 1362 l,

346 1393 400 1462 2)
425 1409 438 1459 ;
473 1390 612 1462 quid
641 1390 796 1444 aliud
823 1405 996 1460 quam
1029 1388 1169 1443 lucis
1198 1387 1456 1459 absentia
1474 1389 1504 1440 ?
1535 1386 1640 1441 Ubi
1666 1385 1820 1440 enim
1845 1386 1940 1440 lux
1967 1401 2048 1439 es-

346 1485 448 1546 set,
480 1480 527 1533 si
557 1483 720 1546 esset,
753 1477 864 1531 nisi
895 1481 1218 1547 superesset
1247 1475 1554 1530 eminendo
1578 1481 1634 1529 et
1664 1473 2000 1528 illustrando
2020 1474 2050 1526 ?

349 1566 452 1622 Ubi
483 1583 618 1637 ergo
649 1567 744 1620 lux
770 1565 1026 1619 nondum
1049 1569 1189 1626 erat,
1225 1564 1364 1635 quid
1393 1567 1514 1618 erat
1543 1565 1734 1618 adesse
1759 1563 2044 1629 tenebras,

346 1654 456 1710 nisi
487 1655 681 1709 abesse
709 1655 896 1708 lucem
915 1655 944 1707 ?
972 1654 1154 1723 Super
1183 1652 1377 1723 itaque
1405 1655 1568 1706 erant
1599 1651 1870 1716 tenebrae,
1913 1649 2049 1721 quia

345 1745 441 1799 lux
475 1760 646 1814 super
669 1744 900 1808 aberat;
932 1742 1077 1795 sicut
1108 1757 1282 1794 sonus
1312 1740 1413 1794 ubi
1463 1740 1581 1794 no’n
1622 1745 1724 1807 est,
1749 1740 2045 1794 silentium

346 1836 448 1887 est.
485 1834 550 1887 Et
578 1831 715 1902 quid
760 1835 847 1884 est
901 1846 1020 1883 esse
1067 1828 1149 1883 ibi
1201 1828 1512 1895 silentium,
1564 1828 1675 1882 nisi
1720 1845 1924 1882 sonum
1968 1828 2047 1882 ibi

344 1937 460 1975 non
491 1937 612 1974 esse
632 1920 660 1972 ?
690 1920 889 1972 Nonne
923 1922 1008 1985 tu,
1043 1917 1305 1984 Domine,
1333 1917 1575 1972 docuisti
1607 1918 1753 1971 hanc
1795 1917 2048 1971 animam

343 2025 472 2080 quae
496 2007 596 2062 tibi
626 2006 972 2061 conﬁtetur?
996 2007 1198 2060 Nonne
1223 2010 1309 2068 tu,
1341 2006 1604 2072 Domine,
1640 2004 1881 2059 docuisti
1927 2021 2040 2071 me,

344 2096 500 2169 quod
521 2095 862 2168 priusquam
893 2095 1065 2150 istam
1095 2095 1405 2149 informem
1437 2094 1742 2150 materiam
1771 2093 2049 2148 formares

342 2192 514 2258 atque
545 2184 946 2256 distingueres,
979 2200 1098 2238 non
1146 2188 1267 2238 erat
1293 2182 1514 2255 aliquid
1539 2200 1552 2250 ;
1576 2199 1695 2237 non
1725 2183 1899 2250 color,
1932 2199 2049 2237 non

347 2277 553 2346 figura,
583 2289 703 2329 non
736 2289 963 2344 corpus,
996 2289 1114 2326 non
1136 2271 1370 2343 spiritus
1389 2273 1417 2326 ?
1436 2273 1560 2326 Non
1586 2275 1780 2325 tamen
1810 2271 2047 2326 omnino

344 2363 489 2420 nihil
520 2380 534 2421 :
571 2367 693 2418 erat
719 2362 990 2435 quasdam
1009 2361 1332 2416 informitas
1357 2361 1492 2432 sine
1512 2359 1630 2414 ulla
1659 2359 1866 2431 specie.

1034 2467 1258 2523 CAPUT
1288 2468 1378 2522 IV.

632 2557 777 2629 Quid
800 2563 947 2612 terra
977 2556 1270 2611 invisibilis
1301 2560 1350 2611 et
1388 2557 1760 2625 incomposita.

414 2656 465 2709 4.
500 2653 643 2719 Quid
672 2670 807 2725 ergo
837 2657 1154 2718 vocaretur,
1213 2652 1370 2723 quod
1420 2651 1596 2706 etiam
1636 2667 1809 2705 sensu
1835 2648 2048 2705 tardio-

349 2741 508 2796 ribus
537 2747 848 2813 utcumque
887 2741 1299 2808 insinuaretur,
1331 2739 1442 2795 nisi
1470 2739 1678 2795 usitato
1730 2739 1921 2811 aliquo
1952 2755 2050 2793 vo-

349 2831 550 2885 cabulo
570 2833 599 2886 ?
627 2830 776 2895 Quid
806 2834 998 2885 autem
1027 2830 1089 2883 in
1118 2830 1383 2884 omnibus
1412 2828 1615 2884 mundi
1646 2828 1906 2900 partibus
1954 2842 2049 2882 re-

346 2917 521 2990 periri
553 2923 739 2990 potest
767 2918 1146 2990 propinquius
1176 2917 1469 2974 informati
1489 2917 1858 2984 omnimodas,
1877 2931 2052 2988 quam

349 3011 503 3062 terra
531 3011 589 3064 et
619 3007 853 3078 abyssus
873 3008 901 3062 ?
931 3007 1113 3063 Minus
1134 3007 1290 3062 enim
1319 3006 1574 3078 speciosa
1626 3009 1779 3073 sunt,
1813 3021 1918 3077 pro
1949 3020 2051 3059 suo

347 3096 531 3167 gradu
558 3095 785 3165 inﬁmo,
815 3113 991 3168 quam
1020 3102 1222 3151 caetera
1252 3097 1547 3168 superiora
1575 3094 1871 3166 perlucida
1901 3095 2054 3148 etlu-

347 3185 575 3240 culenta
603 3185 825 3241 omnia.
864 3187 977 3240 Cur
1006 3201 1141 3256 ergo
1169 3201 1287 3239 non
1317 3184 1592 3255 accipiam
1639 3182 2051 3238 informitatem

347 3273 621 3341 materiae,
654 3290 829 3346 quam
858 3274 981 3328 sine
1039 3273 1226 3345 specie
1256 3273 1492 3339 feceras,
1529 3274 1684 3327 unde
1727 3271 2052 3342 speciosum

344 3363 625 3418 mundum
637 3363 870 3430 faceres,
911 3363 990 3417 ita
1010 3362 1313 3416 commode
1341 3360 1675 3415 hominibus
1695 3359 2044 3426 intimatam,

350 3458 415 3507 ut
443 3453 827 3524 appellaretur
857 3457 1002 3507 terra
1028 3451 1320 3506 invisibilis
1341 3455 1390 3505 et
1420 3452 1820 3520 incomposita?

1082 3559 1263 3613 APUT
1304 3559 1365 3612 V.

1082 3559 1263 3613 APUT
1304 3559 1365 3612 V.

524 3649 633 3706 Cur
660 3650 739 3705 sic
767 3559 1291 3718 appellatacvidetur
1321 3649 1555 3702 materia
1589 3647 1866 3714 informis.

496 3748 564 3801 Ut
589 3763 720 3801 cum
749 3747 810 3800 in
840 3764 908 3802 ea
932 3751 954 3784 ³
980 3746 1192 3816 (ιηωτίι
1224 3745 1493 3816 cogitatio
1551 3745 1692 3817 quid
1732 3761 1931 3800 sensus
1961 3748 2052 3798 at-

349 3835 550 3905 tingat,
585 3839 641 3889 et
673 3835 809 3890 dicit
845 3835 977 3905 sibi,
1007 3837 1131 3890 Non
1157 3839 1240 3889 est
1268 3834 1646 3906 intelligibilis
1673 3833 1856 3889 forma
1907 3832 2053 3887 sicut

348 3922 484 3991 vita,
514 3922 659 3977 sicut
699 3923 945 3994 justitia,
996 3924 1131 3994 quia
1168 3924 1434 3978 materies
1464 3926 1547 3977 est
1575 3937 1917 3992 corporum;
1950 3937 2050 3975 ne-

350 4028 462 4082 que
493 4011 796 4080 sensibilis,
831 4011 1105 4083 quoniam
1137 4013 1293 4084 quod
1324 4011 1586 4066 videatur
1629 4014 1685 4064 et
1717 4010 1874 4081 quod
1921 4025 2050 4064 sen-

347 4100 520 4155 tiatur
547 4100 607 4154 in
648 4100 921 4156 invisibili
949 4107 1006 4156 et
1033 4101 1412 4173 incomposita
1441 4115 1559 4154 non
1605 4103 1726 4153 est:
1774 4098 1912 4152 dum
1943 4098 2052 4152 sibi

347 4190 470 4245 haec
499 4189 633 4244 dicit
659 4189 913 4245 humana
971 4190 1258 4262 cogitatio,
1313 4195 1553 4244 conetur
1596 4205 1721 4242 eam
1769 4188 1858 4242 vel
1887 4203 2052 4242 nosse

349 4280 691 4352 ignorando,
723 4279 812 4334 vel
831 4279 1098 4351 ignorare
1127 4278 1437 4333 noscendo.

1069 4385 1253 4438 APUT
1283 4386 1371 4438 VI.

1069 4386 1158 4438 AP
1169 4385 1253 4438 UT
1283 4386 1371 4438 Vl.

352 4474 495 4541 Quid
521 4475 650 4528 olim
677 4489 797 4528 cum
824 4385 1138 4529 Maniclszis
1175 4474 1396 4526 senserit
1425 4472 1492 4526 de
1536 4473 1767 4527 materia
1807 4473 2051 4539 informi,

1027 4561 1164 4631 quid
1200 4560 1375 4615 modo.

425 4659 477 4709 6.
510 4657 626 4726 Ego
645 4674 802 4727 vero,
827 4660 1092 4724 Domine,
1121 4658 1168 4712 si
1186 4662 1370 4713 totum
1384 4657 1788 4713 conﬁtear’tibi
1809 4673 1907 4712 ore
1924 4673 2053 4713 meo

356 4748 414 4798 et
429 4744 647 4798 calamo
665 4763 815 4810 meo,
832 4748 1116 4820 quidquid
1130 4749 1200 4803 de
1213 4747 1322 4813 ista
1342 4746 1582 4802 materia
1593 4746 1832 4801 docuisti
1848 4764 2056 4814 me,cu-

345 4832 446 4902 jus
474 4836 640 4886 antea
665 4849 876 4890 nomen
894 4837 1131 4892 audiens
1155 4841 1334 4891 etnon
1355 4834 1680 4906 intelligens
1694 4834 2056 4890 narrantibus

355 4920 497 4975 mihi
527 4920 608 4974 eis
620 4922 722 4992 qui
740 4939 853 4978 non
873 4925 1282 4998 intelligerent,
1297 4940 1423 4979 eam
1437 4940 1568 4979 cum
1580 4922 1876 4994 speciebus
1891 4923 2057 4979 innu-

352 5010 526 5066 meris
557 5014 614 5065 et
626 5011 796 5065 variis
823 5013 1179 5083 cogitabam;
1207 5013 1402 5069 etideo
1419 5028 1534 5067 non
1550 5028 1676 5066 eam
1703 5011 2052 5083 cogitabam;

352 5099 528 5158 foedas
562 5102 619 5154 et
637 5099 945 5156 horribiles
966 5102 1174 5156 formas
1199 5101 1545 5173 perturbatis
1568 5100 1862 5156 ordinibus
1873 5095 2057 5156 volve-

420 5211 436 5243 ¹
469 5207 587 5264 Cui.
610 5207 764 5270 juxta
790 5208 876 5257 Er.
906 5207 1068 5270 Lugd.
1090 5209 1220 5257 Ven.
1253 5211 1378 5258 Lov.
1403 5210 1476 5258 Μ.

417 5272 438 5306 ³
468 5271 546 5320 Ila
575 5268 628 5319 in
651 5271 775 5320 Mss.
795 5274 848 5320 et
869 5268 1183 5334 concinnius
1203 5285 1360 5334 quam
1389 5272 1432 5320 si
1460 5272 1603 5334 legas
1639 5274 1697 5320 ut
1725 5269 1780 5334 in
1799 5268 2053 5334 vulgatis:

358 5334 424 5384 El
446 5345 566 5408 cum
587 5335 644 5383 in
664 5345 748 5408 eg:
779 5360 839 5370 —
869 5332 1087 5391 Somm.,
1115 5332 1283 5396 neque
1314 5337 1361 5383 et
1390 5332 1559 5398 neque
1587 5337 1648 5384 ut
1675 5332 1940 5393 amittens,
1962 5333 2054 5381 sic:

355 5407 472 5444 cum
503 5399 563 5446 in
587 5409 668 5445 ea.
693 5396 762 5445 M.
1476 5396 1491 5398 ⁷

416 5459 438 5492 ³
467 5458 527 5506 In
551 5457 962 5530 Mss._omnibus
1009 5457 1252 5530 habetur,
1300 5457 1559 5530 si_totum
1583 5453 1846 5530 conﬁtear
1868 5455 2056 5530 :_cujus

353 5520 943 5634 pio’p‘oqitionisdsensbu:
971 5533 1036 5615 px
1069 5519 1182 5569 istis
1205 5519 1498 5582 completur
1528 5518 1723 5578 verbis,
1744 5518 2055 5583 quislegeu-

357 5595 392 5628 Δι
502 5596 530 5631 c
570 5595 695 5634 nere
761 5597 916 5634 urat
966 5589 982 5632 ‘.

1556 259 2096 317 CONFESSIONUM
2146 260 2200 314 S.
2262 259 2666 317 AUGUSTlNl.

3762 267 3864 320 828

2156 382 2254 437 bat
2281 383 2526 451 animus,
2551 384 2650 440 sed
2663 385 3108 455 formastamen;
3132 392 3190 443 et
3211 387 3454 443 informe
3476 389 3867 460 appellabam,

2154 487 2271 526 non
2296 473 2448 543 quod
2471 478 2688 529 careret
2712 474 2920 545 forma,
2952 477 3048 531 sed
3061 477 3217 549 quod
3243 479 3416 532 talem
3432 477 3685 543 haberet,
3707 480 3798 538 ut,
3821 476 3870 530 si

2153 565 2472 632 appareret,
2504 561 2799 618 insolitum
2829 567 2886 618 et
2929 565 3311 637 incongruum
3344 570 3699 620 aversaretur
3729 582 3869 619 sen-

2153 666 2248 703 sus
2277 666 2457 714 meus,
2501 656 2558 705 et
2587 653 3030 708 conturbaretur
3076 654 3381 708 infirmitas
3426 655 3693 708 hominis.
3757 655 3871 707 Ve-

2152 754 2282 792 rum
2339 743 2530 794 autem
2561 739 2580 773 ί
2611 741 2757 796 illud
2813 743 2966 814 quod
3017 743 3360 814 cogitabam,
3395 760 3508 798 non
3538 743 3874 814 privatione

2153 828 2340 881 omnis
2368 827 2590 898 formas,
2623 830 2722 884 sed
2754 832 3178 903 comparatione
3195 833 3598 887 formosiorum
3617 837 3742 887 erat
3777 832 3875 886 in-

2153 917 2336 971 forme
2371 935 2382 972 :
2417 923 2475 972 et
2504 920 2779 975 suadebat
2825 938 2958 976 vera
2976 922 3141 988 ratio,
3179 926 3242 976 ut
3271 922 3457 976 omnis
3485 922 3682 977 forma
3712 940 3876 994 qua-

2155 1006 2484 1078 lescumque
2514 1008 2789 1080 reliquias
2833 1011 3071 1064 omnino
3129 1011 3510 1078 detraherem,
3559 1011 3607 1064 si
3651 1013 3877 1067 vellem

2155 1113 2385 1167 prorsus
2427 1097 2676 1154 informe
2726 1099 3010 1171 cogitare;
3055 1104 3112 1154 et
3179 1117 3297 1154 non
3345 1105 3624 1171 poteram.
3679 1101 3876 1156 Citius

2156 1184 2312 1239 enim
2341 1201 2460 1240 non
2489 1202 2610 1241 esse
2635 1189 2956 1254 censebam,
3002 1189 3157 1260 quod
3201 1189 3358 1243 omni
3387 1189 3572 1244 forma
3602 1189 3877 1260 privare-

2154 1278 2268 1342 tur,
2305 1292 2480 1346 quam
2513 1276 2835 1346 cogitabam
2867 1278 3142 1349 quiddam
3170 1278 3322 1332 inter
3351 1279 3657 1332 formatum
3687 1283 3744 1333 et
3774 1279 3877 1333 ni-

2155 1362 2259 1430 hil,
2306 1380 2410 1419 nec
2440 1368 2463 1401 ³
2486 1365 2798 1420 formatum
2850 1383 2954 1421 nec
2984 1367 3151 1434 nihil,
3185 1366 3430 1421 informe
3475 1383 3654 1438 prope
3692 1366 3875 1421 nihil.

2157 1453 2224 1507 Et
2276 1453 2513 1508 cessavit
2570 1471 2733 1509 mens
2788 1471 2918 1510 mea
2976 1456 3332 1529 interrogare
3399 1457 3533 1511 hinc
3590 1456 3878 1527 spiritum

2156 1557 2352 1596 meum
2380 1542 2618 1612 plenum
2651 1543 3001 1614 imaginibus
3031 1545 3408 1600 formatorum
3448 1561 3775 1617 corporum,
3816 1551 3880 1600 et

2157 1647 2250 1684 eas
2289 1647 2391 1702 pro
2425 1631 2660 1686 arbitrio
2711 1638 3033 1688 mutantem
3090 1639 3260 1705 atque
3290 1634 3638 1701 variantem;
3673 1639 3728 1688 et
3775 1635 3877 1689 in-

2155 1719 2315 1774 tendi
2344 1720 2407 1774 in
2435 1720 2558 1790 ipsa
2590 1738 2848 1792 corpora,
2881 1739 3199 1794 eorumque
3219 1723 3661 1778 mutabilitatem
3690 1724 3877 1778 altius

2156 1807 2400 1878 inspexi,
2431 1825 2548 1880 qua
2577 1809 2847 1864 desinunt
2880 1827 3001 1865 esse
3033 1812 3190 1882 quod
3218 1813 3466 1880 fuerant,
3494 1816 3551 1866 et
3579 1812 3876 1882 incipiunt

2157 1912 2278 1951 esse
2309 1898 2458 1968 quod
2483 1914 2599 1952 non
2624 1903 2786 1952 erant
2809 1919 2824 1966 ;
2847 1899 3235 1970 eamdemque
3255 1900 3563 1954 transitum
3591 1901 3660 1955 de
3683 1900 3877 1954 forma

2158 1985 2217 2038 in
2247 1986 2493 2040 formam
2517 2003 2622 2058 per
2641 1986 2887 2042 informe
2919 1988 3193 2059 quiddam
3227 1989 3354 2043 fieri
3375 1989 3690 2060 suspicatus
3712 2006 3871 2055 sum,

2157 2091 2273 2129 non
2303 2091 2406 2146 per
2436 2075 2670 2130 omnino
2700 2076 2844 2131 nihil
2877 2092 2891 2143 ;
2925 2078 3022 2132 sed
3047 2070 3208 2132 nosse
3239 2078 3560 2148 cupiebam,
3618 2095 3741 2132 non
3769 2095 3874 2131 su-

2157 2163 2380 2234 spicari.
2417 2165 2482 2219 Et
2507 2164 2555 2218 si
2584 2169 2772 2220 totum
2785 2165 2888 2220 tibi
2921 2167 3262 2222 confiteatur
3277 2183 3380 2222 vox
3410 2167 3645 2221 etstilus
3676 2183 3872 2232 meus,

2157 2251 2438 2323 quidquid
2471 2253 2540 2308 de
2571 2253 2678 2308 ista
2705 2254 3021 2326 quasstione
3054 2256 3311 2310 enodasti
3341 2255 3506 2323 mihi,
3526 2255 3655 2327 quis
3678 2257 3875 2327 legen-

2156 2340 2302 2396 tium
2353 2357 2555 2412 capere
2598 2343 2878 2398 durabit?
2927 2346 3040 2400 Nec
3077 2343 3208 2399 ideo
3259 2349 3453 2399 tamen
3500 2345 3748 2400 cessabit
3772 2362 3876 2400 cor

2159 2445 2355 2484 meum
2383 2431 2518 2486 dare
2564 2431 2669 2488 tibi
2714 2432 2992 2488 honorem
3040 2438 3096 2488 et
3132 2433 3415 2488 canticum
3458 2433 3646 2489 laudis
3688 2435 3760 2489 de
3796 2435 3874 2488 iis

2159 2535 2288 2589 quae
2319 2519 2530 2574 dictare
2557 2536 2674 2575 non
2696 2521 2920 2577 sufficit.
2957 2523 3302 2578 Mutabilitas
3325 2523 3476 2578 enim
3508 2539 3704 2577 rerum
3737 2540 3873 2577 mu-

2158 2608 2426 2662 tabilium
2455 2608 2580 2679 ipsa
2609 2626 2782 2680 capax
2839 2616 2924 2666 est
2951 2611 3270 2666 formarum
3313 2612 3573 2666 omnium
3616 2612 3678 2667 in
3728 2628 3874 2682 quas

2159 2701 2459 2752 mutantur
2489 2715 2579 2753 res
2609 2699 2937 2755 mutabiles.
2977 2702 3042 2755 Et
3095 2700 3217 2754 hinc
3247 2700 3384 2771 quid
3417 2705 3501 2754 est
3520 2703 3548 2754 ?
3577 2700 3873 2771 Numquid

2160 2785 2421 2840 animus?
2475 2787 2761 2859 numquid
2802 2791 3056 2861 corpus?
3100 2789 3382 2862 numquid
3426 2789 3646 2860 species
3688 2789 3871 2843 animi

2158 2875 2247 2929 vel
2276 2875 2576 2946 corporis?
2605 2877 2662 2932 Si
2692 2876 2802 2932 dici
2830 2883 3039 2950 posset,
3073 2879 3224 2934 Nihil
3253 2879 3489 2950 aliquid,
3525 2883 3602 2943 et,
3639 2881 3733 2933 Est
3753 2896 3869 2933 non

2161 2969 2246 3019 est
2270 2970 2310 3028 ³,
2353 2965 2462 3020 hoc
2520 2982 2646 3020 eam
2697 2967 2986 3035 dicerem;
3039 2972 3097 3022 et
3143 2972 3339 3022 tamen
3385 2969 3508 3039 jam
3555 2972 3870 3040 utcumque

2159 3058 2301 3121 erat,
2330 3058 2393 3109 ut
2423 3054 2639 3125 species
2668 3060 2898 3127 caperet
2946 3056 3085 3110 istas
3125 3056 3377 3111 visibiles
3408 3060 3464 3110 et
3493 3057 3864 3127 compositas.

2823 3144 3047 3200 CAPUT
3076 3146 3190 3198 VII.

2157 3236 2297 3288 Deus
2325 3233 2456 3300 fecit
2482 3232 2547 3287 de
2574 3233 2752 3287 nihilo
2805 3234 3010 3299 cwlum,
3063 3234 3122 3287 id
3150 3237 3228 3287 est
3255 3234 3527 3302 Angelos;
3559 3238 3610 3288 et
3641 3239 3866 3298 terram,

2583 3322 2644 3375 id
2671 3327 2749 3376 est
2789 3324 3075 3390 informem
3113 3325 3425 3376 materiam.

2229 3415 2282 3464 7.
2318 3411 2384 3465 Et
2406 3410 2558 3465 unde
2578 3414 2891 3481 utcumque
2941 3415 3082 3477 erat,
3127 3411 3237 3464 nisi
3267 3416 3414 3465 esset
3438 3411 3539 3465 abs
3571 3416 3649 3476 te,
3680 3428 3713 3464 a
3752 3428 3866 3482 quo

2160 3504 2292 3554 sunt
2320 3498 2513 3553 omnia
2542 3499 2603 3552 in
2652 3504 3181 3571 quantumcumque
3223 3503 3398 3554 sunt?
3422 3499 3534 3555 Sed
3563 3503 3721 3554 tanto
3749 3516 3784 3553 a
3816 3505 3866 3553 te

2161 3586 2408 3658 longius,
2444 3591 2660 3659 quanto
2691 3587 3026 3643 dissimilius
3052 3605 3065 3654 ;
3091 3604 3276 3660 neque
3298 3589 3453 3642 enim
3472 3588 3633 3643 locis.
3669 3591 3864 3660 Itaque

2157 3688 2243 3750 tu,
2267 3683 2526 3750 Domine,
2561 3682 2663 3754 qui
2683 3698 2800 3737 non
2823 3698 2882 3736 es
2898 3683 3039 3737 alias
3067 3683 3226 3738 aliud
3244 3687 3264 3720 ι
3302 3688 3358 3737 et
3386 3684 3527 3738 alias
3553 3683 3740 3752 aliter,
3770 3685 3861 3738 sed

2157 3771 2410 3841 idipsum
2441 3775 2497 3826 et
2528 3770 2780 3842 idipsum
2805 3775 2866 3825 et
2881 3770 3427 3843 idipsum,Sanctus,
3442 3773 3697 3836 Sanctus,
3722 3773 3866 3828 San-

2159 3865 2304 3928 ctus,
2342 3859 2618 3914 Dominus
2641 3861 2792 3914 Deus
2822 3861 3186 3930 omnipotens
3216 3864 3362 3930 (lsai.
3395 3878 3472 3928 vr,
3493 3865 3582 3931 3):
3610 3872 3669 3916 in
3704 3863 3864 3916 Prin-

2159 3948 2307 4019 cipio
2337 3949 2490 4020 quod
2522 3953 2606 4002 est
2636 3948 2704 4002 de
2759 3952 2827 4011 te,
2886 3949 2946 4003 in
2976 3949 3269 4019 Sapientia
3299 3955 3399 4004 tua
3451 3967 3582 4021 qua!
3623 3956 3754 4004 nata
3785 3956 3866 4004 est

2161 4037 2229 4092 de
2260 4037 2580 4092 substantia
2608 4041 2728 4107 tua,
2760 4037 2942 4092 fecisti
2967 4037 3186 4109 aliquid
3217 4044 3273 4093 et
3303 4038 3372 4092 de
3401 4039 3602 4093 nihilo.
3667 4040 3865 4094 Fecisti

2160 4124 2315 4180 enim
2344 4126 2551 4180 coelum
2581 4129 2638 4180 et
2665 4129 2876 4180 terram
2904 4147 2919 4193 ;
2949 4142 3061 4181 non
3088 4127 3157 4180 de
3181 4132 3234 4181 te
3266 4144 3278 4182 :
3313 4144 3446 4182 nam
3478 4133 3627 4182 esset
3646 4129 3863 4200 asquale

2164 4214 2467 4285 Unigenito
2497 4219 2619 4281 tuo,
2662 4231 2726 4268 ac
2753 4231 2859 4286 per
2884 4216 2992 4270 hoc
3021 4221 3079 4270 et
3124 4216 3264 4283 tibi;
3299 4221 3354 4271 et
3383 4217 3545 4272 nullo
3578 4219 3754 4271 modo
3777 4218 3864 4288 ju—

2162 4307 2313 4357 stum
2336 4307 2503 4369 esset,
2535 4307 2600 4357 ut
2629 4303 2849 4374 aequale
2870 4303 2977 4358 tibi
3005 4310 3172 4372 esset,
3203 4305 3358 4376 quod
3383 4305 3452 4360 de
3486 4309 3540 4360 te
3553 4323 3672 4359 non
3697 4311 3860 4361 esset.

2164 4394 2229 4447 Et
2254 4391 2410 4446 aliud
2438 4397 2646 4462 praeter
2684 4396 2740 4448 te
2789 4409 2908 4447 non
2958 4397 3079 4448 erat
3119 4395 3272 4448 unde
3323 4395 3536 4449 faceres
3582 4411 3669 4462 ea,
3723 4397 3866 4449 Deus

2165 4497 2276 4535 una
2303 4480 2572 4550 Trinitas,
2604 4485 2662 4536 et
2709 4480 2858 4536 trina
2886 4483 3079 4537 Unitas
3107 4499 3120 4538 :
3156 4487 3210 4538 et
3238 4483 3364 4538 ideo
3395 4484 3464 4538 de
3516 4484 3700 4538 nihilo
3733 4483 3866 4538 feci-

2163 4570 2233 4624 sti
2264 4570 2472 4624 cmlum
2502 4574 2558 4625 et
2589 4575 2825 4637 terram,
2882 4588 3159 4642 magnum
3205 4572 3480 4644 quiddam
3529 4578 3586 4628 et
3627 4589 3864 4645 parvum

2163 4658 2479 4730 quiddam;
2535 4659 2812 4730 quoniam
2845 4661 3212 4731 omnipotens
3243 4665 3300 4714 et
3351 4661 3538 4715 bonus
3595 4677 3656 4716 es
3686 4661 3755 4716 ad
3782 4662 3863 4714 fa-

2161 4747 2362 4802 cienda
2393 4747 2587 4802 omnia
2610 4747 2784 4818 bona,
2831 4764 3110 4819 magnum
3158 4749 3361 4804 coelum
3413 4754 3468 4804 et
3499 4765 3732 4821 parvam
3758 4754 3864 4802 ter-

2162 4852 2306 4890 ram.
2339 4837 2421 4890 Tu
2454 4851 2599 4903 eras,
2649 4841 2706 4890 et
2753 4836 2908 4892 aliud
2957 4837 3101 4892 nihil
3151 4837 3301 4892 unde
3345 4837 3529 4892 fecisti
3565 4839 3767 4893 coelum
3809 4841 3864 4889 et

2161 4931 2397 4992 terram,
2434 4925 2548 4980 duo
2567 4926 2833 4997 quaedam
2860 4943 2874 4992 ;
2907 4942 3089 4980 unum
3113 4943 3297 4997 prope
3318 4932 3398 4996 te,
3423 4927 3667 4982 alterum
3687 4941 3864 4998 prope

2226 5023 2417 5071 iMart.
2450 5036 2515 5071 ex
2543 5021 2750 5072 duobus
2798 5024 2921 5071 Mss.
2966 5027 3368 5074 verumtamen:
3415 5024 3491 5074 sic
3536 5026 3694 5074 etiam
3730 5036 3861 5073 unus

2164 5083 2304 5149 apud
2333 5085 2501 5149 Rond.
2527 5086 2934 5149 manuscriptus.
2958 5087 3025 5149 ΜΫῖ

2226 5149 2246 5182 ³
2277 5147 2711 5212 sequimurMss._
2731 5147 2950 5212 Benign.
2976 5147 3304 5212 Theodoric.,
3334 5151 3432 5198 etc.
3471 5149 3588 5198 Non
3614 5147 3862 5212 pauci_t_a_-

2165 5223 2286 5258 men
2321 5208 2444 5258 Lov.
2475 5212 2527 5257 et
2549 5210 2671 5257 Arn.
2699 5208 2911 5264 habent.
2936 5210 3187 5272 quiddam
3213 5213 3358 5260 inter
3386 5208 3856 5264 formametnihil.

2163 5284 2279 5326 nec.
2311 5276 2411 5319 etc.
2436 5273 2500 5319 At
2531 5272 2653 5319 Bad.
2671 5271 2784 5320 Am.
2817 5276 2870 5320 et
2897 5271 2982 5320 Er.
3003 5285 3120 5321 cum
3154 5273 3364 5321 duobus
3395 5274 3516 5323 Mss.
3551 5274 3626 5322 sic
3644 5275 3810 5322 ferunt
3842 5284 3854 5317 :

2164 5347 2326 5408 quam
2344 5333 2654 5447 .cofgilabam
2670 5333 2925 5408 quiddam
2949 5333 3182 5398 infame
3202 5337 3250 5386 el
3264 5333 3402 5386 nihil
3429 5335 3741 5399 formatum.
3767 5344 3856 5382 nec

2163 5394 2315 5446 nihil.
2336 5409 2386 5445 in
2419 5407 2580 5447 arma.
2604 5409 2775 5447 prone
2800 5396 2961 5447 nihil.

2227 5409 2315 5445 nu.
2336 5409 2580 5458 informe,
2598 5409 2775 5459 prope
2800 5409 2961 5447 mnu.

2227 5457 2354 5521 {Sic
2374 5459 2498 5507 Mss.
2525 5458 2705 5521 paucis
2735 5459 2984 5521 exceptis.
3017 5459 3083 5508 At
3135 5460 3265 5508 Lov.
3324 5473 3444 5508 cum
3476 5457 3852 5521 antiquioribus

2165 5519 2509 5590 editiopibus,
2520 5518 2680 5590 _‘_n_ihi_l_
2696 5518 2910 5590 aliquid
2921 5525 3016 5582 est,
3032 5525 3313 5581 etnonest,
3346 5522 3444 5572 hoc
3470 5535 3592 5573 eam
3607 5518 3849 5573 dicerem.

2229 5584 2248 5617 ⁵
2269 5582 2424 5643 Editi,
2451 5581 2582 5636 alibi
2603 5582 2771 5633 aliud.
