4062 6188
206 272 313 323 829

205 392 389 447 nihil:
423 406 622 459 unum,
656 407 772 462 quo
792 389 1055 461 superior
1082 395 1145 445 tu
1175 406 1359 459 esses;
1394 392 1656 460 alterum,
1690 409 1803 464 quo
1832 392 1911 448 in-

205 482 386 537 ferius
420 480 563 535 nihil
587 484 755 534 esset.

857 569 1082 624 CAPUT
1120 570 1262 624 VIII.

280 661 514 716 Materia
538 660 791 724 informis
820 675 887 711 ex
916 659 1088 712 nihilo
1122 673 1132 711 :
1167 675 1233 712 ea:
1254 659 1353 712 hac
1374 661 1553 714 omnia
1575 660 1834 714 visibilia.

280 754 332 804 8.
368 749 476 804 Sed
507 747 644 802 illud
677 750 884 801 cmlum
912 746 1040 800 coeli
1068 746 1191 810 tibi,
1222 746 1493 815 Domine;
1539 752 1691 802 terra
1718 753 1909 802 autem

206 853 385 909 quam
417 836 621 890 dedisti
665 834 796 889 filiis
831 834 1133 889 hominum
1168 836 1330 906 (Psal.
1365 853 1511 903 cxiii,
1562 840 1641 903 15)
1674 853 1910 892 cernen-

206 928 342 981 dam
369 930 540 996 atque
595 924 966 994 tangendam,
1018 940 1137 978 non
1170 928 1290 978 erat
1319 924 1446 978 talis
1497 926 1727 996 qualem
1758 942 1912 980 nunc

205 1014 499 1070 cernimus
528 1016 584 1066 et
612 1012 921 1083 tangimus.
952 1011 1252 1067 Invisibilis
1298 1012 1452 1067 enim
1482 1018 1603 1067 erat
1619 1019 1673 1069 et
1701 1014 1912 1068 incom-

204 1104 415 1176 posita,
448 1107 504 1157 et
533 1102 766 1173 abyssus
816 1106 938 1156 erat
982 1118 1153 1172 super
1209 1118 1382 1173 quam
1440 1119 1556 1157 non
1607 1108 1727 1157 erat
1770 1104 1909 1171 lux;

206 1199 307 1249 aut
338 1196 379 1259 ¹,
406 1193 650 1247 Tenebrze
670 1198 825 1246 erant
857 1208 1021 1262 super
1067 1192 1321 1260 abyssum
1350 1194 1497 1263 (Gen.
1526 1210 1564 1260 ι,
1608 1195 1684 1264 2),
1716 1193 1773 1248 id
1804 1198 1907 1257 est,

206 1283 392 1354 magis
422 1298 592 1353 quam
623 1280 682 1335 in
713 1281 929 1351 abysso.
964 1283 1074 1335 Ista
1117 1280 1329 1351 quippe
1369 1282 1602 1351 abyssus
1632 1298 1909 1353 aquarum

197 1372 325 1441 jam
354 1369 661 1424 visibilium
695 1369 866 1423 etiam
897 1368 957 1422 in
974 1370 1269 1439 profundis
1313 1369 1428 1422 suis
1476 1370 1646 1424 habet
1701 1369 1911 1440 speciei

205 1476 327 1514 suae
356 1460 543 1513 lucem
569 1463 881 1527 utcumque
930 1457 1256 1510 sensibilem
1300 1456 1571 1527 piscibus,
1602 1460 1659 1511 et
1696 1474 1909 1528 repen-

205 1548 362 1601 tibus
391 1547 451 1600 in
486 1562 588 1600 suo
613 1545 792 1599 fundo
824 1544 1217 1598 animantibus
1254 1563 1266 1599 :
1308 1545 1450 1599 illud
1502 1550 1692 1600 autem
1727 1550 1909 1600 totum

205 1652 391 1707 prope
421 1634 564 1689 nihil
614 1639 756 1700 erat,
817 1633 1095 1704 quoniam
1154 1633 1341 1686 adhuc
1396 1634 1630 1687 omnino
1668 1634 1911 1688 informe

204 1729 330 1778 erat
354 1741 367 1790 ;
392 1725 512 1794 jam
545 1728 737 1777 tamen
768 1727 889 1776 erat
919 1723 1070 1793 quod
1101 1722 1338 1775 formari
1359 1727 1606 1793 poterat.
1629 1725 1709 1777 Tu
1732 1723 1907 1789 enim,

206 1813 472 1881 Domine,
504 1811 689 1866 fecisti
727 1811 1007 1865 mundum
1042 1812 1110 1864 de
1160 1812 1401 1865 materia
1429 1811 1681 1879 informi,
1736 1828 1909 1883 quam

200 1901 392 1956 fecisti
422 1902 490 1955 de
534 1902 693 1954 nulla
740 1916 804 1953 re
846 1916 992 1970 pene
1036 1900 1256 1953 nullam
1304 1916 1449 1968 rem,
1500 1901 1651 1954 unde
1698 1901 1910 1954 faceres

202 2007 417 2059 magna
447 2006 573 2059 qum
603 1988 883 2041 miramur
913 1987 1016 2042 filii
1060 1988 1379 2042 hominum.
1412 1989 1584 2042 Valde
1614 1988 1766 2042 enim
1798 1990 1907 2043 mi-

206 2078 390 2133 rabile
437 2078 544 2131 hoc
593 2078 797 2132 cmlum
854 2093 1219 2147 corporeum,
1279 2077 1433 2148 quod
1480 2077 1909 2132 firmamentum

202 2167 360 2223 inter
380 2181 586 2236 aquam
625 2169 680 2218 et
704 2180 913 2235 aquam
945 2165 1193 2217 secundo
1225 2164 1316 2218 die
1348 2170 1477 2235 post
1510 2166 1899 2220 conditionem

202 2254 350 2309 lucis
381 2252 592 2319 dixisti,
642 2256 805 2321 Fiat;
853 2257 908 2306 et
961 2252 1040 2306 sic
1091 2253 1303 2306 factum
1357 2258 1440 2306 est
1495 2253 1680 2324 (lbid.,
1730 2257 1782 2322 6,
1831 2258 1905 2323 7).

200 2342 371 2407 Quod
404 2342 827 2396 ﬁrmamentum
854 2341 1066 2395 vocasti
1090 2342 1328 2407 coelum;
1364 2342 1458 2396 sed
1507 2342 1710 2396 ccelum
1743 2346 1909 2397 terra:

202 2434 381 2503 hujus
410 2436 466 2485 et
504 2431 676 2485 maris
707 2448 836 2503 qum
866 2430 1049 2485 fecisti
1100 2432 1269 2485 tertio
1300 2431 1413 2499 die,
1445 2432 1631 2486 dando
1662 2433 1909 2503 speciem

200 2520 488 2574 visibilem
517 2520 748 2574 informi
794 2519 1047 2573 materia:
1078 2536 1251 2591 quam
1270 2520 1454 2574 fecisti
1500 2525 1630 2574 ante
1677 2537 1909 2575 omnem

201 2609 383 2663 diem.
413 2611 535 2662 Jam
567 2608 721 2661 enim
751 2608 965 2661 feceras
996 2614 1053 2661 et
1080 2610 1284 2662 caelum
1316 2613 1445 2661 ante
1471 2625 1704 2662 omnem
1732 2608 1908 2676 diem,

201 2698 299 2751 sed
325 2697 530 2751 coelum
551 2697 861 2766 coelihujus
886 2715 902 2764 ;
922 2697 1058 2768 quia
1080 2697 1137 2750 in
1158 2697 1438 2768 principio
1461 2698 1675 2752 feceras
1701 2700 1909 2753 coelum

202 2793 264 2841 et
294 2792 531 2840 terram.
567 2788 737 2840 Terra
767 2790 959 2839 autem
992 2785 1115 2855 ipsa
1145 2802 1318 2855 quam
1366 2786 1597 2853 feceras,
1652 2787 1912 2841 informis

204 2873 478 2929 materies
508 2878 649 2934 erat,
683 2873 818 2944 quia
850 2873 1151 2927 invisibilis
1173 2879 1295 2928 erat
1339 2880 1395 2928 et
1428 2875 1823 2946 incomposita,
1856 2881 1913 2931 et

204 2964 461 3018 tenebrae
493 2978 665 3033 super
693 2963 959 3033 abyssum
989 2966 1046 3015 ²ε
1081 2963 1147 3017 de
1199 2979 1311 3034 qua
1360 2968 1511 3017 terra
1558 2963 1829 3019 invisibili
1858 2970 1914 3019 et

205 3051 610 3122 incomposita,
644 3051 713 3105 de
742 3068 855 3121 qua
883 3050 1257 3118 informitate,
1291 3053 1360 3106 de
1391 3068 1504 3123 quo
1535 3069 1683 3123 pene
1733 3054 1910 3108 nihilo

205 3138 423 3192 faceres
470 3139 591 3193 hinc
647 3138 842 3192 omnia
901 3139 1109 3210 quibus
1164 3139 1272 3193 iste
1326 3140 1615 3195 mutabilis
1661 3143 1910 3197 mundus

204 3233 454 3294 constat,
486 3233 544 3281 et
575 3244 687 3281 non
711 3232 948 3293 constat,
982 3228 1043 3281 in
1069 3244 1183 3299 quo
1207 3229 1330 3300 ipsa
1360 3230 1711 3285 mutabilitas
1736 3248 1909 3303 appa-

206 3322 293 3370 ret
319 3316 381 3369 in
412 3333 526 3387 qua
556 3316 751 3371 sentiri
774 3321 830 3370 et
842 3316 1195 3371 dinumerari
1211 3324 1750 3389 possunttempora;
1776 3320 1911 3391 quia

204 3421 403 3459 rerum
434 3404 851 3459 mutationibus
878 3406 1027 3459 ﬁunt
1056 3410 1319 3475 tempora
1359 3406 1495 3460 dum
1526 3407 1819 3462 variantur
1855 3414 1911 3463 et

204 3498 512 3547 vertuntur
543 3494 777 3565 species,
810 3510 1054 3566 quarum
1075 3494 1340 3549 materies
1368 3495 1641 3566 prmdicta
1661 3501 1744 3551 est
1760 3500 1912 3552 terra

204 3581 530 3637 invisibilis.

887 3674 1113 3727 CAPUT
1144 3674 1230 3728 ΙΧ.

204 3761 318 3815 Cur
336 3760 540 3828 absque
564 3760 778 3815 dierum
807 3764 1071 3815 mentione
1098 3765 1366 3832 scriptum
1396 3768 1471 3817 est
1519 3767 1687 3818 Deam
1722 3766 1911 3830 fecisse

602 3850 659 3902 in
684 3851 961 3919 principio
996 3852 1179 3905 caelum
1218 3857 1267 3905 et
1300 3857 1519 3906 terram.

181 4010 189 4017 _
281 3940 334 3992 9.
361 3935 610 4007 Ideoque
637 3937 882 4008 Spiritus
914 3939 1110 3993 doctor
1139 3939 1337 3994 famuli
1366 3941 1471 4009 tui,
1502 3957 1630 3995 cum
1670 3945 1723 3995 te
1754 3957 1907 3995 com-

206 4031 492 4079 memorat
516 4026 713 4081 fecisse
745 4028 807 4081 in
836 4028 1122 4099 principio
1173 4030 1377 4083 coelum
1408 4034 1464 4083 et
1492 4034 1723 4095 terram,
1764 4034 1909 4083 tacet

209 4115 281 4168 de
310 4115 683 4183 temporibus,
714 4116 841 4170 silet
869 4117 937 4169 de
967 4116 1186 4170 diebus.
1212 4117 1493 4171 Nimirum
1524 4117 1675 4171 enim
1702 4120 1908 4172 coelum

206 4201 334 4257 cceli
383 4208 535 4274 quod
583 4204 644 4257 in
690 4204 974 4275 principio
1022 4204 1220 4271 fecisti,
1281 4209 1540 4259 creatura
1588 4211 1672 4259 est
1720 4206 1910 4277 aliqua

206 4290 647 4359 intellectualis;
698 4310 1029 4365 quanquam
1078 4310 1441 4365 nequaquam
1496 4294 1601 4349 tibi
1645 4295 1910 4349 Trinitati

206 4385 515 4447 coasterna,
548 4382 833 4454 particeps
864 4389 1055 4437 tamen
1084 4383 1417 4437 mternitatis
1435 4388 1570 4449 tute,
1588 4385 1751 4438 valde
1778 4400 1907 4437 mu-

204 4468 549 4523 tabilitatem
587 4487 748 4524 suam
800 4488 919 4541 prm
951 4471 1251 4526 dulcedine
1280 4471 1623 4525 felicissimae
1654 4476 1908 4526 contem—

203 4557 481 4627 plationis
510 4563 624 4612 tua).
655 4559 903 4625 cohibet,
938 4564 994 4614 et
1028 4560 1147 4614 sine
1184 4561 1301 4614 ullo
1332 4560 1496 4629 lapsu
1525 4577 1590 4613 ex
1621 4577 1733 4631 quo
1764 4562 1909 4615 facta

202 4651 290 4699 est
319 4645 652 4701 inhaerendo
684 4648 805 4713 tibi,
838 4648 1059 4703 excedit
1096 4666 1329 4703 omnem
1378 4649 1688 4703 volubilem
1739 4649 1905 4703 vicis-

206 4734 516 4789 situdinem
552 4740 898 4808 temporum.
934 4739 1043 4791 Ista
1066 4754 1199 4792 vero
1228 4738 1568 4805 informitas,
1599 4743 1753 4792 terra
1778 4743 1798 4774 ³
1827 4738 1910 4792 in-

205 4824 441 4878 visibilis
480 4828 535 4878 et
574 4824 977 4897 incomposita,
1013 4843 1115 4880 nec
1144 4826 1267 4897 ipsa
1294 4826 1355 4881 in
1378 4827 1577 4881 diebus
1610 4832 1911 4881 numerata

205 4916 317 4967 est.
351 4912 455 4967 Ubi
481 4913 635 4967 enim
664 4916 824 4968 nulla
869 4915 1106 4985 species,
1156 4915 1347 4969 nullus
1396 4915 1575 4982 ordo;
1626 4932 1730 4970 nec
1758 4916 1910 4970 venit

202 5000 543 5072 quidquam,
596 5019 700 5057 nec
747 5003 1048 5073 prasterit:
1098 5008 1154 5057 et
1202 5004 1300 5057 ubi
1340 5002 1448 5057 hoc
1494 5021 1609 5057 non
1653 5005 1756 5071 fit;
1790 5022 1907 5059 non

198 5094 337 5144 sunt
376 5090 570 5162 utique
602 5090 741 5157 dies,
802 5108 906 5146 nec
956 5092 1286 5147 vicissitudo
1340 5091 1654 5163 spatiorum
1686 5098 1907 5165 tempo-

202 5178 437 5232 ralium.

264 5287 280 5318 ¹
318 5284 396 5349 ita
418 5284 470 5331 in
498 5285 804 5335 melioribus
839 5288 960 5335 Mss.
988 5291 1039 5335 et
1069 5286 1189 5335 Bad.
1226 5287 1383 5335 Porro
1421 5287 1474 5335 in
1504 5288 1619 5336 aliis
1650 5288 1908 5349 Edd.,sed

196 5349 277 5393 ten
285 5346 419 5394 ebra:
449 5352 623 5397 erant.

262 5409 543 5475 3_ln_prius
586 5410 830 5475 vulgatis,
866 5412 915 5461 et
962 5409 1193 5461 lenebra:
1238 5414 1394 5460 erant
1433 5425 1590 5474 super
1636 5412 1905 5475 abyssum.

204 5470 308 5517 Sed
346 5470 494 5519 abest
521 5470 736 5521 erant‘a
765 5474 887 5521 Mss.

264 5534 285 5568 ³
313 5533 436 5582 Lov.
467 5548 587 5582 cum
618 5535 733 5583 aliis
762 5535 893 5585 Edd.
916 5534 1231 5599 informilas
1259 5537 1411 5587 terrae
1440 5536 1738 5588 invisibilis.

1630 269 1842 325 LIBER
1906 270 2386 330 DUODECIMUS.

3617 272 3721 325 830

2700 397 2925 451 CAPUT
2964 396 3030 449 Χ.

2564 486 2612 540 Α
2636 488 2738 540 Deo
2769 487 2916 553 cupit
2956 484 3184 538 edoceri.

2096 576 2177 628 10.
2206 575 2249 628 Ο
2284 572 2514 639 Veritas,
2540 574 2738 627 lumen
2769 573 2951 627 cordis
2983 572 3117 637 mei,
3152 587 3265 626 non
3294 570 3544 625 tenebrae
3572 586 3717 624 mese

2019 662 2332 732 loquantur
2350 662 2510 716 mihi.
2538 662 2753 716 Detluxi
2784 662 2849 715 ad
2876 661 2985 715 ista
3006 666 3061 714 et
3090 661 3419 714 obscuratus
3440 674 3599 725 sum;
3620 660 3716 712 sed

2018 750 2151 804 hinc
2177 750 2369 816 etiam,
2399 752 2532 805 hinc
2563 750 2821 805 adamavi
2842 756 2916 804 te.
2955 748 3144 802 Erravi
3166 754 3221 803 et
3240 749 3569 803 recordatus
3591 763 3715 801 sum

2017 839 2120 892 tui.
2166 839 2371 893 Audivi
2408 856 2603 893 vocem
2651 846 2810 893 tuam
2840 844 2967 909 post
3010 854 3099 891 me
3137 843 3203 891 ut
3229 839 3498 904 redirem,
3542 842 3599 891 et
3627 836 3716 890 vix

2017 928 2209 982 audivi
2240 933 2472 1000 propter
2500 930 2781 982 tumultus
2808 928 3228 997 impacatorum
3249 925 3290 980 ¹.
3320 927 3383 980 Et
3410 942 3563 979 nunc
3593 941 3717 978 ecce

2017 1017 2190 1070 redeo
2219 1023 2465 1070 testuans
2496 1021 2550 1071 et
2567 1018 2841 1070 anhelans
2862 1017 2928 1069 ad
2962 1016 3178 1069 fontem
3205 1020 3388 1069 tuum.
3422 1015 3597 1067 Nemo
3627 1030 3717 1066 me

2017 1105 2340 1176 prohibeat;
2374 1106 2526 1159 hunc
2564 1105 2779 1171 bibam,
2813 1109 2869 1159 et
2897 1105 3030 1159 hinc
3060 1104 3271 1160 vivam.
3314 1106 3435 1157 Non
3467 1118 3571 1173 ego
3605 1102 3720 1155 vita

2018 1210 2146 1247 mea
2170 1194 2311 1259 sim;
2336 1194 2484 1249 male
2511 1194 2622 1248 vixi
2651 1210 2715 1248 ex
2749 1211 2859 1261 me,
2892 1210 3045 1247 mors
3075 1193 3215 1247 mihi
3245 1192 3362 1247 fui:
3398 1192 3453 1245 in
3485 1196 3539 1245 te
3571 1190 3713 1244 revi-

2016 1282 2165 1336 visco
2194 1286 2234 1335 ’.
2272 1284 2356 1337 Tu
2396 1299 2486 1336 me
2515 1283 2830 1353 alloquere,
2862 1286 2923 1335 tu
2955 1281 3095 1335 mihi
3135 1280 3541 1335 sermocinare.
3583 1280 3716 1333 Crc-

2016 1370 2135 1425 didi
2168 1370 2345 1425 Libris
2376 1371 2507 1437 tuis,
2540 1376 2597 1425 et
2623 1372 2794 1425 verba
2823 1387 3019 1423 eorum
3053 1386 3259 1423 arcana
3284 1369 3464 1422 valde.

2696 1479 2920 1532 CAPUT
2959 1479 3041 1531 Χῐ.

2522 1566 2673 1632 Quod
2712 1584 2746 1619 α
2783 1570 2885 1620 Deo
2925 1567 3203 1621 didicerit.

2094 1658 2175 1708 ll.
2210 1657 2333 1709 Jam
2368 1654 2555 1709 dixisti
2588 1655 2752 1721 mihi,
2798 1654 3057 1719 Domine,
3089 1669 3223 1707 voce
3255 1652 3386 1707 forti
3418 1652 3476 1705 in
3520 1668 3715 1705 aurem

2016 1743 2368 1811 interiorem,
2399 1744 2536 1814 quia
2564 1749 2627 1797 tu
2660 1749 2904 1797 internus
2936 1760 3011 1808 es,
3048 1743 3199 1795 solus
3232 1742 3447 1795 habens
3480 1740 3715 1794 immor-

2015 1832 2295 1885 talitatem
2338 1830 2379 1901 (Ι
2426 1834 2561 1885 Tim.
2608 1849 2680 1899 VI,
2732 1833 2846 1898 16);
2900 1830 3176 1901 quoniam
3213 1846 3279 1883 ex
3330 1829 3487 1882 nulla
3533 1828 3715 1897 specie

2018 1925 2245 1974 motuve
2268 1921 2525 1987 mutaris,
2551 1936 2655 1973 nec
2672 1920 3025 1989 temporibus
3042 1918 3291 1971 variatur
3310 1918 3565 1971 voluntas
3584 1920 3681 1968 tua
3700 1930 3713 1968 :

2016 2010 2151 2080 quia
2198 2026 2310 2063 non
2359 2013 2441 2062 est
2488 2008 2828 2062 immortalis
2858 2009 3142 2073 voluntas,
3183 2023 3313 2077 qua:
3356 2005 3466 2059 alia
3505 2010 3562 2059 et
3604 2004 3716 2057 alia

2014 2102 2117 2151 est.
2166 2099 2278 2151 lloc
2307 2097 2366 2150 in
2397 2102 2699 2168 conspectu
2731 2101 2830 2150 tuo
2880 2097 3057 2150 claret
3085 2095 3250 2163 mihi,
3283 2099 3337 2148 et
3364 2093 3544 2163 magis
3597 2109 3716 2147 ma-

2016 2188 2217 2257 gisque
2260 2186 2527 2239 clarescat
2575 2202 2674 2239 oro
2722 2191 2797 2251 te,
2843 2190 3013 2255 atque
3058 2184 3117 2237 in
3148 2200 3214 2237 ea
3262 2182 3717 2237 manifestatione

2015 2275 2315 2347 persistam
2346 2274 2571 2328 sobrius
2597 2275 2700 2328 sub
2725 2274 2827 2327 alis
2852 2274 2984 2327 tuis.
3021 2274 3161 2326 [tem
3193 2270 3384 2326 dixisti
3411 2270 3575 2334 mihi,
3609 2272 3719 2324 Do-

2019 2362 2193 2429 mine,
2242 2379 2377 2415 voce
2423 2361 2557 2416 forti
2590 2362 2646 2415 in
2676 2378 2874 2415 aurem
2919 2360 3270 2425 interiorem,
3322 2358 3474 2430 quod
3522 2374 3719 2411 omnes

2018 2457 2249 2504 naturas
2266 2456 2437 2521 atque
2457 2450 2799 2504 substantias
2822 2466 2950 2520 quas
2974 2466 3091 2503 non
3116 2452 3248 2502 sunt
3280 2448 3435 2519 quod
3469 2452 3531 2501 tu
3558 2464 3633 2512 es,
3666 2451 3722 2501 et

2014 2545 2210 2594 tamen
2237 2546 2390 2606 sunt,
2414 2544 2475 2593 tu
2503 2538 2684 2593 fecisti
2709 2556 2723 2593 :
2757 2544 2812 2592 et
2831 2540 2940 2593 hoc
2966 2540 3149 2593 solum
3178 2543 3284 2593 ate
3315 2555 3431 2592 non
3454 2542 3536 2591 est
3566 2538 3719 2609 quod

2021 2645 2133 2681 non
2169 2633 2273 2697 est,
2304 2633 2607 2699 motusque
2630 2628 2935 2681 voluntatis
2966 2646 2999 2682 a
3028 2633 3102 2693 te,
3135 2627 3234 2698 qui
3261 2644 3342 2693 es,
3376 2626 3448 2680 ad
3477 2626 3535 2680 id
3566 2626 3716 2697 quod

2022 2716 2212 2771 minus
2238 2722 2349 2784 est;
2382 2715 2516 2787 quia
2541 2715 2667 2769 talis
2708 2721 2895 2769 motus
2927 2716 3197 2770 delictum
3228 2718 3396 2784 atque
3427 2720 3719 2785 peccatum

2019 2810 2135 2859 est:
2170 2811 2224 2859 et
2254 2805 2405 2876 quod
2437 2803 2647 2858 nullius
2672 2809 2967 2874 peccatum
2997 2808 3094 2857 aut
3124 2802 3226 2857 tibi
3258 2807 3440 2871 nocet,
3472 2807 3570 2855 aut
3594 2818 3721 2872 per-

2018 2896 2212 2949 turbat
2251 2893 2511 2947 ordinem
2551 2892 2779 2962 imperii
2819 2892 2904 2945 tui
2936 2893 3019 2944 vel
3051 2891 3109 2944 in
3141 2891 3327 2962 primo
3358 2891 3443 2943 vel
3476 2890 3533 2943 in
3566 2888 3710 2942 imo.

2023 2984 2137 3036 Hoc
2166 2982 2225 3035 in
2255 2985 2559 3052 conspectu
2592 2986 2689 3034 tuo
2721 2981 2896 3033 claret
2928 2978 3092 3047 mihi,
3130 2983 3187 3033 et
3211 2978 3392 3049 magis
3422 2978 3719 3048 magisque

2018 3072 2305 3137 clarescat,
2340 3086 2439 3123 oro
2471 3073 2547 3136 te,
2577 3074 2745 3141 atque
2766 3068 2825 3122 in
2856 3086 2922 3122 ea
2942 3066 3397 3122 manifestatione
3418 3066 3718 3139 persistam

2018 3160 2243 3213 sobrius
2274 3159 2378 3212 sub
2408 3159 2512 3212 alis
2542 3159 2679 3212 tuis.
3322 3166 3325 3167 '

2092 3251 2174 3304 l2.
2204 3248 2341 3301 Item
2362 3246 2551 3301 dixisti
2575 3246 2717 3300 mihi
2739 3262 2873 3300 voce
2896 3246 3027 3299 forti
3062 3245 3119 3299 in
3143 3261 3339 3299 aurem
3363 3244 3718 3311 interiorem,

2016 3338 2170 3408 quod
2201 3353 2305 3391 nec
2336 3336 2433 3389 illa
2456 3340 2713 3390 creatura
2737 3336 2842 3389 tibi
2880 3340 3165 3389 coazterna
3194 3337 3298 3402 est,
3328 3334 3488 3404 cujus
3518 3334 3720 3387 volun-

2018 3431 2142 3480 tas'
2180 3430 2242 3480 tu
2285 3426 2435 3481 solus
2482 3441 2561 3491 es,
2621 3431 2792 3497 teque
2854 3424 3418 3496 perseverantissima
3464 3423 3720 3477 castitate

2016 3516 2287 3570 hauriens
2322 3514 2764 3569 mutabilitatem
2804 3531 2965 3567 suam
2998 3529 3294 3583 nunquam
3332 3517 3388 3565 et
3434 3528 3717 3582 nusquam

2017 3606 2241 3671 exserit,
2278 3609 2333 3659 et
2362 3609 2415 3657 te
2453 3603 2560 3657 sibi
2603 3619 2829 3672 semper
2867 3605 3148 3673 prtesente
3188 3600 3256 3655 ad
3287 3617 3459 3671 quem
3491 3605 3607 3653 toto
3634 3601 3719 3653 af-

2016 3695 2167 3750 fectu
2192 3711 2249 3747 se
2282 3697 2453 3755 tenet,
2488 3709 2605 3745 non
2651 3692 2866 3745 habens
2911 3692 3062 3761 quod
3110 3694 3394 3759 exspectet
3438 3689 3715 3753 futurum,

2020 3800 2123 3839 nec
2151 3783 2211 3837 in
2252 3780 2609 3853 praeteritum
2654 3778 2943 3851 trajiciens
2975 3778 3129 3849 quod
3182 3777 3528 3842 meminerit,
3562 3777 3721 3831 nulla

2019 3872 2135 3927 vice
2187 3870 2460 3936 variatur,
2508 3886 2613 3923 nec
2660 3868 2719 3923 in
2766 3874 3026 3938 tempora
3085 3867 3199 3921 ulla
3248 3866 3617 3921 distenditur.
3676 3866 3718 3920 Ο

2017 3962 2200 4023 beata,
2239 3960 2285 4013 si
2331 3975 2444 4030 qua
2492 3957 2600 4012 ista
2648 3962 2751 4024 est,
2804 3955 3136 4011 inhaarendo
3187 3954 3527 4011 beatitudini
3574 3959 3719 4022 tua);

2016 4050 2182 4104 beata
2228 4048 2576 4120 sempiterno
2618 4046 3001 4101 inhabitatore
3033 4051 3107 4113 te,
3158 4049 3332 4117 atque
3372 4045 3718 4098 illustratore

2016 4145 2148 4194 suo!
2184 4140 2295 4193 Nec
2332 4137 2559 4191 invenio
2590 4136 2726 4207 quid
2765 4134 3032 4189 libentius
3071 4133 3479 4205 appellandum
3522 4132 3717 4186 existi-

2017 4245 2170 4283 mem
2200 4228 2396 4285 Ccelum
2422 4228 2539 4280 διιειί
2582 4227 2824 4293 Domino,
2874 4240 3045 4295 quam
3098 4222 3331 4276 domum
3373 4226 3553 4290 tuam,
3584 4237 3716 4273 con-

2016 4317 2387 4387 templantem
2446 4313 2881 4369 delectationem
2938 4317 3097 4366 tuam
3147 4311 3268 4364 sine
3326 4310 3445 4363 ullo
3491 4308 3715 4363 defectu

2018 4403 2345 4477 egrediendi
2386 4403 2446 4457 in
2487 4401 2678 4469 aliud;
2716 4407 2970 4455 mentem
3008 4416 3234 4471 puram,
3277 4396 3716 4452 concordissime

2016 4510 2188 4549 unam
2216 4492 2598 4547 stabilimento
2620 4491 2772 4561 pacis
2793 4496 3119 4545 sanctorum
3148 4487 3475 4559 spirituum,
3502 4484 3713 4541 civium

2016 4580 2254 4635 civitatis
2283 4585 2396 4635 tua:
2426 4579 2485 4633 in
2519 4580 2839 4634 cmlestibus
2871 4595 3043 4649 super
3073 4578 3178 4631 ista
3206 4576 3473 4630 cmlestia.

2090 4672 2180 4724 l3.
2246 4668 2403 4723 Unde
2469 4667 2752 4738 intelligat
2815 4665 3006 4720 anima
3048 4666 3210 4735 cujus
3255 4661 3640 4735 peregrinatio
3697 4669 3716 4699 ι

2081 4796 2094 4829 ¹
2129 4794 2250 4842 Lov.
2278 4796 2326 4842 et
2346 4793 2490 4850 Arn.,
2511 4796 2724 4854 propter
2741 4790 3006 4854 [umidius
3020 4792 3376 4854 peccatorum.
3403 4790 3503 4839 Sed
3529 4791 3717 4854 melius

2018 4856 2141 4905 Bad.
2177 4856 2290 4903 Am.
2325 4860 2376 4904 et
2405 4851 2524 4913 Er.,'
2550 4851 2959 4915 impacalorum.
2991 4851 3120 4915 Nam
3164 4851 3237 4915 ita
3268 4853 3388 4900 Mss.
3433 4853 3581 4902 nullo
3611 4853 3717 4902 fere

2016 4922 2267 4980 excepto;
2293 4922 2447 4979 atque
2474 4916 2575 4963 hoc
2609 4913 2821 4980 nomine
2852 4913 3109 4980 designati
3144 4913 3391 4963 videntur
3420 4915 3713 4975 Manichmi,

2018 4976 2406 5043 Scripturarum
2429 4991 2697 5043 sacrarum
2722 4976 2942 5043 inimici.

2077 5045 2097 5077 ε
2116 5036 2199 5091 Sic
2231 5042 2457 5090 habetur
2482 5041 2535 5088 in
2558 5039 2701 5102 prius
2722 5038 2873 5102 Edd.,
2899 5036 3249 5102 hunebibam,
3270 5043 3322 5088 et
3357 5040 3484 5089 tunc
3514 5039 3713 5102 vivam;

2014 5118 2137 5153 nam
2166 5117 2272 5152 non
2290 5117 2387 5165 ego
2409 5102 2520 5151 vila
2543 5100 2677 5150 mea.
2700 5100 2755 5150 Si
2782 5103 2919 5151 male
2934 5100 3067 5157 vixi,
3085 5113 3152 5150 ex
3174 5114 3258 5150 me
3288 5115 3427 5151 mors
3460 5101 3592 5150 mihi
3607 5100 3712 5164 fui,

2016 5171 2067 5217 el
2092 5169 2148 5214 in
2178 5170 2228 5215 te
2255 5166 2519 5213 reuiuisco.

2078 5232 2096 5263 3
2133 5229 2192 5276 In
2224 5229 2345 5275 Mss.
2375 5228 2543 5274 Germ.
2568 5225 2763 5274 Fossat.
2784 5228 2837 5273 et
2865 5224 2980 5273 aliis
3005 5239 3115 5283 sex,
3148 5224 3405 5285 voluptas.

2078 5293 2097 5324 ι
2121 5291 2242 5337 Lov.
2276 5292 2327 5337 et
2352 5290 2503 5336 Arn.:
2537 5288 2679 5335 (’nde
2709 5286 2965 5348 intelligat
2991 5290 3169 5337 anima
3188 5292 3449 5349 quantum
3472 5288 3716 5349 peregri-

2014 5356 2251 5405 natione,
2303 5350 2633 5398 Prmtulimus
2678 5349 2956 5398 lectionem
3005 5349 3129 5398 Bad.
3161 5348 3273 5397 Am.
3305 5352 3357 5396 et
3390 5348 3621 5408 Eriqum
3648 5360 3711 5396 ex

2014 5414 2256 5486 pluribus
2290 5414 2411 5486 blss.
2440 5412 2830 5486 comprobatur.
2862 5416 2915 5486 et
2941 5412 3025 5486 hic
3046 5409 3714 5486 apprimeqconvepuitmam

2015 5471 2199 5525 isthmc
2228 5475 2407 5533 verba,
2447 5471 2590 5524 unde
2626 5474 2892 5533 intelligat
2932 5471 3133 5534 animo,
3168 5472 3234 5520 ad
3275 5471 3363 5519 illa
3396 5471 3714 5532 referuntur,

2018 5552 2185 5602 quam
2210 5537 2355 5599 longe
2375 5550 2544 5600 super
2569 5539 2751 5587 omnia
2775 5540 3014 5599 tempora
3040 5537 3106 5585 sit
3136 5536 3387 5585 .rlernus.
