4062 6188
404 239 500 292 831

400 355 718 427 longinqua
745 354 891 409 facta
917 359 1022 422 est,
1050 354 1097 406 si
1122 352 1244 423 jam
1275 351 1395 406 sitit
1411 350 1547 416 tibi;
1580 349 1628 403 si
1653 349 1774 419 jam
1795 347 1955 402 factm
1975 347 2109 400 sunt

400 445 454 499 ei
481 445 748 514 lacrymae
787 459 905 498 sua:
953 442 1134 514 panis,
1181 441 1319 494 dum
1370 439 1580 494 dicitur
1627 438 1679 491 ei
1704 452 1807 506 per
1841 433 2103 505 singulos

400 533 538 594 dies,
575 532 680 588 Ubi
726 537 812 586 est
838 535 984 587 Deus
1023 536 1155 586 tuus
1204 531 1366 600 (Psal.
1415 545 1522 587 xu.
1575 530 1626 593 3,
1662 528 1713 587 4,
1753 524 1878 595 H)?
1908 523 1955 577 si
1985 523 2109 592 jam

401 621 596 690 petita
624 626 678 675 te
706 637 878 675 unam
910 626 963 675 et
995 621 1138 674 hanc
1161 617 1424 689 requirit,
1458 623 1523 670 ut
1547 614 1830 668 inhabitet
1857 612 1917 666 in
1939 612 2108 667 domo

404 715 502 763 tua
529 726 634 780 per
659 726 856 764 omnes
882 709 1003 763 dies
1040 708 1170 761 vita:
1201 722 1318 761 suae
1354 706 1513 774 (Psal.
1548 720 1696 764 xxvx,
1731 701 1784 772 4)
1814 719 1826 756 :
1863 701 1952 771 (Et
1978 716 2108 771 quae

401 799 513 852 vita
555 798 676 867 ejus
707 798 817 850 nisi
844 799 944 850 tu?
972 801 1029 852 et
1065 795 1164 866 qui
1209 795 1328 849 dies
1369 793 1454 846 tui
1501 791 1612 846 nisi
1642 793 1933 846 aeternitas
1979 794 2100 855 tua,

401 886 547 940 sicut
591 885 724 938 anni
771 884 854 938 tui
881 883 981 954 qui
1023 899 1136 937 non
1189 881 1479 946 deticiuut,
1529 879 1663 951 quia
1703 879 1854 935 idem
1895 879 2016 948 ipse
2049 893 2108 930 es

409 974 577 1044 [â€˜Psal.
611 989 680 1039 cr,
713 970 838 1042 28])
864 971 1040 1026 fhinc
1069 987 1203 1041 ergo
1233 968 1516 1040 intelligat
1531 967 1725 1021 anima
1747 983 1876 1038 qua:
1902 968 2106 1037 potest.

405 1077 578 1132 quam
599 1061 770 1131 longe
794 1076 966 1131 super
985 1059 1180 1113 omnia
1200 1063 1462 1129 tempora
1484 1056 1558 1110 sis
1579 1061 1852 1120 aeternus;
1879 1054 2108 1125 quando

405 1156 502 1204 tua
527 1149 732 1203 domus
763 1166 891 1220 quae
922 1148 1288 1219 peregrinata
1318 1163 1433 1200 non
1466 1151 1572 1214 est,
1604 1144 1864 1215 quamvis
1893 1159 2008 1196 non
2038 1141 2111 1195 sit

407 1237 508 1292 tibi
538 1243 842 1304 comterna,
870 1241 1062 1290 tamen
1088 1234 1480 1288 indesinenter
1510 1237 1565 1286 et
1594 1231 1985 1286 indeficienter
2009 1230 2112 1284 tibi

402 1326 744 1380 cohaerendo
776 1326 994 1378 nullam
1025 1323 1244 1394 patitur
1272 1321 1725 1376 vicissitudinem
1755 1325 2106 1390 temporum.

408 1416 524 1468 Hoc
552 1414 612 1467 in
643 1417 953 1485 conspectu
981 1417 1080 1466 tuo
1112 1413 1288 1465 claret
1318 1410 1482 1475 mihi,
1514 1415 1569 1464 et
1597 1409 1779 1481 magis
1809 1408 2110 1479 magisque

406 1504 692 1563 clarescat,
741 1519 840 1556 oro
884 1509 953 1563 te,
1008 1506 1178 1571 atque
1224 1500 1283 1553 in
1335 1501 1441 1554 hac
1482 1499 1943 1553 manifestatione
1981 1512 2109 1568 per-

406 1591 600 1644 sistam
631 1590 851 1644 sobrius
879 1591 984 1643 sub
1019 1590 1121 1642 alis
1150 1589 1284 1643 tuis.

484 1681 564 1733 14.
599 1680 733 1732 Ecce
763 1677 952 1732 nescio
992 1677 1128 1748 quid
1161 1677 1405 1731 informe
1444 1677 1504 1730 in
1533 1675 1655 1729 istis
1697 1673 2112 1729 mutationibus

411 1783 601 1820 rerum
643 1773 1025 1820 extremarum
1071 1770 1240 1836 atque
1280 1764 1686 1831 infirmarum.
1713 1765 1776 1817 Et
1807 1763 1934 1834 quis
1964 1763 2115 1817 dicet

409 1854 572 1920 mihi,
625 1854 733 1908 nisi
783 1853 1044 1924 quisquis
1090 1869 1194 1923 per
1236 1853 1430 1907 inania
1477 1853 1662 1906 cordis
1701 1852 1787 1905 sui
1826 1868 1952 1905 cum
1998 1851 2112 1904 suis

408 1942 901 2014 phantasmatibus
921 1946 1161 2012 vagatur
1177 1946 1232 1995 et
1249 1943 1525 2008 volvitur;
1547 1941 1676 2010 quis
1696 1939 1806 1994 nisi
1823 1939 1950 1993 talis
1967 1939 2114 1994 dicet

410 2030 572 2093 mihi,
597 2031 751 2100 quod
775 2030 1057 2085 diminuta
1081 2034 1253 2101 atque
1277 2035 1615 2099 consumpta
1640 2028 1796 2082 omni
1829 2028 2034 2098 specie,
2067 2027 2110 2080 si

411 2119 530 2172 sola
556 2123 849 2172 remaneat
877 2117 1220 2184 informitas,
1253 2133 1357 2188 per
1387 2133 1560 2188 quam
1592 2115 1660 2170 de
1692 2116 1877 2185 specie
1907 2116 1966 2169 in
1998 2132 2113 2185 spe-

409 2207 556 2261 ciem
600 2223 688 2260 res
737 2207 1066 2260 mutabatur
1107 2211 1164 2259 et
1221 2205 1563 2269 vertebatur,
1621 2203 1800 2275 possit
1846 2203 2113 2257 exhibere

409 2296 558 2349 vices
584 2296 950 2366 temporum?
980 2294 1230 2349 Omnino
1261 2293 1417 2349 enim
1447 2309 1563 2347 non
1588 2297 1796 2364 potest,
1828 2292 1964 2363 quia
1993 2292 2114 2346 sine

409 2385 682 2440 varietate
721 2383 1042 2438 motionum
1084 2399 1203 2437 non
1244 2387 1374 2438 sunt
1416 2388 1714 2452 tempora:
1761 2385 1817 2436 et
1841 2382 1997 2436 nulla
2019 2397 2114 2435 va-

411 2474 604 2543 rietas,
636 2473 737 2528 ubi
763 2473 920 2527 nulla
950 2472 1192 2543 species.

1079 2562 1304 2616 CAPUT
1335 2561 1447 2614 XII.

766 2653 1029 2708 Creatura
1061 2649 1264 2718 duplex
1293 2664 1480 2703 carens
1508 2653 1760 2717 tempore.

487 2741 568 2792 l5.
605 2737 818 2802 Quibus
846 2737 1218 2792 consideratis
1241 2741 1520 2808 quantum
1543 2737 1740 2805 donas,
1764 2738 1912 2790 Deus
1929 2751 2115 2803 meus,

408 2831 688 2898 quantum
753 2843 844 2881 me
899 2827 970 2882 ad
1021 2826 1371 2897 pulsandum
1429 2825 1657 2890 excitas,
1718 2828 2113 2895 quantumque

407 2917 658 2987 pulsanti
689 2915 908 2987 aperis;
942 2915 1056 2970 duo
1088 2914 1315 2985 reperio
1344 2930 1472 2986 quae
1490 2913 1672 2968 fecisti
1698 2913 1951 2968 carentia
1977 2918 2116 2967 tem-

409 3005 667 3078 poribus,
719 3021 851 3058 cum
900 3003 1004 3057 tibi
1056 3008 1329 3057 neutrum
1378 3008 1726 3057 comternum
1766 3003 1858 3058 sit.
1906 3004 2115 3071 Unum,

410 3093 566 3164 quod
594 3093 674 3146 ita
715 3093 1028 3146 formatum
1057 3096 1159 3158 est,
1202 3097 1267 3145 ut
1295 3092 1416 3146 sine
1444 3093 1560 3146 ullo
1606 3092 1829 3146 defectu
1861 3096 2117 3146 contem-

410 3180 699 3253 plationis,
761 3180 882 3233 sine
931 3180 1049 3233 ullo
1100 3179 1399 3234 intervallo
1456 3179 1813 3248 mutationis,
1859 3177 2118 3251 quamvis

411 3265 690 3321 mutabile
715 3270 909 3319 tamen
948 3281 1066 3319 non
1106 3269 1414 3332 mutatum,
1446 3271 1546 3320 tua
1586 3265 1904 3320 mternitate
1944 3269 2115 3335 atque

410 3353 991 3424 incommutabilitate
1022 3354 1387 3424 perfruatur:
1435 3354 1682 3408 alterum
1729 3354 1885 3424 quod
1919 3353 1998 3407 ita
2027 3353 2114 3407 in-

414 3441 597 3495 forme
649 3446 791 3510 erat,
831 3445 894 3494 ut
922 3457 988 3495 ex
1033 3458 1146 3513 qua
1175 3441 1380 3507 forma,
1430 3441 1491 3496 in
1517 3458 1690 3514 quam
1738 3442 1982 3496 formam
2029 3443 2118 3496 vel

415 3529 686 3584 motionis
709 3531 794 3585 vel
825 3530 1084 3585 stationis
1111 3535 1450 3599 mutaretur,
1485 3547 1597 3603 quo
1629 3531 1878 3602 tempori
1907 3531 2115 3585 subde-

416 3623 591 3687 retur,
625 3635 735 3674 non
766 3619 1029 3676 haberet.
1068 3620 1178 3676 Sed
1207 3621 1317 3675 hoc
1346 3625 1409 3675 ut
1436 3621 1684 3676 informe
1714 3625 1863 3676 esset
1894 3637 2010 3674 non
2037 3637 2120 3675 re-

412 3704 648 3777 liquisti,
688 3709 962 3780 quoniam
988 3710 1171 3764 fecisti
1200 3714 1331 3764 ante
1355 3725 1587 3764 omnem
1619 3709 1790 3771 diem,
1821 3709 1882 3762 in
1912 3708 2120 3779 princi-

410 3796 506 3866 pio
555 3797 760 3851 caelum
801 3802 856 3850 et
894 3802 1126 3864 terram,
1157 3799 1280 3852 haec
1310 3799 1423 3852 duo
1462 3815 1591 3870 quae
1632 3797 1914 3853 dicebam.
1949 3799 2120 3852 Terra

413 3887 608 3937 autem
628 3883 932 3938 invisibilis
953 3891 1073 3940 erat
1093 3891 1150 3940 et
1170 3886 1570 3956 incomposita,
1596 3890 1652 3940 et
1672 3887 1924 3941 tenebrae
1949 3902 2121 3957 super

412 3972 707 4042 abyssum.
769 3972 983 4037 Quibus
1039 3974 1223 4029 verbis
1278 3974 1603 4028 insinuatur
1657 3974 1998 4042 informitas,
2057 3978 2122 4029 ut

412 4061 696 4132 gradatim
730 4059 1101 4131 excipiantur,
1135 4063 1235 4134 qui
1265 4062 1656 4117 omnimodam
1686 4063 1896 4134 speciei
1925 4063 2119 4134 priva-

413 4151 632 4205 tionem
655 4166 758 4204 nec
779 4153 973 4204 tamen
1004 4150 1075 4204 ad
1108 4150 1249 4204 nihil
1272 4151 1702 4222 perventionem
1728 4151 1976 4223 cogitare
2002 4169 2118 4206 non

415 4243 675 4310 possunt,
709 4239 863 4294 unde
893 4238 1056 4294 ï¬eret
1085 4239 1330 4294 alterum
1361 4241 1588 4307 caelum,
1622 4245 1678 4295 et
1708 4244 1860 4294 terra
1882 4239 2120 4295 visibilis

415 4333 584 4400 atque
610 4328 944 4399 composita,
977 4333 1032 4383 et
1064 4345 1214 4400 aqua
1243 4329 1516 4401 speciosa,
1547 4334 1605 4385 et
1638 4329 1917 4401 quidquid
1949 4329 2116 4384 dein-

413 4434 544 4487 ceps
587 4417 645 4470 in
696 4415 1098 4472 constitutione
1143 4417 1314 4488 hujus
1361 4420 1559 4473 mundi
1603 4436 1715 4473 non
1755 4419 1874 4472 sine
1918 4419 2118 4473 diebus

421 4505 635 4559 factum
665 4510 1174 4574 commemoratur;
1201 4506 1336 4578 quia
1366 4507 1499 4560 talia
1520 4513 1651 4562 sunt
1681 4511 1742 4562 ut
1762 4507 1820 4561 in
1842 4507 1922 4562 eis
1942 4522 2117 4578 agan-

410 4597 503 4647 tur
532 4587 944 4649 vicissitudines
984 4600 1338 4666 temporum,
1365 4601 1600 4666 propter
1628 4597 1920 4651 ordinatas
1951 4612 2110 4651 com-

417 4682 764 4738 mutationes
795 4685 1116 4740 motionum
1149 4691 1318 4756 atque
1346 4685 1679 4739 formarum.

1064 4776 1289 4830 CAPUT
1328 4775 1468 4829 XIII.

414 4861 533 4915 Cur
561 4862 676 4915 sine
705 4861 917 4916 dierum
946 4866 1436 4918 commemoratione
1469 4865 1604 4918 dicit
1633 4865 1937 4935 Scriptura,
1975 4869 2119 4937 quod

649 4950 704 5003 in
730 4952 1004 5020 principio
1033 4954 1165 5018 fecit
1196 4955 1330 5007 Deus
1361 4954 1545 5007 cretum
1575 4958 1625 5006 et
1657 4959 1876 5008 terram.

494 5039 576 5091 16.
610 5037 726 5091 Hoc
767 5037 998 5092 interim
1041 5038 1241 5105 sentio,
1280 5042 1425 5095 Deus
1458 5057 1640 5108 meus,
1673 5057 1801 5095 cum
1835 5042 2001 5096 audio
2036 5044 2117 5096 lo-

413 5129 687 5196 quentem
742 5125 1094 5196 Scripturam
1143 5133 1321 5188 tuam,
1363 5130 1436 5182 In
1483 5131 1759 5198 principio
1804 5132 1933 5196 fecit
1979 5134 2116 5186 Deus

413 5215 600 5267 caelum
622 5217 673 5266 et
703 5219 934 5267 terram:
983 5218 1129 5268 terra
1159 5221 1336 5269 autem
1375 5221 1491 5270 erat
1522 5218 1812 5271 invisibilis
1838 5223 1888 5271 et
1917 5221 2114 5274 incomâ€”

417 5304 617 5370 posita,
650 5307 699 5356 et
728 5301 955 5357 tenebrae
992 5307 1146 5357 erant
1178 5319 1338 5372 super
1373 5305 1626 5374 abyssum
1656 5306 1808 5375 (Gen.
1845 5325 1880 5372 Î¹,
1918 5310 1986 5375 l),
2020 5324 2116 5362 ne-

418 5406 530 5460 que
576 5396 1124 5446 commemorantem
1169 5397 1346 5462 quoto
1380 5393 1471 5447 die
1504 5394 1703 5447 feceris
1732 5395 1876 5450 haec.
1911 5396 2001 5451 Sic
2028 5395 2115 5450 in~

423 5477 589 5533 terim
629 5481 832 5548 sentio,
880 5483 1115 5553 propter
1159 5479 1303 5534 illud
1341 5480 1544 5535 coelum
1590 5483 1737 5553 coeli,
1783 5483 1990 5538 oculum
2027 5483 2112 5538 iu-

1593 223 2134 284 CONFESSIONUM
2157 180 2168 186 â€™
2191 220 2245 276 s.
2315 217 2722 276 AUGUSTINl.
3760 227 3834 278 833

2217 342 2562 410 tellectuale,
2611 340 2708 396 ubi
2739 345 2826 396 est
2883 341 3208 396 intellectus
3257 357 3416 397 nosse
3473 344 3644 412 simul,
3679 363 3768 400 non
3792 365 3838 402 ex

2215 437 2401 502 parte,
2435 447 2553 484 non
2584 429 2644 484 in
2674 430 3004 501 aenigmate,
3056 446 3175 484 non
3205 446 3308 501 per
3345 433 3652 502 speculum;
3693 436 3772 489 sed
3793 453 3840 490 ex

2216 524 2359 587 toto,
2390 519 2449 572 in
2477 517 2936 573 manifestatione
2964 519 3002 583 á½·,
3039 517 3181 572 facie
3215 517 3286 572 ad
3325 518 3515 574 faciem
3545 522 3579 588 (Î™
3623 523 3724 581 Cor,
3757 540 3842 586 vni,

2226 611 2334 668 12):
2370 624 2486 661 non
2534 607 2706 661 modo
2743 607 2873 669 hoc,
2928 607 3101 660 modo
3148 605 3329 673 illud;
3361 607 3456 660 sed
3499 609 3635 678 quod
3680 609 3844 663 dictum

2219 700 2320 763 est,
2353 711 2518 750 nosse
2551 695 2719 749 simul
2751 695 2872 748 sine
2909 694 3025 748 ulla
3051 693 3438 750 vicissitudine
3468 700 3786 768 temporum:
3809 707 3846 751 et

2223 791 2462 858 prOpter
2491 785 2838 840 invisibilem
2869 790 3040 856 atque
3081 785 3513 857 incompositam
3552 793 3735 842 terram
3759 788 3845 841 sine

2221 874 2339 927 ulla
2369 872 2758 927 vicissitudine
2802 877 3156 942 temporum,
3183 889 3313 942 quae
3343 873 3479 926 solet
3495 872 3679 928 habere
3719 874 3846 928 modo

2218 963 2327 1016 IIOC
2350 966 2406 1016 et
2441 961 2610 1015 modo
2642 960 2782 1015 illud
2809 977 2822 1026 ;
2855 960 2991 1030 quia
3019 960 3118 1014 ubi
3161 961 3322 1014 nulla
3366 961 3587 1031 species,
3622 978 3844 1032 nusquam

2219 1055 2304 1106 est
2331 1051 2440 1104 hoc
2465 1055 2522 1104 et
2550 1051 2712 1104 illud.
2747 1052 2985 1121 Propter
3013 1050 3127 1104 duo
3157 1050 3280 1103 haec
3326 1048 3579 1120 primitus
3597 1050 3844 1104 formatum

2223 1144 2281 1193 et
2306 1138 2536 1210 penitus
2565 1137 2852 1204 informe;
2885 1137 3050 1205 illud,
3097 1139 3325 1203 ccelum,
3374 1139 3468 1192 sed
3517 1139 3701 1192 ccelum
3725 1141 3842 1198 cteli;

2219 1228 2327 1282 hoc
2347 1245 2498 1294 vero,
2529 1232 2763 1294 terram,
2796 1227 2892 1281 sed
2923 1232 3135 1281 terram
3164 1225 3504 1281 invisibilem
3531 1231 3581 1280 et
3614 1227 3842 1296 incompo-

2219 1315 2386 1370 sitam
2423 1332 2436 1370 :
2471 1321 2708 1386 propter
2737 1315 2849 1369 duo
2880 1315 3004 1368 haec
3033 1314 3266 1368 interim
3300 1314 3479 1368 sentio
3512 1313 3622 1369 sine
3650 1331 3842 1368 comme-

2217 1405 2539 1459 moratione
2571 1405 2791 1459 dierum
2817 1404 3006 1459 dicere
3036 1403 3388 1474 Scripturam
3417 1408 3583 1464 tuam,
3611 1405 3666 1457 In
3687 1406 3840 1472 princi-

2216 1497 2308 1564 pio
2344 1497 2477 1561 fecit
2505 1497 2644 1548 Deus
2674 1496 2859 1548 coelum
2881 1499 2930 1547 et
2955 1498 3175 1547 terram.
3211 1492 3411 1547 Statim
3442 1492 3638 1563 quippe
3665 1492 3842 1562 subjecit

2219 1599 2393 1654 quam
2423 1587 2636 1636 terram
2665 1581 2888 1636 dixerit.
2918 1582 2980 1635 Et
3009 1581 3164 1652 quod
3179 1580 3424 1634 secundo
3452 1580 3538 1634 die
3561 1595 3839 1633 commemo-

2219 1678 2375 1726 ratur
2402 1673 2614 1725 factum
2641 1671 3089 1737 firmamentum,
3123 1673 3179 1724 et
3214 1674 3474 1724 vocatum
3502 1670 3714 1733 malum;
3741 1668 3838 1722 insi-

2221 1765 2361 1816 nuat
2384 1761 2452 1816 de
2483 1777 2598 1834 quo
2620 1761 2760 1815 ccelo
2795 1760 2956 1832 prius
2987 1759 3108 1814 sine
3138 1759 3339 1814 diebus
3365 1775 3544 1813 sermo
3571 1760 3758 1812 locutus
3777 1758 3837 1810 sit.

2877 1848 3103 1902 CAPUT
3135 1849 3268 1902 XIV.

2717 1936 3014 2006 Scriptura?
3050 1936 3429 2006 profunditas.

2303 2031 2379 2082 Î .
2415 2027 2549 2082 Mira
2575 2026 2933 2098 profunditas
2983 2025 3347 2096 eloquiorum
3394 2030 3629 2089 tuorum,
3658 2036 3839 2094 quorum

2229 2131 2355 2170 ecce
2412 2119 2544 2169 ante
2603 2132 2708 2169 nos
2757 2113 3084 2186 superficies
3140 2114 3441 2169 blandiens
3491 2113 3746 2185 parvulis:
3778 2110 3840 2164 sed

2225 2203 2373 2258 mira
2422 2203 2803 2274 profunditas,
2865 2205 3014 2257 Deus
3079 2219 3262 2270 meus,
3326 2202 3471 2256 mira
3528 2198 3835 2272 profunditas'

2228 2295 2441 2348 Horror
2491 2297 2576 2346 est
2629 2292 2928 2346 intendere
2983 2291 3045 2346 in
3101 2307 3265 2359 eam;
3315 2293 3515 2346 horror
3562 2288 3769 2352 honoris,
3804 2291 3839 2339 et

2225 2386 2442 2435 tremor
2479 2381 2714 2436 amoris.
2774 2381 2878 2437 Odi
2925 2381 3116 2435 hostes
3159 2380 3285 2450 ejus
3340 2380 3696 2433 vehementer.
3741 2376 3772 2428 0
3808 2373 3838 2424 si

2223 2469 2445 2524 occidas
2491 2487 2583 2524 eos
2608 2470 2676 2524 de
2725 2470 2914 2541 gladio
2946 2473 2968 2505 Â³
3009 2469 3094 2524 bis
3139 2473 3330 2538 acuto,
3380 2472 3436 2522 et
3482 2484 3589 2521 non
3645 2464 3737 2520 sint
3774 2463 3837 2516 ho

2233 2563 2344 2612 stes
2401 2558 2557 2629 ejus!
2614 2558 2705 2613 Sic
2752 2558 2907 2612 enim
2955 2574 3084 2612 amo
3160 2573 3259 2610 eos
3322 2555 3494 2610 occidi
3559 2554 3652 2608 sibi
3697 2558 3745 2606 ut
3784 2550 3836 2602 vi-

2227 2652 2361 2702 vant
2408 2647 2530 2702 tibi.
2579 2649 2715 2702 Ecce
2763 2658 2957 2701 autem
3002 2647 3098 2701 alii
3143 2662 3264 2700 non
3304 2645 3726 2718 reprehensores,
3774 2637 3837 2690 sed

2233 2737 2559 2792 laudatores
2587 2736 2721 2790 libri
2752 2738 3031 2792 Geneseos
3061 2756 3073 2790 :
3108 2737 3259 2805 Non,
3292 2734 3573 2806 inquiunt,
3604 2733 3692 2786 hoc
3716 2727 3839 2783 voluit

2227 2827 2288 2880 in
2347 2825 2436 2880 his
2467 2825 2652 2880 verbis
2690 2825 2935 2896 intelligi
2965 2824 3211 2896 Spiritus
3255 2823 3376 2894 Dei,
3429 2824 3522 2895 qui
3551 2838 3640 2893 per
3678 2820 3836 2888 Moysen

2223 2916 2505 2970 famulum
2525 2916 2647 2986 ejus
2675 2915 2782 2970 ista
2810 2915 3177 2985 conscripsit;
3206 2931 3324 2968 non
3348 2915 3452 2968 hoc
3473 2912 3635 2967 voluit
3661 2905 3836 2974 intelligi

2226 3005 2379 3076 quod
2409 3010 2469 3058 tu
2500 3003 2656 3069 dicis,
2722 3005 2818 3058 sed
2877 3003 3034 3058 aliud
3080 3004 3234 3075 quod
3269 3020 3368 3058 nos
3419 3001 3655 3057 dicimus.
3684 2992 3836 3060 Quibus

2225 3109 2352 3164 ego,
2421 3097 2477 3147 te
2526 3093 2756 3160 arbitro,
2819 3093 2986 3162 Deus,
3043 3093 3314 3146 omnium
3361 3095 3663 3146 nostrorum
3708 3081 3741 3148 Â³,
3784 3081 3835 3132 iis

2226 3182 2569 3252 respondeo.

2897 3269 3122 3324 CAPUT
3157 3270 3268 3324 XV.

2229 3362 2354 3427 Quae
2389 3359 2454 3414 de
2498 3362 2602 3413 Deo
2642 3358 2811 3428 deque
2853 3356 3083 3425 Angelis
3123 3361 3173 3411 et
3222 3358 3451 3424 informi
3483 3353 3683 3408 materia
3726 3345 3835 3402 sumâ€:

2401 3448 2766 3516 Augustinus,
2796 3462 2902 3500 non
2925 3451 3157 3516 possunt
3178 3445 3504 3500 oblocutores
3522 3454 3708 3510 negare.

2303 3539 2384 3590 18.
2424 3536 2571 3590 Num
2595 3534 2793 3588 dicetis
2821 3534 2962 3588 falsa
3008 3549 3150 3598 esse,
3201 3549 3335 3604 qua:
3381 3530 3519 3586 mihi
3543 3526 3718 3581 veritas
3747 3531 3835 3571 voct-

2227 3623 2360 3679 forti
2398 3623 2457 3678 in
2502 3639 2701 3677 aurem
2750 3622 3078 3677 interiorem
3133 3621 3278 3677 dicit
3321 3622 3388 3676 de
3439 3636 3560 3673 vera
3601 3610 3834 3670 aeternitate

2228 3712 2534 3780 Creatoris,
2569 3712 2721 3784 quod
2758 3727 3124 3784 nequaquam
3153 3711 3280 3781 ejus
3313 3706 3610 3765 substantia
3633 3717 3716 3774 per
3737 3705 3834 3752 temâ€˜

2227 3819 2368 3874 pora
2387 3802 2663 3870 varietur,
2692 3818 2795 3856 nec
2813 3801 2932 3871 ejus
2947 3802 3210 3855 voluntas
3235 3805 3391 3854 extra
3413 3798 3527 3870 ejus
3550 3786 3835 3874 substantiam

2228 3870 2300 3945 sit
2318 3892 2347 3944 ?
2372 3891 2530 3945 Unde
2547 3906 2662 3944 non
2677 3906 2807 3944 eum
2822 3870 2990 3944 modo
3004 3890 3146 3944 velle
3165 3889 3297 3956 hoc,
3312 3889 3480 3943 modo
3499 3885 3625 3939 velle
3639 3870 3834 3940 illud;sed

2229 3979 2406 4033 semel
2421 3983 2477 4032 et
2496 3978 2668 4033 simul
2691 3989 2745 4032 et
2767 3995 2994 4050 semper
3014 3979 3157 4033 velle
3178 3977 3370 4032 omnia
3391 3992 3512 4048 qua:
3525 3973 3659 4038 vult;
3678 3961 3836 4021 noninâ€œ

2226 4083 2357 4120 rum
2371 4071 2424 4121 et
2441 4065 2865 4138 iterum,neque
2887 4083 3038 4120 nunc
3051 4066 3160 4120 ista
3175 4083 3329 4121 nunc
3341 4066 3558 4128 illa,nec
3573 4059 3692 4112 velle
3703 4053 3835 4142 posit3

2229 4156 2384 4226 quod
2413 4156 2665 4224 nolebat,
2699 4136 2797 4210 aut
2817 4156 2967 4210 nolle
2996 4155 3148 4226 quod
3182 4155 3340 4226 prius
3368 4151 3578 4207 volebat
3597 4165 3610 4202 :
3632 4143 3739 4216 quia
3753 4136 3835 4192 talis

2228 4244 2494 4298 voluntas
2541 4245 2832 4300 mutabilis
2861 4248 2963 4311 est,
3017 4249 3072 4297 et
3109 4259 3280 4298 omne
3335 4238 3592 4297 mutabile
3632 4238 3834 4311 aeternum

2226 4349 2346 4387 non
2381 4338 2500 4400 est;
2538 4335 2687 4388 Deus
2719 4337 2910 4387 autem
2938 4308 3132 4387 noster
3171 4337 3418 4386 aeternus
3446 4332 3541 4383 est.
3574 4327 3692 4379 Item
3732 4308 3836 4387 quod

2226 4420 2372 4475 mihi
2405 4421 2541 4477 dicit
2574 4427 2593 4459 â¸
2623 4422 2684 4476 in
2714 4438 2910 4476 aurem
2953 4421 3309 4487 interiorem,
3368 4412 3678 4489 exspectatio
3701 4415 3835 4460 rerum

2225 4515 2597 4566 venturarum
2628 4511 2692 4564 lit
2709 4510 3000 4565 contuitus
3017 4527 3144 4564 cum
3174 4508 3468 4574 venerint;
3499 4504 3728 4570 idemque
3743 4505 3834 4545 con-

2227 4599 2403 4653 tuitus
2451 4600 2519 4654 fit
2566 4600 2848 4654 memoria
2896 4616 3026 4654 cum
3070 4597 3492 4670 praeterierint:
3525 4589 3687 4646 omnis
3718 4592 3836 4653 pom

2224 4685 2469 4742 intentio
2498 4704 2628 4759 quin
2651 4687 2732 4743 ita
2757 4687 3030 4754 variatur,
3057 4687 3351 4743 mutabilis
3367 4689 3450 4740 est
3479 4700 3491 4737 :
3520 4685 3570 4736 et
3587 4687 3727 4732 omne
3749 4679 3834 4721 Ï‰Ï…-

2224 4776 2399 4831 tabile
2431 4781 2711 4832 aeternum
2740 4793 2857 4832 non
2886 4781 3003 4832 est:
3040 4779 3188 4832 Deus
3217 4781 3414 4830 autem
3441 4775 3622 4827 noster
3653 4765 3836 4818 aeternus

2225 4870 2329 4920 est.
2347 4867 2475 4920 Haec
2491 4865 2698 4936 colligo
2714 4870 2884 4937 atque
2898 4867 3269 4937 conjungo,et
3280 4861 3501 4917 invenio
3513 4860 3670 4913 Deum
3681 4857 3833 4937 Ï‰Ï‚Î¼Ï‰Î½

2225 4955 2409 5008 Deum
2437 4957 2742 5021 asternum,
2777 4971 2893 5008 non
2907 4954 3097 5025 aliqua
3117 4969 3263 5007 nova
3287 4953 3565 5004 voluntate
3588 4933 3835 5025 condidisse

2224 5047 2681 5108 creaturam,nec
2693 5042 2989 5097 scientiam
3007 5043 3131 5114 ejus
3147 5038 3532 5096 transitorium
3543 5025 3724 5101 aliquid
3741 5023 3834 5114 p311:

2301 5135 2382 5184 19-
2419 5107 2570 5194 ÎŸÏ…á½·á¼†
2593 5147 2728 5202 ergo
2751 5131 2972 5198 dicetis,
2994 5107 3440 5185 contradictores
3458 5128 3485 5178 ?
3513 5127 3590 5178 An
3615 5117 3727 5172 falsa
3745 5107 3835 5161 sunt

2223 5219 2376 5273 ista?
2398 5220 2544 5285 Non,
2578 5219 2863 5290 inquiunt.
2899 5219 3047 5283 Quid
3076 5216 3261 5272 illud?
3291 5231 3427 5270 num
3448 5213 3636 5267 falsum
3662 5204 3729 5256 est
3749 5206 3832 5249 Omâ€˜

2286 5309 2299 5342 Â¹
2335 5306 2394 5355 In
2420 5306 2781 5369 manifestata
2808 5306 2967 5370 facie,
2988 5307 3144 5368 juxta
3167 5307 3290 5354 Lov.
3319 5304 3385 5352 Îœ.

2284 5371 2305 5404 3
2333 5369 2513 5404 ann1
2568 5373 2619 5404 at
2649 5369 2796 5404 Rnnd
2865 5383 2953 5404 nnc
2973 5369 3177 5404 nlnth'n,
3219 5367 3282 5404 Îœ-

2287 5371 2305 5404 âµâ¸
2333 5369 2534 5418 Somm.
2568 5367 2620 5418 et
2649 5367 2838 5426 Rondl,
2865 5383 2953 5419 eos
2971 5369 3179 5431 gladio.
3216 5367 3284 5414 Îœ.

2287 5433 2308 5497 á¿¨
2334 5431 2418 5497 sic
2440 5430 2608 5497 Bond-
2635 5447 2648 5497 Î¾
2675 5433 2739 5480 Te
2761 5431 2982 5497 arbitro,
3019 5435 3154 5497 locus
3172 5425 3419 5497 omnium
3437 5421 3668 5471 nostrum.
3695 5409 3746 5458 Îœ.

2292 5494 2311 5528 â¸
2343 5493 2429 5543 Sic
2457 5492 2744 5557 legendum
2766 5493 2921 5557 juxta
2938 5489 3060 5543 Mss.
3091 5491 3244 5556 Angl.
3280 5489 3527 5554 [dicituri-
