4022 6176
103 353 226 404 833

102 490 253 526 nem
280 476 545 526 naturam
576 472 880 526 formatam
911 473 1278 526 materiamve
1314 472 1675 527 formabilem
1706 489 1822 527 non

100 578 265 627 esse,
300 561 411 615 nisi
446 561 517 614 ab
548 562 646 615 illo
684 561 782 632 qui
815 576 1038 615 summe
1076 562 1261 615 bonus
1298 568 1401 624 est,
1436 561 1571 632 quia
1602 577 1826 615 summa

104 652 249 704 est?
276 651 469 719 Neque
512 650 623 703 hoc
675 665 974 719 negamus,
1005 649 1293 719 inquiunt.
1327 650 1472 713 Quid
1506 650 1726 720 igitur?
1755 667 1827 703 an

104 739 269 793 illud
292 738 531 808 negatis,
556 739 867 791 sublimem
896 739 1205 807 quamdam
1233 754 1351 811 esse
1369 743 1690 792 creaturam
1710 742 1827 791 tam

101 832 277 881 casto
308 843 503 880 amore
537 826 918 880 cohazrentem
956 828 1066 880 Deo
1097 843 1229 881 vero
1260 831 1315 879 et
1339 843 1469 880 vere
1498 831 1735 895 interno,
1767 830 1829 879 ut

106 916 387 985 quamvis
435 914 485 968 ei
516 920 795 968 coaeterna
826 931 943 968 non
982 916 1072 981 sit,
1122 916 1183 968 in
1211 915 1429 969 nullam
1460 920 1654 969 tamen
1681 919 1827 968 tem-

104 1020 330 1075 porum
348 1004 681 1058 varietatem
714 1008 768 1057 et
789 1003 1236 1058 vicissitudinem
1267 1005 1336 1057 ab
1366 1004 1463 1057 illo
1497 1020 1555 1057 se
1589 1004 1829 1057 resolvat

105 1110 184 1147 ac
212 1094 445 1159 defluat,
481 1093 578 1147 sed
611 1093 673 1146 in
704 1092 825 1163 ejus
858 1092 1033 1147 solius
1076 1092 1440 1146 veracissima
1470 1093 1828 1164 contempla-

107 1184 284 1237 tione
305 1183 623 1253 requiescat
642 1182 966 1247 ?Quoniam
990 1188 1074 1250 tu,
1099 1184 1267 1248 Deus,
1293 1183 1551 1254 diligenti
1565 1190 1618 1237 te
1645 1200 1825 1255 quan-

110 1276 251 1325 tum
299 1272 587 1342 praecipis,
627 1271 879 1325 ostendis
920 1271 971 1325 ei
1018 1275 1072 1324 te
1119 1276 1175 1325 et
1208 1271 1419 1325 sufﬁcis
1468 1271 1550 1337 ei;
1600 1276 1655 1326 et
1698 1272 1826 1326 ideo

109 1378 245 1414 non
280 1361 528 1415 declinat
556 1379 587 1414 a
615 1366 691 1426 te,
726 1377 830 1413 nec
862 1361 930 1415 ad
964 1377 1043 1414 se.
1075 1362 1204 1414 Haec
1232 1365 1318 1414 est
1348 1361 1550 1414 domus
1584 1361 1682 1415 Dei
1713 1378 1829 1415 non

110 1456 375 1514 terrena,
407 1466 595 1520 neque
627 1450 742 1504 ulla
776 1448 988 1503 cmlesti
1018 1450 1169 1503 mole
1198 1465 1493 1519 corporea,
1529 1451 1627 1504 sed
1658 1450 1828 1519 spiri-

111 1539 298 1592 tualis
337 1545 388 1592 et
438 1539 723 1609 particeps
766 1537 1094 1591 aeternitatis
1132 1542 1267 1604 tua),
1302 1538 1437 1609 quia
1468 1539 1589 1592 sine
1618 1539 1744 1593 labe
1769 1539 1827 1592 in

111 1634 406 1680 aeternum
435 1630 471 1681 ί.
508 1626 761 1681 Statuisti
796 1627 949 1680 enim
980 1642 1104 1679 eam
1132 1626 1189 1680 in
1234 1628 1504 1681 saeculum
1542 1633 1597 1681 et
1626 1627 1682 1680 in
1718 1645 1827 1680 sm-

104 1717 316 1769 culum
346 1715 565 1781 sieculi;
598 1719 948 1785 przeceptum
974 1715 1216 1784 posuisti
1264 1720 1319 1768 et
1348 1732 1460 1769 non
1500 1716 1824 1785 praeteribit

109 1806 296 1874 (Psal.
336 1821 548 1869 cxu'm,
581 1808 651 1871 6).
691 1805 801 1857 Nec
841 1809 1033 1857 tamen
1066 1804 1168 1858 tibi
1199 1804 1317 1858 Deo
1353 1810 1651 1867 coaeterna,
1684 1821 1825 1876 quo-

113 1893 285 1945 niam
309 1909 423 1947 non
457 1893 579 1946 sine
608 1892 803 1946 initio:
838 1893 985 1945 facta
1008 1898 1091 1946 est
1119 1892 1292 1946 enim.
1498 1962 1505 1968 .

197 1984 288 2036 20.
341 1982 480 2035 Nam
526 1981 631 2035 etsi
685 1997 803 2034 non
850 1980 1175 2035 invenimus
1206 1986 1431 2050 tempus
1473 1985 1605 2034 ante
1644 1980 1823 2047 illam,

107 2073 282 2138 prior
314 2072 514 2139 quippe
543 2073 780 2123 omnium
806 2073 995 2129 creata,
1016 2074 1091 2123 est
1138 2072 1410 2138 sapientia
1450 2069 1635 2134 (Eccli.
1667 2087 1703 2134 ι,
1742 2071 1822 2140 4);

114 2174 232 2212 nec
266 2159 462 2229 utique
492 2159 590 2212 illa
633 2157 923 2228 Sapientia
958 2158 1081 2225 tibi,
1115 2159 1260 2211 Deus
1289 2162 1495 2221 noster,
1542 2158 1694 2212 Patri
1724 2175 1825 2213 suo

112 2248 297 2318 plane
344 2252 623 2301 coaeterna
670 2253 727 2301 et
765 2246 999 2317 aequalis
1045 2251 1101 2299 et
1133 2262 1235 2316 per
1267 2261 1439 2316 quam
1479 2252 1666 2300 creata
1695 2251 1828 2300 sunt

113 2336 340 2398 omnia,
376 2342 430 2389 et
459 2336 519 2390 in
558 2352 671 2406 quo
712 2335 998 2405 Principio
1029 2334 1211 2389 fecisti
1246 2335 1455 2388 coelum
1496 2339 1551 2388 et
1580 2339 1823 2402 terram;

119 2427 227 2479 sed
259 2425 511 2497 profecto
557 2424 840 2495 sapientia
887 2440 1016 2495 quae
1055 2428 1243 2477 creata
1290 2428 1397 2491 est,
1428 2423 1828 2477 intellectualis

118 2521 336 2567 natura
352 2512 580 2577 scilicet,
605 2529 733 2584 quae
749 2513 1230 2582 contemplatione
1244 2511 1478 2566 luminis
1498 2513 1693 2565 lumen
1716 2516 1821 2567 est:

117 2603 337 2657 dicitur
366 2602 519 2656 enim
554 2607 610 2656 et
638 2602 782 2672 ipsa,
821 2601 1081 2673 quamvis
1128 2606 1336 2667 creata,
1388 2600 1688 2672 sapientia.
1721 2601 1829 2655 Sed

118 2696 414 2762 quantum
434 2691 670 2745 interest
686 2691 1040 2744 interlumen
1064 2690 1215 2761 quod
1234 2689 1520 2744 illuminat
1532 2689 1753 2760 etquod
1767 2689 1827 2742 il-

118 2781 465 2846 luminatur,
488 2784 713 2833 tantum
730 2779 881 2833 inter
902 2779 1239 2849 sapientiam
1262 2794 1389 2849 quae
1415 2782 1567 2831 creat
1579 2783 1634 2831 et
1660 2778 1829 2831 istam

120 2886 258 2940 quae
308 2874 497 2922 creata
545 2874 657 2934 est;
701 2867 845 2920 sicut
885 2867 1034 2920 inter
1077 2867 1359 2935 justitiam
1392 2866 1826 2935 justificantem,

112 2956 406 3029 justitiam
424 2972 552 3027 qua:
566 2955 974 3026 justiticatione
1000 2955 1147 3009 facta
1168 2960 1268 3008 est.
1307 2955 1448 3008 Nam
1473 2959 1530 3007 et
1558 2971 1662 3007 nos
1684 2955 1820 3008 dicti
1846 3028 1849 3033 ί

123 3062 328 3101 sumus
361 3044 580 3116 justitia
616 3048 732 3098 tua.
779 3044 872 3097 Ait
903 3044 1057 3098 enim
1096 3043 1330 3113 quidam
1362 3059 1556 3096 servus
1585 3046 1737 3107 tuus,
1770 3048 1829 3096 ut

120 3151 223 3189 nos
256 3137 421 3189 simus
436 3135 663 3203 justitia
684 3135 777 3187 Dei
802 3135 860 3186 in
892 3135 1011 3201 ipso
1032 3133 1104 3200 (II
1129 3133 1250 3188 Cor.
1286 3149 1335 3197 v,
1365 3133 1477 3200 2l).
1514 3133 1659 3201 Ergo
1691 3132 1830 3202 quia

124 3224 290 3294 prior
310 3224 566 3276 omnium
592 3226 779 3275 creata
801 3226 884 3275 est
902 3222 1167 3292 quaedam
1192 3219 1471 3290 sapientia
1493 3236 1622 3290 quae
1643 3225 1831 3273 creata

124 3317 237 3378 est,
286 3328 446 3365 meus
490 3310 785 3365 rationalis
822 3314 879 3363 et
922 3310 1322 3363 intellectualis
1370 3313 1537 3362 castae
1586 3308 1829 3363 civitatis

128 3407 270 3467 tuae,
319 3400 515 3454 matris
568 3405 777 3453 nostrae
826 3414 954 3469 quas
998 3414 1225 3452 sursum
1265 3402 1367 3464 est,
1417 3402 1474 3452 et
1530 3397 1709 3451 libera
1748 3402 1832 3452 est

130 3491 337 3559 (Galat.
372 3506 445 3554 IV,
480 3490 565 3553 26)
611 3494 666 3542 et
693 3494 905 3542 aeterna
936 3488 997 3540 in
1032 3487 1203 3551 caelis,
1250 3487 1476 3558 (quibus
1512 3487 1689 3554 ccelis,
1723 3487 1831 3540 nisi

128 3578 237 3649 qui
266 3578 567 3632 telaudant
592 3577 717 3630 coeli
747 3576 1430 3646 crelorum(Psal.cx1.vm,
1455 3575 1541 3645 4);
1565 3577 1701 3646 quia
1723 3577 1831 3630 hoc

130 3673 223 3721 est
256 3672 310 3720 et
334 3668 538 3720 ccelum
561 3665 686 3719 caeli
710 3664 1035 3733 Domino?);
1057 3664 1162 3717 etsi
1195 3680 1311 3717 non
1341 3664 1665 3717 invenimus
1686 3668 1831 3718 tem-

128 3773 244 3827 pus
272 3760 400 3808 ante
430 3755 610 3820 illam,
642 3754 777 3825 quia
800 3758 855 3807 et
874 3757 1195 3807 creaturam
1224 3752 1498 3821 temporis
1522 3754 1827 3819 antecedit,

128 3861 265 3915 qua:
294 3843 450 3915 prior
488 3843 747 3896 omnium
790 3847 977 3897 creata
1006 3845 1116 3907 est;
1166 3846 1293 3895 ante
1327 3841 1485 3895 illam
1525 3844 1719 3895 tamen
1750 3846 1834 3896 est

126 3933 315 4003 ipsius
343 3922 607 3986 creatoris
657 3931 966 3999 teternitas,
997 3947 1029 3984 a
1069 3946 1180 4000 quo
1210 3932 1356 3984 facta
1385 3929 1632 3999 sumpsit
1663 3946 1829 3983 exor-

125 4023 315 4086 dium,
348 4020 606 4091 quamvis
637 4036 751 4073 non
780 4018 1054 4088 temporis
1079 4018 1215 4089 quia
1244 4018 1504 4073 nondum
1535 4023 1656 4073 erat
1683 4023 1834 4073 tem-

129 4127 263 4182 pus,
296 4109 468 4179 ipsius
498 4113 692 4163 tamen
722 4106 1059 4161 conditionis
1089 4122 1229 4162 suae.

208 4202 298 4253 21.
332 4198 487 4252 Unde
516 4197 595 4251 ita
616 4201 697 4251 est
720 4197 818 4250 abs
838 4199 892 4250 te
926 4197 1039 4250 Deo
1060 4200 1279 4261 nostro,
1298 4200 1358 4250 ut
1378 4195 1535 4249 aliud
1565 4196 1637 4249 sit
1664 4197 1833 4265 plane

130 4303 314 4359 quam
344 4292 428 4352 tu,
461 4291 516 4340 et
547 4303 663 4340 non
712 4285 981 4355 idipsum.
1034 4284 1317 4349 Quoniam
1356 4284 1460 4337 etsi
1499 4300 1615 4337 non
1646 4285 1832 4338 solum

133 4382 271 4432 ante
307 4376 487 4442 illam,
520 4376 617 4429 sed
632 4391 738 4429 nec
762 4375 822 4428 in
844 4374 941 4427 illa
962 4374 1287 4428 invenimus
1307 4378 1553 4441 tempus,
1586 4371 1721 4442 quia
1750 4377 1833 4426 est

132 4465 345 4519 idonea
374 4464 577 4519 faciem
617 4468 773 4517 tuam
813 4480 1039 4535 semper
1080 4463 1272 4518 videre
1310 4477 1416 4516 nec
1462 4460 1688 4532 uspiam
1734 4461 1832 4516 de-

134 4553 388 4607 ﬂectitur
432 4553 503 4607 ab
545 4569 628 4618 ea,
665 4569 779 4624 quo
822 4554 886 4606 tit
931 4553 1180 4606 utnulla
1210 4550 1526 4606 mutatione
1555 4550 1831 4615 varietur;

130 4644 288 4696 inest
306 4643 359 4695 ei
382 4646 576 4697 tamen
604 4642 729 4713 ipsa
756 4640 1108 4696 mutabilitas
1138 4640 1289 4694 unde
1327 4640 1744 4694 tenebresceret
1778 4643 1835 4693 et

130 4730 489 4801 frigesceret,
521 4730 630 4785 nisi
651 4747 845 4785 amore
876 4729 1081 4801 grandi
1106 4728 1209 4782 tibi
1238 4729 1531 4783 cohaerens
1558 4732 1834 4798 tanquam

129 4835 364 4889 semper
403 4819 672 4874 meridies
702 4820 918 4873 luceret
965 4822 1021 4871 et
1048 4817 1290 4872 ferveret
1320 4834 1387 4872 ex
1422 4822 1499 4871 te.
1539 4818 1581 4871 Ο
1628 4816 1834 4870 domus

130 4908 425 4963 luminosa
452 4913 507 4962 et
536 4908 812 4979 speciosa,
849 4906 1019 4961 dilexi
1049 4906 1312 4960 decorem
1344 4910 1532 4971 tuum,
1562 4908 1617 4959 et
1646 4906 1833 4959 locum

127 4996 506 5051 habitationis
543 4996 741 5067 gloriae
782 4994 1013 5049 Domini
1051 4994 1165 5048 mei
1212 4993 1566 5048 fabricatoris
1611 4997 1668 5047 et
1710 5010 1835 5063 pos-

127 5086 369 5140 sessoris
400 5086 484 5140 tui
526 5087 697 5150 (Psal.
731 5101 856 5151 xxv,
888 5084 971 5154 8)!
1014 5082 1138 5138 Tibi
1174 5083 1421 5152 suspiret
1449 5081 1833 5151 peregrinatio

129 5190 295 5241 mea;
340 5180 396 5229 et
420 5175 543 5229 dico
574 5174 625 5229 ei
656 5174 755 5245 qui
786 5174 918 5228 fecit
949 5177 1025 5239 te,
1069 5176 1129 5225 ut
1156 5172 1445 5242 possideat
1468 5174 1523 5224 et
1554 5186 1644 5223 me
1675 5169 1735 5222 in
1754 5173 1831 5232 te,

131 5264 275 5335 quia
303 5264 438 5318 fecit
468 5269 525 5319 et
548 5280 665 5319 me.
704 5262 895 5318 Erravi
926 5262 1071 5316 sicut
1099 5261 1218 5314 ovis
1238 5260 1457 5332 perdita
1475 5260 1637 5330 (Paul.
1671 5275 1833 5325 cxvu,

138 5353 297 5424 476);
322 5353 417 5407 sed
449 5353 509 5407 in
527 5351 783 5407 humeris
803 5350 1044 5422 pastoris
1076 5350 1209 5417 mei,
1232 5348 1523 5405 structoris
1549 5348 1651 5415 tui,
1672 5363 1836 5419 spero

134 5460 232 5497 me
266 5441 548 5513 reportari
577 5442 683 5496 tibi
717 5442 865 5511 (Luc.
899 5456 987 5507 xv,
1018 5444 1089 5509 5).

204 5611 217 5643 ³
253 5609 515 5658 Arn.cum
530 5608 650 5659 Mss.
668 5610 912 5673 quatuor,
943 5609 1057 5657 sine
1082 5604 1197 5660 labe
1218 5606 1333 5658 stat
1360 5606 1415 5656 in
1441 5607 1729 5657 internum.

1511 348 1720 404 LIBER
1774 348 2140 404 DUODECIM
2151 348 2259 405 US.

3534 358 3639 411 834

2006 474 2089 526 22.
2121 472 2268 536 Quid
2284 474 2467 527 dicitis
2482 474 2622 527 mihi
2643 490 2785 545 quos
2798 476 3152 546 alloquebar,
3169 475 3632 541 contradictores,

1939 561 2039 631 qui
2065 565 2255 615 tamen
2279 567 2331 616 et
2362 563 2587 632 Moysen
2608 562 2770 632 pium
2793 563 3069 617 famulum
3091 563 3211 631 Dei,
3239 568 3295 617 et
3314 564 3493 617 libros
3515 566 3639 627 eius

1939 651 2169 703 oracula
2200 651 2377 703 sancti
2394 650 2636 720 Spiritus
2664 650 2935 707 creditis?
2968 653 3129 705 Estne
3152 652 3258 704 ista
3278 652 3482 706 domus
3516 650 3633 717 Dei,

1939 755 2053 793 non
2107 738 2338 809 quidem
2399 741 2511 793 Deo
2567 743 2871 805 cozeterna,
2922 740 3018 794 sed
3069 744 3261 793 tamen
3328 742 3643 795 secundum

1938 827 2177 881 modum
2210 844 2376 881 suum
2423 833 2636 881 zeterna
2668 828 2729 880 in
2774 828 2948 894 caelis,
2999 827 3098 881 ubi
3130 828 3279 882 vices
3310 833 3638 899 temporum

1936 915 2144 969 frustra
2186 916 2460 987 quzeritis,
2496 917 2632 987 quia
2662 933 2775 970 non
2821 916 3165 970 invenietis?
3199 918 3639 987 supergreditur

1939 1004 2093 1057 enim
2124 1021 2353 1059 omnem
2388 1005 2814 1071 distentionem,
2868 1010 2925 1059 et
2957 1021 3128 1059 omne
3178 1005 3424 1075 spatium
3457 1006 3640 1061 astatis

1936 1092 2208 1163 volubile,
2241 1093 2333 1146 cui
2363 1109 2589 1163 semper
2625 1094 2904 1147 inhaerere
2947 1096 3058 1147 Deo
3105 1094 3321 1147 bonum
3355 1098 3437 1147 est
3471 1095 3633 1163 (Psal.

1938 1197 2064 1245 an,
2098 1181 2205 1251 28).
2238 1181 2643 1251 Estinquiunt.
2684 1182 2829 1245 Quid
2854 1181 3028 1252 igitur
3047 1198 3113 1236 ex
3136 1182 3204 1235 iis
3219 1198 3345 1252 quae
3375 1184 3641 1238 clamavit

1937 1286 2035 1322 cor
2050 1285 2242 1323 meum
2268 1270 2335 1323 ad
2364 1270 2543 1323 Deum
2565 1285 2778 1335 meum,
2794 1287 2924 1323 cum
2945 1270 3418 1324 audiretinterius
3434 1287 3628 1325 vocem

1937 1357 2117 1411 laudis
2148 1358 2289 1427 ejus,
2324 1358 2460 1428 quid
2494 1359 2727 1411 tandem
2758 1358 2965 1412 falsum
2996 1374 3115 1412 esse
3135 1359 3522 1412 contenditis?
3549 1362 3637 1413 An

1938 1445 2074 1515 quia
2099 1450 2220 1499 erat
2250 1445 2514 1499 informis
2545 1445 2825 1510 materies,
2887 1446 2986 1499 ubi
3017 1451 3254 1515 propter
3280 1447 3501 1500 nullam
3529 1446 3637 1500 for-

1938 1550 2090 1587 mam
2123 1535 2314 1587 nullus
2352 1534 2490 1588 ordo
2521 1536 2690 1587 erat?
2732 1534 2837 1587 Ubi
2881 1538 3071 1587 autem
3104 1535 3295 1587 nullus
3329 1535 3469 1587 ordo
3497 1541 3637 1601 erat,

1938 1622 2095 1675 nulla
2128 1639 2248 1675 esse
2293 1621 2623 1675 vicissitudo
2680 1626 3007 1691 temporum
3055 1626 3318 1692 poterat;
3351 1626 3405 1675 et
3447 1626 3636 1675 tamen

1937 1709 2045 1763 hoc
2073 1725 2219 1779 pene
2250 1708 2414 1773 nihil,
2448 1708 2506 1761 in
2533 1713 2814 1778 quantum
2845 1725 2959 1761 non
2985 1708 3220 1762 omnino
3250 1708 3394 1761 nihil
3413 1708 3637 1774 erat,ab

1936 1797 2031 1849 illo
2059 1796 2259 1866 utique
2287 1800 2407 1849 erat
2436 1812 2468 1849 a
2495 1812 2608 1865 quo
2633 1800 2717 1849 est
2733 1796 3009 1867 quidquid
3023 1801 3127 1865 est,
3151 1795 3304 1866 quod
3327 1800 3637 1867 utcumque

1934 1882 2150 1953 aliquid
2181 1886 2281 1937 est.
2316 1884 2427 1936 Hoc
2457 1898 2702 1952 quoque,
2736 1882 2918 1950 aiunt,
2951 1899 3066 1936 non
3098 1898 3396 1952 negamus.

2593 1970 2817 2025 CAPUT
2847 1972 2979 2024 XVI.

1938 2059 2063 2111 Rem
2094 2058 2288 2112 habere
2309 2074 2415 2114 non
2443 2060 2560 2113 vult
2589 2075 2707 2113 cum
2738 2061 2826 2124 iis,
2879 2062 2975 2126 qui
3004 2058 3379 2113 contradicunt
3419 2058 3640 2111 veritati

2676 2147 2894 2201 divinae.

2005 2236 2094 2287 23.
2137 2234 2279 2288 Cum
2309 2233 2397 2287 his
2424 2234 2578 2288 enim
2602 2236 2729 2287 volo
2784 2249 2974 2287 coram
3028 2238 3081 2286 te
3113 2233 3332 2304 aliquid
3363 2233 3634 2304 colloqui,

1940 2323 2084 2376 Deus
2117 2338 2300 2389 meus,
2333 2322 2433 2393 qui
2463 2323 2584 2376 haec
2614 2322 2827 2388 omnia,
2854 2338 2980 2392 quas
3010 2322 3164 2375 intus
3197 2322 3258 2374 in
3289 2326 3478 2375 mente
3508 2337 3635 2374 mea

1940 2427 2050 2464 non
2080 2415 2227 2464 tacet
2254 2411 2464 2465 veritas
2490 2416 2607 2477 tua,
2641 2427 2773 2464 vera
2803 2427 2921 2464 esse
2971 2410 3311 2465 concedunt.
3358 2411 3500 2463 Nam
3538 2409 3636 2479 qui

1938 2500 2059 2553 hzec
2090 2504 2320 2569 negant,
2337 2501 2542 2554 latrent
2562 2505 2843 2571 quantum
2871 2500 3069 2553 volunt
3082 2504 3137 2552 et
3149 2500 3481 2570 obstrepant
3500 2498 3637 2565 sibi;

1937 2589 2282 2659 persuadere
2314 2589 2563 2642 conabor
2591 2593 2653 2641 ut
2681 2588 2996 2658 quiescant,
3014 2592 3070 2642 et
3086 2587 3235 2640 viam
3257 2587 3548 2657 praebeant
3569 2586 3634 2639 ad

1941 2694 1998 2730 se
2018 2678 2189 2731 verbo
2202 2682 2299 2731 tuo
2326 2694 2338 2731 :
2364 2677 2514 2746 quod
2534 2678 2579 2729 si
2594 2677 2885 2730 noluerint
2905 2680 2961 2729 et
2986 2675 3303 2745 repulerint
3327 2691 3446 2740 me;
3472 2675 3636 2727 obse-

1939 2781 2057 2832 cro,
2090 2767 2239 2819 Deus
2268 2780 2448 2830 meus,
2484 2779 2553 2817 ne
2592 2768 2656 2818 tu
2685 2764 3009 2816 sileasame
3041 2764 3212 2829 (Psal.
3252 2778 3423 2827 xxvu,
3460 2762 3533 2831 l).
3556 2763 3638 2815 'I‘u

1864 2856 1885 2869 ‘
1939 2853 2173 2923 loquere
2196 2852 2255 2907 in
2277 2853 2444 2906 corde
2457 2868 2587 2905 meo
2609 2851 2907 2916 veraciter;
2928 2852 3078 2904 solus
3093 2849 3247 2902 enim
3266 2849 3343 2902 sic
3366 2849 3639 2918 loqueris;

1940 2948 1995 2994 et
2006 2942 2288 2995 dimittam
2307 2958 2402 2995 eos
2414 2940 2550 2993 foris
2563 2940 2855 2993 sufflantes
2871 2939 2929 2990 in
2942 2937 3173 3008 pulvere
3182 2941 3321 3001 m,et
3333 2936 3643 2989 excitantes

1939 3036 2149 3085 terram
2179 3030 2238 3083 in
2269 3031 2461 3083 oculos
2490 3044 2649 3095 suos;
2686 3033 2743 3082 et
2772 3028 2981 3081 intrem
3020 3027 3081 3080 in
3111 3025 3295 3079 cubile
3317 3041 3533 3090 meum,
3580 3030 3635 3078 et

1940 3121 2161 3171 cantem
2191 3117 2294 3171 tibi
2321 3115 2621 3185 amatoria,
2659 3132 2892 3187 gemens
2933 3114 3348 3168 inenarrabiles
3396 3113 3641 3184 gemitus

1940 3205 1999 3259 in
2030 3204 2493 3276 peregrinatione
2516 3221 2665 3270 mea,
2687 3209 2744 3258 et
2762 3204 3064 3257 recordans
3085 3194 3401 3257 Jerusalem
3413 3206 3640 3256 extento

1941 3294 2000 3348 in
2031 3310 2159 3348 eam
2189 3310 2416 3348 sursum
2447 3294 2638 3360 corde,
2671 3293 2986 3347 Jerusalem
3025 3292 3275 3362 patriam
3307 3307 3517 3355 meam,
3548 3293 3639 3345 Je-

1940 3384 2187 3438 rusalem
2220 3388 2462 3437 matrem
2492 3398 2697 3446 meam,
2731 3386 2902 3451 teque
2920 3396 3230 3451 supeream
3250 3385 3636 3449 regnatorem,

1939 3473 2372 3541 illustratorem,
2430 3476 2674 3542 patrem,
2724 3475 2994 3535 tutorem,
3036 3468 3331 3536 maritum,
3362 3472 3539 3520 castas
3584 3473 3640 3519 et

1941 3561 2114 3615 fortes
2152 3561 2401 3626 delicias,
2435 3564 2491 3613 et
2546 3559 2792 3613 solidum
2822 3558 3113 3628 gaudium,
3154 3560 3209 3609 et
3264 3555 3459 3609 omnia
3486 3555 3638 3608 bona

1940 3648 2254 3702 ineffabilia
2282 3647 2452 3700 simul
2474 3646 2667 3700 omnia
2686 3665 2698 3713 ;
2717 3646 2853 3715 quia
2869 3660 3052 3698 unum
3068 3659 3359 3697 summum
3377 3648 3640 3696 etverum

1940 3738 2155 3791 bonum
2185 3752 2199 3789 :
2231 3739 2288 3789 et
2312 3751 2428 3789 non
2458 3738 2695 3800 avertar,
2732 3733 2910 3787 donec
2940 3733 2998 3786 in
3047 3733 3169 3803 ejus
3199 3747 3398 3802 pacem
3445 3731 3641 3784 matris

1942 3822 2311 3892 charissimze,
2341 3823 2440 3877 ubi
2463 3827 2594 3876 sunt
2629 3821 2902 3892 primitiae
2929 3821 3163 3891 spiritus
3186 3820 3484 3887 mei,unde
3498 3819 3641 3873 mihi

1942 3912 2051 3966 ista
2078 3916 2230 3966 certa
2258 3916 2411 3978 sunt,
2470 3911 2705 3982 colligas
2761 3915 2947 3965 totum
2979 3910 3130 3980 quod
3170 3925 3317 3975 sum,
3362 3925 3396 3962 a
3426 3908 3644 3978 disper-

1943 4000 2102 4055 sione
2131 4006 2189 4056 et
2215 4000 2577 4055 deformitate
2608 4001 2735 4067 hac,
2783 4004 2840 4054 et
2877 3999 3195 4053 conformes
3234 4002 3404 4069 atque
3433 3998 3643 4052 conﬁr-

1942 4106 2063 4144 mes
2091 4089 2152 4143 in
2183 4094 2486 4155 teternum,
2521 4090 2670 4143 Deus
2698 4104 2879 4153 meus,
2906 4087 3294 4141 misericordia
3324 4102 3466 4141 mea.
3502 4086 3641 4140 Cum

1942 4179 2031 4232 his
2059 4183 2251 4233 autem
2283 4178 2382 4249 qui
2412 4182 2615 4232 cuncta
2646 4177 2744 4230 illa
2796 4192 2925 4247 qute
2956 4192 3091 4229 vera
3140 4179 3292 4238 sunt,
3342 4174 3481 4227 falsa
3523 4189 3645 4226 esse

1943 4284 2062 4322 non
2112 4268 2328 4333 dicunt,
2392 4267 2747 4320 honorantes
2807 4270 2862 4319 et
2918 4265 2978 4318 in
3029 4263 3281 4317 culmine
3336 4261 3645 4331 sequendae

1945 4355 2292 4411 auctoritatis
2323 4355 2619 4408 nobiscum
2635 4353 3046 4407 constituentes
3068 4352 3223 4405 illam
3254 4366 3355 4421 per
3384 4353 3643 4403 sanctum

1945 4446 2173 4514 Moysen
2212 4444 2421 4498 editam
2455 4447 2708 4496 sanctam
2758 4441 3109 4511 Scripturam
3143 4443 3328 4507 tuam,
3370 4442 3426 4491 et
3454 4442 3645 4491 tamen

1943 4533 2111 4587 nobis
2143 4531 2359 4603 aliquid
2388 4531 2803 4595 contradicunt,
2836 4530 2914 4583 ita
2936 4530 3139 4598 loquor
3171 4542 3185 4580 :
3220 4527 3305 4580 Tu
3326 4530 3465 4593 esto,
3500 4526 3645 4579 Deus

1944 4625 2159 4686 noster,
2192 4621 2405 4675 arbiter
2441 4620 2593 4675 inter
2638 4618 3021 4674 confessiones
3078 4630 3237 4669 meas
3257 4619 3314 4671 et
3361 4613 3646 4669 contradi-

1945 4710 2157 4765 ctiones
2196 4726 2418 4765 eorum.

2584 4796 2808 4851 CAPUT
2837 4794 2997 4849 XVII.

1950 4891 2014 4943 Ut
2035 4889 2151 4942 caeli
2178 4892 2229 4941 et
2257 4892 2412 4941 terra:
2439 4886 2742 4941 nominibus
2764 4884 2918 4937 aliud
2941 4888 2989 4938 et
3013 4882 3172 4937 aliud
3195 4884 3431 4951 intelligi
3448 4884 3642 4953 potest.

2014 4979 2101 5031 24.
2140 4976 2345 5031 Dicunt
2373 4974 2523 5028 enim
2561 4971 2871 5037 :Quamvis
2910 4987 3041 5025 vera
3090 4971 3203 5026 sint
3230 4972 3370 5038 huic,
3428 4986 3547 5024 non
3576 4985 3643 5022 ea

1944 5068 2137 5119 tamen
2164 5063 2276 5117 duo
2308 5063 2520 5132 Moyses
2550 5059 2901 5125 intuebatur,
2936 5075 3068 5113 cum
3120 5059 3325 5129 spiritu
3356 5058 3642 5112 revelante

1946 5153 2158 5207 diceret
2191 5169 2203 5205 :
2229 5154 2291 5205 In
2316 5152 2590 5220 principio
2632 5151 2763 5216 fecit
2791 5148 2933 5203 Deus
2961 5150 3148 5202 calum
3176 5153 3227 5202 et
3256 5154 3455 5202 terram
3486 5145 3639 5211 (Gen.

1945 5260 1983 5309 ι,
2020 5243 2087 5311 l).
2120 5242 2243 5295 Non
2268 5240 2391 5294 coeli
2422 5239 2655 5293 nomine
2698 5238 3052 5310 spiritualem
3080 5238 3169 5292 vel
3199 5234 3643 5291 intellectualem

1945 5329 2103 5383 illam
2136 5333 2483 5396 creaturam,
2517 5342 2746 5396 semper
2787 5326 2989 5380 faciem
3020 5324 3122 5378 Dei
3160 5321 3643 5390 contemplantem

1945 5415 2319 5487 significavit;
2352 5431 2457 5469 nec
2487 5418 2656 5468 terras
2697 5414 2932 5468 nomine
2976 5412 3283 5467 informem
3322 5408 3641 5464 materiam.

1946 5505 2091 5569 Quid
2120 5504 2340 5574 igitur?
2370 5503 2531 5567 Quod
2560 5519 2661 5557 nos
2690 5502 2955 5571 dicimus,
2984 5498 3409 5570 inquiunt,‘hoc
3436 5496 3530 5551 ille
3562 5497 3647 5551 vir

1948 5593 2144 5660 sensit,
2174 5593 2281 5647 hoc
2310 5592 2497 5649 verbis
2527 5592 2646 5648 istis
2687 5593 2939 5647 elocutus
2989 5593 3093 5643 est.
3146 5585 3293 5651 Quid
3340 5590 3427 5641 est
3452 5584 3597 5640 illud
3616 5588 3646 5640 ?
