4062 6188
399 349 506 400 835

402 465 666 527 Nomine,
696 462 872 527 aiunt,
909 461 1036 516 coeli
1064 463 1119 514 et
1147 463 1337 524 terrae,
1391 459 1574 511 totum
1603 454 1779 508 istum
1813 452 2096 507 visibilem

398 553 678 608 mundum
723 550 882 621 prius
934 546 1329 602 universaliter
1375 547 1432 597 et
1478 542 1724 597 breviter
1777 540 2097 612 signiﬁcare

397 641 599 708 voluit,
656 645 719 695 ut
766 643 964 710 postea
1003 637 1287 706 digereret
1343 633 1569 687 dierum
1642 630 2095 695 enumeratione,

398 729 563 802 quasi
593 726 1231 794 articulatim,universa
1259 739 1387 793 quae
1417 727 1611 776 sancto
1627 721 1866 791 Spiritui
1886 720 2099 791 placuit

397 819 476 872 sic
505 815 824 872 enuntiare.
851 815 1010 868 Tales
1041 811 1253 882 quippe
1281 808 1542 863 homines
1585 813 1750 864 erant
1798 808 1954 862 rudis
2003 808 2099 862 ille

397 911 568 976 atque
597 902 839 958 carnalis
869 901 1117 971 populus
1149 898 1242 953 cui
1275 898 1638 969 loquebatur,
1693 900 1759 951 ut
1799 897 1880 952 eis
1927 911 2101 967 opera

399 994 498 1048 Dei
521 1007 640 1046 non
681 989 789 1044 nisi
834 989 951 1042 sola
990 986 1236 1041 visibilia
1290 985 1747 1040 commendanda
1793 984 2096 1054 judicaret.

394 1083 626 1136 Terram
654 1094 788 1131 vero
829 1075 1178 1130 invisibilem
1212 1080 1270 1129 et
1322 1073 1786 1144 incompositam,
1827 1073 2099 1127 tenebro-

397 1185 632 1241 samque
671 1168 960 1238 abyssum,
993 1165 1145 1219 unde
1193 1167 1613 1233 consequenter
1647 1161 1972 1216 ostenditur
2000 1176 2102 1230 per

397 1258 523 1312 illos
553 1256 676 1311 dies
697 1257 844 1310 facta
866 1258 1035 1324 atque
1064 1252 1337 1322 disposita
1363 1267 1482 1305 esse
1504 1255 1708 1305 cuncta
1732 1250 1838 1304 ista
1857 1249 2102 1303 visibilia

396 1363 525 1418 quae
555 1349 690 1400 nota
719 1348 853 1398 sunt
877 1341 1164 1408 omnibus,
1187 1357 1300 1394 non
1320 1340 1764 1411 incongruenter
1795 1339 2102 1393 informem

405 1435 572 1490 istam
602 1431 903 1488 materiam
932 1429 1364 1499 intelligendam
1399 1444 1520 1482 esse
1553 1428 1939 1482 consentiunt.

469 1525 556 1575 25.
594 1519 737 1584 Quid
771 1517 818 1572 si
849 1517 1000 1572 dicat
1021 1516 1182 1582 alius,
1219 1516 1479 1570 eamdem
1509 1514 1940 1577 informitatem,
1975 1531 2105 1568 con-

396 1609 796 1678 fusionemque
828 1604 1108 1673 materiae,
1134 1603 1264 1658 cceli
1292 1608 1352 1658 et
1375 1608 1543 1659 terrae
1572 1605 1805 1658 nomine
1835 1604 1993 1675 prius
2021 1604 2105 1658 in-

399 1698 704 1762 sinuatam,
738 1696 889 1766 quod
921 1711 985 1749 ex
1007 1710 1074 1748 ea
1104 1693 1354 1747 mundus
1382 1693 1487 1747 iste
1520 1693 1753 1746 visibilis
1769 1709 1896 1747 cum
1916 1693 2104 1746 omni-

399 1785 504 1839 bus
533 1784 751 1839 naturis
781 1799 910 1854 quae
944 1781 1006 1836 in
1035 1798 1102 1836 eo
1151 1781 1614 1836 manifestissime
1660 1785 1960 1852 apparent,
1998 1781 2100 1852 qui

398 1874 527 1927 caeli
556 1877 612 1927 et
642 1877 808 1927 terras
837 1871 1071 1925 nomine
1121 1886 1272 1940 saepe
1323 1869 1600 1939 appellari
1651 1871 1812 1936 solet,
1844 1870 2104 1924 conditus

399 1966 570 2031 atque
594 1961 878 2032 perfectus
907 1965 994 2013 est
1012 1957 1038 2011 ?
1067 1958 1214 2022 Quid
1241 1958 1288 2012 si
1317 1958 1468 2012 dicat
1516 1962 1574 2012 et
1619 1958 1785 2025 alius,
1817 1959 2023 2012 coelum
2050 1964 2106 2014 et

397 2055 610 2104 terram
636 2047 872 2119 quidem
893 2046 1240 2102 invisibilem
1259 2045 1659 2117 visibilemque
1685 2051 1954 2100 naturam
1985 2063 2101 2102 non

397 2137 730 2192 indecenter
758 2136 1140 2207 appellatam;
1177 2150 1242 2188 ac
1269 2151 1374 2205 per
1420 2135 1526 2189 hoc
1569 2135 1896 2189 universam
1931 2152 2096 2202 crea-

399 2233 590 2282 turam
622 2241 796 2296 quam
821 2224 954 2279 fecit
982 2224 1042 2278 in
1075 2223 1386 2296 Sapientia,
1423 2223 1484 2278 id
1542 2228 1627 2278 est
1677 2224 1740 2278 in
1790 2223 2098 2296 Principio,

403 2318 569 2380 Deus,
601 2312 995 2384 hujuscemodi
1021 2313 1242 2367 duobus
1270 2312 1562 2367 vocabulis
1589 2329 1707 2367 esse
1733 2315 2103 2384 comprehen-

399 2421 523 2460 sam
558 2421 571 2460 :
601 2406 1000 2458 verumtamen
1027 2401 1163 2473 quia
1193 2418 1311 2456 non
1341 2401 1410 2456 de
1439 2401 1564 2472 ipsa
1617 2402 1933 2456 substantia
1976 2402 2099 2472 Dei,

399 2494 498 2548 sed
526 2510 595 2548 ex
623 2491 806 2546 nihilo
835 2495 1039 2545 cuncta
1051 2491 1197 2544 facta
1224 2495 1376 2556 sunt,
1409 2489 1674 2561 quianon
1693 2495 1826 2546 sunt
1849 2490 2098 2560 idipsum

400 2581 551 2654 quod
585 2582 754 2647 Deus,
807 2585 860 2635 et
900 2580 1050 2634 inest
1097 2580 1364 2650 quasdam
1410 2578 1760 2634 mutabilitas
1809 2579 2097 2646 omnibus,

401 2671 515 2725 sive
545 2673 840 2735 maneant,
872 2668 1018 2723 sicut
1047 2674 1260 2722 (eterna
1305 2668 1509 2722 domus
1541 2666 1661 2733 Dei;
1710 2667 1824 2721 sive
1869 2673 2098 2722 muten-

400 2765 513 2825 tur,
563 2759 708 2813 sicut
763 2757 956 2812 anima
1013 2757 1266 2811 hominis
1318 2761 1374 2810 et
1430 2772 1672 2826 corpus;
1729 2772 2097 2812 communem

397 2847 656 2903 omnium
687 2863 880 2902 rerum
909 2846 1282 2901 invisibilium
1325 2845 1752 2917 visibiliumque
1799 2845 2099 2900 materiem

396 2938 585 2993 adhuc
613 2935 940 3002 informem,
972 2935 1068 2990 sed
1099 2939 1248 2990 certe
1296 2934 1679 3002 formabilem,
1727 2935 1882 2990 unde
1932 2935 2097 2990 ﬁeret

398 3026 606 3080 coelum
633 3030 689 3079 et
723 3029 892 3090 terra,
923 3023 982 3078 id
1014 3028 1098 3078 est
1144 3023 1444 3078 invisibilis
1488 3028 1659 3094 atque
1704 3023 1943 3078 visibilis
1976 3023 2098 3094 jam

396 3119 639 3185 utraque
669 3113 910 3167 formata
939 3117 1216 3178 creatura,
1248 3112 1338 3166 his
1367 3112 1694 3167 nominibus
1716 3112 2094 3179 enuntiatum,

398 3201 608 3272 quibus
623 3201 1009 3270 appellaretur
1033 3202 1198 3254 Terra
1228 3200 1524 3254 invisibilis
1540 3203 1591 3252 et
1616 3201 1994 3268 incomposita,
2016 3204 2091 3265 et,

399 3290 647 3344 Tenebrae
674 3304 837 3358 super
863 3288 1152 3357 abyssum:
1177 3305 1244 3342 ea
1269 3287 1651 3352 distinctione,
1689 3291 1751 3341 ut
1783 3292 1929 3341 terra
1958 3289 2095 3341 invi-

394 3377 572 3432 sibilis
602 3382 652 3432 et
687 3379 1042 3446 incomposita
1069 3376 1424 3446 intelligatur
1471 3376 1736 3431 materies
1783 3377 2096 3446 corporalis

393 3471 528 3521 ante
557 3466 895 3538 qualitatem
925 3465 1160 3533 formae;
1218 3465 1443 3520 tenebra:
1489 3470 1682 3520 autem
1723 3479 1886 3534 super
1932 3465 2092 3536 abys-

393 3571 542 3624 sum,
599 3555 912 3627 spiritualis
966 3554 1230 3610 materies
1290 3558 1419 3609 ante
1483 3554 1872 3609 cohibitonem
1929 3553 2095 3626 quasi

395 3643 623 3698 ﬂuentis
653 3644 1145 3700 immoderationis
1174 3648 1231 3700 et
1283 3647 1414 3699 ante
1460 3643 1946 3700 illuminationem
1999 3645 2094 3700 Sa~

393 3731 627 3803 pientiaa
648 3735 676 3787 ?

461 3825 551 3875 26.
588 3823 685 3875 Est
713 3820 900 3875 adhuc
931 3822 1085 3892 quod
1127 3821 1277 3876 dicat
1322 3821 1369 3875 si
1397 3821 1525 3891 quis
1581 3821 1727 3876 alius
1776 3822 1933 3888 velit,
1974 3839 2091 3876 non

392 3907 606 3962 scilicet
629 3909 751 3978 jam
781 3909 1058 3978 perfectas
1090 3914 1260 3979 atque
1289 3909 1562 3963 formatas
1591 3908 1906 3964 invisibiles
1953 3910 2089 3964 visi-

392 3995 647 4066 bilesque
679 4000 933 4061 naturas,
965 3997 1090 4051 caeli
1109 4001 1342 4051 etterree
1373 3996 1608 4051 nomine
1638 3997 2092 4068 signiﬁcaricum

393 4084 625 4155 legitur,
650 4087 716 4140 In
741 4087 1019 4154 principio
1060 4087 1191 4152 fecit
1242 4088 1380 4140 Deus
1424 4087 1612 4141 caelum
1643 4091 1693 4140 et
1720 4091 1920 4140 terram
1947 4107 1962 4155 ;
1993 4088 2092 4143 sed

391 4171 577 4243 ipsam
625 4172 816 4227 adhuc
857 4173 1166 4228 informem
1195 4173 1620 4229 inchoationem
1651 4191 1843 4230 rerum
1888 4175 2092 4232 forma-

389 4259 568 4314 bilem
597 4259 1018 4331 creabilemque
1039 4260 1336 4315 materiam
1361 4260 1450 4316 his
1474 4261 1803 4316 nominibus
1835 4264 2089 4334 appella-

393 4352 530 4413 tam,
574 4347 726 4419 quod
772 4347 832 4402 in
881 4365 946 4402 ea
987 4349 1108 4418 jam
1151 4353 1340 4404 essent
1383 4349 1492 4404 ista
1544 4350 1779 4406 confusa
1829 4352 2088 4407 nondum

388 4435 760 4507 qualitatibus
805 4436 1122 4508 formisque
1169 4437 1450 4505 distincta,
1499 4455 1629 4510 quae
1678 4455 1833 4494 nunc
1849 4440 1973 4510 jam
2004 4441 2091 4496 di-

385 4529 542 4594 gesta
570 4523 688 4579 suis
710 4525 1008 4581 ordinibus
1038 4531 1315 4581 vocantur
1346 4528 1554 4583 coelum
1573 4532 1630 4583 et
1644 4533 1824 4598 terra;
1858 4529 1960 4584 illa
1979 4529 2092 4600 spi-

389 4612 636 4685 ritualis,
667 4613 792 4669 haec
821 4614 1134 4687 corporalis
1171 4619 1450 4672 creatura.
1830 4605 1837 4613 ’

1023 4707 1154 4762 CAP
1164 4707 1248 4761 UT
1277 4707 1464 4761 XVIII.

708 4794 838 4859 Quis
866 4811 1016 4850 error
1052 4798 1309 4851 innoxius
1337 4799 1397 4851 in
1435 4798 1766 4867 Scripturis.

459 4881 546 4936 27.
580 4881 796 4946 Quibus
834 4884 1100 4939 omnibus
1157 4883 1364 4940 auditis
1419 4889 1474 4941 et
1529 4885 1920 4953 consideratis,
1956 4887 2090 4940 nolo

385 4969 573 5024 verbis
599 4971 965 5038 contendere;
989 4972 1064 5027 ad
1084 4973 1228 5027 nihil
1258 4973 1412 5028 enim
1432 4973 1575 5029 utile
1598 4978 1682 5029 est
1709 4974 1820 5029 nisi
1850 4974 1920 5029 ad
1952 4975 2088 5029 sub-

385 5059 707 5115 versionem
764 5059 1123 5115 audientium
1153 5060 1221 5132 (ll
1280 5064 1420 5118 Tim.
1451 5080 1510 5130 ιι,
1551 5062 1657 5133 14).
1704 5063 1794 5118 Ad
1843 5063 2087 5119 aediﬁca-

386 5148 607 5204 tionem
636 5153 830 5204 autem
854 5149 1005 5204 bona
1030 5155 1114 5204 est
1132 5152 1242 5218 lex,
1270 5151 1316 5205 si
1341 5151 1470 5223 quis
1499 5169 1565 5207 ea
1593 5152 1851 5224 legitime
1873 5157 2086 5221 utatur;

387 5238 526 5309 quia
551 5237 683 5294 ﬁnis
714 5238 836 5310 ejus
856 5243 943 5293 est
961 5239 1206 5294 charitas
1225 5239 1294 5294 de
1324 5242 1494 5296 corde
1517 5257 1686 5312 puro,
1719 5246 1778 5296 et
1802 5241 2089 5296 conscien-

386 5326 466 5380 tia
492 5327 662 5392 bona,
695 5331 752 5382 et
779 5327 890 5383 ﬁde
922 5343 1037 5382 non
1083 5329 1217 5382 ﬁcta
1262 5327 1304 5398 (Ι
1341 5331 1475 5384 Tim.
1535 5334 1586 5400 1,
1645 5333 1698 5392 8,
1731 5329 1804 5400 5).
1838 5331 1904 5385 Et
1930 5330 2090 5385 novit

1603 328 2142 389 CONFESSIONUM
2183 328 2240 385 S.
2281 325 2690 385 AUGUSTINI.
3765 334 3844 387 836

2205 451 2395 506 lorum
2434 463 2698 505 meorum
2725 447 2786 502 in
2817 447 3057 515 occulto,
3104 447 3246 519 quid
3276 447 3418 503 mihi
3443 448 3615 516 obest,
3643 466 3759 508 cum
3783 455 3846 508 di-

2205 556 2366 593 versa
2393 537 2452 593 in
2499 538 2589 593 his
2617 535 2804 592 verbis
2831 535 3080 607 intelligi
3115 535 3352 607 possint,
3383 553 3510 608 qua
3537 543 3718 594 tamen
3742 557 3847 597 vera

2206 628 2340 694 sint,
2373 626 2533 698 quid,
2556 627 2816 697 inquam,
2848 624 3014 692 mihi,
3042 625 3222 694 obest,
3256 625 3302 678 si
3331 626 3482 680 aliud
3512 642 3611 697 ego
3639 645 3846 695 sensero,

2206 732 2380 788 quam
2410 715 2588 770 sensit
2615 714 2760 768 alius
2805 730 2939 769 eum
2984 713 3226 768 sensisse
3257 713 3356 785 qui
3385 714 3638 786 scripsit?
3679 717 3851 773 Omnes

2207 805 2443 876 quidem
2472 803 2573 875 qui
2593 803 2857 874 legimus,
2884 802 3126 858 nitimur
3145 802 3251 857 hoc
3271 803 3540 871 indagare
3561 808 3715 877 atque
3726 822 3849 860 com-

2206 893 2580 963 prehendere,
2626 892 2779 963 quod
2809 891 2991 946 voluit
3031 891 3128 946 ille
3173 908 3343 964 quem
3387 893 3639 963 legimus.
3669 896 3849 950 Etcum

2207 998 2341 1037 eum
2378 981 2691 1036 veridicum
2721 980 3028 1048 credimus,
3059 981 3204 1036 nihil
3230 981 3383 1052 quod
3418 983 3616 1037 falsum
3648 1000 3754 1038 esse
3784 986 3849 1039 vel

2206 1070 2470 1125 novimus
2539 1071 2627 1124 vel
2701 1073 2992 1141 putamus,
3067 1071 3344 1125 audemus
3399 1087 3531 1126 eum
3575 1071 3848 1128 existimem

2209 1159 2434 1214 dixisse.
2467 1161 2614 1214 Dum
2645 1175 2782 1230 ergo
2799 1157 3042 1230 quisque
3071 1163 3306 1214 conatur
3335 1159 3393 1215 id
3424 1160 3630 1215 sentire
3658 1161 3709 1215 in
3734 1161 3846 1215 Scri.

2208 1247 2395 1320 pturis
2449 1246 2678 1317 sanctis,
2719 1247 2872 1318 quod
2921 1247 2980 1301 in
3010 1247 3092 1301 eis
3137 1248 3317 1302 sensit
3357 1248 3455 1303 ille
3504 1248 3600 1320 qui
3641 1249 3844 1320 scripsit;

2211 1337 2350 1409 quid
2379 1336 2517 1390 mali
2539 1340 2622 1391 est
2645 1335 2693 1389 si
2721 1336 2831 1390 hoc
2857 1337 3081 1404 sentiat,
3116 1337 3270 1409 quod
3297 1341 3384 1404 tu,
3415 1338 3511 1392 lux
3527 1339 3759 1392 omnium
3783 1355 3848 1392 ve

2210 1425 2518 1480 ridicarum
2544 1424 2844 1491 mentium,
2870 1427 3117 1481 ostendis
3138 1442 3339 1480 verum
3370 1442 3512 1488 esse,
3544 1427 3746 1480 etiamsi
3766 1427 3847 1481 hoc

2209 1531 2328 1569 non
2357 1515 2532 1569 sensit
2574 1514 2670 1568 ille
2712 1530 2886 1585 quem
2932 1514 3100 1585 legit;
3149 1530 3280 1570 cum
3330 1520 3390 1570 et
3417 1515 3512 1570 ille
3551 1531 3747 1582 verum,
3773 1531 3847 1570 nec

2211 1609 2406 1658 tamen
2435 1603 2541 1658 hoc
2566 1603 2844 1657 senserit?

2860 1709 3088 1764 CAPUT
3115 1710 3246 1764 XIX.

2779 1815 2904 1881 Quae
2934 1815 3144 1884 liquido
3183 1831 3334 1872 vera.

2279 1923 2370 1976 28.
2401 1922 2606 1976 Verum
2651 1925 2736 1977 est
2773 1922 2950 1989 enim,
2985 1922 3246 1992 Domine,
3285 1921 3486 1977 fecisse
3515 1927 3568 1978 te
3609 1922 3783 1978 coelum
3807 1925 3846 1974 et

2209 2013 2449 2078 terram;
2494 2015 2549 2064 et
2606 2027 2806 2065 verum
2847 2016 2930 2066 est
2975 2011 3331 2081 Principium
3392 2029 3511 2067 esse
3553 2011 3841 2084 Sapientiam

2210 2103 2370 2153 tuam
2389 2099 2448 2153 in
2477 2115 2590 2170 qua
2614 2099 2794 2155 fecisti
2826 2100 3019 2154 omnia
3050 2101 3212 2171 (Psal.
3249 2119 3364 2168 cm,
3396 2102 3510 2171 24).
3537 2103 3669 2156 Item
3693 2116 3843 2154 verum

2211 2191 2314 2254 est,
2347 2187 2500 2258 quod
2539 2189 2789 2243 mundus
2827 2188 2934 2243 iste
2973 2189 3211 2243 visibilis
3240 2190 3419 2245 habet
3448 2206 3671 2262 magnas
3696 2193 3841 2260 partes

2209 2292 2340 2330 suas
2383 2277 2588 2331 coelum
2633 2282 2689 2331 et
2718 2283 2952 2343 terram,
3001 2278 3158 2332 brevi
3188 2279 3584 2350 complexione
3626 2278 3841 2332 factarum

2209 2363 2470 2419 omnium
2515 2365 2992 2436 conditarumque
3048 2371 3413 2422 naturarum.
3461 2369 3523 2422 Et
3557 2382 3732 2421 verum
3766 2369 3840 2426 est,

2209 2452 2361 2524 quod
2379 2469 2547 2506 omne
2569 2453 2844 2508 mutabile
2865 2452 3120 2508 insinuat
3135 2455 3364 2509 notitiae
3378 2461 3584 2511 nostrae
3596 2453 3840 2525 quamdam

2207 2541 2638 2610 informitatem,
2681 2559 2794 2613 qua
2836 2541 3080 2597 formam
3109 2544 3283 2614 capit,
3318 2545 3410 2600 vel
3438 2561 3547 2616 qua
3575 2548 3788 2598 mutatur
3806 2544 3841 2592 et

2206 2631 2463 2686 vertitur.
2495 2631 2705 2685 Verum
2740 2634 2844 2698 est,
2888 2631 3044 2688 nulla
3072 2636 3344 2703 tempora
3389 2633 3603 2705 perpeti
3634 2630 3758 2703 quod
3789 2628 3841 2682 ita

2207 2719 2455 2774 cohaeret
2467 2719 2664 2774 formae
2678 2719 3149 2787 incommutabili,
3164 2726 3229 2775 ut
3241 2722 3507 2792 quamvis
3528 2721 3596 2774 sit
3607 2715 3840 2781 mutabile,

2209 2823 2323 2860 non
2354 2811 2632 2862 mutetur.
2668 2807 2878 2861 Verum
2909 2812 3012 2875 est,
3046 2807 3489 2876 informitatem,
3521 2824 3639 2880 quae
3665 2799 3839 2878 propc‘

2209 2894 2353 2949 nihil
2380 2901 2482 2962 est,
2527 2895 2677 2950 vices
2706 2899 3035 2968 temporum
3075 2897 3291 2953 habere
3339 2914 3456 2952 non
3485 2913 3653 2969 posse.
3682 2895 3839 2947 Verum

2184 2988 2311 3050 .est,
2335 2984 2491 3055 quod
2518 2984 2671 3038 unde
2692 2983 2756 3038 ﬁt
2785 2985 3023 3056 aliquid,
3065 2989 3256 3056 potest
3298 2986 3544 3058 quodam
3582 2997 3757 3055 genere
3781 2979 3837 3032 lo-

2207 3072 2452 3126 cutionis
2467 3071 2805 3143 haberejam
2835 3089 3047 3127 nomen
3069 3074 3192 3145 ejus
3222 3075 3308 3129 rei
3331 3091 3459 3146 quas
3481 3073 3606 3128 inde
3629 3073 3708 3135 ﬁt;
3729 3067 3837 3122 unde

2204 3160 2392 3231 potuit
2419 3160 2603 3214 vocari
2630 3161 2836 3214 coelum
2856 3165 2912 3215 et
2941 3165 3093 3216 terra
3113 3163 3392 3232 quaelibet
3422 3160 3711 3216 informitas
3728 3154 3836 3209 unde

2203 3249 2415 3303 factum
2444 3253 2527 3304 est
2573 3250 2780 3304 caelum
2825 3254 2882 3304 et
2913 3253 3090 3304 terra.
3125 3253 3341 3306 Verum
3373 3257 3479 3318 est,
3502 3249 3730 3305 omnium
3753 3245 3833 3298 for-

2205 3342 2493 3392 matorum
2521 3337 2664 3392 nihil
2711 3354 2830 3393 esse
2872 3339 3106 3393 informi
3135 3338 3382 3395 vicinius
3410 3356 3578 3412 quam
3605 3342 3776 3391 terram
3798 3335 3836 3382 οι

2204 3424 2489 3495 abyssum.
2522 3427 2733 3480 Verum
2765 3431 2869 3494 est,
2899 3427 3053 3499 quod
3089 3443 3206 3482 non
3233 3431 3422 3484 solum
3452 3432 3685 3484 creatum
3709 3429 3833 3491 atque

2203 3512 2534 3580 formatum,
2566 3514 2663 3568 sed
2693 3514 2866 3570 etiam
2898 3516 3178 3587 quidquid
3207 3518 3457 3572 creabile
3488 3521 3644 3587 atque
3669 3514 3832 3567 forma-

2201 3600 2316 3655 bile
2355 3605 2459 3669 est,
2492 3607 2554 3656 tu
2599 3602 2780 3656 fecisti
2827 3620 2892 3658 ex
2936 3621 3050 3676 quo
3100 3608 3234 3659 sunt
3284 3606 3496 3660 omnia.
3534 3606 3718 3658 Verum
3757 3599 3831 3658 est,

2203 3705 2375 3744 omne
2422 3691 2573 3761 quod
2605 3707 2671 3745 ex
2701 3691 2936 3748 informi
2964 3693 3269 3765 formatur,
3302 3696 3464 3766 prius
3492 3709 3605 3749 esse
3628 3691 3831 3746 informe.

2205 3777 2408 3833 deinde
2438 3779 2777 3836 formatum.

2876 3887 3102 3942 CAPUT
3131 3889 3236 3943 ΧΧ.

2379 3993 2443 4047 In
2470 3991 2756 4064 principio
2779 3993 3010 4060 creavit,
3035 3998 3166 4062 etc.,
3199 3997 3359 4051 varie
3385 3996 3701 4053 intellectum.

2271 4100 2359 4152 29.
2394 4098 2468 4152 Ex
2508 4098 2597 4152 his
2639 4099 2908 4155 omnibus
2937 4099 3086 4155 veris
3127 4101 3196 4156 de
3230 4103 3446 4174 quibus
3474 4117 3586 4157 nou
3631 4094 3832 4153 dubitant

2201 4201 2448 4256 quorum
2496 4187 2758 4242 interiori
2806 4189 2970 4243 oculo
3013 4189 3150 4244 talia
3191 4190 3391 4246 videre
3428 4187 3657 4252 donasti,
3685 4189 3732 4238 et
3763 4177 3830 4251 qui

2201 4274 2428 4346 Moysen
2469 4275 2750 4330 famulum
2789 4280 2955 4332 tuum
2983 4276 3046 4331 in
3089 4277 3313 4348 Spiritu
3358 4277 3599 4333 veritatis
3635 4274 3832 4328 locutum

2201 4379 2320 4416 esse
2349 4362 2723 4418 immobiliter
2758 4363 3025 4431 credunt;
3059 4381 3126 4420 ex
3163 4366 3256 4420 his
3287 4383 3424 4438 ergo
3459 4363 3698 4421 omnibus
3718 4352 3832 4411 aliud

2199 4451 2309 4506 sibi
2341 4453 2488 4507 tollit
2521 4451 2622 4523 qui
2650 4451 2816 4507 dicit:
2865 4455 2928 4507 In
2967 4455 3248 4522 principio
3288 4457 3423 4522 fecit
3461 4457 3592 4508 Deus
3625 4449 3777 4504 coelum
3796 4445 3831 4493 et

2201 4545 2420 4607 terram,
2463 4541 2518 4595 id
2546 4545 2650 4605 est,
2682 4542 2746 4596 In
2774 4542 2955 4596 Verbo
2980 4559 3084 4597 suo
3123 4543 3231 4598 sibi
3266 4549 3547 4599 coasterno
3583 4539 3700 4596 fecit
3724 4537 3833 4590 Deus

2200 4629 2624 4700 intelligibilem
2649 4633 2823 4701 atque
2847 4631 3194 4698 seusibilem,
3215 4635 3303 4687 vel
3324 4632 3659 4705 spiritualem
3681 4636 3832 4692 corpo-

2198 4718 2492 4789 ralemqne
2515 4723 2855 4774 creaturam.
2887 4719 3059 4776 Aliud
3089 4720 3188 4792 qui
3228 4721 3397 4777 dicit:
3430 4724 3489 4777 In
3523 4715 3758 4790 principio
3771 4709 3831 4776 Ῑε·

2198 4807 2272 4860 cit
2312 4809 2449 4861 Deus
2496 4809 2682 4862 cadum
2721 4811 2772 4861 et
2813 4812 3033 4874 terram,
3074 4808 3134 4862 id
3171 4813 3276 4874 est,
3317 4811 3381 4864 In
3419 4808 3591 4864 Verbo
3632 4818 3719 4857 suo
3754 4793 3831 4851 sibi

2198 4898 2480 4950 coaeterno
2529 4895 2659 4951 fecit
2694 4896 2843 4951 Deus
2900 4897 3227 4952 universam
3283 4898 3451 4952 istam
3495 4896 3687 4951 molem
3735 4899 3831 4941 cor—

2197 4983 2358 5054 porei
2427 4985 2632 5040 mundi
2705 4985 2900 5056 hujus,
2948 5001 3081 5041 cum
3138 4987 3407 5042 omnibus
3456 5001 3589 5057 quas
3631 4976 3830 5035 continet

2198 5071 2514 5128 manifestis
2563 5074 2827 5145 notisque
2877 5076 3118 5131 naturis.
3203 5076 3376 5130 Aliud
3429 5074 3525 5146 qui
3585 5069 3727 5126 dicit:
3774 5062 3828 5114 1η

2192 5164 2468 5232 principio
2493 5164 2623 5229 fecit
2650 5165 2791 5218 Deus
2821 5165 3007 5218 caelum
3044 5169 3094 5220 et
3124 5169 3346 5232 terram,
3383 5165 3440 5219 id
3470 5167 3566 5225 est,
3597 5161 3653 5214 In
3688 5150 3827 5207 Verbo

2199 5266 2299 5304 suo
2321 5250 2431 5305 sibi
2460 5256 2746 5307 coaeterno
2767 5252 2900 5308 fecit
2917 5254 3064 5308 Deus
3085 5253 3393 5309 informem
3415 5250 3688 5307 materiam
3709 5253 3825 5296 crea-

2197 5343 2346 5394 turas
2405 5340 2719 5411 spiritualis
2759 5344 2815 5396 et
2870 5342 3205 5412 corporalis.
3261 5341 3429 5398 Aliud
3465 5338 3561 5411 qui
3607 5332 3748 5390 dicit:
3782 5327 3826 5379 ιη

385 5415 660 5486 magister
695 5421 888 5472 noster
924 5416 986 5471 in
1025 5416 1234 5488 quibus
1289 5417 1509 5473 duobus
1546 5419 1850 5490 praeceptis
1904 5423 2087 5474 totam
2190 5430 2467 5499 principio
2507 5431 2639 5497 fecit
2679 5432 2817 5488 Deus
2857 5431 3044 5488 coelum
3069 5435 3120 5488 et
3148 5437 3370 5495 terram,
3400 5429 3457 5486 id
3479 5433 3575 5495 est,
3605 5426 3661 5479 In
3687 5413 3826 5472 Verbo

386 5502 596 5573 Legem
631 5507 1062 5577 Prophetasque
1121 5505 1480 5576 suspenderit
1528 5508 1743 5576 (Matth.
1775 5523 1908 5574 χχιι,
1959 5509 2078 5578 40).

386 5591 524 5654 Quae
553 5593 700 5648 mihi
727 5593 996 5651 ardenter
1013 5594 1331 5662 confitenti,
1365 5595 1514 5651 Deus
1537 5595 1936 5661 meus,1umeu
1959 5612 2086 5652 ocu-

2265 5607 2280 5642 ¹
2315 5607 2461 5669 Lov.,
2487 5612 2734 5674 proprie.
