4022 6176
70 320 197 369 837

64 458 193 494 suo
235 440 341 494 sibi
399 442 686 493 coreterno
735 437 870 491 fecit
924 439 1071 493 Deus
1126 438 1435 493 informem
1496 440 1798 494 materiam

62 533 367 583 creaturae
400 528 716 597 corporalis
748 526 844 580 ubi
874 528 1178 581 confusum
1229 528 1414 582 adhuc
1445 533 1565 583 erat
1593 530 1799 582 coelum

65 623 145 670 ot
174 623 348 683 terra,
382 633 512 687 qua:
544 632 699 669 nunc
743 616 864 685 jam
924 616 1187 671 distincta
1242 624 1414 690 atque
1445 620 1686 674 formata
1740 620 1799 674 in

64 706 255 760 istius
284 706 483 759 mundi
505 705 655 759 mole
679 705 973 759 sentimus.
1007 705 1176 760 Aliud
1206 707 1305 778 qui
1335 708 1472 761 dicit
1502 724 1516 761 ε
1548 711 1612 763 In
1633 711 1798 778 prin-

59 797 232 863 cipio
250 796 377 861 fecit
405 797 543 847 Deus
572 794 757 847 callum
782 799 831 848 et
848 798 1068 859 terram,
1101 793 1158 847 id
1187 799 1291 861 est,
1326 797 1388 849 In
1414 796 1536 866 ipso
1568 796 1797 849 exordio

60 881 525 952 faciendiatque
539 882 817 951 operandi
848 882 980 936 fecit
1010 884 1157 936 Deus
1170 882 1474 937 informem
1500 884 1797 939 materiam

73 971 331 1025 confuse
361 970 668 1025 habentem
706 970 913 1024 coelum
964 974 1020 1024 et
1074 974 1305 1039 terram,
1364 972 1515 1026 unde
1554 973 1797 1026 formata

76 1076 251 1114 nunc
290 1059 548 1114 eminent
576 1064 634 1113 et
662 1063 941 1131 apparent
981 1076 1112 1114 cum
1142 1060 1407 1116 omnibus
1445 1078 1575 1132 quze
1626 1061 1685 1115 in
1716 1062 1797 1115 eis

76 1154 251 1205 sunL

748 1238 974 1291 CAPUT
1003 1238 1138 1293 XXI.

251 1344 423 1396 Terra
453 1347 574 1397 erat
598 1342 914 1409 invisibilis,
948 1348 1077 1409 etc.,
1112 1346 1262 1397 varie
1298 1345 1641 1399 intellectum.

161 1453 252 1503 30.
288 1451 426 1503 Item
474 1450 625 1521 quod
658 1451 860 1503 attinet
889 1450 960 1504 ad
991 1449 1338 1504 intellectum
1370 1450 1675 1506 verborum
1709 1469 1794 1506 se-

83 1538 417 1607 quentium,
453 1555 518 1591 ex
552 1538 661 1591 illis
692 1538 958 1591 omnibus
998 1539 1165 1605 veris,
1199 1539 1353 1593 aliud
1390 1540 1497 1594 sibi
1524 1541 1674 1595 tollit
1697 1541 1793 1613 qui

76 1627 233 1679 dicit
266 1643 278 1679 :
316 1630 484 1680 Terra
515 1632 691 1680 autem
722 1632 837 1679 erat
869 1628 1161 1681 invisibilis
1218 1632 1268 1681 et
1313 1630 1686 1698 incomposita,
1746 1636 1795 1685 et

76 1716 321 1768 tenebrap
358 1719 512 1768 erant
542 1730 705 1783 super
733 1714 1009 1785 abyssum,
1040 1715 1097 1769 id
1130 1719 1231 1781 est,
1269 1716 1573 1786 Corporale
1600 1716 1619 1751 ¹
1653 1719 1792 1773 illud

76 1803 246 1874 quod
281 1804 411 1857 fecit
443 1805 615 1873 Deus,
668 1803 854 1857 adhuc
894 1803 1157 1857 materies
1214 1810 1336 1859 erat
1390 1822 1794 1876 corporearum

72 1908 287 1946 rerum
336 1892 617 1959 informis,
669 1893 789 1945 sine
834 1891 1055 1958 ordine,
1110 1892 1230 1946 sine
1281 1893 1422 1948 luce.
1474 1895 1644 1950 Aliud
1697 1897 1796 1967 qui

76 1979 234 2032 dicit
267 1996 279 2032 :
320 1982 539 2033 Terram
588 1985 766 2034 autem
822 1987 939 2035 erat
996 1984 1293 2038 invisibilis
1333 1990 1382 2038 et
1419 1987 1792 2054 incomposita,

75 2074 135 2120 ρι
173 2069 399 2123 tenebrae
435 2075 590 2123 erant
637 2085 800 2139 super
843 2071 1124 2140 abyssum,
1193 2072 1251 2125 id
1305 2077 1408 2137 est,
1450 2074 1565 2127 Hoc
1612 2078 1793 2127 totum

77 2156 252 2225 quod
284 2159 486 2211 coelum
520 2163 576 2211 et
600 2162 751 2211 terra
783 2160 1132 2229 appellatum
1186 2163 1289 2227 est,
1325 2161 1506 2215 adlius
1536 2162 1796 2216 informis

79 2250 150 2297 et
188 2246 489 2300 tenebrosa
536 2246 799 2300 materies
857 2252 996 2314 erat,
1039 2249 1191 2302 unde
1221 2250 1380 2303 ﬁeret
1431 2252 1636 2305 ccelum
1669 2268 1795 2305 cor-

76 2352 339 2407 poreum
388 2340 445 2389 et
495 2340 645 2389 terra
702 2351 994 2406 corporea,
1046 2353 1176 2391 cum
1231 2338 1496 2393 omnibus
1552 2356 1680 2411 qua:
1736 2340 1797 2395 in

82 2427 177 2479 eis
234 2430 367 2479 sunt
411 2424 700 2495 corporeis
748 2425 1005 2479 sensibus
1039 2430 1196 2481 nota.
1242 2427 1410 2481 Aliud
1453 2428 1553 2499 qui
1610 2429 1793 2483 dicit:

86 2520 271 2569 Terra
301 2519 477 2567 autem
505 2519 621 2567 erat
647 2515 941 2568 invisibilis
993 2519 1043 2568 et
1084 2517 1455 2585 incomposita,
1488 2522 1538 2571 et
1574 2520 1798 2573 tenebrae

82 2608 251 2657 erant
269 2616 431 2672 super
449 2603 723 2670 abyssum,
748 2603 805 2657 id
829 2607 932 2669 est,
968 2604 1083 2657 Hoc
1104 2608 1291 2658 totum
1324 2605 1474 2676 quod
1504 2608 1711 2661 caelum
1742 2613 1799 2662 et

78 2698 243 2745 terra
273 2691 623 2762 appellatum
683 2696 784 2758 est,
841 2692 1025 2745 adhuc
1079 2692 1341 2746 informis
1392 2698 1446 2747 et
1493 2696 1797 2750 tenebrosa

84 2780 363 2835 materies
394 2784 534 2846 erat,
568 2780 717 2833 unde
772 2780 933 2833 ﬁeret
982 2781 1189 2835 caelum
1245 2781 1605 2853 intelligibile
1645 2786 1799 2855 quod

82 2868 227 2922 alibi
274 2868 482 2922 dicitur
514 2869 721 2921 caelum
782 2868 907 2921 cmli
959 2868 1127 2939 (Psal.
1185 2885 1334 2935 cxm,
1377 2870 1496 2940 l6);
1540 2875 1595 2924 ct
1622 2876 1794 2939 terra,

86 2958 309 3010 scilicet
339 2956 525 3009 omnis
546 2961 755 3010 natura
782 2973 1073 3027 corporea,
1107 2958 1209 3011 sub
1242 2974 1355 3029 quo
1375 2958 1608 3013 nomine
1636 2959 1799 3014 intel-

85 3047 309 3115 ligatur
339 3045 511 3098 etiam
531 3045 641 3099 hoc
671 3046 878 3099 coelum
905 3063 1246 3117 corporeum
1271 3064 1282 3113 ;
1317 3046 1375 3101 id
1407 3052 1491 3101 est
1520 3048 1670 3103 unde
1698 3049 1798 3103 ﬁe-

92 3140 183 3187 ret
222 3134 410 3188 omnis
442 3134 739 3188 invisibilis
771 3135 1120 3206 visibilisque
1164 3140 1442 3190 creatura.
1486 3138 1655 3191 Aliud
1699 3140 1799 3210 qui

86 3222 268 3276 dicit:
308 3225 472 3277 Terra
502 3228 678 3276 autem
734 3229 851 3277 erat
907 3226 1203 3279 invisibilis
1250 3230 1298 3279 et
1334 3228 1707 3295 incomposita,
1751 3234 1800 3283 et

93 3312 326 3366 tmebrze
346 3316 499 3365 erant
528 3327 690 3380 super
720 3312 1011 3383 abyssum;
1044 3329 1159 3367 non
1208 3313 1365 3367 illam
1392 3315 1800 3372 informitatem

92 3400 331 3455 nomine
363 3400 485 3455 coeli
517 3405 573 3454 et
600 3405 764 3453 terrae
811 3400 1106 3470 Scriptura
1159 3403 1500 3471 appellavit;
1557 3403 1649 3457 sed
1679 3404 1801 3473 jam

93 3495 245 3554 erat,
277 3490 481 3560 inquit,
509 3490 634 3559 ipsa
657 3488 977 3543 informitas
1009 3506 1181 3560 quam
1213 3494 1425 3544 terram
1455 3490 1799 3546 invisibilem

93 3584 159 3631 et
186 3578 623 3647 incompositam
657 3578 1136 3647 tenebrosamque
1163 3578 1431 3647 abyssum
1461 3579 1794 3647 nominavit,

92 3668 169 3720 de
202 3682 314 3736 qua
360 3667 565 3720 coelum
614 3671 670 3719 et
715 3671 927 3719 terram
974 3667 1152 3719 Deum
1193 3666 1391 3719 fecisse
1437 3666 1795 3737 pi‘mdixerat,

92 3754 458 3825 spiritualem
488 3754 720 3819 scilicet,
753 3755 1226 3825 corporalemque
1258 3759 1597 3809 creaturam.
1631 3756 1800 3813 Aliud

93 3844 201 3915 qui
238 3844 402 3898 dicit:
448 3847 617 3898 Terra
652 3848 831 3897 autem
867 3848 984 3897 erat
1020 3844 1315 3898 invisibilis
1346 3848 1396 3897 et
1427 3846 1795 3914 incomposita,

92 3938 147 3985 et
198 3934 421 3988 tenebrae
458 3938 613 3987 erant
663 3948 825 4001 super
875 3932 1147 4001 abyssum,
1198 3932 1254 3987 id
1306 3937 1409 3999 est,
1474 3934 1801 3989 Informitas

95 4024 366 4093 quaedam
411 4022 529 4091 jam
571 4021 837 4075 materies
892 4026 1031 4085 erat,
1075 4020 1228 4075 unde
1269 4022 1477 4075 coelum
1507 4026 1562 4076 et
1592 4026 1801 4077 terram

99 4114 285 4164 Deum
326 4110 518 4163 fecisse
556 4109 849 4180 Scriptura
890 4109 1192 4180 prmdixit:
1224 4113 1403 4163 totam
1434 4110 1645 4166 scilicet
1674 4128 1800 4166 cor-

99 4215 337 4270 poream
360 4200 555 4254 mundi
578 4200 810 4265 molem,
843 4198 900 4252 in
928 4200 1067 4253 duas
1097 4199 1374 4252 maximas
1399 4204 1607 4269 partes,
1641 4217 1804 4271 supe-

92 4290 313 4342 riorem
352 4292 518 4359 atque
550 4288 881 4342 inferiorem
931 4287 1313 4355 distributam,
1358 4304 1489 4343 cum
1538 4290 1803 4345 omnibus

96 4393 232 4447 quae
262 4378 321 4430 in
353 4377 433 4431 eis
460 4381 589 4432 sunt
617 4377 839 4432 usitatis
871 4376 1135 4448 notisque
1166 4376 1458 4433 creaturis.

738 4486 961 4539 CAPUT
998 4485 1155 4539 XXII.

218 4573 452 4642 Aliquid
481 4590 589 4629 esse
618 4591 651 4628 a
686 4576 788 4628 Deo
820 4574 1111 4640 conditum,
1143 4573 1208 4627 de
1236 4590 1340 4644 quo
1369 4575 1527 4630 sileat
1554 4574 1688 4631 liber

591 4664 827 4729 Genesis,
856 4662 997 4716 nihil
1026 4667 1312 4732 repugnat.

172 4756 261 4806 3t.
306 4754 445 4808 Cum
486 4752 640 4806 enim
670 4752 889 4806 duabus
931 4751 1053 4805 istis
1082 4752 1349 4806 extremis
1388 4752 1682 4808 sententiis
1712 4770 1800 4807 re-

96 4844 299 4896 sistere
338 4842 645 4913 quisquam
688 4841 765 4894 ita
796 4840 1135 4895 tentaverit:
1175 4840 1231 4895 Si
1269 4858 1385 4895 non
1415 4842 1584 4897 vultis
1608 4844 1628 4875 ³
1657 4843 1801 4897 hanc

98 4930 514 4986 informitatem
553 4929 807 4984 materiae
837 4929 963 4984 cceli
992 4933 1046 4983 et
1084 4933 1250 4984 terrae
1282 4931 1516 4984 nomine
1547 4932 1800 5001 appella-

96 5027 221 5073 tam
251 5018 451 5086 videri,
482 5022 602 5073 erat
640 5034 776 5088 ergo
808 5017 1025 5088 aliquid
1057 5018 1212 5089 quod
1243 5034 1358 5072 non
1386 5018 1597 5073 fecerat
1630 5020 1798 5087 Deus,

98 5108 253 5162 unde
284 5108 491 5161 coelum
518 5112 573 5160 et
599 5112 811 5161 terram
841 5105 1076 5173 faceret;
1111 5123 1296 5177 neque
1328 5107 1484 5162 enim
1513 5108 1803 5178 Scriptura

98 5196 354 5252 narravit
384 5196 538 5267 quod
568 5196 735 5249 istam
764 5194 1063 5249 materiem
1080 5195 1227 5249 Deus
1257 5194 1473 5262 fecerit,
1507 5194 1616 5249 nisi
1639 5196 1802 5250 intel-

167 5327 178 5358 ι
214 5324 294 5371 Ita
322 5321 499 5385 plures
520 5326 571 5369 et
602 5320 831 5385 potiores
863 5320 984 5385 Mss.
1007 5333 1129 5385 cum
1154 5320 1309 5385 Arn.;
1342 5324 1394 5385 at
1418 5319 1684 5385 Bathm.
1714 5321 1797 5371 Er.

97 5387 300 5436 Somni.
322 5382 483 5447 'Blas.
503 5382 633 5447 cum
669 5383 902 5447 quinque
925 5384 1057 5447 Mss.
1086 5382 1301 5445 habent,
1328 5382 1381 5431 id
1412 5386 1508 5445 est,
1540 5384 1798 5447 Incorpo-

97 5448 249 5504 rale;
275 5446 399 5495 Lov.
421 5483 434 5506 ,
459 5445 515 5494 id
535 5450 630 5501 est.
657 5444 1006 5502 cbrporabile.

162 5514 183 5545 ἀ
213 5510 443 5559 Somm.:
484 5508 779 5567 Quisquam
816 5510 897 5556 ita
928 5508 1224 5567 tentaverit,
1253 5506 1299 5558 si
1334 5518 1447 5558 non
1476 5506 1585 5560 vult
1614 5509 1796 5560 istam.

99 5574 280 5622 Mart:
313 5570 376 5620 Si
406 5582 518 5620 non
544 5569 653 5622 vult
671 5569 827 5621 hanc.
895 5570 961 5618 Μ.

1474 318 1683 373 LIBER
1756 315 2235 372 DUODECIMUS.

3503 322 3607 374 838

1910 438 2153 509 ligamus
2186 435 2204 469 ¹
2235 453 2361 492 eam
2399 437 2525 492 cceli
2555 442 2607 491 et
2639 442 2826 503 terrae,
2880 441 2979 492 aut
3008 438 3183 493 solius
3213 443 3381 494 terrm
3436 458 3604 496 voca-

1908 526 2042 581 bulo
2066 526 2440 597 signiﬁcatam
2468 543 2595 579 cum
2619 526 2920 596 diceretur,
2943 529 3005 581 In
3024 530 3299 597 principio
3316 531 3448 595 fecit
3471 534 3605 585 Deus

1908 617 2093 670 cwlum
2130 620 2179 669 et
2228 624 2455 679 terram;
2503 619 2563 668 ut
2627 615 2682 669 id
2715 616 2867 686 quod
2912 616 3192 686 sequitur,
3229 619 3397 671 Terra
3429 624 3606 673 autem

1909 710 2026 758 erat
2054 704 2347 758 invisibilis
2374 710 2425 759 et
2454 706 2829 772 incomposita,
2861 704 3117 773 quamvis
3148 704 3452 760 informem
3484 724 3606 761 ma-

1908 791 2111 845 teriam
2134 792 2212 845 sic
2235 791 2513 861 placuerit
2540 792 2847 862 appellare,
2874 808 2990 845 non
3007 797 3197 847 tamen
3218 792 3607 866 intelligamus

1908 879 2017 933 nisi
2070 897 2196 934 eam
2228 896 2398 951 quam
2446 880 2577 934 fecit
2608 882 2754 934 Deus
2802 880 2863 933 in
2894 896 2959 933 eo
3005 881 3159 951 quod
3205 884 3606 954 prmscriptum

1910 972 2017 1035 est,
2046 972 2177 1035 fecit
2197 971 2334 1023 Deus
2363 970 2548 1023 caelum
2568 973 2617 1021 et
2649 974 2867 1022 terram.
2893 969 3340 1038 Respondebunt
3371 979 3607 1027 asserto-

1908 1073 1998 1111 res
2038 1058 2281 1111 duarum
2310 1057 2549 1111 istarum
2578 1057 2989 1111 sententiarum
3021 1073 3164 1128 quas
3194 1063 3476 1115 extremas
3505 1078 3605 1132 po-

1909 1146 2145 1212 suimus,
2179 1151 2278 1199 aut
2300 1146 2473 1213 illius,
2515 1150 2615 1199 aut
2645 1145 2818 1213 illius,
2862 1162 2990 1199 cum
3024 1146 3144 1200 haec
3191 1147 3497 1216 audierint,
3549 1155 3607 1205 et

1910 1234 2132 1288 dicent:
2183 1235 2493 1288 Informem
2527 1234 2760 1303 quidem
2799 1234 2965 1287 istam
3013 1235 3312 1290 materiam
3352 1254 3467 1292 non
3499 1255 3604 1293 ne-

1907 1339 2108 1393 gamus
2139 1340 2171 1375 a
2224 1324 2337 1376 Deo
2381 1323 2606 1387 factam,
2656 1323 2769 1376 Deo
2802 1339 2834 1375 a
2886 1339 2998 1392 quo
3041 1328 3173 1377 sunt
3214 1325 3408 1379 omnia
3451 1326 3605 1381 bona

1905 1411 2067 1464 valde
2094 1428 2105 1465 :
2139 1410 2275 1482 quia
2300 1410 2445 1465 sicut
2476 1410 2718 1464 dicimus
2749 1411 2995 1481 amplius
3024 1411 3238 1466 bonum
3288 1430 3407 1468 esse
3447 1417 3600 1485 quod

1906 1503 2158 1553 creatum
2190 1504 2358 1570 atque
2406 1500 2715 1552 formatum
2749 1502 2853 1566 est,
2888 1498 2966 1553 ita
3008 1499 3254 1553 fatemur
3284 1501 3473 1555 minus
3502 1503 3604 1556 bo-

1907 1604 2046 1641 num
2078 1604 2197 1641 esse
2224 1588 2378 1659 quod
2406 1588 2615 1641 factum
2644 1591 2725 1640 est
2756 1586 3017 1652 creabile,
3067 1592 3237 1657 atque
3280 1588 3604 1657 formabile,

1906 1676 2005 1729 sed
2032 1680 2224 1730 tamen
2254 1677 2471 1730 bonum
2506 1692 2517 1729 :
2545 1692 2661 1729 non
2699 1680 2890 1729 autem
2923 1691 3401 1731 commemorasse
3459 1678 3611 1731 Scri-

1906 1768 2156 1835 pturam,
2191 1764 2343 1835 quod
2385 1764 2532 1818 hanc
2562 1762 2971 1816 informitatem
3002 1762 3197 1817 fecerit
3246 1764 3413 1826 Deus.
3465 1765 3611 1819 sicut

1909 1852 2018 1905 alia
2042 1853 2223 1906 multa
2256 1868 2373 1906 non
2401 1852 2884 1918 commemoravit,
2919 1855 2980 1905 ut
3020 1851 3327 1906 Cherubim
3358 1857 3413 1907 et
3442 1853 3607 1907 Sera-

1907 1941 2068 2011 phim
2103 1943 2250 2010 (Isai.
2284 1958 2358 2005 vr,
2408 1943 2471 2008 2;
2521 1946 2571 1994 et
2618 1956 2819 2005 xxxv”,
2875 1941 2977 2008 l6),
3030 1943 3085 1993 et
3128 1956 3255 2009 quas
3301 1942 3606 2011 Apostolus

1908 2029 2170 2083 distincte
2204 2029 2299 2095 ait,
2342 2028 2527 2097 Sedes,
2576 2030 2994 2095 Dominationes,
3050 2030 3415 2097 Principatus,
3451 2031 3608 2083 Pote-

1907 2122 2071 2173 states
2128 2119 2341 2187 (Coloss.
2376 2134 2413 2185 ι,
2448 2118 2552 2184 l6),
2586 2133 2714 2187 qua:
2746 2122 2939 2169 tamen
2977 2116 3170 2169 omnia
3204 2118 3384 2171 Deum
3413 2117 3609 2172 fecisse

1908 2205 2273 2259 manifestum
2305 2208 2405 2258 est.
2454 2206 2569 2258 Aut
2598 2204 2644 2257 si
2673 2204 2734 2256 in
2776 2220 2841 2257 eo
2886 2204 3038 2273 quod
3080 2204 3297 2258 dictum
3334 2210 3437 2273 est,
3478 2209 3609 2273 fecit

1907 2295 2093 2349 caelum
2122 2299 2171 2347 et
2217 2298 2438 2359 terram,
2472 2293 2888 2362 comprehensa
2923 2295 3055 2345 sunt
3084 2293 3313 2347 omnia:
3357 2294 3495 2364 quid
3541 2295 3610 2348 de

1908 2382 2071 2453 aquis
2095 2382 2355 2449 dicimus,
2388 2398 2561 2452 super
2592 2398 2732 2452 quas
2762 2381 3049 2434 ferebatur
3078 2382 3329 2452 Spiritus
3361 2382 3504 2436 Dei?
3551 2382 3610 2437 Si

1910 2471 2087 2535 enim,
2120 2475 2272 2525 terra
2302 2470 2619 2535 nominata,
2652 2469 2824 2523 simul
2851 2469 3292 2540 intelliguntur;
3324 2472 3612 2541 quomodo

1903 2560 2024 2631 jam
2077 2565 2244 2615 terrae
2323 2559 2557 2613 nomine
2624 2558 2889 2612 materies
2984 2558 3243 2613 informis
3314 2560 3611 2631 accipitur,

1915 2649 2144 2720 quando
2187 2654 2303 2702 tam
2334 2648 2617 2718 speciosas
2647 2664 2825 2717 aquas
2849 2646 3109 2701 videmus
3138 2649 3166 2701 ?
3204 2651 3317 2701 Aut
3346 2649 3390 2702 si
3422 2648 3501 2703 ita
3527 2666 3614 2703 ac-

1911 2739 2157 2809 cipitur;
2193 2755 2293 2793 cur
2324 2755 2390 2791 ex
2428 2738 2629 2792 eadem
2677 2737 3025 2791 informitate
3074 2736 3349 2806 scriptum
3381 2742 3483 2804 est,
3529 2739 3611 2793 fa-

1914 2832 2069 2881 ctum
2120 2826 2547 2881 ﬁrmamentum
2578 2829 2634 2878 et
2663 2829 2922 2877 vocatum
2967 2824 3191 2887 coelum,
3243 2841 3430 2895 neque
3474 2826 3610 2879 scri-

1909 2920 2072 2986 ptum
2102 2920 2187 2968 est
2212 2914 2382 2968 factas
2414 2930 2532 2967 esse
2561 2929 2737 2983 aquas
2756 2912 2782 2964 ?
2804 2914 2926 2966 Non
2944 2911 3099 2966 enim
3121 2912 3306 2966 adhuc
3333 2912 3611 2969 informes

1912 3008 2045 3057 sunt
2066 3008 2120 3057 et
2148 3002 2362 3068 invisas,
2386 3018 2526 3073 quas
2552 3002 2630 3055 ita
2659 3001 2861 3055 decora
2883 3000 3069 3071 specie
3092 3002 3269 3056 ﬂuere
3299 3002 3607 3059 cernimus.

1910 3091 2023 3143 Aut
2074 3087 2120 3141 si
2151 3092 2283 3142 tunc
2313 3091 2655 3158 acceperunt
2676 3087 2842 3141 istam
2866 3086 3112 3157 speciem
3132 3104 3261 3141 cum
3278 3088 3417 3143 dixit
3440 3090 3609 3155 Deus,

1916 3180 2288 3245 Congregetur
2320 3192 2467 3245 aqua
2514 3192 2632 3244 qua:
2661 3180 2737 3231 est
2776 3176 2873 3229 sub
2902 3178 3239 3244 ﬁrmamento
3280 3178 3431 3247 (Gen.
3466 3196 3505 3247 ι,
3536 3180 3610 3249 9),

1911 3271 1977 3320 ut
2006 3265 2370 3337 congregatio
2406 3264 2481 3319 sit
2506 3265 2629 3336 ipsa
2658 3264 2953 3334 formatio;
3000 3265 3141 3337 quid
3174 3266 3614 3337 respondebitur

1912 3355 1981 3409 de
2010 3354 2175 3425 aquis
2207 3369 2336 3424 quae
2385 3369 2557 3423 super
2586 3353 3014 3407 ﬁrmamentum
3054 3356 3222 3409 sunt?
3262 3355 3399 3425 quia
3428 3372 3613 3428 neque

1912 3443 2184 3496 informes
2204 3446 2321 3495 tam
2344 3441 2740 3495 honorabilem
2767 3441 2959 3495 sedem
2983 3441 3236 3510 accipere
3250 3442 3611 3511 meruissent,

1911 3546 2015 3584 nec
2046 3529 2318 3600 scriptum
2349 3534 2433 3583 est
2463 3546 2577 3600 qua
2605 3546 2739 3584 voce
2770 3530 3029 3583 formatae.
3061 3530 3201 3585 sint.
3246 3530 3403 3584 Unde
3431 3531 3478 3584 si
3506 3533 3605 3586 ali-

1913 3618 2048 3689 quid
2090 3618 2321 3672 Genesis
2350 3617 2525 3671 tacuit
2555 3619 2733 3671 Deum
2771 3616 2991 3683 fecisse,
3025 3618 3177 3687 quod
3210 3621 3402 3672 tamen
3430 3620 3611 3673 Deum

1911 3706 2110 3761 fecisse
2142 3722 2247 3759 nec
2276 3722 2415 3759 sana
2443 3704 2605 3764 ﬁdes.
2649 3722 2751 3759 nec
2776 3710 2963 3759 certus
2992 3705 3235 3776 ambigit
3259 3704 3605 3774 intellectus;

1914 3810 2016 3848 nec
2048 3792 2174 3848 ideo
2199 3794 2317 3847 ulla
2347 3793 2533 3847 sobria
2547 3794 2804 3848 doctrina
2815 3794 3002 3848 dicere
3020 3794 3252 3848 audebit
3274 3794 3410 3849 istas
3433 3812 3610 3867 aquas

1913 3887 2222 3937 coaeternas
2244 3884 2382 3946 Deo,
2418 3882 2553 3952 quia
2582 3881 2643 3935 in
2671 3882 2817 3936 libro
2848 3885 3125 3937 Geneseos
3142 3890 3613 3939 commemoratas

1913 3970 2145 4042 quidem
2177 3970 2498 4025 audivimus
2527 3969 2568 4035 ²,
2610 3970 2712 4024 ubi
2741 3975 2934 4025 autem
2964 3972 3110 4026 facta
3148 3973 3262 4027 sint
3300 3990 3414 4028 non
3452 3973 3611 4029 inve-

1914 4060 2131 4114 nimus:
2164 4075 2265 4113 cur
2296 4075 2412 4113 non
2470 4058 2775 4113 informem
2820 4076 3049 4132 quoque
3087 4061 3246 4116 illam
3291 4064 3610 4131 materiem,

1915 4165 2089 4221 quam
2118 4147 2410 4217 Scriptura
2439 4146 2562 4200 hinc
2595 4152 2809 4202 terram
2839 4148 3185 4203 invisibilem
3218 4155 3275 4204 et
3315 4151 3612 4223 incompo-

1915 4237 2105 4304 sitam,
2136 4237 2614 4306 tenebrosamque
2628 4236 2894 4305 abyssum
2918 4238 3440 4307 appellat,docente
3470 4242 3613 4294 veri-

1913 4329 2028 4379 tate
2058 4322 2449 4393 intelligamus
2477 4340 2510 4375 a
2540 4325 2654 4377 Deo
2702 4324 2906 4379 factam
2958 4341 3076 4379 esse
3107 4326 3175 4379 de
3212 4325 3414 4397 nihilo,
3445 4328 3604 4383 ideo-

1915 4430 2026 4485 que
2064 4412 2149 4467 illi
2188 4428 2305 4465 non
2344 4428 2463 4465 esse
2509 4417 2872 4480 comternam,
2908 4413 3167 4485 quamvis
3196 4413 3295 4468 ubi
3329 4414 3475 4471 facta
3516 4417 3610 4485 sit,

1914 4499 2174 4556 omiserit
2193 4500 2488 4555 enuntiare
2513 4499 2620 4554 ista
2649 4502 2901 4555 narratio
2916 4504 2945 4555 ?

2545 4589 2772 4644 CAPUT
2801 4591 2985 4645 XXIII.

1914 4681 2028 4733 Duo
2067 4677 2460 4732 dissensionum
2502 4693 2699 4745 genera
2728 4680 2786 4731 in
2831 4678 3131 4747 Scripturis
3159 4681 3606 4751 interpretandis.

1984 4770 2076 4822 32.
2117 4767 2213 4821 His
2242 4783 2377 4838 ergo
2413 4766 2621 4821 auditis
2651 4771 2820 4836 atque
2850 4767 3158 4838 perspectis
3187 4786 3291 4840 pro
3322 4777 3490 4843 captu
3519 4775 3608 4829 in-

1913 4854 2201 4909 ﬁrmitatis
2239 4871 2406 4923 meae,
2437 4870 2609 4924 quam
2643 4854 2749 4907 tibi
2787 4854 3064 4910 conﬁteor
3085 4857 3287 4913 scienti
3307 4861 3421 4915 Deo
3458 4879 3608 4933 meo,

1913 4943 2027 4997 duo
2055 4942 2220 4997 video
2266 4941 2684 4996 dissensionum
2742 4959 2954 5012 genera
3003 4946 3217 5001 oboriri
3259 4965 3445 5019 posse,
3480 4968 3607 5006 cum

1913 5032 2132 5103 aliquid
2179 5049 2211 5085 a
2261 5030 2476 5085 nuntiis
2531 5030 2823 5086 veracibus
2878 5050 2981 5104 per
3028 5036 3191 5107 signa
3238 5040 3603 5096 enuntiatur:

1914 5137 2093 5175 unum
2125 5119 2172 5173 si
2201 5120 2269 5175 de
2299 5118 2537 5173 veritate
2564 5136 2781 5191 rerum,
2822 5122 3068 5179 alterum
3108 5126 3156 5179 si
3204 5126 3273 5181 de
3304 5127 3480 5198 ipsius
3509 5129 3607 5199 qui

1914 5208 2174 5263 enuntiat
2198 5208 2487 5261 voluntate
2504 5206 2777 5262 dissensio
2802 5214 2905 5265 est.
2928 5212 3104 5266 Aliter
3115 5212 3270 5268 enim
3297 5214 3607 5285 qumrimus

1913 5297 1981 5351 de
2012 5300 2284 5349 creaturae
2314 5294 2637 5350 conditione
2664 5298 2801 5369 quid
2829 5316 3028 5355 verum
3059 5302 3168 5369 sit;
3214 5304 3379 5356 aliter
3415 5307 3608 5359 autem

1979 5386 1993 5419 ι
2032 5385 2090 5451 In
2113 5383 2357 5451 omnibus
2387 5382 2494 5431 fere
2510 5383 2672 5451 libris
2697 5386 2905 5450 legitur,
2929 5391 3030 5438 nisi
3051 5392 3115 5439 ut
3132 5389 3516 5451 intelligamus,
3544 5392 3609 5441 li-

1913 5447 2211 5517 brariorum
2233 5445 2403 5508 lapsu,
2434 5446 2525 5517 qui
2551 5446 2685 5517 forte
2706 5445 2980 5517 mutarunt
3003 5457 3099 5517 aut
3119 5452 3171 5498 in
3195 5454 3267 5517 ut.
3287 5445 3429 5517 Hane
3450 5445 3607 5517 pel-ro

1913 5508 2226 5576 particulam
2256 5510 2577 5576 removimps
2612 5510 2767 5576 juxta
2793 5514 2924 5576 Arn.
2952 5518 3004 5562 et
3041 5514 3161 5576 Mss.
3200 5508 3605 5576 Benigniahum.

1976 5573 1999 5605 ³
2026 5572 2300 5631 Audimus,
2317 5570 2472 5633 juxta
2501 5570 2671 5623 Band.
2707 5589 2829 5623 cum
2857 5578 2883 5623 7
2909 5575 3033 5625 Mss.
3063 5575 3133 5623 M.
