4062 6188
357 320 461 373 839

353 441 489 512 quid
533 441 592 494 in
632 440 720 495 his
752 439 936 495 verbis
967 441 1206 510 Moyses,
1240 438 1507 510 egregius
1541 440 1888 495 domesticus
1918 438 2055 494 ﬁdei

358 535 494 596 tum,
513 529 838 601 intelligere
855 529 1124 583 lectorem
1150 527 1586 598 auditoremqne
1603 529 1864 584 voluerit.
1880 531 1944 584 In
1960 529 2056 583 illo

353 618 542 688 primo
564 633 776 688 genere
790 617 1086 672 discedant
1115 633 1147 670 a
1176 632 1268 671 me
1291 632 1510 682 omnes,
1539 617 1638 688 qui
1665 634 1731 672 ea
1761 634 1888 689 quae
1917 618 2059 672 falsa

356 710 508 772 sunt,
541 722 600 759 se
631 707 772 761 scire
815 706 1187 761 arbitrantur.
1236 706 1300 759 In
1347 707 1453 760 hoc
1501 706 1639 761 item
1672 709 1849 763 altero
1877 708 2053 760 discu-

355 795 493 848 dant
515 811 550 848 a
575 810 666 848 me
685 811 882 848 omnes
910 794 1006 865 qui
1035 811 1100 848 ea
1118 810 1246 864 qua:
1263 795 1401 848 falsa
1423 800 1575 860 sunt,
1597 797 1827 866 Moysen
1852 797 2056 850 dixisse

351 883 718 936 arbitrantur.
753 882 1081 953 Conjungar
1105 888 1297 936 autem
1327 881 1460 949 illis,
1507 884 1767 952 Domine,
1799 883 1860 939 in
1890 889 1968 952 te,
1999 889 2055 939 et

354 971 602 1026 delecter
637 987 767 1025 cum
792 970 892 1038 eis,
925 971 988 1024 in
1023 974 1100 1036 te,
1135 970 1235 1041 qui
1263 970 1500 1026 veritate
1531 976 1630 1026 tua
1657 977 1969 1044 pascuntur
1997 973 2056 1027 in

350 1059 648 1115 latitudine
665 1059 983 1126 charitatis;
1017 1063 1073 1112 et
1089 1060 1426 1114 accedamus
1453 1059 1624 1115 simul
1657 1061 1730 1116 ad
1757 1061 1932 1116 verba
1963 1062 2057 1116 Li-

352 1148 442 1202 bri
471 1148 577 1215 tui,
605 1153 663 1202 et
699 1164 1025 1220 quaeramus
1054 1149 1116 1202 in
1145 1149 1226 1202 eis
1248 1149 1603 1204 voluntatem
1635 1154 1795 1204 tuam
1823 1166 1928 1221 per
1951 1166 2057 1205 vo-

353 1236 634 1291 luntatem
660 1237 857 1290 famuli
887 1236 994 1301 tui,
1027 1237 1188 1306 cujus
1222 1237 1440 1290 calamo
1473 1237 1812 1308 dispensasti
1842 1255 1928 1294 ea.

981 1343 1207 1397 CAPUT
1247 1343 1424 1399 XXIV.

354 1431 440 1485 Ea:
469 1431 653 1485 multis
681 1431 822 1485 veris
859 1445 965 1484 non
1014 1429 1168 1483 debet
1194 1429 1422 1499 ﬁdenter
1453 1434 1626 1487 assert
1653 1431 1746 1487 hoc
1794 1436 1891 1487 aut
1918 1431 2059 1488 illud

959 1519 1186 1572 sensisse
1212 1522 1451 1587 Moysen.

426 1608 511 1660 33.
527 1604 638 1659 Sed
655 1604 783 1675 quis
796 1609 1054 1658 nostrum
1068 1605 1145 1658 sic
1162 1604 1384 1660 invenit
1405 1609 1421 1644 ¹
1445 1623 1570 1662 eam
1586 1607 1735 1663 inter
1748 1613 1864 1663 tam
1878 1611 2057 1664 multa

353 1710 484 1748 vera
512 1698 555 1758 ²,
585 1709 712 1764 qua:
747 1693 805 1746 in
830 1693 941 1747 illis
966 1694 1154 1748 verbis
1187 1694 1349 1748 aliter
1369 1699 1537 1766 atque
1569 1697 1736 1751 aliter
1756 1697 2056 1751 intellectis

353 1787 656 1836 occurrunt
689 1781 1106 1852 quaerentibus;
1135 1787 1329 1836 uttam
1351 1783 1596 1838 ﬁdenter
1617 1784 1766 1839 dicat
1794 1786 1903 1839 hoc
1926 1801 2054 1840 sen-

352 1871 487 1923 sisse
521 1871 769 1941 Moysen,
804 1873 972 1940 atque
1002 1871 1192 1924 hocin
1223 1871 1323 1925 illa
1340 1872 1670 1927 narratione
1690 1873 1935 1927 voluisse
1965 1873 2054 1926 in-

353 1958 552 2028 telligi,
594 1973 766 2028 quam
798 1957 1040 2012 ﬁdenter
1082 1958 1219 2012 dicit
1246 1959 1355 2013 hoc
1392 1975 1589 2014 verum
1628 1977 1769 2028 esse,
1815 1963 1930 2016 sive
1959 1960 2055 2016 ille

350 2048 456 2101 hoc
488 2047 728 2102 senserit
766 2048 880 2102 sive
921 2047 1124 2102 aliud?
1167 2049 1307 2103 Ecce
1340 2049 1518 2118 enim,
1554 2052 1700 2105 Deus
1732 2067 1914 2118 meus,
1947 2067 2054 2122 ego

350 2152 544 2190 servus
564 2141 696 2191 tuus
717 2135 818 2207 qui
843 2137 970 2191 vovi
995 2136 1100 2191 tibi
1123 2137 1462 2192 sacriﬁcium
1494 2139 1864 2194 confessionis
1886 2139 1945 2194 in
1966 2140 2056 2194 his

350 2224 578 2295 litteris,
596 2229 650 2279 et
672 2241 771 2280 oro
800 2229 862 2278 ut
892 2241 959 2279 ex
980 2225 1377 2280 misericordia
1404 2231 1504 2281 tua
1531 2227 1767 2281 reddam
1793 2228 1897 2282 tibi
1927 2233 2056 2283 vota

352 2329 515 2380 mea;
541 2328 667 2368 ecce
695 2330 801 2384 ego
831 2330 944 2385 quo
961 2330 1136 2385 quam
1161 2313 1408 2370 ﬁdenter
1429 2315 1627 2370 dicoin
1643 2321 1740 2370 tuo
1765 2317 1946 2372 Verbo
1973 2317 2053 2371 in-

351 2401 740 2457 commutabili
782 2401 978 2455 omnia
1007 2407 1062 2456 te
1093 2401 1313 2467 fecisse,
1358 2402 1666 2458 invisibilia
1697 2410 1753 2459 et
1781 2405 2053 2476 visibilia,

351 2492 634 2562 numquid
655 2495 775 2544 tam
794 2489 1038 2544 ﬁdenter
1070 2491 1195 2544 dico
1222 2507 1333 2545 non
1355 2491 1509 2546 aliud
1533 2508 1704 2563 quam
1737 2494 1843 2547 hoc
1873 2497 2052 2548 atten-

350 2579 498 2634 disse
556 2581 779 2650 Moysen
827 2595 959 2633 cum
1000 2579 1267 2634 scriberet
1298 2597 1309 2633 :
1342 2582 1405 2635 In
1443 2583 1715 2650 principio
1743 2583 1874 2648 fecit
1912 2586 2052 2637 Deus

349 2669 536 2723 caelum
563 2673 614 2722 et
643 2673 844 2723 terram
873 2667 900 2721 ‘7
931 2667 1076 2732 Quia
1108 2685 1224 2721 non
1255 2667 1400 2722 sicut
1447 2668 1508 2722 in
1535 2673 1635 2724 tua
1675 2670 1913 2725 veritate
1946 2671 2053 2724 hoc

349 2761 567 2811 certum
592 2756 771 2824 video,
802 2756 880 2811 ita
908 2757 970 2810 in
995 2757 1117 2827 ejus
1138 2761 1326 2811 mente
1348 2756 1510 2812 video
1540 2757 1596 2812 id
1624 2774 1754 2813 eum
1778 2759 2052 2830 cogitasse

347 2859 479 2897 cum
524 2844 646 2897 haec
695 2843 984 2898 scriberet.
1029 2844 1218 2898 Potuit
1251 2843 1406 2898 enim
1454 2845 1698 2915 cogitare
1725 2845 1784 2899 in
1815 2846 1939 2917 ipso
1967 2847 2051 2901 fa-

345 2932 532 2986 ciendi
561 2932 813 2998 exordio,
864 2947 993 2986 cum
1043 2931 1277 2998 diceret,
1314 2935 1376 2987 In
1416 2935 1722 3002 principio:
1770 2936 1962 3004 potuit
1996 2939 2053 2990 et

346 3020 553 3073 coelum
583 3023 637 3073 et
662 3025 874 3075 terram
899 3020 1009 3075 hoc
1031 3021 1175 3087 loco,
1199 3022 1418 3075 nullam
1439 3022 1559 3093 jam
1590 3023 1892 3077 formatam
1919 3039 2050 3093 per-

349 3107 666 3179 fectamque
714 3113 978 3163 naturam
1032 3109 1152 3163 sive
1201 3109 1556 3180 spiritualem
1607 3110 1721 3165 sive
1777 3128 2048 3182 corpora-

348 3197 482 3262 lem,
505 3197 603 3249 sed
625 3201 930 3268 utramque
950 3196 1279 3252 inchoatam
1309 3203 1364 3252 et
1385 3198 1889 3254 adhucinformem
1908 3202 2048 3255 velle

347 3283 610 3355 intelligi.
646 3285 821 3340 Video
862 3286 1076 3356 quippe
1126 3302 1257 3339 vere
1291 3286 1547 3356 potuisse
1598 3287 1726 3354 dici,
1772 3289 2050 3360 quidquid

345 3373 555 3427 horum
587 3373 908 3439 diceretur;
963 3373 1058 3428 sed
1108 3374 1249 3444 quid
1278 3374 1485 3428 horum
1518 3375 1577 3429 in
1610 3375 1697 3429 his
1737 3376 1924 3430 verbis
1955 3378 2050 3432 ille

346 3462 697 3532 cogitaverit,
732 3479 848 3516 non
877 3463 956 3517 ita
995 3462 1196 3516 video:
1231 3463 1492 3533 quamvis
1523 3463 1639 3518 sive
1687 3465 1902 3536 aliquid
1946 3466 2051 3520 ho-

345 3567 495 3618 rum,
519 3552 633 3605 sive
654 3551 869 3623 aliquid
891 3551 1045 3606 aliud
1069 3553 1270 3623 quoda
1286 3570 1378 3607 me
1394 3559 1911 3609 commemoratum
1930 3573 2051 3610 non

344 3644 449 3702 est,
485 3643 678 3694 tantus
707 3640 794 3694 vir
822 3640 916 3695 ille
947 3647 1138 3696 mente
1162 3642 1546 3713 conspexerit,
1580 3659 1712 3697 cum
1733 3644 1856 3698 haec
1877 3645 2050 3700 verba

341 3733 650 3798 promeret,
684 3745 882 3783 verum
912 3745 1044 3784 eum
1075 3729 1282 3785 vidisse
1328 3734 1575 3802 apteque
1619 3730 1675 3786 id
1723 3732 2049 3787 enuntiasse

343 3833 462 3870 non
491 3817 774 3871 dubitem.

987 3923 1210 3978 CAPUT
1250 3924 1404 3980 XXV.

344 4009 620 4064 Adversus
644 4024 728 4064 eos
759 4012 856 4078 qui
874 4011 1106 4066 aliorum
1140 4011 1542 4082 interpretandi
1565 4015 1830 4069 rationem
1860 4019 2050 4071 temere

1063 4101 1336 4170 reﬁciunt.

411 4191 497 4245 3i.
533 4189 708 4242 Nemo
738 4186 882 4242 mihi
892 4189 1015 4260 jam
1040 4190 1312 4244 molestus
1341 4189 1414 4244 sit
1441 4189 1680 4245 dicendo
1704 4189 1847 4245 mihi
1875 4208 1887 4246 :
1917 4192 2044 4246 Non

341 4277 450 4332 hoc
479 4278 654 4332 sensit
684 4278 899 4349 Moyses
936 4278 1091 4350 quod
1121 4283 1184 4332 tu
1209 4278 1345 4333 dicis
1371 4297 1384 4347 ;
1417 4280 1517 4334 sed
1547 4279 1654 4334 hoc
1684 4280 1860 4335 sensit
1889 4281 2044 4352 quod

341 4382 449 4436 ego
482 4367 624 4421 dico.
659 4365 715 4421 Si
747 4366 902 4420 enim
935 4366 1078 4421 mihi
1109 4367 1321 4423 diceret
1350 4386 1362 4424 :
1399 4369 1554 4424 Unde
1573 4369 1680 4423 scis
1701 4369 1807 4423 hoc
1836 4369 2047 4424 sensis-

341 4471 400 4509 se
432 4455 658 4526 Moysen
699 4455 855 4527 quod
887 4455 957 4510 de
999 4455 1090 4510 his
1117 4456 1304 4511 verbis
1337 4458 1460 4530 ejus
1491 4458 1781 4530 eloqueris
1801 4460 1830 4512 ?
1878 4475 2044 4530 aequo

340 4543 533 4597 animo
582 4543 728 4596 ferre
785 4544 1053 4599 deberem
1087 4548 1144 4600 et
1190 4547 1597 4617 responderem
1644 4547 1881 4601 fortasse
1919 4564 2047 4617 quae

342 4630 604 4700 superius
654 4632 941 4702 respondi,
997 4633 1084 4688 vel
1146 4634 1436 4704 aliquanto
1501 4635 1758 4702 uberius,
1807 4635 1854 4689 si
1902 4640 2049 4691 esset

343 4717 561 4772 durior.
592 4718 745 4774 Cum
773 4736 906 4774 vero
923 4720 1108 4779 .dicit:
1156 4724 1280 4776 Non
1317 4723 1424 4777 hoc
1466 4722 1564 4778 ille
1593 4723 1770 4778 sensit
1800 4725 1956 4796 quod
1985 4729 2047 4779 tu

345 4803 507 4872 dicis,
563 4807 662 4860 sed
718 4809 870 4879 quod
915 4810 1081 4879 dico;
1138 4828 1325 4883 neque
1383 4816 1576 4867 tamen
1633 4818 1827 4883 negat,
1886 4813 2043 4885 quod

340 4897 582 4964 uterque
615 4899 875 4950 nostrum
907 4897 1063 4968 dicit,
1090 4903 1400 4972 utrumque
1430 4916 1633 4955 verum
1667 4917 1826 4956 esse:
1860 4918 1892 4955 ο
1931 4903 2046 4957 vita

343 4997 670 5053 pauperum
702 4984 851 5038 Deus
879 5001 1061 5052 meus,
1096 4987 1155 5041 in
1177 4989 1338 5058 cujus
1369 4988 1496 5042 sinu
1523 5005 1640 5043 non
1661 4989 2043 5044 estcontradi-

342 5070 474 5138 ctio,
506 5072 643 5142 plue
673 5071 818 5126 mihi
849 5073 1244 5144 mitigationes
1274 5074 1334 5129 in
1361 5093 1476 5140 cor,
1507 5081 1574 5131 ut
1596 5078 1880 5148 patienter
1902 5077 2043 5132 tales

340 5161 520 5215 feram
552 5159 652 5232 qui
681 5177 800 5215 non
814 5160 956 5214 mihi
977 5161 1086 5216 hoc
1117 5162 1332 5230 dicunt,
1361 5165 1495 5235 quia
1522 5165 1699 5220 divini
1721 5170 1872 5232 sunt,
1901 5170 1956 5221 et
1982 5166 2043 5221 in

337 5249 508 5305 corde
531 5249 731 5304 famuli
749 5249 834 5303 tui
856 5249 1122 5304 viderunt
1144 5253 1297 5323 quod
1313 5253 1537 5321 dicunt;
1559 5254 1657 5310 sed
1681 5253 1818 5326 quia
1842 5271 2041 5325 super-

341 5339 399 5393 bi
429 5343 594 5394 sunt:
627 5355 728 5393 nec
759 5343 1040 5394 noverunt
1069 5339 1242 5410 Moysi
1286 5341 1647 5410 sententiam,
1703 5343 1800 5398 sed
1849 5348 2044 5399 amant

341 5441 506 5481 suam
531 5445 544 5496 ;
578 5443 695 5482 non
725 5426 862 5498 quia
891 5443 1026 5481 vera
1054 5430 1159 5493 est,
1193 5428 1292 5483 sed
1318 5429 1453 5500 quia
1494 5446 1596 5484 sua
1625 5433 1734 5485 est.
1771 5428 2044 5501 Alioquin

400 5517 422 5610 ;
450 5514 1305 5640 θιὲἶῖἱέῂξοὲὁιὲἓιωῧ.
1334 5521 1387 5567 et
1416 5517 1588 5567 Roud.
1618 5530 1739 5567 cum
1768 5519 1796 5568 9
1817 5517 1940 5569 Mss.
1969 5518 2037 5567 M.

1528 313 2070 372 CONFESSIONUM
2120 315 2174 372 S.
2233 313 2641 371 AUGUSTlNl.

3765 320 3870 372 840

2167 442 2222 493 et
2249 438 2420 493 aliam
2448 452 2640 492 veram
2673 435 2891 507 pariter
2918 441 3202 505 amarent,
3236 438 3385 492 sicut
3409 454 3516 510 ego
3548 455 3679 494 amo
3719 440 3869 511 quod

2166 527 2383 594 dicunt,
2417 527 2646 599 quando
2677 541 2875 580 verum
2907 525 3130 594 dicunt;
3167 543 3288 582 non
3317 527 3452 599 quia
3476 527 3736 599 ipsorum
3769 532 3872 593 est,

2166 616 2264 670 sed
2289 616 2425 687 quia
2452 629 2650 670 verum
2680 619 2764 669 est
2790 632 2804 681 ;
2837 615 3034 670 etideo
3051 616 3172 686 jam
3196 632 3301 671 nec
3321 616 3576 686 ipsorum
3608 622 3716 683 est,
3743 616 3876 688 quia

2167 721 2365 759 verum
2402 708 2506 759 est.
2555 704 2612 758 Si
2643 707 2835 758 autem
2881 703 3012 758 ideo
3054 709 3246 759 ament
3301 705 3445 759 illud
3499 705 3636 775 quia
3673 721 3876 759 verum

2166 796 2268 860 est,
2302 793 2426 863 jam
2456 796 2512 846 et
2564 792 2823 864 ipsorum
2876 797 2963 847 est
3021 797 3078 848 et
3123 810 3315 848 meum
3349 801 3473 861 est;
3506 793 3794 864 quoniam
3821 795 3876 848 in

2166 896 2470 935 commune
2501 880 2763 935 omnium
2777 884 2861 935 est
2883 879 3139 936 veritatis
3155 885 3498 936 amatorum.
3515 881 3665 935 lllud
3679 886 3875 936 autem

2168 970 2323 1042 quod
2349 970 2708 1024 contendunt
2735 985 2853 1024 non
2882 969 2990 1024 hoc
3036 969 3278 1024 sensisse
3306 970 3535 1040 Moysen
3567 970 3728 1040 quod
3775 986 3880 1041 ego

2167 1059 2311 1123 dico,
2346 1058 2445 1113 sed
2474 1057 2628 1130 quod
2650 1057 2760 1128 ipsi
2791 1057 3024 1125 dicunt;
3057 1058 3213 1124 nolo,
3243 1073 3361 1112 non
3384 1073 3514 1112 amo
3553 1073 3568 1111 :
3597 1058 3741 1129 quia
3773 1059 3878 1113 etsi

2166 1147 2245 1201 ita
2277 1152 2380 1214 est,
2413 1152 2603 1202 tamen
2643 1147 2723 1201 ita
2749 1147 3042 1202 temeritas
3080 1163 3198 1202 non
3240 1147 3494 1202 scientia:
3549 1148 3648 1202 sed
3693 1148 3879 1202 auda-

2166 1235 2268 1290 cia:
2299 1240 2422 1304 est;
2451 1252 2556 1290 nec
2583 1235 2758 1303 visus,
2800 1236 2898 1290 sed
2919 1236 3130 1307 typhus
3168 1251 3294 1290 eam
3333 1234 3575 1307 peperit.
3606 1235 3878 1307 Ideoque.

2169 1324 2428 1392 Domine,
2460 1325 2759 1380 tremenda
2786 1329 2923 1379 sunt
2945 1323 3162 1394 judicia
3189 1329 3325 1391 tua;
3359 1323 3640 1396 quoniam
3672 1325 3882 1379 veritas

2165 1418 2266 1468 tua
2289 1429 2393 1468 nec
2422 1429 2555 1468 mea
2578 1417 2682 1484 est,
2710 1428 2812 1467 nec
2843 1411 3000 1467 illius
3018 1416 3118 1466 aut
3140 1411 3314 1480 illius,
3348 1413 3442 1468 sed
3475 1413 3758 1468 omnium
3791 1429 3885 1468 no-

2167 1506 2350 1557 strum
2379 1519 2523 1574 quos
2548 1503 2618 1557 ad
2649 1503 2770 1573 ejus
2798 1501 3269 1556 communionem
3297 1501 3527 1573 publice
3561 1519 3761 1571 vocas,
3783 1507 3885 1557 ter-

2165 1591 2405 1646 ribiliter
2433 1592 2746 1646 admonens
2767 1607 2892 1659 nos,
2922 1595 2988 1645 ut
3008 1591 3256 1645 nolimus
3286 1607 3412 1645 eam
3436 1591 3678 1644 habrere
3701 1591 3885 1662 priva-

2166 1686 2304 1747 tam,
2338 1696 2408 1735 ne
2432 1680 2726 1751 privemur
2756 1695 2842 1735 ea.
2865 1681 3005 1734 Nam
3032 1679 3294 1751 quisquis
3321 1679 3380 1734 id
3411 1681 3566 1750 quod
3588 1684 3654 1734 tu
3685 1680 3881 1734 omni-

2167 1769 2274 1824 bus
2303 1769 2373 1825 ad
2400 1768 2710 1824 fruendum
2764 1767 3062 1840 proponis,
3103 1767 3212 1822 sibi
3257 1770 3490 1840 proprie
3520 1769 3804 1830 vindicat,
3833 1776 3882 1822 et

2166 1874 2336 1912 suum
2361 1858 2484 1912 vult
2512 1873 2634 1912 esse
2647 1858 2799 1929 quod
2823 1856 3084 1912 omnium
3101 1862 3220 1923 est;
3243 1857 3583 1912 acommuni
3595 1857 3876 1928 propelli-

2164 1951 2260 2002 tur
2291 1946 2358 2000 ad
2375 1963 2496 2011 sua,
2518 1946 2627 2001 hoc
2639 1950 2740 2013 est,
2769 1963 2802 2001 a
2831 1945 3068 2001 veritate
3088 1945 3160 2000 ad
3182 1945 3566 2000 mendacium.
3591 1945 3702 2009 Qui
3720 1946 3876 1999 enim

2165 2035 2421 2108 loquitur
2450 2035 2834 2102 mendacium,
2867 2035 2938 2090 de
2960 2051 3063 2088 suo
3093 2033 3352 2106 loquitur
3381 2035 3573 2102 (Joan.
3603 2050 3726 2102 VllL,
3766 2036 3878 2103 44).

2237 2128 2323 2179 35.
2358 2124 2624 2194 Attende,
2649 2124 2825 2195 judex
2857 2123 3094 2195 optime,
3127 2125 3275 2178 Deus
3300 2123 3423 2195 ipsa
3445 2123 3673 2189 veritas,
3699 2127 3881 2176 atten-

2164 2212 2232 2266 de
2267 2211 2406 2282 quid
2448 2211 2635 2267 dicam
2686 2211 3088 2267 contradictori
3113 2211 3268 2282 huic,
3299 2212 3563 2278 attende;
3596 2227 3804 2266 coram
3831 2218 3878 2266 te

2165 2300 2319 2354 enim
2349 2301 2494 2368 dico,
2527 2305 2583 2354 et
2607 2317 2798 2356 coram
2814 2300 3086 2355 fratribus
3107 2299 3271 2367 meis,
3297 2300 3396 2370 qui
3427 2300 3688 2371 legitime
3702 2307 3877 2355 utun-

2159 2393 2254 2444 tur
2283 2390 2428 2460 Lege
2459 2405 2639 2460 usque
2666 2390 2737 2444 ad
2755 2389 2931 2444 ﬁnem
2953 2388 3243 2444 charitatis
3267 2390 3308 2459 (Ι
3335 2391 3472 2444 Tim.
3495 2407 3537 2457 1,
3561 2389 3617 2458 8)
3643 2406 3656 2454 ;
3693 2395 3878 2443 atten-

2164 2477 2254 2542 de,
2287 2481 2344 2531 et
2372 2477 2499 2532 vide
2532 2477 2669 2548 quid
2701 2477 2753 2532 ei
2792 2477 3000 2547 dicam,
3031 2477 3079 2531 si
3104 2478 3296 2548 placet
3348 2477 3472 2532 tibi.
3530 2479 3688 2531 Hanc
3718 2479 3875 2532 enim

2161 2582 2360 2620 vocem
2390 2565 2528 2620 huic
2556 2565 2743 2620 refero
2791 2566 3105 2621 fraternam
3151 2571 3208 2620 et
3242 2566 3540 2638 paciﬁcam
3571 2584 3584 2620 :
3616 2567 3674 2620 Si
3707 2568 3876 2621 ambo

2163 2650 2423 2705 videmus
2453 2667 2652 2704 verum
2683 2667 2804 2706 esse
2835 2651 2987 2722 quod
3017 2650 3178 2719 dicis,
3211 2656 3268 2705 et
3292 2651 3460 2705 ambo
3489 2650 3755 2705 videmus
3780 2668 3870 2704 ve-

2161 2755 2292 2794 rum
2308 2755 2428 2793 esse
2459 2739 2614 2810 quod
2633 2739 2758 2794 dico
2788 2739 2953 2810 ;:ubi,
2988 2755 3204 2811 quaeso,
3223 2739 3280 2794 id
3299 2739 3600 2794 videmus?
3629 2741 3743 2795 Nec
3771 2757 3875 2810 ego

2163 2828 2363 2899 utique
2392 2827 2456 2881 in
2485 2833 2562 2895 te,
2594 2843 2699 2882 nec
2713 2831 2775 2882 tu
2804 2827 2865 2882 in
2884 2844 2975 2882 me
2999 2844 3012 2895 ;
3046 2828 3145 2883 sed
3165 2827 3334 2882 ambo
3358 2828 3582 2899 inipsa,
3616 2845 3748 2900 qua:
3776 2847 3867 2883 su-

2161 2932 2267 2987 pra
2294 2919 2515 2970 mentes
2545 2919 2767 2969 nostras
2797 2920 2902 2982 est,
2933 2914 3387 2970 incommutabili
3427 2917 3699 2971 Veritate.
3734 2917 3874 2970 Cum

2162 3021 2299 3075 ergo
2331 3004 2401 3059 de
2421 3004 2547 3075 ipsa
2564 3002 2794 3058 Domini
2823 3003 2926 3059 Dei
2941 3003 3122 3059 nostri
3147 3005 3273 3058 luce
3294 3020 3412 3059 non
3431 3005 3868 3070 contendamus;

2159 3110 2260 3149 cur
2291 3094 2359 3148 de
2383 3092 2628 3164 proximi
2657 3093 2999 3164 cogitatione
3031 3093 3448 3159 contendimus,
3466 3110 3646 3165 quam
3678 3094 3761 3148 sic
3789 3095 3866 3147 vi-

2160 3184 2293 3238 dere
2324 3197 2439 3236 non
2471 3197 2775 3253 possumus
2795 3186 2860 3236 ut
2888 3181 3614 3237 videturincommutabilis
3630 3184 3865 3242 Veritas;

2162 3271 2391 3344 quando
2426 3271 2473 3325 si
2503 3271 2624 3342 ipse
2647 3271 2862 3342 Moyses
2892 3271 3248 3343 apparuisset
3273 3271 3437 3326 nobis
3466 3277 3642 3343 atque
3697 3272 3864 3327 dixis-

2157 3362 2260 3425 set,
2295 3360 2409 3414 Hoc
2437 3359 2718 3430 cogitavi;
2750 3376 2853 3414 nec
2883 3360 2962 3414 sic
2992 3377 3120 3415 eam
3149 3361 3495 3426 videremus,
3519 3360 3639 3432 {sed
3671 3360 3867 3415 crede»

2159 3462 2356 3500 remus
2376 3448 2403 3500 ‘?
2438 3447 2766 3518 Nonitaque
2796 3465 3153 3520 supraquam
3167 3449 3566 3519 scriptumest,
3603 3466 3757 3503 unus
3771 3466 3868 3520 pro

2161 3535 2338 3589 altero
2369 3534 2603 3589 inﬂetur
2633 3536 2900 3591 adversus
2924 3537 3167 3591 alterum
3201 3537 3245 3608 (Ι
3274 3538 3397 3594 Cor.
3431 3555 3507 3604 iv,
3549 3538 3628 3608 6).
3662 3539 3868 3609 Dilige.

2160 3640 2287 3679 mus
2311 3625 2619 3678 Dominum
2648 3625 2825 3680 Deum
2845 3630 3109 3680 nostrum
3130 3642 3198 3680 ex
3230 3631 3348 3680 toto
3373 3627 3562 3696 corde,
3595 3633 3654 3680 et
3685 3643 3756 3682 ex
3785 3633 3866 3680 to-

2159 3717 2218 3767 ta
2243 3713 2452 3780 anima,
2487 3717 2541 3768 et
2573 3729 2643 3767 ex
2683 3717 2802 3768 tota
2829 3718 3020 3768 mente
3053 3719 3268 3781 nostra,
3301 3719 3358 3768 et
3391 3714 3731 3785 proximum
3767 3732 3864 3769 no-

2159 3806 2342 3856 strum
2368 3802 2511 3856 sicut
2533 3801 2906 3874 nosmetipsos
2938 3803 3117 3870 (Deut.
3151 3820 3222 3871 vi,
3255 3807 3318 3871 ὅς
3349 3806 3545 3858 Matth.
3579 3820 3723 3869 xxii,
3761 3805 3864 3872 37).

2157 3892 2398 3961 Propter
2425 3906 2554 3961 quae
2575 3890 2686 3946 duo
2709 3897 2994 3962 praecepta
3013 3891 3304 3946 charitatis
3336 3892 3579 3946 sensisse
3613 3894 3863 3963 Moysen,

2158 3978 2438 4050 quidquid
2467 3979 2528 4033 in
2546 3979 2658 4033 illis
2680 3979 2860 4034 Libris
2881 3979 3081 4048 sensit,
3107 3979 3218 4034 nisi
3239 3979 3682 4046 crediderimus;
3713 3997 3864 4036 men-

2158 4066 2356 4121 dacem
2368 4067 2636 4122 faciemus
2650 4067 2978 4134 Dominum,
2995 4085 3125 4123 cum
3138 4069 3208 4124 de
3223 4068 3414 4124 animo
3427 4070 3688 4124 conservi
3701 4071 3865 4125 aliter

2157 4170 2331 4224 quam
2358 4155 2453 4209 ille
2487 4155 2680 4210 docuit
2737 4156 3071 4226 opinamur.
3103 4158 3230 4211 lam
3259 4156 3387 4212 vide
3418 4173 3593 4228 quam
3623 4159 3863 4213 stultum

2157 4241 2229 4296 sit
2249 4243 2311 4296 in
2337 4247 2493 4297 tanta
2520 4243 2683 4313 copia
2707 4243 3133 4298 verissimarum
3165 4245 3602 4312 sententiarum,
3636 4262 3768 4318 qua
3797 4246 3864 4301 de

2155 4330 2270 4384 illis
2308 4331 2493 4386 verbis
2533 4331 2657 4386 erui
2693 4337 2933 4402 possunt
2966 4337 3177 4388 temere
3221 4333 3532 4404 afﬁrmare,
3564 4352 3742 4406 quam
3772 4352 3863 4389 ea-

2154 4436 2285 4474 rum
2324 4420 2537 4491 Moyses
2564 4419 2928 4490 potissimum
2964 4423 3230 4490 senserit;
3260 4427 3319 4478 et
3351 4423 3690 4493 perniciosis
3729 4440 3863 4478 con-

2155 4509 2512 4565 tentionibus
2532 4510 2715 4581 ipsam
2737 4511 3023 4566 offendere
3049 4512 3406 4578 charitatem,
3431 4517 3668 4585 propter
3689 4530 3866 4586 quam

2157 4598 2300 4654 dixit
2331 4599 2544 4668 omnia,
2576 4600 2738 4672 cuius
2768 4599 2920 4655 dicta
2947 4617 3223 4655 conamur
3253 4618 3565 4673 exponere.

2785 4690 3011 4744 CAPUT
3049 4691 3229 4745 XXVI.

2549 4777 2658 4843 Qui
2681 4791 2852 4832 sermo
2880 4776 3062 4832 deceat
3092 4778 3462 4848 Scripturam.

2225 4865 2313 4918 36.
2348 4865 2413 4919 Et
2440 4868 2637 4920 tamen
2667 4881 2790 4936 ego,
2833 4866 2982 4920 Deus
3019 4881 3180 4921 meus
3209 4866 3484 4922 celsitudo
3516 4866 3862 4922 humilitatis

2150 4968 2316 5023 meas,
2340 4957 2395 5006 et
2423 4954 2651 5024 requies
2690 4953 2899 5009 laboris
2929 4954 3065 5022 mei,
3116 4954 3217 5026 qui
3263 4955 3429 5010 audis
3467 4956 3854 5010 confessiones

2151 5056 2330 5108 meas,
2361 5044 2416 5095 et
2447 5041 2690 5096 dimittis
2719 5047 2950 5113 peccata
2965 5059 3118 5110 mea;
3152 5043 3425 5115 quoniam
3448 5049 3507 5098 tu
3538 5044 3685 5098 mihi
3715 5061 3862 5115 pra:-

2151 5129 2294 5200 cipis
2316 5134 2377 5184 ut
2400 5130 2639 5202 diligam
2664 5130 2992 5202 proximum
3019 5148 3214 5188 meum
3245 5132 3390 5187 sicut
3413 5134 3719 5204 meipsum,
3743 5149 3857 5187 non

2149 5234 2390 5288 possum
2430 5219 2622 5274 minus
2660 5219 2888 5276 credere
2929 5221 2997 5275 de
3034 5221 3218 5292 Moyse
3259 5221 3593 5276 ﬁdelissimo
3643 5223 3857 5276 famulo

2151 5310 2270 5372 tuo,
2315 5322 2487 5377 quam
2528 5307 2674 5362 mihi
2714 5311 2974 5379 optarem
3003 5324 3068 5363 ac
3097 5309 3477 5364 desiderarem
3519 5309 3618 5363 abs
3649 5314 3704 5362 te
3733 5308 3853 5362 dari

2151 5394 2425 5463 muneris,
2461 5395 2509 5449 si
2533 5399 2792 5468 tempore
2830 5396 2927 5451 illo
2957 5401 3124 5451 natus
3155 5413 3336 5451 essem
3377 5413 3492 5467 quo
3523 5396 3640 5463 ille,
3675 5410 3852 5465 eoque

2149 5482 2270 5538 loco
2298 5499 2389 5538 me
2414 5485 2820 5553 constituisses;
2849 5489 2914 5541 ut
2937 5501 3041 5558 per
3068 5485 3401 5540 servitutem
3429 5483 3614 5539 cordis
3643 5500 3707 5538 ac
3734 5482 3845 5536 lin-

2150 5587 2278 5644 suae
2331 5589 2496 5642 meae,
2548 5576 2774 5633 Litteras
2819 5575 2934 5633 illa:
2983 5575 3469 5650 dispensarentur,
3517 5590 3643 5648 qum
3694 5573 3847 5626 tanto
