4062 6188
168 512 399 552 versum
455 499 652 554 orbem
712 507 870 558 tanto
923 511 1274 568 auctoritatis
1321 499 1570 577 culmine
1604 499 1875 584 bmnium

167 584 445 640 falsarum
489 591 983 665 superbarumque
1018 599 1399 660 doctrinaram
1433 612 1601 666 verba
1637 631 1871 686 supcra-

167 678 337 730 turze.
370 677 582 732 Vellem
637 681 868 753 quippe,
920 685 966 738 si
1013 691 1146 744 tunc
1186 708 1291 763 ego
1325 711 1510 754 essem
1541 677 1756 773 Moyses
1790 710 1873 774 (ex

165 764 374 818 eadem
405 782 652 838 namque
681 787 866 825 massa
907 791 1103 830 omnes
1148 782 1439 851 venimus;
1493 793 1547 841 et
1604 792 1741 862 quid
1792 802 1875 848 est

164 853 369 920 homo,
393 854 505 908 nisi
535 857 670 925 quia
688 874 910 914 memor
933 879 992 916 es
1023 865 1182 934 ejus?
1212 870 1378 938 [Psal.
1402 890 1518 940 vm,
1545 853 1644 944 5]),
1668 881 1870 935 vellem

164 957 331 1011 ergo,
365 941 409 996 si
439 947 578 998 tunc
609 962 713 1016 ego
745 964 925 1003 essem
959 954 1114 1022 quod
1147 955 1262 1022 ille,
1296 963 1352 1012 et
1389 961 1528 1016 mihi
1560 941 1659 1018 abs
1686 971 1740 1021 te
1772 969 1872 1023 Ge-

163 1045 372 1084 neseos
402 1030 545 1085 liber
571 1035 900 1091 scribendus
927 1040 1346 1112 injungeretur,
1381 1052 1553 1104 talem
1583 1053 1725 1107 mihi
1753 1057 1869 1111 elo-

162 1117 386 1186 quendi
418 1119 742 1176 facultatem
768 1124 911 1192 dari,
941 1132 996 1182 et
1021 1144 1151 1184 eum
1179 1135 1406 1189 texendi
1447 1141 1729 1195 sermonis
1752 1159 1871 1198 Ino-

164 1204 331 1272 dum,
363 1211 427 1261 ut
467 1224 652 1280 neque
694 1211 778 1265 illi
824 1214 924 1285 qui
972 1218 1230 1274 nondum
1282 1230 1502 1292 queunt
1548 1227 1867 1300 intelligere

161 1297 650 1364 quemadmodum
685 1302 832 1356 Deus
864 1311 1038 1372 creat,
1069 1312 1344 1380 tanquam
1365 1316 1694 1372 excedentia
1722 1320 1868 1375 vires

160 1399 299 1437 suas
320 1384 464 1438 dicta
495 1395 855 1456 recusarent;
889 1397 943 1445 et
971 1393 1052 1447 illi
1087 1396 1184 1466 qui
1217 1398 1325 1453 hoc
1346 1401 1466 1470 jam
1516 1412 1775 1474 possunt,
1807 1408 1866 1463 in

158 1473 483 1541 quamlibet
503 1491 692 1529 veram
716 1481 1053 1536 sententiam
1081 1485 1383 1554 cogitando
1403 1473 1706 1562 venissent,
1740 1512 1865 1551 eam

160 1576 283 1613 non
313 1564 758 1630 praetermissam
792 1567 850 1620 in
875 1574 1069 1639 paucis
1099 1573 1285 1627 verbis
1314 1575 1396 1630 tui
1428 1577 1628 1633 famuli
1657 1583 1866 1652 reperi-

153 1653 326 1715 rent;
359 1654 413 1702 et
443 1649 489 1702 si
520 1652 664 1706 alius
693 1654 862 1710 aliam
899 1657 1126 1713 vidisset
1168 1660 1227 1714 in
1269 1663 1391 1718 luce
1440 1667 1710 1735 veritatis,
1757 1687 1861 1723 nec

156 1737 290 1807 ipsa
319 1738 378 1792 in
417 1737 630 1794 eisdem
660 1743 843 1797 verbis
875 1744 1244 1817 intelligenda
1275 1751 1514 1808 deesset.

786 1833 1009 1888 CAPUT
1040 1837 1242 1893 XXVII.

187 1917 540 1984 Scripturam
569 1917 713 1973 decet
734 1920 932 1975 humile
964 1926 1299 1994 simplexque
1327 1930 1609 1986 verborum
1635 1949 1822 2000 genus.

233 2008 322 2058 37.
356 2005 511 2059 Sicut
543 2007 694 2060 enim
725 2008 853 2063 fons
877 2010 934 2064 in
957 2028 1132 2082 parvo
1162 2015 1285 2069 loco
1319 2018 1553 2073 uberior
1595 2026 1696 2088 est,
1732 2024 1859 2094 plu-

151 2092 436 2164 ribusque
461 2095 596 2148 rivis
634 2095 693 2149 in
747 2100 1027 2169 ampliora
1075 2103 1256 2172 spatia
1305 2104 1522 2160 fluxum
1553 2109 1859 2178 ministrat,

150 2195 336 2250 quam
359 2182 600 2252 quilibet
621 2199 822 2238 eorum
838 2187 1114 2256 rivorum,
1137 2190 1235 2261 qui
1264 2208 1368 2262 per
1396 2197 1575 2250 multa
1604 2199 1860 2254 locorum

147 2270 229 2323 ab
259 2269 456 2323 eodem
497 2271 649 2326 fonte
685 2274 1018 2344 deducitur;
1052 2278 1132 2332 ita
1175 2283 1424 2336 narratio
1457 2285 1860 2355 dispensatoris

148 2356 244 2410 tui
272 2359 735 2414 sermocinaturis
766 2363 1028 2432 pluribus
1067 2368 1384 2437 profutura,
1434 2389 1609 2442 parvo
1641 2392 1857 2430 sermo-

146 2446 242 2499 nis
273 2447 506 2501 modulo
533 2453 706 2503 scatet
735 2450 951 2506 ﬂuenta
978 2452 1212 2524 liquidae
1234 2459 1488 2513 veritatis
1515 2477 1527 2514 :
1561 2464 1713 2517 unde
1743 2465 1853 2518 sibi

141 2535 395 2606 quisque
423 2553 621 2592 verum
642 2539 795 2610 quod
820 2540 886 2594 de
915 2540 1003 2595 his
1027 2543 1194 2598 rebus
1210 2551 1416 2614 potest,
1440 2549 1532 2603 hic
1564 2550 1727 2621 illud,
1753 2553 1853 2608 ille

146 2625 318 2694 illud,
352 2642 454 2696 per
482 2627 772 2698 longiores
804 2629 1163 2700 loquelarum
1191 2636 1476 2690 anfractus
1507 2639 1709 2693 trahat.
1745 2640 1856 2693 Alii

145 2712 309 2767 enim
364 2729 490 2768 cum
520 2715 642 2768 haec
679 2717 850 2771 verba
901 2719 1098 2790 legunt
1155 2723 1242 2776 vel
1276 2724 1554 2792 audiunt;
1607 2727 1856 2797 cogitant

152 2803 339 2856 Deum
374 2804 538 2873 quasi
565 2804 877 2874 hominem,
908 2813 1004 2862 aut
1033 2809 1194 2880 quasi
1225 2811 1474 2882 aliquam
1505 2815 1715 2869 molem
1746 2817 1854 2870 im-

149 2909 353 2945 mensa
383 2893 684 2963 praeditam
730 2900 1030 2965 potestate,
1076 2915 1218 2953 novo
1270 2902 1516 2971 quodam
1559 2909 1614 2957 et
1653 2921 1855 2974 repen-

148 2981 276 3033 tino
308 2981 535 3051 placito,
569 2987 726 3036 extra
757 2983 1000 3054 seipsam
1031 2989 1305 3058 tanquam
1350 2990 1486 3043 locis
1518 2991 1853 3048 distantibus

148 3070 351 3124 fecisse
391 3071 595 3125 coelum
636 3077 691 3126 et
721 3077 956 3143 terram,
991 3075 1104 3129 duo
1146 3093 1354 3147 magna
1399 3095 1638 3149 corpora
1683 3098 1852 3152 supra

148 3164 205 3212 et
235 3159 406 3224 infra,
432 3161 633 3229 quibus
663 3162 857 3216 omnia
874 3163 1322 3221 continerentur.
1349 3169 1566 3222 Etcum
1585 3169 1848 3237 audiunt,

151 3247 311 3300 Dixit
344 3248 508 3309 Deus,
543 3249 666 3303 Fiat
708 3250 870 3316 illud,
921 3257 979 3306 et
1019 3253 1230 3307 factum
1253 3259 1337 3309 est
1383 3255 1565 3323 illud;
1600 3261 1853 3328 cogitant

148 3336 328 3390 verba
386 3340 564 3406 coepta
625 3342 681 3391 et
727 3338 907 3407 ﬁnita,
969 3341 1234 3395 sonantia
1286 3345 1638 3413 temporibus
1681 3351 1851 3417 atque

149 3423 533 3490 transeuntia,
567 3430 700 3494 post
729 3442 972 3496 quorum
1005 3423 1310 3484 transitum
1342 3432 1534 3487 statim
1565 3434 1849 3489 existeret‘

148 3511 308 3583 quod
337 3511 558 3582 jussum
587 3517 668 3567 est
696 3519 762 3568 ut
791 3515 1055 3570 existeret
1088 3534 1100 3571 :
1138 3523 1195 3572 et
1239 3519 1286 3571 si
1335 3521 1471 3589 quid
1505 3521 1653 3576 forte
1698 3523 1849 3578 aliud

148 3601 262 3654 hoc
293 3600 464 3654 modo
493 3616 562 3654 ex
586 3601 970 3658 familiaritate
1001 3604 1185 3659 carnis
1207 3607 1534 3676 opinantur.
1562 3611 1626 3663 In
1647 3611 1853 3681 quibus

149 3689 338 3742 adhuc
367 3689 620 3758 parvulis
648 3689 1013 3758 animalibus,
1061 3693 1199 3747 dum
1241 3694 1347 3748 isto
1381 3696 1706 3752 humillimo
1754 3715 1850 3769 ge-

149 3793 289 3831 nere
319 3777 620 3832 verborum
651 3782 923 3851 tanquam
945 3785 1209 3836 materno
1229 3783 1357 3837 sinu
1379 3801 1578 3839 eorum
1597 3791 1853 3857 gestatur

148 3866 479 3932 inﬁrmitas,
512 3867 810 3922 salubriter
831 3869 1144 3924 aediﬁcatur
1175 3872 1340 3938 ﬁdes,
1377 3890 1490 3945 qua
1509 3881 1725 3930 certum
1759 3878 1855 3932 ba-

148 3959 326 4012 beant
354 3961 412 4010 et
440 3961 673 4012 teneant
702 3960 880 4012 Deum
939 3960 1134 4015 fecisse
1191 3979 1390 4018 omnes
1428 3969 1678 4032 naturas,
1713 3983 1854 4036 quas

147 4062 356 4101 eorum
379 4062 576 4100 sensus
593 4047 845 4102 mirabili
866 4049 1133 4104 varietate
1155 4052 1564 4122 circumspicit.
1596 4055 1853 4118 Quorum

146 4137 193 4188 si
224 4134 516 4206 quispiam
547 4135 707 4206 quasi
735 4136 1011 4192 vilitatem
1042 4138 1324 4194 dictorum
1355 4147 1708 4211 aspernatus,
1762 4161 1855 4198 ex-

148 4229 240 4277 tra
288 4223 618 4278 nutritorias
657 4241 830 4279 cunas
874 4227 1117 4298 superba
1140 4227 1529 4284 imbecillitate
1571 4247 1629 4284 se
1660 4237 1852 4286 exten-

149 4311 321 4378 derit,
355 4312 506 4366 heu!
543 4313 703 4367 cadet
731 4313 920 4370 miser.
955 4316 1038 4382 Et,
1075 4316 1314 4371 Domine
1345 4319 1513 4384 Deus,
1555 4319 1848 4389 miserere,

149 4416 221 4453 ne
253 4399 597 4469 implumem
626 4402 850 4471 pullum
878 4405 1209 4460 conculcent
1235 4406 1336 4475 qui
1354 4411 1652 4463 transeunt
1680 4408 1849 4476 viam;

146 4493 206 4542 et
235 4488 404 4542 mitte
435 4490 701 4560 angelum
737 4495 922 4560 tuum,
957 4493 1057 4564 qui
1086 4510 1217 4548 eum
1243 4499 1482 4565 reponat
1511 4495 1571 4551 in
1601 4495 1756 4563 nido,
1791 4501 1852 4550 ut

147 4577 304 4631 vivat
338 4578 522 4632 donec
551 4575 718 4634 vol'et.

767 4669 992 4724 CAPUT
1021 4670 1250 4725 XXVIII.

353 4757 418 4810 Ut
441 4757 590 4809 varie
620 4757 952 4824 intelligitur
982 4759 1048 4812 ab
1081 4759 1310 4814 eruditis
1339 4761 1656 4830 Scriptura.

222 4845 314 4897 38.
345 4843 456 4896 Alii
483 4858 615 4897 vero
648 4844 854 4914 quibus
881 4845 1002 4899 haec
1031 4846 1201 4900 verba
1227 4863 1339 4901 non
1363 4841 1701 4918 jam‘nidus,
1753 4850 1854 4905 sed

146 4947 332 5000 opaca
360 4931 573 4985 fruteta
605 4936 756 4998 sunt,
795 4933 989 4987 vident
1017 4934 1076 4988 in
1133 4934 1214 4988 eis
1260 4935 1497 4990 latentes
1528 4937 1767 5000 fructus,
1801 4943 1857 4992 et

146 5019 402 5073 volitant
444 5019 726 5089 laetantes,
775 5025 830 5075 et
858 5021 1114 5090 grrriunt
1163 5027 1494 5089 scrutantes,
1530 5029 1584 5078 et
1613 5031 1856 5094 carpunt

146 5124 270 5164 eos.
308 5107 514 5162 Vident
541 5108 718 5176 enim,
753 5125 883 5164 cum
912 5110 1034 5164 haec
1065 5111 1236 5165 verba
1257 5111 1457 5182 legunt
1476 5113 1562 5166 vel
1592 5113 1855 5180 audiunt,

149 5203 274 5264 tua,
298 5197 467 5263 Deus,
501 5201 716 5250 aeterna
745 5202 802 5251 et
833 5197 1020 5251 stabili
1047 5199 1450 5268 permansione
1481 5205 1681 5254 cuncta
1712 5216 1857 5270 prae-

147 5285 322 5339 terita
339 5288 394 5338 et
408 5285 602 5340 futura
620 5290 882 5357 tempora
911 5288 1196 5356 superari;
1217 5304 1319 5341 nec
1332 5292 1524 5342 tamen
1544 5289 1856 5360 quidquam

147 5389 277 5428 esse
298 5374 630 5444 temporalis
661 5381 957 5443 creaturas,
991 5377 1144 5445 quod
1170 5381 1233 5430 tu
1260 5393 1380 5430 non
1407 5377 1610 5431 feceris
1642 5395 1653 5432 :
1691 5378 1853 5448 cujus

217 5482 232 5513 ι
264 5479 324 5526 In
363 5481 440 5539 Β.⁹
470 5483 733 5540 existere;
766 5481 964 5531 Somm.
1014 5481 1140 5530 Lov.
1180 5482 1306 5531 Arn.
1344 5484 1476 5533 Dub.
1506 5485 1652 5533 Mart.
1679 5498 1798 5534 cum
1829 5488 1855 5535 4

146 5543 279 5592 Mss.
307 5546 359 5590 et
387 5543 596 5592 Roudet
618 5557 740 5591 cum
773 5546 801 5592 6
826 5546 970 5599 Mss.,
1001 5546 1272 5596 existeret.
1303 5546 1368 5593 M.

524 5622 802 5686 PATROL.
853 5622 1018 5688 XXX
1035 5622 1114 5688 II.

1569 313 1780 375 LIBER
1822 320 2302 387 DUODECIMUS.

3584 373 3687 424 842

1985 450 2245 506 voluntas
2278 457 2414 525 quia
2442 460 2500 514 id
2525 468 2607 518 est
2637 463 2790 535 quad
2823 476 2902 538 tu,
2936 477 3092 530 nullo
3125 483 3292 536 modo
3326 490 3561 557 mutata,
3595 495 3687 546 vel

1984 553 2112 607 quae
2132 547 2297 597 antea
2319 561 2435 600 non
2457 549 2676 621 fuisset,
2701 566 2895 614 exorta
2927 566 3218 623 voluntate
3237 571 3422 627 fecisti
3453 579 3674 632 omnia:

1985 642 2099 681 non
2129 630 2198 683 de
2236 636 2292 686 te
2322 635 2756 698 similitudinem
2788 651 2940 704 tuam
2974 653 3218 712 formam
3249 663 3506 719 omnium
3535 685 3548 732 ;
3589 671 3684 724 sed

3536 714 3548 732 ,
3589 714 3684 724 -.νυ

1985 714 2052 768 de
2084 717 2263 774 nihilo
2285 721 2808 787 dissimilitudinem
2832 735 3156 809 informem,
3192 763 3319 816 qua:
3342 751 3686 812 formaretur

1980 819 2085 872 per
2115 807 2546 870 similitudinem
2581 822 2755 886 tuam,
2807 840 3098 882 recurrens
3152 832 3209 885 in
3259 840 3313 890 te
3363 856 3541 896 unum
3581 863 3684 914 pro

1985 896 2143 914 -.._1-_
2190 899 2297 914 μνι·
2388 907 2396 914 ι
2647 912 2652 914 -

1981 896 2147 962 captu
2179 899 2458 969 ordinato,
2483 912 2762 972 quantum
2793 913 2996 983 cuique
3025 934 3216 974 rerum
3250 923 3308 976 in
3340 943 3440 980 suo
3472 896 3682 997 genere

1983 979 2178 1038 datum
2205 991 2306 1053 est,
2340 994 2396 1043 et
2424 991 2627 1047 tierent
2653 999 2845 1052 omnia
2874 1002 3026 1058 bona
3055 1008 3237 1074 valde,
3273 1012 3386 1066 sive
3413 1027 3685 1074 maneant

1979 1068 2128 1125 circa
2157 1077 2231 1140 te,
2267 1075 2380 1130 sive
2413 1082 2696 1149 gradatim
2743 1091 3040 1146 remotiori
3087 1096 3355 1153 distantia
3395 1120 3497 1172 per
3528 1112 3677 1160 tem—

1979 1173 2119 1226 pora
2149 1166 2204 1214 et
2224 1164 2374 1218 locos
2405 1170 2670 1236 pulchras
2697 1176 3069 1234 variationes‘
3088 1184 3297 1240 faciant
3326 1195 3423 1243 aut
3453 1194 3678 1261 patian—

1977 1249 2095 1302 tur.
2133 1249 2506 1351 Vident‘haec,
2563 1263 2616 1312 et
2664 1265 2914 1331 gaudent
2966 1269 3024 1322 in
3064 1270 3188 1326 luce
3235 1249 3487 1333 veritatis
3540 1287 3677 1351 tute,

1977 1337 2320 1401 quantulum
2351 1339 2444 1394 hic
2475 1344 2685 1400 valent.

2047 1424 2132 1476 39.
2169 1425 2232 1476 Et
2253 1427 2397 1481 alius
2426 1446 2626 1486 eorum
2671 1434 2920 1494 intendit
2951 1441 3008 1495 in
3040 1443 3096 1497 id
3129 1448 3284 1515 quod
3318 1450 3532 1507 dictum
3566 1462 3667 1521 est,

1969 1509 2032 1561 In
2062 1514 2334 1581 principio
2375 1519 2508 1582 fecit
2541 1524 2692 1587 Deus,
2738 1529 2793 1578 et
2817 1529 3047 1598 respicit
3077 1532 3424 1602 Sapientiam
3457 1541 3676 1596 Princi-

1972 1597 2155 1666 pium,
2190 1603 2324 1672 quia
2355 1609 2409 1658 et
2439 1607 2694 1678 loquitur
2720 1614 2842 1683 ipsa
2864 1597 3044 1672 nobis.
3078 1597 3236 1675 Alius
3264 1624 3462 1680 itidem
3485 1629 3672 1683 inten-

1974 1685 2055 1738 dit
2084 1686 2142 1741 in
2166 1692 2366 1745 eadem
2399 1696 2589 1766 verba,
2622 1704 2675 1753 et
2705 1703 3054 1774 principium
3082 1708 3350 1781 intelligit
3381 1718 3673 1772 exordium

1974 1789 2166 1830 rerum
2198 1781 2595 1847 conditarum;
2654 1793 2711 1842 et
2742 1790 2819 1844 sic
2865 1795 3086 1864 accipit,
3124 1799 3185 1850 In
3219 1803 3498 1870 principio
3539 1809 3669 1871 fecit

1973 1877 2034 1913 ac
2069 1863 2115 1916 si
2146 1865 2447 1935 diceretur,
2478 1872 2668 1926 Primo
2698 1875 2852 1931 fecit.
2892 1863 3075 1950 Atque
3107 1883 3166 1936 in
3221 1885 3300 1938 eis
3333 1889 3430 1958 qui
3463 1890 3674 1944 intelli-

1969 1955 2131 2018 gunt,
2162 1955 2225 2006 In
2249 1956 2549 2026 principio,
2582 1963 2732 2031 quod
2757 1965 2814 2018 in
2845 1967 3132 2036 Sapientia
3162 1955 3584 2033 fecisti‘coelum
3616 1985 3673 2034 et

1970 2043 2182 2094 terram
2210 2058 2222 2095 :
2257 2043 2399 2097 alius
2432 2063 2632 2102 eorum
2666 2050 2854 2121 ipsum
2879 2056 3082 2110 coelum
3106 2063 3161 2112 et
3193 2065 3423 2129 terram,
3459 2068 3676 2121 creabi-

1971 2127 2082 2180 lem
2115 2133 2409 2186 materiam
2442 2137 2568 2189 coeli
2603 2142 2658 2191 et
2684 2144 2852 2194 teme
2883 2143 2961 2195 sic
3006 2161 3125 2199 esse
3159 2149 3335 2202 credit
3378 2155 3671 2222 cognomi-

1970 2220 2162 2270 natam
2196 2235 2212 2271 :
2245 2220 2390 2274 alius
2440 2223 2562 2292 jam
2609 2226 2882 2282 formatas
2932 2231 3340 2305 distinctasque
3391 2220 3671 2296 naturas:

1969 2304 2114 2357 alius
2140 2322 2313 2361 unam
2359 2309 2685 2383 formatam,
2717 2318 3094 2390 eamdemque
3148 2323 3503 2392 spiritualem
3549 2331 3676 2384 coeli

1967 2394 2235 2462 nomine;
2271 2397 2440 2452 aliam
2477 2400 2783 2458 informem
2830 2409 3137 2481 corporalis
3183 2415 3458 2482 materiae,
3503 2421 3670 2473 terrae

1966 2481 2225 2539 nomine.
2267 2484 2376 2548 Qui
2407 2492 2598 2542 autem
2625 2490 2958 2562 intelligunt
3002 2495 3060 2549 in
3090 2499 3422 2555 nominibus
3454 2506 3579 2558 coeli
3613 2510 3670 2560 et

1966 2572 2148 2635 terrea,
2187 2573 2372 2626 adhuc
2394 2574 2702 2631 informem
2731 2582 3049 2650 materiem,
3083 2586 3152 2639 de
3184 2603 3297 2657 qua
3324 2590 3670 2648 formaretur

1966 2658 2169 2712 ccelum
2204 2664 2258 2713 et
2287 2665 2457 2728 terra,
2485 2679 2590 2717 nec
2617 2665 2724 2735 ipsi
2748 2684 2862 2721 uno
2885 2672 3054 2724 modo
3083 2673 3142 2725 id
3164 2674 3531 2747 intelligunt:
3565 2684 3661 2736 sed

1962 2745 2105 2799 alius
2137 2748 2284 2802 unde
2325 2756 3220 2829 consummareturintelligibilis
3263 2767 3664 2839 sensibilisque

1964 2841 2256 2901 creatura;
2292 2837 2437 2891 alius
2470 2844 2691 2894 tantum
2719 2845 2866 2898 unde
2899 2848 3180 2902 sensibilis
3201 2855 3380 2907 moles
3404 2856 3510 2909 ista
3541 2874 3665 2911 cor-

1962 2937 2156 2990 porea,
2191 2924 2316 2977 sinu
2348 2927 2549 2996 grandi
2567 2930 2864 2986 continens
2895 2935 3225 3005 perspicuas
3255 2949 3667 3016 promptasque

1962 3015 2217 3067 naturas.
2257 3013 2368 3066 Nec
2407 3013 2490 3067 illi
2521 3033 2635 3070 uno
2668 3021 2836 3074 modo
2897 3023 2995 3093 qui
3016 3024 3135 3092 jam
3168 3027 3472 3098 dispositas
3502 3013 3660 3103 dige-

1962 3101 2188 3168 stasque
2219 3105 2504 3156 creaturas
2534 3107 2737 3160 coelum
2779 3113 2835 3162 et
2883 3115 3097 3168 terram
3141 3118 3329 3170 vocari
3381 3120 3486 3173 hoc
3533 3122 3653 3175 loco

1961 3187 2238 3255 credunt;
2270 3190 2367 3244 sed
2391 3191 2535 3246 alius
2569 3193 2910 3252 invisibilem
2952 3206 3118 3273 atque
3151 3204 3425 3261 visibilem
3456 3226 3468 3262 :
3504 3210 3650 3263 alius

1963 3275 2140 3328 solam
2170 3276 2449 3333 visibilem
2470 3281 2530 3334 in
2553 3299 2664 3353 qua
2681 3285 3033 3344 luminosum
3065 3293 3271 3346 coelum
3294 3297 3660 3366 suspicimus,

1963 3367 2018 3415 et
2047 3368 2255 3418 terram
2284 3367 2678 3438 caliginosam,
2711 3389 2956 3447 quaeque
2987 3378 3049 3434 in
3079 3380 3160 3433 eis
3193 3387 3352 3438 sunt.

2600 3498 2822 3552 CAPUT
2853 3502 3023 3555 XXIX.

2306 3597 2441 3663 Quot
2468 3601 2638 3654 modis
2664 3603 2867 3657 dicitur
2888 3608 3105 3673 aliquid
3131 3611 3312 3677 prius.

2031 3700 2118 3754 40.
2152 3703 2223 3754 At
2253 3701 2346 3756 ille
2377 3704 2475 3774 qui
2509 3721 2627 3759 non
2656 3707 2820 3761 aliter
2850 3711 3072 3780 accipit.
3106 3715 3184 3768 In.
3200 3715 3477 3782 principio
3505 3717 3660 3784 fecit,

1962 3803 2136 3856 quam
2164 3789 2211 3842 si
2242 3790 2546 3860 diceretur,
2579 3795 2770 3850 Primo
2811 3798 2980 3866 fecit;
3015 3817 3129 3854 non
3177 3802 3348 3856 habet
3379 3805 3662 3873 quomodo

1960 3876 2236 3931 veraciter
2289 3878 2588 3951 intelligat,
2621 3886 2827 3939 coelum
2857 3892 2915 3941 et
2943 3891 3175 3955 terram,
3210 3890 3321 3943 nisi
3363 3891 3662 3946 materiam

1962 3965 2089 4018 caeli
2115 3970 2170 4018 et
2197 3969 2364 4021 terra:
2397 3968 2700 4042 intelligat,
2722 3973 2982 4030 videlicet
3010 3977 3310 4045 universa},
3347 3978 3404 4032 id
3435 3984 3519 4032 est
3569 3981 3663 4032 in-

1961 4052 2276 4122 telligibilis
2305 4058 2725 4129 corporalisque
2765 4067 3058 4118 creaturas.
3093 4065 3149 4119 Si
3204 4065 3359 4120 enim
3394 4067 3514 4136 jam
3548 4068 3661 4120 for-

1961 4145 2173 4195 matam
2199 4143 2335 4196 velit
2364 4146 2709 4214 universam,
2742 4155 2894 4205 recte
2934 4151 3002 4204 ab
3035 4169 3102 4206 eo
3133 4155 3315 4223 quaari
3343 4155 3575 4224 poterit,
3607 4155 3665 4208 Si

1962 4226 2070 4280 hoc
2099 4228 2285 4297 primo
2315 4231 2448 4284 fecit
2478 4233 2643 4301 Deus,
2677 4236 2817 4304 quid
2872 4237 3069 4292 fecerit
3118 4239 3418 4309 deinceps:
3442 4247 3497 4294 et
3540 4247 3667 4310 post

1961 4314 2390 4371 universitatem
2421 4335 2534 4373 non
2577 4321 2868 4391 inveniet;
2903 4343 2967 4379 ac
3004 4343 3108 4397 per
3137 4327 3243 4380 hoc
3292 4328 3488 4381 audiet
3526 4327 3666 4382 invi-

1960 4407 2071 4469 tus,
2114 4405 2406 4468 Quomodo
2436 4407 2578 4463 illud
2605 4411 2811 4481 primo,
2836 4413 2881 4466 si
2907 4419 3104 4484 postea
3132 4415 3276 4468 nihil
3297 4416 3325 4468 ?
3359 4416 3499 4469 Cum
3529 4432 3664 4470 vero

1963 4491 2096 4545 dicit
2134 4492 2320 4561 primo
2350 4494 2676 4558 informem.
2710 4500 2913 4556 deinde
2941 4503 3268 4570 formatam,
3303 4519 3420 4556 non
3454 4510 3539 4557 est
3569 4505 3665 4558 ab-

1963 4580 2169 4634 surdus
2194 4597 2206 4646 ;
2243 4581 2287 4635 si
2316 4584 2486 4638 modo
2521 4591 2603 4639 est
2632 4588 2872 4642 idoneus
2897 4590 3239 4657 discernere,
3275 4591 3413 4660 quid
3443 4609 3666 4661 praece-

1963 4668 2058 4722 dat
2101 4671 2440 4739 aeternitate,
2483 4675 2620 4744 quid
2660 4681 2937 4746 tempore,
2987 4679 3126 4748 quid
3174 4678 3471 4748 electione,
3526 4683 3666 4751 quid

1963 4757 2203 4827 origine.
2260 4761 2617 4829 Aiternitate,
2678 4764 2822 4816 sicut
2890 4765 3037 4817 Deus
3093 4766 3327 4832 omnia;
3377 4773 3665 4840 tempore,

1964 4845 2112 4898 sicut
2139 4846 2242 4898 ﬂos
2300 4848 2589 4916 fructum;
2652 4851 2945 4919 electione,
2996 4853 3139 4906 sicut
3171 4854 3388 4910 fructus
3419 4858 3621 4912 ﬂorem
3653 4876 3668 4924 ;

1965 4935 2208 5005 origine,
2240 4935 2386 4991 sicut
2428 4955 2600 4991 sonus
2630 4944 2880 4994 cantum.
2917 4942 2981 4993 In
3013 4941 3102 4994 his
3134 4949 3383 5013 quatuor
3414 4946 3668 5016 primum

1967 5029 2023 5076 et
2054 5023 2317 5078 ultimum
2349 5043 2477 5095 qua:
2496 5029 3310 5096 commemoravi,difﬁcillime
3332 5034 3668 5104 intelligun-

1967 5115 2098 5176 tur;
2134 5112 2245 5165 duo
2276 5113 2465 5167 media
2503 5114 2790 5170 facillime.
2843 5118 3100 5190 Namque
3148 5137 3278 5175 rara
3315 5122 3457 5175 visio
3503 5126 3588 5174 est
3615 5125 3671 5173 et

1967 5202 2142 5256 nimis
2172 5204 2350 5257 ardua
2389 5206 2736 5275 conspicere,
2773 5209 3034 5277 Domine,
3087 5213 3466 5266 aeternitatem
3509 5217 3668 5264 tuam

1967 5292 2513 5346 incommutabiliter
2566 5296 2866 5350 mutabilia
2931 5298 3252 5367 facientem,
3301 5316 3365 5353 ac
3411 5317 3516 5369 per
3564 5300 3670 5352 hoc

2030 5428 2042 5459 ¹
2070 5426 2147 5474 Ita
2172 5425 2297 5502 Lov:
2321 5441 2333 5485 ;
2361 5425 2448 5502 sed
2481 5427 2592 5502 alii“
2595 5428 2716 5500 libri
2736 5430 2865 5479 Edd.
2889 5434 2939 5502 et
2964 5432 3139 5494 scripti
3163 5432 3375 5489 habent,
3403 5435 3673 5502 narratio-

1964 5499 2071 5546 nes,
2117 5491 2334 5550 excepto
2383 5487 2504 5538 Mss.
2559 5491 2800 5553 Benigu.,
2833 5494 2922 5555 qui
2951 5508 3045 5556 pro
3069 5487 3160 5542 ἐει
3205 5507 3334 5540 voce
3364 5487 3668 5542 substituit.

1967 5553 2218 5601 rationes.

2869 5637 2889 5715 (
2910 5633 3318 5720 Vz'ngt-sept.)
