4062 6188
523 285 626 340 843

516 407 791 478 priorem.
834 405 969 471 Quis
1003 409 1208 463 deinde
1239 410 1314 462 sic
1355 412 1580 463 acutum
1607 409 1626 441 ί
1663 413 1857 462 cernat
1909 408 2123 474 animo,
2150 411 2218 462 ut

515 495 638 548 sine
686 496 877 549 labore
914 512 1123 565 magno
1167 498 1494 567 dignoscere
1546 498 1744 556 valeat.
1805 496 2092 566 quomodo
2141 493 2215 548 sit

523 584 686 656 prior
713 601 904 652 sonus,
930 602 1102 654 quam
1133 591 1350 652 cantus,
1369 586 1495 639 ideo
1515 585 1648 656 quia
1680 589 1878 638 cantus
1897 589 1981 638 est
2001 584 2212 637 forma-

524 680 612 726 tus
640 690 857 739 sensus,
893 679 950 726 et
993 690 1111 726 esse
1142 673 1338 742 utique
1362 673 1579 742 aliquid
1614 689 1731 725 non
1764 672 2076 724 formatum
2102 672 2216 739 pot-

519 766 623 831 est,
655 761 887 815 formari
917 766 1107 814 autem
1139 761 1291 831 quod
1317 776 1433 814 non
1467 765 1572 828 est,
1601 777 1716 814 non
1748 761 1986 830 potest?
2017 759 2106 812 Sic
2131 763 2216 811 est

515 851 673 922 prior
702 849 986 914 materies,
1030 864 1203 919 quam
1252 848 1312 901 id
1369 849 1523 918 quod
1574 866 1635 902 ex
1697 865 1763 902 ea
1794 848 1860 902 fit
1890 864 1902 901 :
1936 864 2052 901 non
2083 847 2213 900 ideo

517 938 676 1008 prior
706 937 841 1007 quia
869 937 991 1007 ipsa
1021 937 1211 1003 efﬁcit,
1245 952 1374 990 cum
1405 936 1594 1006 potius
1626 937 1728 991 fiat
1756 956 1770 1003 ;
1803 953 1906 991 nec
1935 936 2093 1006 prior
2123 935 2212 988 in-

515 1027 748 1082 tervallo
779 1025 1070 1095 temporis.
1107 1027 1300 1095 Neque
1332 1025 1484 1078 enim
1524 1025 1714 1095 priore
1753 1030 2012 1096 tempore
2045 1040 2214 1078 sonos

517 1116 737 1170 edimus
782 1113 1054 1166 informes
1092 1111 1212 1165 sine
1244 1117 1433 1174 cantu,
1481 1116 1535 1165 et
1574 1130 1671 1166 eos
1719 1113 2031 1183 posteriore
2063 1117 2214 1166 tem-

515 1220 651 1276 pore
682 1202 739 1254 in
772 1202 1015 1254 formam
1044 1200 1246 1254 cantici
1266 1204 1594 1270 coaptamus
1624 1206 1723 1254 aut
1745 1201 2038 1269 ﬁngimus,
2068 1200 2214 1254 sicut

516 1294 712 1361 lingua
743 1290 950 1360 quibus
972 1305 1117 1352 arca,
1152 1289 1239 1341 vel
1261 1293 1560 1357 argentum
1587 1305 1698 1359 quo
1724 1289 2014 1341 vasculum
2038 1288 2211 1341 fabri-

515 1386 694 1434 catur.
725 1379 887 1430 'l'ales
918 1377 1132 1446 quippe
1179 1375 1432 1429 materia:
1488 1381 1746 1446 tempore
1796 1375 1964 1429 etiam
2000 1390 2209 1444 prazce-

516 1467 658 1520 dunt
687 1465 897 1517 formas
929 1480 1117 1517 rerum
1151 1480 1279 1533 quae
1307 1464 1454 1517 fiunt
1487 1481 1549 1517 ex
1576 1465 1656 1517 eis
1681 1482 1692 1518 :
1727 1468 1783 1516 at
1817 1463 1875 1516 in
1905 1470 2074 1517 cantu
2099 1479 2212 1516 non

514 1555 593 1607 ita
624 1558 725 1606 est.
764 1555 902 1607 Cum
935 1552 1088 1605 enim
1118 1555 1396 1618 cantatur,
1440 1553 1669 1607 auditur
1694 1569 1866 1605 sonus
1908 1553 2028 1620 ejus
2054 1567 2066 1617 ;
2095 1567 2210 1604 non

510 1641 669 1712 prius
701 1640 1020 1692 informiter
1042 1644 1222 1705 sonat,
1251 1644 1305 1692 et
1327 1640 1529 1693 deinde
1556 1640 1836 1692 formatur
1866 1640 1924 1692 in
1956 1643 2204 1692 cantum.

511 1730 668 1794 Quod
700 1729 852 1781 enim
878 1728 1064 1799 primo
1100 1734 1409 1798 utcumque
1461 1728 1739 1792 senuerit,
1774 1728 2068 1797 praeterit;
2106 1744 2208 1781 nec

510 1836 578 1872 ex
605 1833 671 1872 eo
707 1817 1022 1888 quidquam
1054 1815 1303 1886 reperies
1342 1816 1493 1886 quod
1525 1822 1884 1886 resumptum
1905 1821 2024 1868 arte
2058 1832 2208 1869 com-

508 1922 687 1977 ponas
712 1921 723 1958 :
759 1908 815 1958 et
844 1905 968 1957 ideo
990 1908 1186 1957 cantus
1212 1904 1270 1957 in
1300 1921 1439 1957 sono
1471 1919 1572 1957 suo
1592 1902 1867 1967 vertitur;
1903 1903 2002 1974 qui
2033 1919 2205 1957 sonus

506 1997 647 2065 ejus,
682 1993 947 2046 materies
974 1993 1095 2062 ejus
1113 1997 1211 2045 est.
1247 1993 1401 2046 Idem
1433 1992 1647 2062 quippe
1679 1992 1958 2045 formatur
1986 1996 2050 2045 ut
2073 2008 2205 2045 can-

505 2090 593 2136 tus
627 2083 698 2135 sit
724 2098 736 2144 ;
771 2086 827 2134 et
848 2081 974 2134 ideo
1006 2080 1149 2134 sicut
1171 2080 1450 2147 dicebam,
1479 2080 1642 2149 prior
1671 2080 1934 2133 materies
1965 2079 2204 2134 sonandi

505 2187 677 2241 quam
731 2170 912 2223 forma
967 2168 1231 2220 cantandi
1266 2185 1422 2221 :non
1472 2185 1572 2238 per
1601 2167 1840 2221 faciendi
1889 2168 2201 2237 potentiam

508 2259 664 2328 prior
695 2258 717 2287 ²
743 2278 757 2323 ;
787 2273 974 2326 neque
1035 2256 1188 2308 enim
1221 2273 1394 2309 sonus
1424 2261 1508 2309 est
1538 2256 1804 2309 cantandi
1837 2255 2056 2324 artifex,
2105 2257 2202 2309 sed

504 2345 753 2399 cantanti
786 2344 992 2397 animae
1025 2343 1277 2412 subjacet
1307 2360 1373 2395 ex
1419 2360 1680 2413 corpore,
1714 2344 1782 2396 de
1829 2360 1940 2414 quo
1973 2349 2201 2397 cantum

500 2434 690 2488 faciat.
726 2433 837 2485 Nec
883 2435 1142 2499 tempore
1193 2429 1386 2499 prior;
1431 2430 1605 2484 simul
1655 2430 1807 2484 enim
1857 2447 1983 2484 cum
2031 2438 2202 2486 cantu

500 2522 708 2575 editur.
743 2521 852 2574 Nec
902 2518 1064 2589 prior
1102 2517 1411 2583 electione;
1445 2534 1559 2571 non
1591 2519 1743 2572 enim
1799 2518 1985 2588 potior
2028 2535 2200 2572 sonus

501 2625 676 2681 quam
723 2614 941 2671 cantus,
998 2606 1464 2677 quandoquidem
1497 2613 1694 2660 cantus
1724 2611 1808 2660 est
1837 2622 1952 2659 non
1977 2610 2196 2660 tantum

499 2715 692 2762 sonus,
733 2712 932 2750 verum
965 2695 1134 2750 etiam
1175 2712 1348 2748 sonus
1405 2695 1710 2766 speciosus.
1759 2695 1866 2749 Sed
1913 2694 2070 2764 prior
2113 2703 2199 2750 est

495 2785 717 2856 origine
744 2804 758 2849 ;
789 2784 923 2854 quia
952 2800 1068 2836 non
1101 2787 1299 2836 cantus
1333 2783 1612 2836 formatur
1644 2787 1706 2836 ut
1759 2799 1934 2836 sonus
1965 2782 2056 2848 sit,
2090 2785 2187 2837 sed

495 2891 665 2928 sonus
693 2873 973 2926 formatur
1001 2876 1065 2925 ut
1086 2876 1285 2925 cantus
1319 2871 1407 2925 sit.
1444 2873 1559 2925 Hoc
1587 2872 1848 2942 exemplo
1879 2871 1976 2942 qui
2009 2877 2196 2942 potest

494 2961 778 3032 intelligat
807 2961 1107 3014 materiam
1138 2975 1332 3013 rerum
1363 2960 1549 3031 primo
1580 2960 1784 3014 factam
1834 2965 1890 3014 et
1941 2960 2192 3030 appella-

495 3055 612 3103 tam
644 3049 851 3103 coelum
881 3052 936 3101 et
965 3053 1197 3112 terram,
1231 3048 1366 3118 quia
1392 3047 1525 3102 inde
1555 3048 1700 3102 facta
1733 3053 1866 3102 sunt
1894 3049 2099 3102 coelum
2140 3054 2196 3104 et

493 3143 644 3190 terra
677 3153 689 3190 :
716 3152 818 3189 nec
840 3140 1094 3204 tempore
1120 3135 1308 3203 primo
1334 3135 1540 3188 factam
1564 3153 1577 3203 ;
1604 3136 1738 3206 quia
1769 3136 1968 3190 formae
1999 3153 2191 3190 rerum

491 3229 758 3278 exserunt
783 3229 1064 3291 tempora,
1103 3223 1200 3275 illa
1236 3226 1427 3276 autem
1465 3228 1586 3276 erat
1629 3223 1925 3291 informis;
1954 3225 2190 3296 jamque

492 3314 551 3366 in
577 3311 930 3382 temporibus
962 3309 1130 3362 simul
1184 3309 1676 3373 animadvertitur,
1734 3327 1837 3365 nec
1880 3317 2068 3366 tamen
2121 3313 2190 3368 de

490 3402 586 3455 illa
615 3399 859 3454 narrarit
890 3397 1109 3467 aliquid
1141 3401 1346 3466 potest,
1389 3397 1499 3449 nisi
1538 3399 1690 3451 velut
1720 3403 1980 3468 tempore
2028 3402 2190 3470 prior

487 3492 557 3543 sit
583 3510 597 3555 ;
627 3505 756 3542 cum
786 3487 1072 3558 pendatur
1100 3485 1426 3551 extreniior,
1473 3485 1606 3554 quia
1650 3488 1902 3555 profecto
1953 3489 2187 3543 meliora

487 3583 620 3632 sunt
648 3578 888 3631 formata
919 3591 1091 3646 quam
1121 3573 1406 3634 informia,
1441 3579 1497 3627 et
1526 3575 1884 3644 praecedatur
1909 3581 1928 3611 ⁴
1959 3577 2185 3630 {eterni-

484 3672 595 3721 tate
623 3664 912 3729 creatoris,
943 3667 1004 3717 ut
1033 3665 1178 3716 esset
1207 3662 1274 3715 de
1304 3661 1506 3727 nihilo,
1552 3663 1701 3716 unde
1749 3663 1964 3734 aliquid
2000 3665 2182 3721 iieret.

1135 3769 1358 3822 CAPUT
1388 3769 1535 3822 xxx.
2134 3757 2161 3781 θ

540 3864 876 3916 Tractatores
935 3858 1234 3926 Scriptura:
1263 3857 1478 3910 diversa
1507 3859 1788 3911 sentientes
1818 3860 2135 3915 concordent

784 3948 1009 4000 invicem
1039 3946 1305 3999 charitate
1323 3950 1372 3998 et
1393 3946 1572 3999 studio
1601 3948 1870 4001 veritatis.

553 4040 643 4091 41.
676 4037 739 4089 In
770 4035 874 4088 hac
916 4033 1237 4088 diversitate
1290 4033 1702 4087 sententiarum
1736 4051 1999 4089 verarum
2042 4053 2178 4092 con-

480 4124 733 4178 cordiam
755 4122 937 4192 pariat
968 4122 1090 4190 ipsa
1121 4121 1374 4187 Veritas;
1406 4126 1461 4174 et
1492 4123 1638 4175 Deus
1682 4127 1875 4176 noster
1917 4124 2180 4179 miserea-

478 4220 573 4268 tur
602 4211 801 4275 nostri,
836 4210 1172 4279 utlegitime
1219 4210 1362 4279 Lege
1406 4215 1656 4276 utamur,
1712 4213 1986 4282 praacepti
2034 4213 2175 4280 fine,

479 4319 621 4372 pura
650 4299 922 4353 charitate
952 4316 964 4352 :
999 4313 1062 4350 ac
1092 4313 1194 4368 per
1223 4297 1328 4351 hoc
1357 4297 1403 4350 si
1430 4298 1556 4368 quis
1580 4300 1784 4368 quaerit
1799 4316 1865 4352 ex
1898 4316 2008 4366 me,
2040 4301 2178 4371 quid

484 4392 688 4443 horum
721 4388 940 4457 Moyses
964 4386 1058 4439 ille
1088 4391 1220 4439 tuus
1251 4386 1496 4439 famulus
1519 4387 1779 4449 senserit,
1814 4404 1929 4441 non
1957 4393 2088 4442 sunt
2116 4389 2176 4443 hi

485 4492 776 4531 sermones
807 4474 1225 4528 confessionum
1248 4490 1524 4530 mearum.
1547 4475 1603 4529 Si
1630 4476 1732 4529 tibi
1763 4493 1878 4530 non
1901 4478 2176 4532 confiteor

477 4565 703 4629 nescio;
734 4567 790 4616 et
819 4563 931 4616 scio
962 4567 1155 4615 tamen
1181 4561 1304 4614 illas
1335 4577 1494 4615 veras
1523 4579 1644 4615 esse
1692 4565 2018 4630 sententias,
2075 4581 2173 4618 ex-

480 4651 658 4720 ceptis
687 4651 1008 4703 carnalibus
1029 4651 1097 4704 de
1129 4650 1335 4722 quibus
1365 4655 1643 4721 quantum
1670 4651 1987 4706 existimavi
2019 4653 2173 4707 locu-

473 4745 564 4794 tus
593 4755 758 4793 sum:
793 4756 933 4808 quos
963 4743 1156 4793 tamen
1186 4739 1353 4794 bona:
1385 4739 1504 4809 Spei
1537 4740 1798 4809 parvulos
1829 4741 1950 4793 hinc
2003 4741 2172 4794 verba

475 4828 629 4884 Libri
655 4827 738 4882 tui
768 4843 884 4880 non
915 4828 1190 4894 territant,
1237 4829 1350 4883 alta
1392 4827 1705 4890 humiliter,
1751 4832 1806 4881 et
1850 4844 2031 4898 pauca
2078 4845 2170 4884 co-

535 4953 550 4984 ¹
579 4952 661 4999 Sic
687 4950 850 5014 acuto
878 4953 1067 5014 cernat
1092 4950 1302 5014 animo,
1336 4950 1491 5014 juxta
1531 4950 1729 5000 Somm.
1775 4950 1945 4999 Rond.
1993 4964 2112 4999 eum
2140 4954 2166 5001 4

468 5014 592 5062 Mss.
629 5016 681 5060 et
707 5015 733 5059 5
761 5011 880 5073 Mss.
903 5013 1048 5073 apud
1087 5013 1234 5060 Mart.
1267 5013 1334 5060 M.

530 5078 550 5109 ²
567 5070 1034 5144 Edd._.perﬁciehdi
1049 5077 1280 5144 polentia
1300 5077 1469 5135 prior:
1491 5073 1878 5138 refragantibus
1901 5075 2022 5123 Mss.
2041 5089 2166 5138 quo-

465 5151 585 5186 rum
617 5135 898 5185 lectionem
924 5135 1308 5196 amplectimur.

527 5203 548 5234 ³
583 5197 884 5270 tegendum
928 5197 1154 5268 videtur,
1205 5197 1435 5270 variant;
1484 5198 1600 5270 vult
1646 5199 1787 5270 enim
1834 5198 2162 5270 Augustinus

464 5260 764 5325 quod,sicu_t
790 5273 953 5325 sonus
979 5260 1180 5321 origine
1195 5260 1443 5325 praecedit
1459 5264 1674 5325 cantum
1691 5261 1780 5323 qui
1805 5274 1872 5325 eo_
1885 5261 2159 5325 formatur,

463 5321 538 5373 ita
571 5323 800 5386 materia
818 5321 962 5386 velut
993 5325 1246 5383 tempore,
1269 5322 1320 5369 id
1343 5325 1422 5386 est
1450 5323 1652 5384 origine
1673 5321 1965 5386 praecedere
1989 5322 2160 5383 debet,

463 5391 522 5435 ut
545 5384 749 5448 aliquid;
773 5384 835 5433 de
861 5384 1195 5448 illava-raari
1225 5383 1406 5448 possit.

522 5450 544 5511 ιτ
574 5444 657 5511 Sic
705 5446 840 5511 Mss.‘
856 5449 908 5495 et
936 5446 1106 5511 Arn;
1147 5447 1200 5493 at
1233 5444 1372 5494 'Bad.
1423 5445 1596 5506 habet,
1626 5445 2040 5511 pra’cedantur;
2072 5445 2159 5495 alii

409 5575 412 5578 .
461 5508 608 5564 editi.
635 5508 963 5569 praecedunt.

1708 260 2249 343 CONFESSIONUM
2292 283 2346 340 s.
2403 285 2787 342 AUGUSTINI
3841 298 3908 352 ss

2326 407 2502 476 piose.
2542 407 2650 462 Sed
2679 423 2878 461 omnes
2906 424 3048 478 quos
3078 407 3139 462 in
3168 407 3250 462 eis
3281 409 3458 462 verbis
3501 427 3619 466 vera
3663 428 3852 470 cernere
3873 434 3909 470 ac

2323 497 2524 560 dicere,
2559 496 2760 561 fateor,
2794 497 3098 567 diligamus
3129 513 3233 550 nos
3279 497 3532 565 invicem,
3560 499 3836 575 pariterque
3860 509 3909 560 di-

2322 585 2568 655 ligamus
2623 590 2680 639 te
2730 587 2908 640 Deum
2959 592 3220 640 nostrum
3275 587 3486 641 fontem
3510 590 3750 657 veritatis,
3773 594 3809 645 si
3837 611 3909 648 non

2323 690 2488 742 vana,
2515 675 2612 728 sed
2634 675 2816 746 ipsam
2847 674 3090 741 sitimus;
3123 676 3498 748 eumdemque
3541 678 3783 734 famulum
3804 685 3909 736 tuum

2323 762 2626 832 Scripturzp
2674 764 2846 834 hujus
2903 764 3372 834 dispensatorem,
3403 766 3600 836 Spiritu
3633 773 3718 821 tuo
3743 769 3909 838 plenum

2323 849 2402 903 ita
2440 851 2808 919 honoremus,
2841 854 2906 904 ut
2945 851 3054 905 hoc
3089 867 3224 905 eum
3280 856 3336 906 te
3383 853 3646 908 revelante
3698 871 3806 908 cum
3833 857 3909 909 hac

2324 938 2595 993 scriberet
2620 939 2923 994 attendisse
2952 939 3269 1006 credamus,
3301 941 3448 1011 quod
3478 940 3533 995 in
3569 942 3642 996 eis
3669 943 3862 998 maxime
3879 949 3911 998 et

2326 1028 2448 1082 luce
2477 1027 2750 1094 veritatis,
2783 1033 2839 1083 et
2867 1028 3030 1098 fruge
3059 1028 3320 1083 utilitatis
3347 1030 3580 1084 excellit.

2954 1152 3178 1206 CAPUT
3213 1153 3385 1207 XXXI.

2323 1241 2556 1295 Sensisse
2597 1240 2877 1310 putandus
2916 1245 2993 1294 est
3032 1243 3234 1308 Moyses
3275 1240 3543 1310 quidquid
3576 1245 3680 1297 veri
3714 1247 3848 1312 potest
3874 1246 3905 1294 in

2843 1331 3018 1397 ipsius
3056 1329 3231 1383 verbis
3260 1331 3510 1384 inveniri.

2389 1436 2477 1488 42.
2517 1435 2599 1487 lta
2627 1449 2763 1487 cum
2804 1433 2946 1486 alius
2976 1433 3202 1493 dixerit,
3236 1436 3350 1488 Hoc
3380 1434 3548 1489 sensit
3587 1435 3719 1506 quod
3744 1451 3853 1504 ego;
3875 1441 3906 1487 et

2321 1523 2485 1589 alius,
2521 1524 2640 1576 Imo
2670 1523 2811 1576 illud
2844 1523 2994 1592 quod
3019 1539 3151 1592 ego;
3190 1523 3506 1592 religiosius
3535 1541 3616 1578 me
3638 1523 3905 1577 arbitrordi-

2321 1627 2466 1678 cere,
2499 1612 2610 1664 Cur
2632 1627 2749 1664 non
2783 1615 3089 1681 utrumque
3129 1611 3342 1680 potius,
3377 1611 3423 1665 si
3455 1616 3734 1682 utrumque
3771 1627 3903 1664 verum

2321 1702 2450 1753 est?
2482 1701 2546 1753 Et
2570 1699 2616 1752 si
2642 1699 2778 1769 quid
2810 1700 3062 1764 tertium,
3096 1705 3150 1754 et
3181 1699 3225 1752 si
3256 1700 3396 1770 quid
3423 1706 3690 1771 quartum,
3712 1705 3756 1754 et
3771 1700 3805 1753 si
3820 1700 3904 1770 quid

2320 1787 2554 1841 omnino
2583 1787 2736 1841 aliud
2768 1804 2965 1841 verum
2998 1788 3285 1858 quispiam
3317 1789 3472 1843 inhis
3498 1789 3667 1843 verbis
3684 1789 3904 1850 videt;cur

2317 1892 2433 1931 non
2465 1876 2561 1929 illa
2591 1877 2783 1930 omnia
2812 1876 3018 1930 vidisse
3049 1877 3330 1943 credatur,
3363 1894 3462 1947 per
3491 1894 3651 1949 quem
3679 1895 3795 1931 unus
3811 1878 3903 1930 Deus

2317 1981 2501 2018 sacras
2535 1964 2769 2017 Litteras
2798 1980 2926 2016 vera
2959 1969 3015 2018 et
3045 1964 3264 2018 diversa
3298 1965 3498 2019 visuris
3525 1967 3792 2020 multorum
3820 1980 3901 2017 sen-

2316 2051 2472 2106 sibus
2503 2052 2880 2121 temperavit?
2900 2053 3013 2121 Ego
3037 2057 3204 2117 certe,
3239 2054 3392 2124 quod
3412 2054 3703 2124 interpidus
3719 2054 3773 2108 de
3794 2052 3899 2106 corde

2315 2157 2442 2194 meo
2471 2139 2802 2211 pronuntio,
2833 2139 2878 2192 si
2903 2140 2972 2194 ad
3003 2142 3228 2194 culmen
3261 2142 3601 2196 auctoritatis
3620 2141 3796 2212 aliquid
3817 2139 3899 2192 scri-

2313 2229 2507 2282 berem
2534 2245 2546 2295 ;
2591 2229 2668 2282 sic
2701 2229 2930 2282 mallem
2959 2228 3223 2295 scribere,
3254 2233 3321 2283 ut
3350 2229 3498 2301 quod
3523 2229 3633 2284 veri
3659 2229 3841 2301 quisque
3859 2226 3898 2278 de

2314 2317 2402 2370 his
2429 2318 2596 2371 rebus
2626 2333 2826 2388 capere
2857 2324 3064 2387 posset,
3091 2333 3219 2370 mea
3252 2319 3423 2372 verba
3453 2325 3763 2382 resonarent,
3789 2331 3897 2386 quam

2315 2411 2378 2459 ut
2409 2423 2579 2460 unam
2619 2423 2809 2460 veram
2836 2405 3178 2460 sententiam
3210 2406 3282 2460 ad
3309 2407 3414 2461 hoc
3441 2407 3672 2477 apertius
3693 2419 3896 2478 ponerem,

2318 2499 2380 2549 ut
2408 2495 2768 2549 excluderem
2800 2499 3051 2562 caeteras,
3084 2511 3331 2565 quarum
3367 2496 3572 2550 falsitas
3607 2512 3685 2550 me
3710 2511 3798 2549 non
3817 2509 3896 2563 pos-

2310 2587 2395 2638 set
2424 2583 2729 2638 ofl'endere.
2761 2583 2902 2637 Nolo
2953 2583 3168 2654 itaque,
3214 2585 3366 2638 Deus
3396 2601 3570 2653 meus,
3600 2589 3701 2638 tam
3726 2595 3895 2653 preceps

2310 2687 2448 2735 esse,
2479 2676 2542 2725 ut
2571 2672 2679 2726 hoc
2709 2671 2874 2725 illum
2904 2671 3088 2725 virum
3119 2671 3190 2726 de
3220 2677 3276 2727 te
3309 2674 3575 2728 meruisse
3604 2689 3705 2727 non
3730 2669 3895 2725 credam.

2307 2760 2492 2815 Sensit
2519 2760 2614 2813 ille
2653 2760 2885 2813 omnino
2915 2759 2974 2812 in
3006 2759 3091 2814 his
3121 2760 3332 2824 verbis,
3367 2768 3532 2832 atque
3563 2759 3786 2830 cogitavit
3817 2771 3895 2809 cum

2307 2865 2374 2902 ea
2405 2848 2692 2915 scriberet,
2725 2847 3004 2918 quidquid
3034 2849 3124 2902 hic
3150 2849 3269 2902 veri
3304 2851 3588 2922 potuimus
3617 2847 3834 2908 invenire,
3865 2849 3895 2894 et

2307 2936 2587 3007 quidquid
2618 2952 2722 2990 nos
2753 2952 2869 2989 non
2898 2937 3210 3006 potuimus,
3242 2943 3347 2992 aut
3380 2939 3626 2993 nondum
3650 2947 3892 3008 possumus.

2306 3030 2363 3081 et
2391 3029 2581 3079 tamen
2611 3024 2671 3078 in
2702 3024 2783 3079 eis
2813 3024 3059 3078 inveniri
3088 3031 3298 3096 potest.

2925 3151 3148 3204 CAPUT
3178 3153 3387 3208 XXXII.

2379 3241 2508 3296 Veri
2537 3240 2832 3308 Scriptum
2853 3254 3039 3294 sensus
3070 3256 3104 3294 a
3134 3242 3349 3309 Spiritu
3379 3246 3558 3296 sancto
3591 3239 3848 3297 revelantur.

2370 3347 2465 3401 43.
2503 3347 2815 3411 Postremo,
2852 3345 3090 3400 Domine
3121 3345 3221 3416 qui
3253 3347 3401 3401 Deus
3426 3363 3504 3412 es,
3535 3349 3586 3400 et
3614 3359 3709 3397 non
3747 3353 3838 3393 caro
3859 3339 3891 3385 et

2299 3433 2562 3504 sanguis;
2595 3434 2643 3487 si
2671 3433 2808 3504 quid
2838 3434 3012 3488 homo
3045 3435 3239 3489 minus
3272 3435 3444 3502 videt,
3477 3431 3729 3504 numquid
3752 3422 3890 3492 etSPi’

2299 3523 2471 3576 ritum
2501 3527 2664 3576 tuum
2697 3525 2910 3577 bonum
2942 3523 3040 3594 qui
3067 3523 3310 3579 deducet
3337 3542 3428 3579 me
3457 3525 3512 3578 in
3541 3530 3725 3578 terram
3745 3519 3884 3569 rectam

2299 3613 2458 3680 (Psal.
2506 3627 2666 3677 chn,
2719 3614 2822 3680 10),
2855 3612 3028 3666 latere
3076 3613 3281 3683 potuit,
3340 3612 3608 3686 quidquid
3650 3624 3752 3664 eras
3773 3605 3815 3657 in
3837 3600 3887 3686 eis

2295 3700 2480 3754 verbis
2501 3704 2564 3754 tu
2593 3701 2713 3770 ipse
2742 3701 3094 3756 revelaturus
3123 3685 3448 3772 legentibus
3477 3698 3712 3772 posteris,
3733 3685 3884 3747 etiamsi

2295 3787 2392 3841 ille
2416 3805 2520 3858 per
2549 3805 2722 3858 quem
2752 3788 2901 3842 dicta
2933 3794 3085 3853 sunt,
3113 3806 3292 3844 unam
3317 3790 3561 3846 fortassis
3582 3804 3641 3842 ex
3665 3780 3813 3838 multis
3830 3789 3886 3824 ve-

2292 3877 2370 3928 ris
2401 3876 2739 3929 sententiam
2769 3877 3081 3945 cogitavit?
3110 3878 3273 3940 Quod
3307 3879 3351 3931 si
3382 3879 3459 3932 ita
3483 3880 3580 3942 est,
3610 3862 3887 3940 sitigiturilla

2294 3979 2466 4034 quam
2505 3963 2772 4032 cogitavit
2801 3963 3016 4017 caeteris
3046 3965 3324 4019 excelsior
3352 3967 3389 4022 ι.
3428 3963 3588 4019 Nobis
3630 3951 3884 4017 autem,DO°

2292 4052 2468 4117 mine,
2501 4052 2794 4122 autipsam
2814 4052 3163 4119 demonstra,
3194 4059 3297 4107 aut
3326 4070 3496 4124 quam
3527 4051 3689 4122 placet
3712 4045 3876 4098 alteram

2291 4156 2482 4194 veram
2507 4156 2520 4205 ;
2553 4145 2617 4193 ut
2645 4140 2758 4193 sive
2789 4140 2955 4193 nobis
2984 4141 3093 4194 hoc
3123 4142 3278 4211 quod
3310 4143 3479 4196 etiam
3508 4139 3587 4194 illi
3611 4129 3788 4192 homini
3809 4131 3884 4180 tuo.

2289 4228 2405 4281 sive
2435 4227 2586 4282 aliud
2615 4243 2682 4280 ex
2711 4229 3046 4282 eorumdem
3089 4229 3398 4284 verborum
3451 4227 3715 4282 occasione
3738 4213 3884 4290 patefa-

2289 4316 2423 4382 cias,
2455 4319 2519 4370 tu
2543 4321 2736 4369 tamen
2767 4331 2983 4385 pascas,
3001 4333 3116 4370 non
3134 4333 3298 4371 error
3323 4317 3538 4371 illudut.
3560 4316 3695 4376 Ecce,
3717 4304 3879 4362 Domine

2292 4405 2438 4458 Deus
2470 4420 2650 4470 meus,
2667 4419 2841 4474 quam
2862 4406 3043 4458 multa
3060 4404 3128 4458 de
3153 4406 3355 4475 paucis
3370 4405 3565 4467 verbis,
3582 4414 3729 4472 quam
3749 4391 3882 4448 multa:

2288 4510 2388 4546 oro
2427 4497 2506 4559 te,
2533 4491 2862 4563 scripsimus
2881 4495 2909 4546 ‘P
2939 4494 3075 4556 Quae
3107 4499 3321 4548 nostrae
3351 4494 3514 4561 vires,
3543 4505 3657 4562 quin
3702 4488 3881 4548 teml’ora

2286 4582 2552 4635 omnibus
2584 4580 2766 4635 Libris
2787 4581 2900 4635 tuis
2930 4581 3001 4635 ad
3031 4583 3200 4636 istum
3228 4583 3460 4636 modum
3483 4564 3882 4634 sufticient’?Sine

2281 4669 2474 4739 itaque
2505 4685 2596 4722 me
2628 4669 2853 4723 brevius
2880 4669 2939 4722 in
2962 4669 3042 4723 eis
3059 4671 3319 4725 confiteri
3335 4671 3457 4736 tibi,
3491 4673 3544 4722 et
3569 4668 3747 4735 eligere
3761 4663 3880 4709 unum

2282 4757 2495 4828 aliquid
2515 4757 2667 4827 quod
2688 4761 2752 4811 tu
2773 4757 3139 4828 inspiraveris
3167 4776 3389 4825 verum,
3413 4764 3619 4826 certum
3642 4757 3689 4806 et
3712 4749 3878 4802 bonum.

2283 4844 2508 4899 etiamsi
2538 4845 2718 4899 multa
2749 4846 3118 4912 occurrerint,
3151 4847 3252 4901 ubi
3284 4848 3463 4902 multa
3498 4851 3754 4899 occurrere
3775 4833 3879 4912 Ροίες

2280 4937 2449 4999 runt;
2489 4949 2555 4986 ea
2575 4933 2686 4988 ﬁde
2714 4933 3089 4987 confessionis
3118 4950 3285 5001 meae,
3314 4940 3381 4989 ut
3399 4934 3446 4988 si
3473 4934 3574 4988 hoc
3591 4929 3756 4984 dixero
3779 4908 3882 4988 quod

2277 5021 2450 5075 sensit
2481 5021 2742 5076 minister
2769 5027 2922 5088 tuus,
2947 5028 3098 5077 recte
3126 5028 3299 5094 atque
3330 5022 3538 5093 optime
3564 5036 3575 5085 ;
3605 5016 3651 5070 id
3675 5010 3795 5066 enim
3824 5015 3878 5094 cf):

2275 5109 2402 5164 nari
2448 5125 2539 5164 me
2570 5115 2796 5181 oportet
2827 5127 2840 5165 :
2872 5111 3029 5181 quod
3084 5111 3132 5165 si
3190 5116 3480 5166 assecutus
3532 5121 3635 5162 non
3669 5102 3812 5156 fuero,
3841 5084 3877 5139 ιδ

2274 5203 2469 5252 tamen
2517 5199 2702 5254 dicam
2755 5200 2904 5271 quod
2934 5200 3076 5254 mihi
3105 5217 3206 5272 per
3262 5202 3386 5272 ejus
3435 5197 3594 5252 verba
3620 5189 3796 5246 Veritas
3816 5183 3878 5230 ωδ

2275 5287 2462 5342 dicere
2494 5288 2740 5344 voluerit
2770 5305 2903 5360 quae
2933 5289 3019 5344 illi
3052 5305 3286 5361 quoque
3319 5288 3457 5345 dixit
3483 5282 3625 5358 quod
3649 5272 3806 5335 voluit.

2335 5448 2350 5479 ¹
2384 5445 2771 5511 Excellentior.
2797 5446 2951 5511 juxta
2979 5447 3278 5511 complures
3301 5447 3483 5511 editos.
3513 5443 3575 5492 Μ.

2332 5511 2354 5542 2
2381 5480 3278 5571 ἒῦἱῆἑῖἵῆἓζυίιίι³ιῖι“ἓξ›ιῖἰὶἔῖ²’ἔῐέἕῗ
3294 5480 3642 5560 ἔῖἷῖαῖιῖὲιιω
3669 5498 3691 5546 ι
3715 5490 3807 5542 Mss.
3827 5480 3869 5530 υ.
