4062 6188
136 285 243 338 845

1406 285 1621 341 LIBER
1678 284 1989 341 DECIMUS
2044 287 2367 345 TERTIUS.
3536 298 3638 351 846

798 516 1310 639 LIBER
1408 432 2145 641 DEcTuUS
2239 521 2996 648 TERTIUS.

164 704 293 775 “Dei
312 703 601 775 bonitatem
622 702 888 775 .inﬂrerum
911 701 1255 775 productione
1277 715 1335 750 ac
1356 702 1674 775 perfectione
1703 702 1941 775 {elucere
1952 718 1963 761 ;
1987 706 2098 751 tum
2129 703 2285 775 etiam
2306 704 2471 752 Deum
2493 704 2819 775 Trinitatem,
2842 707 3501 775 ipsiusqueproprietatem
3522 710 3639 774 Spi-

132 767 271 837 ritus
294 766 460 837 sancti
482 765 959 837 primis‘Genesc-os‘
960 765 1127 835 verbis
1150 765 1405 837 ipsinuari
1428 765 1673 837 ostendit.
1700 765 2036 837 Postmodum
2060 779 2180 837 vero
2202 771 2363 837 totam
2383 768 2581 815 conditi
2598 769 2782 837 mundi
2802 765 3071 819 historiam
3088 765 3366 834 allegorica
3385 765 3639 836 interpre-

132 830 337 876 tatione
361 825 605 876 transfert
623 826 689 874 ad
708 840 766 874 ea
784 838 899 887 qua
924 826 1059 874 Deus
1077 826 1128 873 in
1152 825 1381 874 Ecclesia
1400 825 1464 873 ad
1486 825 1758 874 hominum
1782 827 2111 875 sanctitatem
2133 832 2183 875 et
2204 828 2425 889 gloriam
2442 834 2702 891 operatur.

707 1050 932 1105 CAPUT
964 1050 1253 1105 PRIMUM.

132 1144 355 1195 Invocat
401 1142 586 1207 Deum,
639 1141 790 1210 cujus
847 1140 1083 1194 bonitate
1109 1156 1162 1193 se
1188 1145 1523 1209 prmmtum
1566 1144 1833 1208 agnoscit.

214 1233 263 1282 I.
303 1230 505 1282 Invoco
534 1231 610 1293 te,
645 1228 793 1281 Deus
821 1244 1004 1294 meus,
1037 1227 1431 1283 misericordia
1450 1246 1598 1295 mea,
1632 1230 1732 1300 qui
1761 1230 1836 1283 fe-

134 1317 264 1371 cisti
297 1334 409 1383 me,
441 1322 499 1371 et
540 1317 781 1371 oblitum
819 1317 905 1370 tui
944 1317 1153 1371 oblitus
1193 1333 1309 1371 non
1340 1333 1417 1371 es.
1454 1320 1655 1372 Invoco
1683 1323 1737 1371 te
1777 1318 1838 1371 in

134 1407 397 1460 animam
433 1422 644 1473 meam,
683 1422 856 1477 quam
886 1422 1171 1477 praeparas
1202 1407 1272 1461 ad
1302 1407 1643 1477 capiendum
1681 1411 1736 1461 te
1771 1423 1839 1461 ex

136 1495 428 1551 desiderio
446 1494 601 1565 quod
620 1494 862 1565 inspiras
886 1494 970 1549 ei:
996 1512 1148 1548 nunc
1168 1494 1529 1549 invocantem
1552 1501 1605 1549 te
1635 1512 1705 1549 ne
1746 1496 1840 1550 de-

134 1601 315 1650 seras,
345 1584 444 1654 qui
461 1583 796 1653 priusquam
819 1584 1137 1637 invocarem
1164 1584 1487 1653 prasvenisti
1510 1589 1565 1637 et
1586 1584 1839 1638 institisti

132 1674 500 1727 crebrescens
548 1671 903 1725 multimodis
939 1672 1193 1740 vocibus,
1227 1678 1289 1726 ut
1316 1674 1573 1727 audirem
1605 1674 1674 1727 de
1708 1673 1839 1726 lon-

135 1762 361 1832 ginquo
386 1766 441 1815 et
460 1766 842 1825 converterer,
870 1764 924 1813 et
952 1765 1249 1815 vocantem
1283 1777 1373 1815 me
1395 1762 1720 1815 invocarem
1749 1766 1829 1817 te.

134 1854 221 1905 Tu
253 1851 430 1915 enim,
472 1850 734 1919 Domine,
767 1849 1023 1903 delevisti
1053 1851 1249 1903 omnia
1278 1853 1429 1905 mala
1452 1852 1657 1905 merita
1688 1867 1833 1918 mea,

135 1956 216 1993 ne
248 1938 595 1992 retribueres
627 1938 890 1991 manibus
915 1937 1054 1990 meis
1086 1939 1143 1991 in
1171 1939 1377 2009 quibus
1406 1957 1437 1992 a
1467 1944 1521 1992 te
1546 1939 1752 2004 defeci;
1786 1942 1841 1992 et

132 2027 471 2098 prtevenisti
491 2027 685 2080 omnia
702 2026 852 2079 bona
884 2025 1082 2079 merita
1103 2042 1247 2092 mea,
1271 2031 1335 2080 ut
1353 2028 1696 2081 retribueres
1718 2042 1838 2079 ma-

136 2117 314 2169 nibus
331 2115 444 2169 tuis
462 2115 668 2185 quibus
691 2130 780 2167 me
802 2114 1011 2168 fecisti:
1037 2115 1173 2185 quia
1194 2120 1248 2168 et
1278 2116 1610 2185 priusquam
1635 2130 1836 2180 essem,

137 2210 196 2257 tu
236 2220 391 2269 eras;
421 2220 523 2257 nec
552 2219 708 2257 eram
758 2202 847 2255 cui
885 2208 1186 2271 prazstares
1214 2208 1279 2257 ut
1307 2220 1521 2269 essem;
1554 2209 1610 2257 et
1645 2208 1839 2256 tamen

136 2310 267 2347 ecce
298 2308 425 2345 sum
457 2308 522 2346 ex
548 2292 799 2346 bonitate
820 2297 919 2345 tua
936 2291 1324 2361 praeveniente
1344 2296 1530 2345 totum
1552 2292 1659 2345 hoc
1683 2290 1840 2361 quod

135 2400 236 2436 me
258 2380 461 2446 fecisti,
494 2385 549 2434 et
570 2380 720 2434 unde
751 2396 841 2433 me
871 2380 1072 2435 fecisti.
1099 2382 1290 2451 Neque
1317 2380 1471 2434 enim
1492 2378 1699 2451 eguisti
1723 2394 1838 2444 me,

137 2476 243 2527 aut
273 2488 380 2542 ego
422 2471 533 2525 tale
564 2471 779 2524 bonum
826 2486 951 2523 sum
999 2487 1111 2541 quo
1160 2474 1221 2523 tu
1254 2469 1555 2540 adjuveris,
1602 2467 1841 2523 Domine

138 2577 307 2615 meus
338 2564 393 2614 et
421 2561 566 2613 Deus
598 2575 785 2625 meus;
824 2575 937 2612 non
974 2564 1040 2612 ut
1068 2558 1169 2612 tibi
1202 2558 1280 2611 sic
1302 2558 1544 2612 serviam
1584 2556 1747 2628 quasi
1769 2572 1840 2609 ne

136 2649 400 2720 fatigeris
430 2648 489 2702 in
516 2648 756 2719 agendo,
790 2652 889 2700 aut
917 2663 988 2701 ne
1018 2647 1210 2699 minor
1238 2646 1311 2700 sit
1339 2652 1588 2716 potestas
1618 2651 1714 2700 tua
1743 2662 1841 2699 ca-

135 2756 276 2793 rens
326 2737 599 2808 obsequio
640 2753 798 2798 meo;
846 2752 1029 2807 neque
1089 2740 1149 2788 ut
1204 2736 1282 2787 sic
1329 2740 1383 2788 te
1438 2737 1622 2788 colam
1680 2733 1844 2804 quasi

139 2834 380 2892 terram,
431 2830 493 2879 ut
545 2826 618 2877 sis
664 2826 911 2879 incultus
936 2824 983 2877 si
1011 2839 1125 2877 non
1156 2827 1210 2877 te
1244 2823 1458 2888 colam;
1489 2822 1587 2876 sed
1633 2826 1697 2875 ut
1727 2838 1845 2874 ser—

139 2917 298 2970 viam
328 2915 433 2969 tibi
463 2918 518 2969 et
550 2914 733 2969 colam
761 2906 835 2979 te,
870 2918 935 2967 ut
965 2913 1033 2966 de
1069 2916 1124 2967 te
1156 2912 1296 2965 mihi
1326 2911 1469 2965 bene
1517 2910 1607 2977 sit,
1660 2927 1691 2963 a
1722 2925 1835 2979 quo

142 3005 291 3059 mihi
320 3009 405 3059 est
433 3009 497 3060 ut
525 3004 631 3058 sim
654 3003 745 3058 cui
766 3004 909 3057 bene
940 3002 1031 3055 sit.

832 3126 1056 3181 CAPUT
1088 3125 1158 3177 II.

215 3241 491 3294 Creatura:
515 3252 581 3290 ea:
611 3237 707 3289 Dei
740 3235 971 3289 bonitate
1000 3232 1299 3287 subsistunt
1318 3234 1365 3283 et
1392 3230 1766 3299 perﬁciuntur.

214 3348 273 3400 2.
308 3345 382 3397 Ex
413 3339 769 3413 plenitudine
795 3338 1007 3409 quippe
1029 3336 1297 3391 bonitatis
1327 3340 1440 3389 tuae
1467 3339 1725 3389 creatura
1745 3338 1844 3387 tua

144 3432 426 3495 subsistit,
460 3436 521 3484 ut
558 3431 771 3484 bonum
803 3427 955 3497 quod
984 3426 1089 3479 tibi
1119 3425 1261 3478 nihil
1290 3424 1606 3494 prodesset,
1641 3439 1745 3476 nec
1775 3423 1843 3477 de

146 3528 198 3575 te
221 3521 447 3591 aequale
468 3518 568 3572 tibi
598 3522 763 3582 esset,
792 3522 984 3570 tamen
1015 3514 1148 3585 quia
1176 3529 1241 3567 ex
1267 3519 1319 3567 te
1334 3498 1471 3565 itieri
1496 3512 1703 3582 potuit,
1726 3527 1842 3565 non

144 3611 392 3665 deesset.
430 3606 574 3670 Quid
606 3605 758 3659 enim
786 3608 842 3657 te
866 3602 1183 3673 promeruit
1202 3601 1407 3655 ccelum
1428 3604 1483 3653 et
1512 3605 1683 3665 terra,
1715 3615 1845 3669 quas

144 3697 335 3753 fecisti
364 3696 424 3749 in
452 3692 772 3765 principio?
794 3692 992 3746 Dicant
1021 3690 1158 3761 quid
1184 3694 1233 3744 te
1252 3692 1699 3759 promeruerunt
1719 3687 1839 3757 spi-

147 3786 374 3842 ritualis
394 3784 815 3856 corporalisque
846 3787 1050 3836 natura
1078 3779 1121 3848 ί,
1154 3796 1294 3851 quas
1324 3778 1502 3833 fecisti
1522 3777 1581 3831 in
1610 3776 1842 3846 Sapien-

148 3878 227 3931 tia
256 3881 379 3941 tua,
405 3880 469 3929 ut
494 3874 624 3928 inde
651 3872 965 3943 penderent
996 3869 1169 3923 etiam
1198 3868 1461 3921 inchoata
1492 3870 1546 3920 et
1578 3864 1847 3919 informia

148 3979 399 4037 quaeque
441 3962 500 4016 in
539 3978 748 4032 genere
794 3976 918 4022 suo,
960 3959 1049 4012 vel
1096 3956 1381 4027 spirituali
1418 3957 1507 4011 vel
1538 3953 1842 4025 corporali,

150 4054 347 4109 euntia
377 4052 437 4105 in
461 4049 1013 4115 immoderationem,
1041 4051 1096 4099 et
1120 4046 1180 4099 in
1210 4046 1587 4116 longinquam
1606 4042 1848 4097 dissimi—
1873 4042 1883 4051 ”

147 4143 454 4199 litudinem
476 4146 633 4195 tuam
655 4157 668 4206 ;
692 4137 987 4209 spirituale
1008 4135 1250 4189 informe
1267 4133 1651 4204 praestantius,
1674 4146 1848 4201 quam

149 4234 193 4287 si
239 4233 552 4287 formatum
600 4244 805 4298 corpus
847 4230 1023 4293 esset;
1053 4224 1349 4294 corporale
1380 4227 1572 4276 autem
1604 4221 1846 4273 informe

152 4319 539 4393 praestantius,
573 4333 745 4388 quam
792 4316 839 4369 si
870 4314 1106 4369 omnino
1140 4312 1281 4367 nihil
1313 4316 1485 4365 esset:
1539 4314 1706 4380 atque
1769 4308 1849 4362 ita

151 4410 474 4481 penderent
507 4407 565 4460 in
592 4410 689 4460 tuo
714 4405 895 4459 Verbo
926 4402 1213 4466 informia,
1242 4400 1353 4454 nisi
1390 4415 1491 4470 per
1524 4398 1674 4453 idem
1708 4398 1847 4450 Ver-

152 4502 295 4554 bum
324 4500 725 4551 revocarentur
745 4494 814 4547 ad
845 4492 1125 4547 unitatem
1154 4495 1333 4556 tuam,
1368 4494 1423 4542 et
1441 4489 1847 4553 formarentur,

150 4594 207 4643 et
234 4590 427 4642 essent
456 4586 526 4639 ab
547 4600 661 4637 uno
691 4588 747 4636 te
779 4597 1000 4635 summo
1030 4581 1179 4634 bono
1204 4578 1467 4632 universa
1486 4578 1637 4631 bona
1665 4575 1845 4629 valde.

149 4676 305 4741 Quid
321 4681 375 4729 te
393 4674 830 4744 promeruerant
849 4674 871 4707 ²
900 4675 961 4723 ut
982 4672 1169 4722 essent
1190 4668 1387 4722 saltem
1411 4665 1697 4730 informia,
1721 4680 1849 4735 qua:

152 4782 343 4837 neque
370 4765 477 4818 hoc
510 4765 714 4828 essent,
747 4760 857 4814 nisi
886 4775 955 4813 ex
979 4758 1075 4813 te?

223 4853 445 4917 3.Quid
476 4856 530 4905 te
575 4848 895 4921 promeruit
936 4846 1201 4901 materies
1231 4843 1560 4915 corporalis,
1601 4846 1665 4897 ut
1704 4846 1851 4897 esset

151 4943 356 4997 saltem
381 4939 669 4994 invisibilis
700 4942 749 4992 et
770 4939 1123 5007 incomposita
1152 4935 1297 5005 (Gen.
1322 4951 1361 4999 1,
1394 4934 1481 5001 l)?
1502 4932 1638 5002 quia
1658 4947 1849 5001 neque

152 5033 262 5085 hoc
293 5033 461 5095 esset,
486 5028 594 5081 nisi
627 5026 761 5098 quia
790 5026 970 5079 fecisti
996 5041 1151 5090 eam;
1186 5024 1426 5093 ideoque
1458 5029 1533 5087 te,
1567 5020 1705 5090 quia
1734 5036 1851 5073 non

153 5125 296 5185 erat,
322 5116 637 5188 promereri
666 5120 727 5169 ut
753 5118 899 5168 esset
920 5130 1036 5167 non
1061 5115 1301 5183 poterat.
1334 5113 1446 5163 Aut
1475 5106 1614 5177 quid
1638 5111 1691 5158 te
1714 5122 1851 5174 pro-

156 5206 368 5260 meruit
402 5203 691 5259 inchoatio
715 5206 989 5256 creaturae
1016 5198 1344 5271 spiritualis,
1376 5200 1441 5249 ut
1470 5195 1669 5248 saltem
1694 5197 1851 5246 tene-

221 5346 591 5411 ‘Spirituaies
629 5344 1042 5411 corporalesque
1083 5344 1299 5399 naturae,
1319 5338 1471 5401 juxta
1501 5336 1696 5385 Somm.
1746 5338 1798 5384 et
1825 5338 1851 5384 5

153 5413 278 5461 Mss.
314 5411 453 5473 apud
482 5410 632 5457 Mart.
664 5410 731 5457 M.

216 5476 238 5508 2
270 5459 707 5531 Ρνὸηιεηιοηιηι,
726 5470 881 5533 juxta
905 5467 1102 5519 Somm.
1126 5463 1261 5514 Dub.
1280 5462 1427 5513 Mart.
1451 5465 1502 5513 et
1530 5459 1699 5511 Rond.
1731 5472 1851 5509 cum

156 5538 179 5582 4
213 5536 337 5583 Mss.
360 5535 423 5582 Μ.

1946 1054 2113 1108 brosa
2145 1056 2394 1111 fluitaret
2423 1056 2622 1112 similis
2663 1061 2886 1130 abysso,
2913 1062 2998 1115 tui
3039 1061 3346 1129 dissimilis,
3384 1063 3493 1116 nisi
3538 1080 3646 1134 per

1948 1142 2100 1196 idem
2132 1145 2373 1199 Verbum
2406 1152 2833 1221 converteretur
2868 1150 2934 1203 ad
2962 1150 3115 1203 idem
3150 1166 3182 1203 a
3223 1167 3334 1221 quo
3361 1152 3506 1205 facta
3533 1158 3642 1217 est,

1950 1236 2116 1301 atque
2146 1233 2213 1285 ab
2240 1249 2306 1287 eo
2338 1234 2658 1289 illuminata
2685 1237 2780 1289 lux
2810 1236 2992 1303 fieret,
3017 1239 3274 1307 quamvis
3294 1256 3413 1292 non
3444 1256 3643 1310 requa-

1946 1317 2096 1383 liter,
2122 1323 2310 1373 tamen
2338 1324 2645 1375 conformis
2678 1324 2877 1377 formae
2908 1325 3114 1395 aequali
3146 1326 3284 1379 tibi?
3308 1327 3463 1380 Sicut
3489 1327 3643 1381 enim

1948 1408 2172 1476 corpori
2208 1424 2322 1461 non
2362 1410 2468 1463 hoc
2513 1415 2596 1464 est
2626 1427 2744 1463 esse
2784 1412 2938 1481 quod
2985 1413 3285 1481 pulchrum
3326 1430 3467 1482 esse,
3500 1415 3641 1468 alio-

1949 1494 2087 1562 quin
2120 1495 2371 1550 deformc
2402 1514 2521 1550 esse
2562 1515 2674 1551 non
2702 1504 2920 1567 posset:
2952 1500 3028 1552 ita
3060 1501 3229 1553 etiam
3253 1507 3442 1555 creato
3476 1503 3645 1571 spiri-

1947 1580 2029 1632 tui
2061 1583 2252 1636 nonid
2274 1590 2358 1637 est
2387 1586 2597 1651 vivere,
2632 1588 2786 1656 quod
2818 1588 3105 1658 sapienter
3137 1590 3349 1655 vivere;
3384 1591 3643 1660 alioquin

1946 1667 2490 1726 incommutabiliter
2506 1681 2746 1743 saperet.
2772 1677 2989 1728 Bonum
3011 1681 3201 1729 autem
3226 1678 3405 1731 illiest
3422 1679 3642 1732 haerere

1946 1757 2050 1811 tibi
2076 1775 2320 1829 semper,
2350 1777 2423 1815 ne
2474 1764 2621 1833 quod
2655 1763 2891 1833 adeptus
2922 1768 3005 1816 est
3027 1765 3417 1833 conversione,
3472 1782 3639 1820 aver-

1948 1844 2107 1899 sione
2138 1847 2333 1901 lumen
2363 1848 2605 1916 amittat,
2629 1854 2683 1903 et
2712 1852 2999 1903 relabatur
3030 1850 3090 1903 in
3120 1851 3294 1904 vitam
3323 1852 3642 1906 tenebrosae

1949 1934 2145 2005 abysso
2190 1936 2453 1991 similem.
2489 1939 2628 1990 Nam
2669 1942 2723 1991 et
2760 1955 2865 1991 nos
2896 1939 2995 2008 qui
3035 1940 3344 1993 secundum
3389 1940 3642 1995 animam

1948 2028 2203 2077 creatura
2233 2026 2543 2095 spiritualis
2574 2043 2789 2091 sumus,
2817 2026 2998 2079 aversi
3025 2043 3055 2079 a
3096 2032 3149 2080 te
3180 2033 3373 2083 nostro
3403 2029 3642 2095 lumine,

1948 2112 2007 2165 in
2036 2129 2103 2165 ea
2146 2114 2261 2167 vita
2300 2114 2513 2169 fuimus
2554 2115 2860 2185 aliquando
2899 2116 3149 2170 tenebrae
3191 2120 3413 2185 (Ephes.
3462 2135 3516 2184 v,
3565 2122 3641 2186 8),

1950 2202 2093 2253 etin
2130 2202 2385 2272 reliquiis
2424 2204 2782 2257 obscuritatis
2822 2208 3029 2257 nostrre
3072 2205 3417 2272 laboramus,
3467 2206 3647 2260 donec

1950 2287 2124 2341 simus
2147 2290 2369 2359 justitia
2398 2296 2496 2345 tua
2516 2292 2573 2344 in
2610 2292 2780 2345 Unico
2797 2297 2897 2345 tuo
2929 2291 3314 2346 sicutmontes
3343 2294 3473 2348 Dei:
3508 2310 3644 2348 nam

1944 2376 2157 2447 judicia
2174 2383 2271 2432 tua
2291 2380 2523 2446 fuimus,
2556 2380 2700 2433 sicut
2726 2381 2960 2450 abyssus
2983 2383 3163 2436 multa
3184 2383 3354 2451 (Psal.
3381 2400 3543 2451 xxxv,
3561 2386 3643 2454 7).

2622 2502 2846 2557 CAPUT
2879 2504 2971 2557 III.

2460 2610 2547 2661 Ea:
2579 2610 2677 2661 Dei
2703 2612 2888 2676 gratia
2916 2611 3118 2663 omnia.

2021 2714 2074 2766 4.
2098 2713 2262 2777 Quod
2290 2718 2479 2767 autem
2508 2713 2568 2766 in
2600 2714 2799 2783 primis
2829 2714 3250 2769 conditionibus
3271 2715 3488 2772 dixisti.
3526 2719 3649 2774 Fiat

1953 2802 2071 2869 tua),
2102 2806 2152 2855 et
2174 2804 2328 2868 facta
2353 2807 2430 2855 est
2459 2803 2555 2855 iur
2576 2802 2734 2871 (Gen.
2765 2818 2802 2867 ι,
2827 2805 2881 2870 3)
2904 2820 2917 2867 ;
2951 2803 3525 2872 nonincongruenter
3544 2804 3651 2857 hoc

1952 2890 2208 2959 intelligo
2238 2889 2299 2943 in
2328 2893 2587 2944 creatura
2616 2890 2928 2960 spirituali;
2951 2891 3086 2960 quia
3127 2897 3247 2944 erat
3279 2891 3401 2960 jam
3430 2892 3647 2962 qualis-

1950 2995 2195 3049 cumque
2215 2978 2333 3034 vita
2358 2995 2531 3049 quam
2554 2979 2927 3032 illuminares.
2954 2979 3060 3033 Sed
3083 2979 3229 3033 sicut
3259 2994 3375 3033 non
3408 2984 3463 3034 te
3501 2996 3644 3050 pro—

1952 3072 2253 3132 meruerat,
2293 3072 2357 3121 ut
2385 3071 2531 3121 esset
2573 3066 2699 3121 talis
2743 3067 2858 3121 vita
2889 3084 3017 3138 qua:
3058 3068 3373 3123 illuminari
3418 3074 3641 3139 posset;

1952 3157 2028 3209 ita
2060 3172 2163 3209 nec
2183 3172 2313 3209 cum
2338 3156 2459 3226 jam
2489 3160 2653 3220 esset,
2674 3156 2996 3225 promeruit
3025 3160 3079 3209 te
3102 3160 3166 3210 ut
3194 3156 3642 3215 illuminaretur.

1954 3246 2147 3315 Neque
2178 3244 2333 3299 enim
2364 3246 2485 3315 ejus
2516 3244 2837 3298 informitas
2874 3246 3125 3315 placeret
3164 3245 3289 3314 tibi,
3333 3247 3378 3300 si
3407 3264 3523 3301 non
3553 3249 3650 3302 lux

1952 3333 2131 3399 ﬁeret,
2175 3350 2292 3387 non
2321 3334 2632 3399 existendo,
2668 3333 2765 3388 sed
2796 3333 3073 3388 intuendo
3108 3334 3532 3390 illuminantem
3562 3338 3649 3391 lu-

1951 3439 2074 3476 cem
2104 3422 2271 3493 eique
2312 3423 2679 3488 cohaerendo;
2713 3427 2776 3475 ut
2814 3427 2870 3476 et
2896 3423 3049 3492 quod
3079 3427 3389 3493 utcumque
3420 3424 3571 3490 vivit,
3597 3430 3652 3479 et

1953 3512 2105 3583 quod
2142 3512 2307 3565 beate
2351 3512 2504 3573 vivit,
2538 3528 2654 3565 non
2685 3511 2915 3565 deberet
2950 3511 3062 3564 nisi
3098 3511 3297 3581 gratias
3343 3516 3478 3578 tuas,
3511 3530 3649 3567 con-

1950 3616 2111 3654 versa
2134 3616 2238 3669 per
2256 3600 2762 3653 commutationem
2782 3598 3080 3651 meliorem
3111 3598 3181 3651 ad
3205 3598 3265 3652 id
3283 3599 3434 3669 quod
3460 3615 3649 3670 neque

1952 3689 2013 3742 in
2051 3687 2257 3741 melius
2283 3702 2468 3757 neque
2498 3686 2557 3739 in
2595 3686 2845 3741 deterius
2878 3684 3085 3739 mutari
3123 3690 3339 3755 potest;
3392 3687 3542 3758 quod
3586 3692 3648 3741 tu

1952 3777 2101 3831 solus
2131 3792 2209 3841 es,
2257 3774 2391 3846 quia
2420 3776 2575 3829 solus
2604 3774 2940 3844 simpliciter
2965 3790 3044 3841 es,
3097 3774 3187 3828 cui
3219 3791 3337 3829 non
3379 3780 3461 3829 est
3496 3776 3651 3830 aliud

1953 3864 2162 3933 vivere,
2194 3864 2348 3919 aliud
2386 3863 2551 3918 beate
2580 3863 2789 3927 vivere,
2824 3861 2960 3932 quia
2999 3866 3099 3916 tua
3134 3861 3431 3918 beatitudo
3462 3866 3525 3917 tu
3557 3877 3643 3919 es.

2626 3968 2849 4022 CAPUT
2888 3968 2978 4020 IV.

2367 4078 2503 4129 Deus
2526 4089 2629 4128 non
2656 4077 2769 4139 eget
2798 4072 2955 4127 rebus
2982 4072 3234 4127 conditis.

2108 4181 2250 4248 Quid
2298 4198 2432 4252 ergo
2479 4180 2585 4234 tibi
2616 4180 2834 4234 deesset
2877 4180 2944 4234 ad
2972 4179 3189 4233 bonum
3238 4179 3392 4249 quod
3437 4184 3497 4233 tu
3545 4180 3654 4235 tibi

1954 4291 2033 4341 es,
2066 4270 2287 4326 etiamsi
2307 4270 2413 4322 ista
2442 4268 2529 4322 vel
2559 4267 2794 4321 omnino
2825 4268 2986 4321 nulla
3022 4271 3227 4331 essent,
3260 4267 3347 4319 vel
3374 4266 3647 4322 informia

1954 4363 2337 4426 remanerent,
2388 4372 2515 4427 quae
2563 4372 2681 4409 non
2723 4372 2791 4409 ex
2839 4354 3159 4426 indigentia
3201 4353 3407 4422 fecisti,
3453 4354 3547 4408 sed
3583 4371 3649 4409 ex

1954 4447 2307 4521 plenitudine
2337 4444 2607 4499 bonitatis
2643 4449 2757 4498 tute
2789 4444 3057 4498 cohibens
3095 4448 3267 4513 atque
3320 4447 3655 4498 convertens

1958 4537 2028 4592 ad
2048 4537 2315 4603 formam,
2346 4548 2462 4587 non
2488 4536 2552 4585 ut
2578 4536 2859 4603 tanquam
2882 4535 3043 4585 tuum
3066 4528 3341 4600 gaudium
3371 4531 3651 4600 complea-

1955 4632 2050 4681 tur
2078 4642 2141 4679 ex
2173 4624 2291 4677 eis?
2315 4622 2569 4677 Perfecto
2602 4621 2756 4675 enim
2786 4619 2893 4674 tibi
2920 4618 3181 4687 displicet
3204 4634 3405 4671 eorum
3434 4618 3649 4689 imper-

1956 4715 2146 4783 fectio,
2175 4717 2237 4767 ut
2258 4729 2325 4766 ex
2342 4717 2395 4766 te
2418 4710 2791 4782 perficiantur
2822 4713 2877 4761 et
2898 4707 3000 4761 tibi
3015 4707 3305 4776 placeant;
3329 4723 3445 4760 non
3464 4713 3655 4762 autem

1956 4804 2307 4875 imperfecto,
2361 4806 2636 4871 tanquam
2667 4802 2720 4850 et
2757 4801 2815 4849 tu
2857 4811 3056 4848 eorum
3088 4795 3435 4865 perfectione
3484 4799 3653 4865 perfi-
3712 4830 3729 4841 κ

1957 4893 2187 4948 ciendus
2218 4891 2311 4944 sis.
2344 4891 2585 4958 Spiritus
2618 4884 2771 4940 enim
2801 4888 2933 4937 tuus
2984 4883 3167 4937 bonus
3208 4886 3652 4953 superferebatm'

1956 4998 2119 5050 super
2138 4995 2309 5048 aquas
2342 4978 2530 5049 (1bid.,
2567 4974 2654 5044 2);
2688 4990 2805 5026 non
2834 4972 3125 5025 ferebatur
3165 4972 3232 5026 ab
3262 4972 3343 5025 eis
3373 4978 3648 5043 tanquam

1959 5071 2016 5125 in
2050 5069 2129 5123 eis
2146 5067 2545 5139 requiesceret.
2576 5065 2641 5116 In
2668 5061 2873 5132 quibus
2897 5060 3049 5116 enim
3070 5062 3424 5133 requiescere
3448 5062 3658 5115 dicitur

1959 5157 2199 5229 Spiritus
2228 5161 2361 5210 tuus
2381 5155 2562 5207 bonus
2592 5150 2747 5221 (Isai.
2772 5167 2847 5220 x1,
2879 5151 2959 5221 2),
2986 5150 3089 5203 hos
3119 5150 3178 5203 in
3209 5166 3266 5203 se
3299 5150 3652 5220 requiescere

1962 5248 2109 5301 facit.
2141 5245 2250 5299 Sed
2281 5240 2741 5313 superferebatur
2770 5238 3219 5309 incorruptibilis
3256 5243 3310 5291 et
3338 5238 3654 5291 incommu-

1962 5335 2151 5392 tabilis
2170 5333 2430 5388 voluntas
2442 5333 2557 5394 tua,
2584 5328 2703 5399 ipsa
2722 5328 2780 5382 in
2800 5344 2856 5381 se
2883 5328 2988 5381 sibi
3010 5327 3313 5391 sufficiens,
3338 5341 3510 5395 super
3529 5342 3656 5380 eam

1965 5439 2137 5495 quam
2158 5422 2369 5477 feceras
2389 5418 2593 5485 vitam;
2618 5417 2709 5472 cui
2730 5434 2846 5472 non
2873 5422 2957 5471 est
2975 5416 3081 5470 hoc
3104 5415 3289 5468 vivere
3320 5414 3473 5484 quod
3496 5414 3659 5469 beate

1969 5511 2176 5577 vivere,
2195 5506 2331 5577 quia
2349 5504 2491 5561 vivit
2510 5503 2682 5560 etiam
2703 5503 2933 5560 fluitans
2953 5503 3013 5557 in
3040 5499 3378 5555 obscuritate
3407 5516 3537 5566 sua;
3570 5501 3663 5555 cui
