4062 6188
469 335 572 389 847

471 457 642 510 restat
663 448 915 505 converti
934 446 1004 500 ad
1032 459 1164 498 eum
1194 457 1226 495 a
1247 455 1359 511 quo
1380 437 1526 491 facta
1547 437 1649 498 est,
1680 434 1737 483 et
1755 427 1940 498 magis
1959 424 2164 495 magis-

1639 300 2176 365 CONFESSIONUM
2232 299 2287 354 S.
2344 293 2752 354 AUGUSTINI.
3795 298 3868 352 353

2267 440 2448 495 fectus
2478 441 2629 505 sunt,
2664 449 2886 490 amores
2929 436 3092 499 sunt;
3125 430 3488 486 immunditia
3513 433 3717 504 spiritus
3739 441 3872 493 nostri

472 561 582 616 que
613 541 798 594 νίνθτθ
828 537 978 607 apud
1000 536 1216 588 fontem
1246 528 1475 616 Vitare?
1497 523 1554 576 in
1575 520 1792 616 ]_‘_1_mine
1814 518 1937 615 eius
1966 515 2161 616 ἶίάθίξθ
2267 529 2523 583 defluens
2559 525 2799 579 inferius
2827 537 3018 576 amore
3048 535 3337 584 curarum,
3369 524 3421 573 et
3457 522 3695 575 sanctitas
3719 525 3788 577 tui
3812 530 3873 579 at-

473 600 669 686 liimen
693 600 1036 698 (Psal.-xxxv,
1064 622 1168 691 10).
1201 621 1256 671 et
1282 611 1498 686 perﬁci,
1519 614 1574 665 et
1591 605 1882 674 illustrari,
1906 608 1961 658 et
1980 600 2159 657 beari.

1155 704 1380 759 CAPUT
1422 702 1483 754 V.

481 810 723 863 Trinitas
754 803 849 872 qui
875 800 1021 853 Deus
1051 801 1129 850 est
1155 811 1221 848 ea:
1242 794 1436 863 primis
1465 789 1643 844 verbis
1671 787 1927 842 Geneseos
1956 779 2162 834 intelli-

1237 884 1406 949 gitur.

545 988 600 1035 6.
645 981 777 1034 Ecce
818 977 1051 1045 apparet
1085 970 1229 1024 mihi
1277 969 1337 1022 in
1370 967 1674 1037 aenigmate
1716 960 1980 1025 Trinitas,
2014 954 2169 1027 quod

474 1089 534 1125 es
567 1072 713 1122 Deus
743 1079 934 1130 meus;
987 1060 1258 1132 quoniam
1291 1062 1372 1121 tu,
1424 1058 1609 1116 Pater,
1658 1053 1718 1105 in
1753 1046 2040 1117 Principio
2073 1060 2166 1097 sa-

475 1157 712 1231 pientiae
744 1159 953 1209 nostra:
979 1150 996 1183 ¹
1029 1149 1182 1221 quod
1214 1151 1299 1201 est
1329 1151 1426 1200 tua
1473 1139 1765 1213 Sapientia
1796 1138 1864 1192 de
1911 1142 1964 1190 te
2011 1136 2166 1197 nata,

480 1218 715 1318 aequalis
746 1242 852 1298 tibi
897 1245 952 1295 et
978 1218 1284 1301 coieterna,
1325 1235 1379 1288 id
1422 1237 1506 1286 est
1539 1231 1600 1284 in
1645 1227 1785 1282 Filio
1827 1231 1946 1290 tuo,
1989 1218 2172 1276 fecisti

479 1309 685 1391 ccelum
715 1338 772 1388 et
800 1339 1031 1386 terram.
1061 1328 1129 1380 Et
1171 1324 1350 1377 multa
1378 1321 1623 1375 diximus
1658 1317 1727 1371 de
1758 1314 1897 1368 caelo
1928 1309 2074 1374 coeli,
2117 1310 2174 1360 et

483 1427 552 1481 de
578 1429 730 1478 terra
757 1417 1027 1474 invisibili
1059 1421 1116 1468 et
1163 1409 1560 1480 incomposita,
1592 1411 1646 1461 et
1681 1406 1749 1460 de
1784 1403 1982 1473 abysso
2013 1405 2171 1452 tene-

2270 617 2473 671 tollens
2502 630 2605 668 nos
2635 611 2897 684 superius
2927 625 3120 664 amore
3151 607 3483 677 securitatis,
3513 614 3571 662 ut
3599 626 3792 666 sursum
3807 630 3876 667 cor

2271 705 2582 758 habeamus
2607 702 2679 756 ad
2706 706 2780 765 te,
2822 699 2924 753 ubi
2951 697 3196 768 Spiritus
3235 701 3367 750 tuus
3396 697 3712 767 superfertur
3753 716 3877 770 super

2274 809 2469 864 aquas,
2494 797 2551 846 et
2569 790 2865 845 veniamus
2888 786 2957 842 ad
2983 785 3496 856 supereminentem
3515 787 3762 858 requiem,
3784 804 3877 842 cum

2273 880 2669 952 pertransierit
2707 877 2901 932 anima
2929 880 3122 930 nostra
3164 891 3339 945 aquas
3369 890 3491 946 quae
3518 880 3637 929 sunt
3658 875 3761 930 sine
3783 877 3878 930 sub-

2276 970 2484 1026 stantia
2506 969 2672 1040 (Psal.
2699 983 2884 1034 cxxm,
2913 968 2983 1036 5).

2925 1053 3152 1109 CAPUT
3185 1052 3329 1105 VIII.

2279 1147 2630 1203 Intellectuali
2680 1147 2940 1199 creatum
2969 1142 3042 1196 ad
3081 1142 3291 1196 beatam
3337 1141 3562 1208 requiem
3602 1155 3694 1194 non
3733 1142 3882 1208 sufﬁcit

2758 1231 3033 1302 quidquid
3061 1233 3166 1285 Deo
3192 1231 3371 1282 minus
3399 1232 3491 1282 est.

2351 1329 2402 1381 9.
2437 1322 2682 1379 Deﬂuxit
2709 1321 2966 1392 angelus,
3009 1317 3244 1374 deﬂuxit
3273 1315 3460 1370 anima
3490 1314 3731 1384 hominis,
3758 1319 3801 1368 et
3822 1315 3880 1367 in-

2281 1414 2610 1469 dicaverunt
2637 1411 2905 1480 abyssum
2936 1407 3217 1462 universae
3247 1403 3546 1475 spiritualis
3567 1403 3582 1438 ¹
3605 1407 3828 1456 creatura:
3847 1404 3882 1454 in

481 1515 669 1574 brosa,
722 1507 1030 1563 secundum
1078 1498 1387 1574 spiritualis
1437 1492 1804 1576 informitatis
1838 1484 2177 1560 vagabunda

2300 1501 2570 1573 profundo
2603 1500 2923 1566 tenebroso,
2954 1496 3064 1550 nisi
3099 1495 3334 1550 dixisses
3369 1493 3436 1546 ab
3463 1491 3632 1553 initio,
3660 1493 3762 1543 Fiat
3807 1491 3884 1551 iur,

482 1599 756 1670 deliquia,
787 1595 898 1650 nisi
924 1593 1348 1647 converteretur
1376 1587 1446 1640 ad
1469 1600 1601 1639 eum
1632 1600 1663 1636 a
1684 1598 1798 1652 quo
1822 1583 1942 1634 erat
1964 1577 2176 1648 qualis-

2285 1594 2341 1644 et
2371 1590 2515 1644 facta
2543 1591 2688 1642 esset
2708 1588 2822 1653 lux,
2854 1589 2910 1640 et
2936 1585 3244 1638 inhaereret
3263 1580 3369 1635 tibi
3391 1579 3567 1634 omnis
3594 1577 3885 1632 obedieusiu-

482 1665 2179 1758 cumEIUBVitaretilluminationeﬁeretspeciosaﬁtaiet935f3t
2279 1677 2598 1748 telligentia
2629 1674 2867 1730 caelestis
2914 1671 3156 1728 civitatis
3195 1674 3331 1733 tuae,
3380 1671 3434 1722 et
3476 1666 3807 1737 requiesceret
3850 1665 3886 1715 in

482 1754 690 1831 caelum
715 1771 840 1827 coeli
871 1771 1012 1840 ejus,
1040 1767 1191 1837 quod
1219 1766 1588 1831 interaquam
1609 1762 1663 1813 et
1677 1773 1884 1828 aquam
1898 1760 2091 1826 postea
2110 1754 2180 1808 fa-

485 1870 642 1919 ctum
657 1857 1111 1927 est;ettenebam
1127 1855 1246 1925 jam
1268 1855 1495 1906 Patrem
1514 1850 1572 1902 in
1595 1847 1696 1901 Dei
1717 1845 1969 1910 nomine,
1993 1843 2181 1914 quite-

486 1954 563 2008 cit
574 1953 713 2017 haec,
731 1945 1072 2004 etFiliumin
1086 1941 1359 2011 Principii
1373 1938 1606 1993 nomine
1621 1936 1680 1989 in
1695 1951 1808 2005 quo
1829 1933 1954 1988 fecit
1969 1933 2184 1999 haec;et

484 2040 819 2097 Trinitatem
834 2035 1066 2090 credens
1081 2033 1260 2085 Deum
1275 2044 1491 2095 meum,
1505 2024 1673 2079 sicuti
1688 2022 2010 2088 credebam,
2032 2035 2183 2091 quae-

487 2131 686 2185 rebam
699 2128 758 2182 in
769 2123 1012 2190 eloquiis
1029 2120 1233 2174 sanctis
1245 2120 1388 2189 ejus,
1402 2121 1459 2171 et
1471 2131 1596 2169 ecce
1608 2115 1846 2182 Spiritus
1859 2115 1989 2164 tuus
2001 2125 2182 2178 super-

489 2219 765 2286 ferebatur
792 2227 953 2282 super
978 2223 1172 2278 aquas.
1198 2209 1333 2260 Ecce
1354 2205 1597 2259 Trinitas
1629 2204 1776 2256 Deus
1809 2215 1990 2263 meus,
2020 2199 2185 2250 Pater

491 2311 548 2361 et
561 2304 732 2360 Filius
745 2299 1072 2371 etSpiritus,
1086 2298 1310 2350 sanctus
1323 2296 1545 2346 creator
1574 2289 1856 2343 universae
1883 2289 2179 2340 creaturae.

1159 2383 1385 2438 CAPUT
1425 2381 1512 2434 VI.

601 2485 708 2539 Cur
751 2480 927 2533 dictus
969 2479 1048 2529 est
1089 2474 1328 2541 Spiritus
1355 2467 1658 2537 superferri
1686 2480 1849 2534 super
1884 2477 2075 2530 aquas.

563 2577 618 2625 ’7.
648 2569 758 2624 Sed
788 2582 914 2638 quae
961 2579 1124 2617 causa
1165 2560 1367 2624 fuerat,
1405 2574 1437 2610 o
1472 2557 1670 2609 lumen
1697 2552 2037 2606 veridicum!
2085 2548 2187 2602 tibi

495 2661 766 2715 admoveo
796 2670 894 2710 cor
935 2666 1158 2716 meum;
1191 2664 1266 2702 ne
1311 2663 1402 2700 me
1433 2661 1577 2697 vana
1603 2643 1826 2707 doceat,
1859 2639 2070 2694 discute
2103 2642 2186 2690 te-

499 2749 698 2803 nebras
729 2746 870 2815 ejus,
905 2744 960 2795 et
991 2740 1080 2794 dic
1118 2736 1282 2800 mihi,
1317 2735 1550 2789 obsecro
1579 2736 1634 2786 te
1665 2745 1768 2801 per
1793 2732 2033 2783 matrem
2056 2725 2186 2779 cha-

495 2829 754 2901 ritatem‘;
797 2832 1027 2886 obsecro
1068 2833 1144 2892 te,
1195 2824 1284 2880 dic
1325 2823 1469 2877 mihi
1507 2836 1635 2892 quae
1675 2833 1842 2872 causa
1876 2816 2080 2884 fuerat,
2127 2818 2192 2868 ut

495 2929 626 2996 post
653 2920 1014 2976 nominatum
1054 2915 1278 2980 coelum,
1313 2915 1369 2964 et
1398 2921 1608 2964 terram
1637 2904 1984 2960 invisibilem
2014 2907 2070 2957 et
2100 2902 2188 2955 in-

495 2992 893 3082 compositam,
927 3010 981 3060 et
996 3003 1258 3057 tenebras
1285 3014 1456 3069 super
1487 2997 1773 3066 abyssum,
1800 2997 1924 3046 tum
1955 2992 2190 3046 demum

497 3080 786 3169 Scriptura
830 3101 931 3149 tua
969 3090 1294 3146 nominaret
1336 3085 1610 3156 Spiritum
1671 3080 1878 3137 tuum?
1922 3081 2008 3134 An
2057 3080 2192 3150 quia

499 3186 796 3258 oportebat
836 3183 915 3235 sic
944 3196 1075 3234 eum
1107 3175 1412 3243 insinuari,
1442 3178 1507 3228 ut
1537 3172 1822 3226 diceretur
1851 3167 2187 3238 superferri;

498 3282 554 3329 et
583 3291 699 3328 non
728 3275 915 3344 posset
935 3271 1043 3323 hoc
1067 3266 1200 3334 dici,
1231 3263 1341 3318 nisi
1365 3259 1684 3332 priusillud
1711 3271 2190 3312 commemorare-

503 3371 592 3418 tur
620 3362 712 3417 cui
757 3355 1064 3430 superferri
1095 3354 1336 3426 Spiritus
1368 3356 1502 3405 tuus
1531 3352 1722 3420 posset
1755 3345 2040 3416 intelligi?
2081 3346 2194 3398 Nec

501 3451 653 3506 Patri
691 3450 844 3504 enim
883 3463 986 3500 nec
1025 3443 1164 3498 Filio
1215 3437 1708 3510 superferebatur;
1733 3451 1837 3489 nec
1885 3431 2193 3504 superferri

495 3543 643 3593 recte
673 3539 976 3603 diceretur,
1009 3533 1056 3586 si
1086 3531 1228 3586 nulli
1251 3528 1338 3583 rei
1375 3526 1812 3597 superferretur.
1849 3522 2010 3576 Prius
2054 3537 2190 3592 ergo

500 3627 804 3683 dicendum
844 3629 962 3677 erat
990 3621 1081 3676 cui
1124 3617 1560 3690 superferretur,
1584 3617 1640 3668 et
1661 3611 1866 3667 deinde
1897 3611 1992 3664 ille
2021 3625 2192 3680 quem

499 3733 616 3772 non
643 3712 938 3785 oportebat
971 3710 1134 3763 aliter
1164 3702 1625 3767 commemorari,
1651 3700 1763 3754 nisi
1796 3703 1858 3752 ut
1885 3697 2196 3768 superferri

500 3806 803 3859 diceretur.
829 3801 940 3854 Cur
969 3813 1105 3865 ergo
1145 3795 1309 3847 aliter
1337 3808 1471 3845 eum
1501 3787 1780 3843 insinuari
1817 3803 1935 3841 non
1965 3789 2193 3856 oporte-

501 3893 620 3959 bat,
648 3889 758 3944 nisi
782 3891 843 3941 ut
872 3883 1181 3955 superferri
1203 3878 1525 3935 diceretur?

1166 3969 1388 4023 CAPUT
1419 3967 1533 4020 VII.

987 4059 1222 4128 Eﬂ'ectus
1252 4057 1492 4125 Spiritus
1518 4054 1716 4107 sancti.

574 4159 624 4210 8.
657 4156 782 4208 Jam
807 4150 939 4204 hinc
974 4151 1246 4218 sequatur
1287 4144 1388 4214 qui
1415 4147 1605 4214 potest
1633 4141 1925 4194 intellectu
1952 4141 2198 4210 Aposto«

503 4246 623 4298 lum
661 4248 823 4296 tuum
873 4239 1176 4299 dicentem,
1210 4232 1345 4305 quia
1391 4233 1635 4285 Charitas
1659 4234 1755 4284 tua
1786 4228 1992 4297 diﬂ'usa
2038 4229 2196 4281 estin

501 4332 750 4387 cordibus
781 4330 980 4383 nostris
1009 4342 1104 4395 per
1149 4325 1414 4394 Spiritum
1466 4324 1732 4385 sanctum,
1783 4319 1880 4386 qui
1925 4317 2087 4370 datus
2121 4320 2198 4369 est

501 4421 653 4476 nobis
681 4421 858 4488 (Rom.
891 4433 947 4486 v,
974 4418 1053 4484 5);
1086 4426 1142 4468 et
1163 4412 1232 4465 de
1260 4409 1665 4482 "spiritualibus
1689 4407 1988 4460 docentem
2018 4409 2073 4458 et
2102 4404 2198 4457 de-

501 4511 915 4563 monstrantem
941 4501 1462 4573 supereminentem
1492 4497 1644 4550 viam
1673 4494 1980 4560 charitatis,
2015 4497 2070 4547 et
2097 4492 2197 4546 fle-

505 4602 752 4651 ctentem
786 4610 974 4664 genua
1007 4607 1112 4662 pro
1145 4588 1309 4642 nobis
1348 4587 1420 4641 ad
1463 4589 1540 4652 te,
1572 4589 1638 4638 ut
1666 4596 2074 4652 cognoscamus
2104 4597 2197 4634 su-

504 4683 955 4756 pereminentem
986 4677 1280 4733 scientiam
1318 4672 1606 4729 charitatis
1633 4671 1841 4726 Christi
1873 4671 2085 4740 (Ephes.
2117 4686 2196 4735 ιιι,

509 4771 715 4840 lli-t9).
747 4769 991 4838 Ideoque
1013 4767 1082 4820 ab
1104 4765 1267 4819 initio
1290 4761 1722 4833 supereminens
1739 4758 2200 4829 superferebatur

507 4875 680 4930 super
709 4874 902 4928 aquas.
931 4854 1032 4910 Cui
1063 4854 1285 4908 dicam?
1317 4849 1604 4922 quomodo
1629 4848 1812 4900 dicam
1840 4847 1908 4900 de
1943 4846 2199 4915 pondere

504 4947 829 5019 cupiditatis
857 4945 919 4998 in
957 4943 1261 5014 abruptam
1291 4941 1579 5010 abyssum,
1613 4941 1669 4991 et
1717 4936 1784 4990 de
1814 4935 2200 4989 sublevatione

501 5034 792 5091 charitatis
809 5050 912 5106 per
930 5032 1203 5102 Spiritum
1225 5035 1409 5094 tuum,
1424 5026 1524 5098 qui
1545 5023 2004 5096 superferebatur
2033 5035 2202 5090 super

504 5123 720 5197 aquas?
767 5123 870 5179 Cui
908 5121 1131 5176 dicam?
1178 5116 1468 5189 quomodo
1517 5115 1730 5169 dicam:
1779 5110 2088 5180 Mergimur
2146 5113 2201 5162 et

505 5215 852 5285 emergimus
877 5213 935 5265 3?
968 5213 1161 5280 Neque
1180 5207 1333 5261 enim
1363 5207 1483 5260 loca
1503 5209 1635 5258 sunt
1656 5201 1864 5274 quibus
1886 5199 2201 5268 mergimur

503 5309 560 5358 et
595 5303 965 5374 emergimus.
998 5298 1144 5362 Quid
1174 5295 1417 5349 similius
1449 5299 1504 5348 et
1534 5293 1673 5364 quid
1703 5288 2073 5346 dissimilius?
2104 5287 2198 5340 Af-

565 5395 581 5426 ²
601 5392 868 5454 Insignem
885 5387 1088 5454 huncce
1102 5385 1276 5454 locum
1290 5383 1652 5454 redintegrant
1666 5380 1761 5427 Ms.
1781 5377 1996 5454 Mutilus
2009 5375 2200 5454 quippe

503 5456 557 5502 in
584 5441 788 5502 excusis
843 5454 971 5506 erat,
999 5447 1247 5496 detractis
1279 5444 1451 5493 verbis
1495 5441 1625 5500 istis,
1682 5442 1954 5502 sapientiae
1995 5441 2199 5506 nostras.

563 5517 584 5550 ³
619 5516 740 5563 Mss.
777 5526 886 5562 non
927 5501 1123 5559 habent
1150 5508 1251 5556 hoc
1294 5507 1428 5562 loco,
1460 5501 1752 5565 mergimur
1777 5507 1829 5552 et
1865 5501 2198 5565 emergimus.

502 5603 564 5614 —
592 5578 793 5625 Desunt
818 5573 1015 5624 eaedem
1044 5584 1198 5620 voces
1223 5569 1363 5633 apud
1394 5564 1592 5619 Somm.
1619 5569 1670 5615 et
1697 5565 1834 5613 Flor.
1872 5564 1937 5611 Μ.

2287 1766 2500 1837 Spiritu
2531 1771 2650 1830 tuo,
2682 1764 2783 1836 qui
2831 1761 3188 1832 superfertur
3226 1755 3742 1812 incommutabiliter
3773 1768 3887 1822 super

2289 1871 2459 1910 omne
2481 1853 2777 1908 mutabile.
2809 1850 3080 1922 Alioquin
3111 1853 3168 1903 et
3206 1847 3397 1919 ipsum
3431 1845 3626 1899 coelum
3653 1841 3760 1896 coeli
3779 1846 3886 1893 tene-

2287 1945 2458 1998 brosa
2512 1944 2747 2013 abyssus
2797 1943 2946 1994 esset
2983 1938 3045 1992 in
3097 1953 3186 2003 se;
3241 1952 3397 1990 nunc
3423 1939 3606 1989 autem
3633 1933 3713 1986 lux
3760 1933 3823 1983 est
3851 1929 3886 1979 in

2292 2033 2556 2088 Domino.
2590 2033 2732 2086 Nam
2763 2034 2820 2084 et
2868 2029 2928 2081 in
2975 2027 3100 2097 ipsa
3128 2026 3340 2080 misera
3377 2020 3739 2095 inquietudine
3762 2016 3887 2071 deliu-

2293 2121 2512 2176 entium
2529 2120 2835 2190 spirituum
2858 2121 2914 2171 et
2933 2115 3314 2170 indicantium
3335 2113 3587 2168 tenebras
3598 2125 3710 2162 suas
3722 2105 3889 2161 nudatas

2291 2212 2443 2263 veste
2480 2205 2712 2262 luminis
2738 2205 2843 2270 tui,
2879 2203 3012 2258 satis
3041 2202 3291 2257 ostendis
3331 2215 3501 2272 quam
3531 2210 3762 2267 magnam
3785 2206 3887 2245 crea-

2292 2301 2482 2351 turam
2512 2294 2850 2349 rationalem
2881 2289 3102 2358 feceris,
3145 2289 3237 2344 cui
3278 2289 3440 2343 nullo
3469 2285 3628 2340 modo
3669 2275 3889 2336 sufﬁcitad

2293 2385 2520 2440 beatam
2549 2382 2811 2454 requiem
2851 2378 3130 2452 quidquid
3172 2382 3230 2432 te
3261 2377 3454 2432 minus
3496 2378 3593 2442 est,
3620 2386 3676 2425 ac
3713 2383 3793 2440 per
3824 2365 3890 2418 hoc

2293 2488 2400 2527 nec
2429 2472 2553 2542 ipsa
2575 2470 2700 2523 sibi.
2733 2470 2818 2523 Tu
2849 2466 3021 2534 enim,
3056 2466 3204 2520 Deus
3231 2469 3448 2529 noster,
3471 2455 3893 2515 illuminahisteue-

2293 2561 2425 2616 bras
2449 2538 2692 2614 —nostras
2736 2557 2907 2626 (Psal.
2962 2570 3095 2622 xvu,
3138 2552 3253 2622 29);
3289 2569 3359 2606 ex
3410 2556 3465 2605 te
3511 2548 3743 2602 oriuntur
3783 2538 3891 2592 vesti-

2297 2653 2490 2704 menta
2510 2652 2728 2715 nostra,
2759 2649 2816 2699 et
2837 2644 3089 2699 tenebrae
3119 2646 3334 2697 nostra
3361 2639 3505 2694 sicut
3531 2632 3765 2691 meridies
3786 2629 3895 2682 erunt

2299 2739 2464 2804 (Psal.
2515 2712 2776 2801 cxxxvut,
2834 2733 2938 2804 l2).
2987 2735 3066 2788 Da
3107 2731 3251 2785 mihi
3305 2735 3384 2794 te,
3437 2729 3578 2782 Deus
3606 2712 3895 2783 meus,redde

2297 2831 2354 2880 te
2387 2825 2560 2879 mihi:
2594 2830 2649 2878 te
2674 2823 2830 2878 enim
2870 2837 3000 2876 amo
3022 2824 3074 2886 ²;
3117 2823 3173 2874 et
3200 2818 3248 2872 si
3276 2832 3488 2889 parum
3525 2817 3618 2878 est,
3659 2819 3811 2864 amem
3831 2815 3890 2854 ﬂ-

2296 2913 2488 2969 lidius.
2518 2913 2642 2966 Non
2685 2926 2920 2982 possum
2963 2907 3156 2963 metiri
3205 2888 3475 2961 utisciam
3523 2903 3767 2975 quantum
3803 2888 3896 2982 desit

2299 3002 2443 3057 mihi
2473 3001 2683 3055 amoris
2703 3000 2774 3054 ad
2803 2998 2860 3054 id
2883 2999 3036 3070 quod
3065 3001 3151 3052 sat
3182 3001 3292 3060 est,
3326 2999 3390 3050 ut
3412 2996 3598 3048 currat
3622 2989 3722 3042 vita
3743 2996 3836 3038 mea
3862 2976 3896 3029 in

2299 3091 2595 3161 amplexus
2623 3093 2774 3155 tuos,
2805 3103 2908 3141 nec
2956 3089 3244 3140 avertatur
3273 3086 3466 3140 donec
3494 3065 3898 3136 abscondatur’in

2302 3159 2632 3234 abscondito
2673 3177 2862 3230 vultus
2907 3175 2993 3229 tui
3047 3174 3212 3244 (Psal.
3277 3189 3404 3241 xxx,
3459 3171 3567 3239 2t).
3609 3168 3708 3220 Hoc
3744 3159 3896 3213 tantum

2301 3268 2435 3334 scio,
2468 3266 2600 3338 quia
2636 3265 2782 3318 male
2815 3263 2957 3317 mihi
2987 3267 3072 3317 est
3110 3266 3326 3332 praeter
3356 3265 3430 3326 te,
3464 3273 3576 3312 non
3618 3252 3775 3307 solum
3797 3246 3896 3297 extra

2301 3373 2413 3423 me,
2447 3355 2544 3409 sed
2602 3358 2658 3408 et
2710 3353 2770 3406 in
2810 3351 3055 3422 meipso;
3107 3354 3164 3405 et
3213 3349 3403 3405 omnis
3458 3344 3594 3400 mihi
3634 3337 3771 3410 copia
3803 3333 3896 3385 Deus

2303 3461 2464 3500 meus
2494 3459 2610 3497 non
2637 3445 2738 3508 est,
2763 3444 2984 3512 egestas
3014 3442 3116 3493 est.

2975 3528 3200 3582 CAPUT
3236 3528 3327 3582 IX.

2375 3623 2483 3678 Cur
2500 3621 2642 3675 solus
2662 3621 2890 3689 spiritus
2923 3620 3140 3671 sanctus
3165 3612 3606 3685 superferebatur
3622 3606 3899 3689 superati"?-

2379 3713 2461 3764 lO.
2497 3682 2782 3778 Numquid
2809 3711 2905 3760 aut
2938 3707 3104 3759 Pater
3131 3682 3247 3758 aut—
3270 3703 3445 3757 Filius
3465 3713 3576 3752 non
3606 3682 3900 3762 superfereba-

2303 3802 2398 3852 tur
2426 3813 2598 3867 super
2637 3794 2849 3866 aquas?
2878 3793 2936 3848 Si
2972 3795 3252 3862 tanquam
3286 3792 3414 3845 loco
3467 3786 3604 3840 sicut
3637 3789 3819 3847 (τοι-νας.
3840 3779 3900 3860 nef‘

2303 3885 2544 3957 Spiritus
2576 3889 2835 3938 sanctus:
2863 3882 2909 3936 si
2940 3886 3134 3935 autem
3163 3871 3648 3935 incommutabilis
3676 3860 3902 3957 divinitate

2306 3941 2616 4030 eminentia
2646 3988 2818 4042 super
2845 3985 3014 4024 omne
3045 3968 3345 4034 mutabile,
3379 3970 3436 4020 et
3462 3966 3619 4019 Pater
3647 3959 3698 4010 et
3723 3948 3852 4005 Filius
3872 3941 3902 3990 el

2305 4062 2546 4133 Spiritus
2571 4039 2794 4114 sanctus
2820 4057 3286 4128 superferebatur
3315 4069 3491 4124 super
3513 4060 3693 4119 aquas.
3723 4039 3810 4133 Cllf
3822 4043 3905 4133 εξξξυ

2303 4115 2527 4207 tantum
2581 4149 2650 4203 de
2679 4115 2906 4218 Spiritu‘
2944 4151 3044 4201 tuo
3073 4145 3291 4199 dictum
3340 4115 3429 4197 est
3477 4115 3616 4193 hoc?
3657 4143 3743 4185 cur
3777 4123 3827 4176 de
3847 4115 3905 4218 ille

2304 4244 2528 4294 tantum
2554 4237 2769 4292 dictum
2799 4235 2920 4290 est?
2950 4234 3121 4298 Quasi
3152 4235 3309 4288 locus
3337 4232 3418 4286 ibi
3448 4230 3607 4290 esset,
3639 4218 3725 4291 qui
3751 4225 3838 4268 non
3859 4209 3906 4255 εει

2305 4330 2481 4395 locus,
2516 4327 2586 4382 de
2621 4343 2734 4396 quo
2763 4326 2883 4378 solo
2915 4322 3132 4378 dictum
3162 4326 3249 4376 est
3278 4319 3437 4392 quod
3463 4317 3534 4370 sit
3560 4305 3901 4396 donuni‘tuuul.

2306 4421 2370 4472 In
2412 4417 2562 4471 dono
2604 4419 2700 4468 tuo
2750 4411 3190 4484 requiescimus;
3225 4410 3308 4464 ibi
3338 4413 3394 4462 te
3443 4403 3700 4460 fruimur.
3734 4393 3907 4484 fieri???

2309 4471 2521 4566 nostra,
2554 4505 2710 4558 locus
2740 4471 2954 4555 noster.
2988 4471 3334 4554 Amor'illuc
3365 4491 3567 4550 attollit
3604 4500 3716 4546 nos,
3759 4480 3802 4566 et
3831 4471 3906 4536 Sp"

2307 4595 2449 4649 ritus
2473 4598 2604 4647 tuus
2633 4593 2818 4646 bonus
2843 4589 3052 4643 exaltat
3073 4587 3467 4642 humilitatem
3499 4581 3732 4633 nostram
3752 4565 3807 4619 de

2305 4684 2379 4739 tis
2408 4643 2605 4736 mortis
2632 4643 2793 4750 (Psal.
2832 4695 2906 4745 ιχ,
2941 4679 3045 4746 15).
3089 4677 3154 4730 In
3195 4677 3350 4731 bona
3376 4669 3658 4727 voluntate
3693 4643 3910 4750 p330”?

2307 4775 2392 4825 est
2415 4770 2567 4840 (Luc.
2599 4741 2658 4836 ιι,
2696 4768 2799 4836 li).
2830 4741 3048 4836 corpus
3071 4763 3330 4836 pondere
3357 4777 3460 4815 suo
3486 4755 3679 4840 nititur
3705 4744 3762 4840 ad
3785 4741 3907 4840 IGNE

2307 4873 2494 4912 suum.
2529 4855 2754 4910 Pondus
2783 4868 2900 4906 non
2929 4853 3002 4907 ad
3027 4827 3145 4905 ima
3176 4855 3410 4905 tantum
3449 4849 3553 4911 est,
3583 4837 3673 4893 sed
3703 4830 3760 4886 ad
3785 4827 3909 4912 10F“?

2532 4943 2684 5014 Ignis
2706 4957 2933 4996 sursum
2959 4940 3162 5009 tendit,
3199 4939 3472 4994 deorsum
3506 4909 3667 5000 lapis.
3713 4909 3911 5014 Pande-r1“-

2307 5035 2413 5090 bus
2440 5005 2843 5102 suisvaguntur,
2876 5030 3001 5084 loca
3038 5005 3401 5099 sua'petunt.
3429 5023 3624 5078 Oleum
3654 5005 3910 5102 infra

2373 5126 2389 5157 1
2423 5123 2499 5170 Ita
2526 5079 2673 5177 Mei;
2707 5079 3065 5176 at'editiones,
3117 5079 3339 5179 exrcepta
3387 5079 3910 5179 Arualdinatjf‘fﬁi‘l’f:

2375 5150 2389 5157 ⁵
2423 5150 2499 5170 ιιο
2526 5150 2670 5169 ιῐιδδι⁷
2707 5150 2759 5167 αι
2789 5150 3046 5167 συιιιιυιιῠυ
3117 5150 3242 5166 (saw
3263 5150 3339 5165 1w
3387 5150 3446 5163 ιιι
3461 5150 3632 5159 -υ--ν-
3671 5150 3677 5154 ·
3709 5150 3722 5160 ι

2309 5159 2766 5248 spiritualesgnon
2787 5182 2918 5248 bene
2933 5196 2946 5240 ;
2961 5156 3199 5248 intendit
3212 5150 3412 5241 qiiippe
3426 5150 3910 5248 Αῃειξεξὶξξξξξ

2309 5211 2410 5248 ap"
2427 5211 2615 5233 quuwa
2633 5218 2644 5228 .
2658 5211 2766 5230 uuu
2787 5211 2918 5230 usus
2934 5219 2946 5240 ,
2961 5211 3188 5229 luwuuup
3212 5211 3412 5241 Ὶιιιγγν
3426 5211 3649 5233 η-ο-ν-κν
3713 5221 3720 5230 ,
3761 5217 3768 5225 ,
3792 5211 3799 5212 κ
3877 5214 3887 5220 .

2308 5244 2680 5296 intellectualis
2709 5244 2882 5294 omnis
2912 5255 3166 5291 creaturae
3187 5241 3305 5303 ipso
3332 5234 3506 5300 angeli
3530 5235 3579 5280 et.
3598 5228 3792 5276 hominis
3813 5211 3888 5262 18P=

2308 5309 2468 5379 fuissp
2489 5307 2797 5379 ipfﬁcamql.’
2896 5364 2925 5379 ,ι
2951 5369 2960 5379 .
2994 5368 3007 5379 .
3425 5358 3474 5379 βο
3558 5353 3590 5379 ι’
3629 5363 3670 5379 m
3695 5343 3767 5379 Am
3880 5327 3909 5368 δι

2370 5343 2812 5418 'z’iii‘ii‘éﬂ'iiiz;
2834 5364 2960 5416 mihi
2989 5368 3062 5416 te:
3084 5378 3149 5414 en
3178 5375 3318 5414 amo.
3343 5385 3404 5396 —
3424 5358 3506 5408 Sic
3526 5353 3672 5404 etiam
3690 5343 3783 5392 Αω·
3806 5343 3865 5379 Η·

2309 5433 2469 5482 editio
2494 5431 2837 5494 Florentina._
2914 5429 3011 5494 M._
3135 5488 3161 5494 _
3213 5486 3227 5494 _
3355 5483 3365 5493 _
3502 5477 3691 5494 ,.,,_,_
3719 5461 3810 5494 .m.
3830 5455 3906 5494 cum

2372 5476 2373 5480 η
2439 5461 2469 5479 υ
2517 5461 2604 5478 ἰυι
2615 5461 2680 5478 συ
2801 5466 2814 5480 ο
2914 5461 2983 5476 μισ
3763 5461 3771 5471 ,

2372 5461 2571 5548 εἶωΙιοῖιη
2599 5461 3097 5541 άοτῖἓὲἷιὸςσοηιιαν.
3131 5486 3230 5537 Sed
3253 5483 3436 5535 verius
3458 5477 3692 5531 editiones
3718 5461 3810 5512 I1"?
3830 5465 3848 5499 ε

2309 5558 2453 5616 Mss,
2488 5555 2876 5606 abscondatur.
2909 5550 3277 5611 Subintellige,
3309 5549 3419 5596 vita
3447 5555 3574 5593 mea.
