4022 6176
46 254 209 304 849

40 366 326 426 fusum,
353 378 527 433 supra
548 377 754 433 aquam
777 358 1084 427 attollitur;
1107 376 1259 431 aqua
1275 376 1449 431 supra
1469 361 1658 427 oleum
1673 362 1817 428 fusa,

42 452 256 507 infra
307 452 502 505 oleum
545 448 928 518 demergitur;
978 448 1331 518 ponderibus
1378 448 1494 501 suis
1547 453 1815 519 aguntur,

46 542 229 594 loca
259 557 368 594 sua
396 542 619 609 petunt.
653 537 835 591 Minus
866 536 1145 603 ordinata,
1174 536 1433 607 inquieta
1458 541 1622 603 sunt;
1660 537 1815 591 ordi-

52 634 325 683 nantur
355 632 411 682 et
454 625 779 697 quiescunt.
832 624 1060 678 Pondus
1106 641 1302 679 meum
1334 641 1494 678 amor
1523 642 1719 692 meus;
1755 642 1820 679 eo

50 719 265 773 feror
290 731 656 787 quocumque
686 714 859 768 feror.
893 716 1048 768 Dono
1070 718 1169 767 tuo
1196 713 1584 782 accendimur,
1617 719 1672 768 et
1702 730 1822 768 sur-

53 822 238 859 sum
270 804 539 859 ferimur.
579 801 994 855 Inardescimus
1026 805 1083 855 et
1104 800 1279 855 imus.
1317 802 1693 855 Ascendimus
1740 818 1822 854 as-

52 894 411 948 censiones
452 891 510 945 in
560 890 727 944 corde
777 890 959 959 (Psal.
1012 906 1237 956 Lxxxui,
1274 889 1387 959 6),
1430 893 1486 943 et
1531 894 1821 943 cantamus

66 982 408 1036 canticum
432 979 743 1050 graduum.
786 980 921 1049 Igne
952 984 1072 1046 tuo,
1103 979 1237 1046 igne
1266 982 1363 1032 tuo
1393 978 1543 1033 bono
1574 978 1824 1032 inardes-

69 1071 303 1124 cimus
332 1074 387 1126 et
414 1068 594 1132 imus;
642 1069 919 1139 quoniam
960 1083 1187 1121 sursum
1232 1068 1382 1143 imus
1412 1068 1480 1121 ad
1510 1083 1707 1137 pacem
1729 1069 1823 1120 Je-

72 1158 393 1222 rusalem,
426 1154 702 1225 quoniam
720 1155 1060 1225 jucundatus
1091 1170 1209 1208 sum
1240 1156 1297 1208 in
1322 1155 1405 1208 his
1437 1156 1533 1222 qui
1563 1154 1823 1208 dixerunt

75 1246 295 1299 mihi’
333 1246 433 1298 :In
480 1245 695 1297 domum
725 1246 939 1298 Domini
984 1244 1181 1298 ibimus
1231 1244 1392 1312 (Psal.
1445 1259 1589 1308 cxxi,
1638 1241 1705 1310 1).
1741 1241 1823 1293 Ibi

78 1350 220 1386 nos
262 1331 562 1387 collocavit
598 1332 861 1385 voluntas
898 1331 1072 1399 bona,
1101 1334 1165 1384 ut
1204 1329 1347 1384 nihil
1386 1328 1628 1383 velimus
1667 1327 1822 1383 aliud

78 1438 294 1493 quam
324 1435 663 1492 permanere
689 1419 806 1474 illic
834 1418 895 1472 in
922 1422 1226 1472 internum.

802 1508 1027 1561 CAPUT
1074 1508 1141 1561 X.

652 1598 739 1651 E1:
770 1595 906 1650 dono
944 1598 1039 1649 Dei
1077 1597 1284 1649 omnia.

190 1689 207 1739 1
233 1690 281 1739 1.
322 1687 492 1739 Beata
526 1689 787 1739 creatura
812 1701 941 1755 qua:
975 1700 1092 1738 non
1122 1683 1279 1737 novit
1307 1682 1483 1748 aliud,
1516 1697 1649 1735 cum
1680 1684 1827 1734 esset

92 1778 242 1845 ipsa
259 1774 437 1841 aliud,
462 1773 573 1827 nisi
590 1774 737 1828 dono
761 1778 860 1827 tuo
894 1773 1048 1843 quod
1077 1772 1431 1842 superfertur
1452 1787 1624 1841 super
1654 1785 1823 1823 omne

92 1861 417 1924 mutabile,
466 1877 596 1915 mox
630 1866 694 1915 ut
723 1862 870 1916 facta
896 1866 1001 1929 est,
1047 1861 1402 1915 attolleretur
1450 1860 1606 1912 nullo
1638 1858 1815 1912 inter-

91 1950 265 2004 vallo
307 1950 583 2019 temporis
622 1950 683 2003 in
712 1966 779 2003 ea
818 1950 1108 2003 vocatione
1155 1966 1269 2019 qua
1297 1948 1513 2015 dixisti,
1544 1950 1668 2002 Fiat
1703 1948 1820 2013 tur,

96 2044 168 2092 et
196 2039 366 2092 ﬁeret
394 2038 491 2092 lux
519 2042 541 2074 ²
579 2038 731 2108 (Gen.
758 2055 793 2106 ι,
844 2040 916 2106 3).
946 2039 1009 2092 In
1050 2037 1220 2092 nobis
1259 2037 1415 2091 enim
1453 2034 1825 2105 distinguitur

98 2133 403 2197 tempore,
434 2128 590 2197 quod
620 2127 873 2181 tenebris
895 2126 1133 2193 fuimus,
1157 2131 1213 2180 et
1233 2126 1325 2180 lux
1351 2125 1633 2179 efﬁcimur
1655 2124 1819 2193 (Eph.

100 2235 165 2281 γ,
203 2220 301 2286 8):
345 2215 407 2269 in
437 2215 537 2269 illa
573 2232 707 2269 vero
746 2209 961 2269 dictum
992 2219 1075 2269 est
1113 2214 1252 2286 quid
1281 2218 1445 2282 esset,
1477 2214 1587 2267 nisi
1608 2212 1823 2266 illumi-

104 2310 388 2372 naretur;
421 2308 477 2359 et
504 2304 585 2358 ita
617 2304 834 2358 dictum
864 2308 966 2369 est,
1000 2303 1163 2373 quasi
1190 2301 1351 2372 prius
1384 2301 1555 2355 fuerit
1586 2302 1737 2355 tluxa
1768 2306 1826 2355 et

104 2394 456 2461 tenebrosa;
489 2398 554 2446 ut
578 2397 879 2463 appareret
907 2402 1079 2446 causa’
1094 2408 1207 2463 qua
1226 2391 1439 2445 factum
1460 2394 1544 2443 est
1574 2394 1636 2443 ut
1659 2389 1822 2443 aliter

107 2488 291 2551 esset,
309 2482 369 2536 id
388 2486 493 2551 est,
518 2486 579 2535 ut
599 2482 670 2535 ad
689 2482 886 2536 lumen
907 2480 1240 2535 indeticiens
1258 2480 1638 2533 conversalux
1654 2483 1818 2531 esset.

108 2571 227 2635 Qui
256 2576 469 2641 potest,
502 2570 818 2641 intelligat;
849 2574 905 2623 et
935 2569 1035 2640 qui
1067 2584 1186 2623 non
1212 2573 1403 2638 potest
1421 2572 1462 2634 ³,
1497 2584 1530 2621 a
1558 2572 1612 2621 te
1644 2571 1820 2638 petat.

112 2660 334 2730 thuid
368 2658 511 2713 mihi
539 2658 809 2712 molestus
832 2661 937 2726 est,
961 2657 1126 2727 quasi
1155 2673 1261 2727 ego
1292 2655 1617 2710 illuminem
1640 2656 1823 2710 ullum

113 2748 416 2802 hominem
462 2747 785 2801 venientem
835 2747 895 2800 in
934 2746 1087 2800 hunc
1121 2745 1440 2800 mundum?
1476 2746 1645 2815 (Joan.
1680 2762 1716 2811 ι,
1750 2745 1821 2812 9.)

803 2835 1024 2888 CAPUT
1062 2834 1148 2888 ΧΙ.

513 2923 766 2992 Symbota
798 2925 1083 2976 Trinitatis
1109 2925 1169 2975 in
1197 2922 1424 2976 homine.

201 3016 289 3067 12.
345 3012 679 3066 Trinitatem
718 3011 1173 3083 omnipotentem
1221 3010 1347 3080 quis
1395 3008 1710 3080 intelligit?
1757 3010 1821 3061 Et

117 3100 254 3171 quis
284 3118 401 3155 non
447 3100 700 3171 loquitur
730 3116 877 3166 eam,
911 3099 958 3152 si
1002 3103 1195 3153 tamen
1234 3098 1400 3152 eam?
1441 3099 1587 3151 Rara
1635 3094 1827 3149 anima

120 3206 255 3260 quae
281 3206 408 3243 cum
431 3190 499 3244 de
530 3189 628 3243 illa
648 3189 923 3259 loquitur,
956 3187 1059 3241 scit
1086 3186 1224 3258 quid
1244 3186 1501 3256 loquitur
1523 3189 1560 3239 ‘.
1597 3185 1661 3237 Et
1690 3200 1823 3237 con-

123 3278 372 3332 tendunt
400 3283 456 3332 et
504 3278 797 3346 dimicant,
825 3283 882 3331 et
919 3292 1087 3330 nemo
1132 3275 1255 3328 sine
1284 3290 1420 3345 pace
1462 3273 1617 3327 videt
1659 3272 1826 3326 istam

123 3368 424 3421 visionem.
470 3359 684 3420 Vellem
725 3371 788 3419 ut
822 3366 943 3419 haec
981 3364 1092 3418 tria
1121 3362 1439 3434 cogitarent
1474 3361 1737 3415 homines
1766 3360 1827 3413 in

125 3456 344 3524 seipsis.
382 3456 572 3525 Longe
603 3454 756 3509 aliud
788 3458 921 3507 sunt
949 3453 1057 3507 ista
1081 3451 1189 3506 tria
1212 3467 1384 3521 quam
1413 3451 1510 3504 illa
1541 3450 1825 3504 Trinitas:

125 3542 227 3597 sed
252 3542 374 3596 dico
406 3542 504 3596 ubi
524 3558 583 3594 se
615 3546 917 3594 exerceant
941 3545 995 3593 et
1014 3539 1277 3609 probent,
1304 3542 1358 3591 et
1380 3537 1632 3591 sentiant
1653 3553 1825 3608 quam

122 3634 301 3701 longe
331 3628 520 3684 sunt“.
550 3630 685 3684 Dico
717 3634 912 3683 autem
939 3628 1061 3682 haec
1094 3627 1203 3680 tria
1229 3643 1241 3679 :
1273 3642 1410 3691 esse,
1448 3642 1634 3691 nosse,
1663 3625 1823 3679 velle.

124 3723 268 3777 Sum
306 3720 478 3786 enim,
520 3723 576 3773 et
607 3719 757 3779 novi,
784 3722 837 3771 et
883 3718 1047 3771 volo:
1088 3731 1214 3770 sum
1261 3714 1462 3778 sciens,
1494 3718 1551 3767 et
1592 3714 1824 3778 volens;

128 3814 189 3863 et
213 3808 323 3862 scio
353 3823 475 3861 esse
507 3823 619 3873 me,
652 3812 709 3861 et
734 3806 907 3873 velle;
939 3812 996 3859 et
1020 3805 1147 3859 volo
1190 3820 1329 3871 esse,
1364 3808 1421 3857 et
1450 3802 1610 3857 scire.
1650 3804 1713 3856 In
1741 3803 1830 3856 his

128 3897 308 3969 igitur
336 3896 518 3951 tribus
549 3912 725 3967 quam
765 3895 837 3949 sit
861 3892 1260 3964 inseparabilis
1299 3891 1433 3958 vita,
1464 3897 1521 3946 et
1552 3908 1662 3945 una
1694 3892 1826 3958 vita,

131 3992 189 4040 et
216 4001 332 4039 una
366 4000 549 4051 mens,
583 3988 639 4039 et
668 4000 786 4038 una
815 3983 1081 4049 essentia,
1115 3998 1289 4053 quam
1327 3981 1574 4051 denique
1604 3979 1828 4050 insepa-
1866 3986 1869 3989 ’

132 4073 328 4129 rabilis
348 4072 655 4139 distinctio,
682 4076 738 4126 et
754 4076 945 4126 tamen
967 4070 1274 4135 distinctio,
1298 4069 1484 4122 videat
1504 4068 1603 4139 qui
1625 4072 1827 4138 potest.

136 4165 298 4219 Certe
326 4178 517 4217 coram
548 4178 604 4216 se
636 4166 747 4216 est:
785 4160 1041 4215 attendat
1067 4159 1127 4213 in
1158 4175 1237 4225 se,
1269 4162 1326 4211 et
1356 4157 1562 4223 videat,
1596 4161 1653 4211 et
1681 4157 1832 4211 dicat

134 4252 298 4307 mihi.
321 4252 425 4306 Sed
459 4268 589 4306 cum
621 4250 906 4305 invenerit
933 4250 995 4304 in
1025 4248 1114 4304 his
1146 4246 1364 4317 aliquid
1385 4251 1441 4300 et
1460 4244 1685 4307 dixerit,
1717 4261 1830 4299 non

132 4342 255 4412 jam
279 4356 335 4394 se
363 4346 528 4411 putet
570 4340 853 4395 invenisse
896 4338 1036 4392 illud
1075 4336 1227 4407 quod
1266 4351 1437 4404 supra
1478 4334 1587 4387 ista
1628 4338 1711 4386 est
1746 4334 1832 4386 in-

137 4430 562 4499 commutabile,
603 4428 756 4501 quod
798 4434 883 4482 est
920 4423 1487 4491 incommutabiliter,
1528 4426 1585 4475 et
1613 4422 1716 4474 scit
1746 4421 1833 4475 in-

137 4517 634 4582 commutabiliter,
667 4520 722 4569 et
765 4516 884 4569 vult
917 4510 1503 4568 incommutabiliter:
1548 4513 1604 4563 et
1640 4514 1835 4563 utrum

138 4611 371 4677 propter
398 4606 523 4674 (tria
559 4606 681 4659 haec
716 4608 773 4657 et
811 4603 893 4658 ibi
933 4601 1208 4667 Trinitas;
1256 4617 1327 4654 an
1358 4600 1417 4653 in
1448 4596 1687 4669 singulis
1715 4598 1835 4651 haec

141 4695 269 4763 tria,
294 4698 354 4747 ut
376 4692 399 4727 δ
428 4700 589 4748 terna
634 4693 997 4764 singulorum
1035 4690 1180 4755 sint;
1226 4705 1297 4743 an
1334 4693 1642 4758 utrumque
1677 4687 1835 4740 miris

204 4786 217 4817 ¹
244 4783 299 4830 In
318 4783 462 4845 prius
484 4782 710 4845 excusis,
731 4794 848 4845 quae
863 4780 1125 4845 dixerunt
1144 4775 1295 4845 mihi.
1316 4777 1415 4845 Sed
1428 4775 1616 4845 alludit
1634 4775 1836 4845 Augus-

144 4847 282 4894 tinus
310 4837 374 4892 ad
405 4844 540 4893 Psal.
573 4846 677 4897 121.
701 4837 756 4900 '1’,
798 4843 851 4891 in
878 4857 982 4905 quo
1017 4840 1187 4903 legere
1222 4839 1371 4897 solet,
1410 4841 1505 4902 qui
1534 4837 1832 4896 dixerunt;

143 4912 195 4955 et
219 4906 289 4953 sic
317 4906 513 4954 habent
542 4906 627 4953 hic
662 4906 782 4953 Mss.

206 4968 326 5016 9Sic
353 4969 473 5016 Mss.
508 4982 627 5016 cum
664 4969 788 5015 Arn.
839 4966 903 5014 At
951 4965 1074 5012 Bad.
1111 4963 1226 5012 Am.
1274 4963 1355 5010 Er.
1397 4966 1448 5010 et
1481 4963 1604 5010 Lov.
1640 4961 1837 5009 habent

143 5032 287 5083 facta
311 5034 418 5087 est;
448 5034 499 5077 et
528 5030 681 5091 paulo
711 5032 847 5091 post,
878 5040 983 5089 quo
1017 5026 1244 5077 tenebrae
1268 5024 1494 5091 fuimus.

205 5096 225 5126 3
254 5092 371 5139 Mss.
400 5085 611 5139 omissis
654 5085 823 5139 verbis
850 5085 900 5139 et
924 5092 1011 5151 qui
1046 5101 1151 5138 non
1171 5085 1359 5150 potest,
1391 5086 1465 5133 sic
1499 5086 1717 5134 habent:
1741 5085 1838 5145 Qui

143 5158 321 5219 potest,
350 5154 650 5219 intelligat;
683 5166 715 5219 α
740 5156 789 5202 te
809 5156 973 5219 petat.

208 5208 377 5279 ‘Sciat
389 5216 514 5278 quid
530 5208 965 5279 loquaturjuxta
977 5214 1119 5279 Spm:
1133 5213 1257 5261 Lov.
1272 5208 1834 5279 qu,_1\1art._Rond.l_\l.

207 5282 227 5313 5
247 5278 325 5326 Er.
349 5270 564 5335 et'Lov.,
590 5270 750 5339 quam
784 5270 940 5336 longe
962 5274 1119 5339 aliud
1150 5279 1289 5322 sunt.
1326 5272 1425 5339 Sed
1453 5272 1600 5319 abest
1636 5270 1784 5319 aliud
1808 5285 1837 5317 a

150 5342 265 5390 Mss.
291 5354 499 5389 necnon
529 5337 753 5388 ab'Edd.
787 5340 911 5387 Bad.
944 5338 1059 5387 Am.
1092 5338 1290 5386 Somm.
1326 5338 1376 5383 et
1402 5337 1527 5385 Arn.

209 5405 229 5437 θ
252 5403 390 5461 Lov.,
424 5404 519 5451 aut
540 5405 710 5452 terna.
744 5401 845 5451 Sed
876 5401 1066 5449 clarius
1101 5400 1217 5448 alia:
1252 5397 1510 5447 editiones
1534 5395 1835 5461 eum‘Mss”

154 5468 208 5514 ut
223 5456 393 5515 terna;
417 5465 534 5513 Mox
550 5465 690 5512 enim
708 5464 1047 5525 sequitur,an
1062 5468 1381 5522 utrumque;
1400 5472 1504 5525 quo
1516 5456 1840 5525 sigi‘iiﬁgatur

152 5533 249 5575 duo
267 5532 371 5575 tam
388 5540 499 5575 esse
512 5519 804 5589 pr0posita':
821 5519 1006 5585 unum,
1020 5538 1093 5575 an
1106 5519 1331 5589 propter
1343 5519 1447 5573 me
1462 5519 1653 5571 ἣτε-’έὺὸ
1672 5519 1838 5569 Trini-

1410 243 1622 300 LIBER
1673 241 1986 301 DECIMUS
2041 242 2363 297 TERTIUS.

3528 244 3634 295 850

1936 362 2120 418 modis
2142 362 2476 433 simpliciter
2497 367 2552 417 et
2569 363 2964 435 multipliciter
2984 362 3211 417 inﬁnito
3233 363 3291 417 in
3315 381 3373 417 se
3389 364 3496 419 sibi
3516 365 3632 419 ﬁne

1920 456 2182 521 ,quo-est,
2215 455 2271 504 et
2299 451 2408 505 sibi
2437 458 2639 506 notum
2665 458 2766 518 est,
2806 457 2863 506 et
2888 451 2997 506 sibi
3025 450 3231 505 sufﬁcit
3251 452 3626 507 incommuta-

1931 536 2388 608 biliteridipsum
2419 540 2648 610 copiosa
2678 541 2912 594 unitatis
2941 539 3366 611 magnitudine:
3400 540 3526 610 quis
3555 540 3630 593 fa-

1932 620 2036 674 cile
2068 623 2431 692 cogitaverit?
2454 627 2580 697 quis
2603 629 2720 681 ullo
2748 630 2920 682 modo
2943 628 3185 683 dixerit?
3216 628 3345 700 quis
3374 628 3633 700 quolibet

1934 709 2102 764 modo
2134 717 2347 767 temere
2378 716 2872 785 pronuntiaverit?

2601 806 2823 860 CAPUT
2849 806 2959 859 ΧΙΙ.

2040 892 2234 945 Mundi
2270 894 2469 947 creatio
2506 895 2883 959 formationem
2911 894 3159 947 Ecclesiae
3186 896 3522 962 przeﬁgurat.

2013 983 2090 1033 13.
2127 981 2371 1035 Procede
2397 982 2456 1035 in
2484 983 2860 1051 confessione,
2904 981 3044 1035 ﬁdes
3091 998 3251 1047 mea;
3280 982 3369 1035 dic
3392 982 3630 1035 Domino

1936 1069 2049 1122 Deo
2082 1074 2217 1122 tuo:
2246 1071 2467 1135 Sancte,
2503 1071 2725 1137 Sancte,
2757 1073 2976 1137 Sancte,
3010 1068 3246 1123 Domine
3269 1071 3417 1123 Deus
3447 1086 3627 1135 meus,

1932 1156 1991 1210 in
2023 1158 2254 1211 nomine
2284 1163 2381 1211 tuo
2414 1158 2683 1228 baptizati
2707 1175 2925 1221 sumus,
2960 1161 3125 1211 Pater
3153 1162 3208 1212 et
3240 1159 3341 1211 Fili
3370 1164 3425 1211 et
3450 1158 3626 1227 Spiri-

1935 1249 2024 1297 tus
2056 1250 2272 1313 sancte;
2306 1246 2367 1300 in
2397 1246 2631 1299 nomine
2652 1251 2750 1300 tuo
2778 1246 3156 1315 baptizamus,
3184 1248 3349 1299 Pater
3374 1250 3428 1299 et
3451 1246 3554 1299 Fili
3575 1251 3633 1300 et

1932 1333 2175 1405 Spiritus
2199 1340 2413 1401 sancte;
2436 1336 2572 1405 quia
2592 1338 2647 1389 et
2677 1336 2826 1405 apud
2857 1351 2959 1388 nos
2990 1333 3051 1388 in
3081 1334 3300 1388 Christo
3331 1352 3431 1387 suo
3458 1333 3474 1367 ¹
3497 1338 3627 1401 fecit

1933 1426 2070 1477 Deus
2101 1426 2286 1477 costum
2318 1429 2366 1477 et
2400 1428 2619 1489 terram,
2653 1423 2975 1493 spirituales
3006 1427 3064 1475 et
3089 1423 3342 1475 carnales
3372 1422 3629 1475 Ecclesiae

1933 1528 2078 1576 suae;
2104 1517 2161 1565 et
2192 1516 2335 1565 terra
2366 1516 2561 1565 nostra
2604 1516 2913 1581 antequam
2945 1511 3224 1580 acciperet
3252 1510 3493 1564 formam
3524 1511 3631 1563 do-

1933 1600 2150 1666 ctrinae,
2180 1601 2471 1655 invisibilis
2493 1604 2609 1654 erat
2638 1604 2687 1654 et
2709 1602 3083 1669 incomposita,
3106 1603 3160 1652 et
3184 1599 3522 1669 ignorantiae
3551 1603 3631 1652 te-

1934 1687 2125 1741 nebris
2143 1688 2503 1757 tegebamur;
2531 1688 2802 1759 quoniam
2828 1704 2931 1757 pro
2959 1686 3260 1756 iniquitate
3282 1685 3522 1740 erudisti
3541 1686 3635 1740 ho-

1934 1774 2148 1828 minem
2178 1776 2345 1843 (Psal.
2379 1792 2607 1840 xxxviii,
2644 1776 2746 1839 12),
2782 1779 2837 1827 et
2853 1773 3067 1843 judicia
3097 1778 3193 1826 tua
3225 1772 3369 1827 sicut
3398 1773 3633 1843 abyssus

1933 1864 2115 1916 multa
2141 1864 2307 1931 (Psal.
2332 1880 2493 1929 xxxv,
2514 1867 2589 1931 '7).
2619 1864 2726 1918 Sed
2746 1863 2879 1932 quia
2900 1861 3143 1937 Spiritus
3165 1867 3295 1914 tuus
3314 1861 3628 1931 superfere-

1933 1952 2100 2006 batur
2129 1968 2301 2022 super
2329 1968 2537 2023 aquam
2569 1953 2713 2021 (Gen.
2751 1968 2786 2017 ι,
2819 1950 2897 2017 2),
2925 1967 3043 2004 non
3075 1950 3303 2021 reliquit
3341 1949 3629 2003 miseriam

1932 2045 2187 2094 nostram
2233 2040 2621 2095 misericordia
2666 2044 2784 2107 tua,
2819 2045 2874 2093 et
2902 2038 3090 2095 dixisti
3118 2041 3273 2093 :Fiat
3316 2040 3432 2093 lum.
3456 2040 3631 2093 Pumi-

1935 2131 2158 2183 tentiam
2201 2132 2366 2197 agite,
2417 2131 2884 2199 appropinquavit
2930 2129 3069 2181 enim
3110 2143 3333 2194 regnum
3385 2128 3633 2181 caelorum

1935 2218 2151 2287 (Matth.
2189 2234 2268 2282 ιιι,
2304 2220 2415 2287 12).
2450 2219 2825 2272 Paenitentiam
2868 2218 3033 2284 agite,
3069 2217 3197 2271 Fiat
3228 2217 3344 2269 tum.
3378 2216 3441 2269 Et
3484 2231 3631 2285 quo-

1935 2306 2089 2359 niam
2115 2306 2451 2361 conturbata
2479 2312 2598 2360 erat
2618 2307 2687 2359 ad
2718 2322 2819 2359 nos
2848 2304 3001 2375 ipsos
3024 2304 3215 2357 anima
3236 2307 3447 2370 nostra,
3477 2320 3629 2357 com-

1935 2395 2238 2448 memorati
2268 2411 2464 2449 sumus
2482 2394 2586 2459 tui,
2613 2394 2872 2458 Domine,
2897 2393 2966 2446 de
2990 2396 3142 2445 terra
3168 2392 3451 2457 Iordanis,
3482 2396 3537 2446 et
3564 2393 3633 2447 de

1934 2487 2128 2537 monte
2186 2482 2393 2552 aequali
2445 2482 2571 2548 tibi,
2627 2482 2725 2535 sed
2778 2496 2952 2551 parvo
3009 2484 3247 2550 propter
3300 2497 3403 2534 nos
3460 2482 3631 2547 (Psal.

1933 2588 2041 2636 xu,
2080 2571 2169 2639 7);
2218 2576 2272 2624 ct
2323 2570 2736 2641 displicuerunt
2784 2568 2951 2623 nobis
3007 2570 3258 2623 tenebrae
3311 2572 3521 2623 nostrze
3577 2574 3633 2623 et

1933 2658 2191 2714 conversi
2238 2675 2434 2712 sumus
2482 2658 2550 2711 ad
2580 2662 2656 2723 te,
2701 2662 2749 2711 et
2786 2659 2939 2723 facta
2980 2662 3057 2710 est
3088 2659 3201 2710 tua).
3239 2658 3303 2710 Et
3349 2673 3474 2710 ecce
3520 2658 3630 2710 fui-

1932 2764 2063 2803 mus
2102 2746 2410 2817 aliquando
2442 2746 2723 2810 tenebrre;
2768 2761 2919 2798 nunc
2950 2749 3142 2799 autem
3175 2744 3268 2799 lux
3299 2744 3358 2798 in
3390 2744 3631 2798 Domino

1937 2836 2107 2905 (Eph.
2148 2852 2197 2902 γ,
2233 2838 2302 2904 8).

2579 2922 2803 2975 CAPUT
2850 2921 2987 2974 XIII.

2016 3014 2303 3066 Renovatio
2330 3011 2563 3064 hominis
2593 3011 2722 3063 dum
2753 3011 2839 3063 hic
2862 3010 2999 3063 vivit
3024 3007 3262 3062 nondum
3287 3008 3550 3077 perfecta.

2012 3102 2094 3154 14.
2130 3102 2194 3152 Et
2240 3104 2434 3152 tamen
2462 3099 2647 3153 adhuc
2686 3114 2789 3169 per
2816 3097 3013 3165 ﬁdem,
3060 3097 3323 3151 nondum
3367 3112 3471 3166 per
3510 3112 3636 3166 spe-

1936 3188 2081 3242 ciem
2108 3186 2175 3257 (II
2218 3188 2337 3243 Cor.
2381 3204 2433 3251 v,
2466 3187 2539 3255 7).
2568 3188 2677 3256 Spe
2708 3185 2863 3239 enim
2892 3185 3031 3239 salvi
3060 3184 3195 3238 facti
3240 3201 3456 3238 sumus.
3498 3185 3638 3254 Spes

1938 3281 2127 3330 autem
2148 3292 2275 3346 qum
2296 3275 2539 3341 videtur,
2564 3292 2681 3329 non
2704 3280 2787 3329 est
2808 3291 2935 3345 spes
2961 3276 3137 3341 (Rom.
3164 3290 3280 3339 VIII,
3303 3274 3414 3343 24).
3439 3273 3638 3327 Adhuc

1937 3365 2170 3435 abyssus
2207 3364 2473 3433 abyssum
2510 3363 2751 3429 invocat,
2787 3363 2888 3416 sed
2920 3362 2981 3416 in
3015 3360 3192 3416 voce2
3225 3365 3635 3415 cataractarum

1936 3456 2163 3507 tuarum
2211 3453 2375 3523 (Psal.
2426 3470 2536 3518 xu,
2586 3454 2661 3519 8).
2708 3451 2909 3505 Adhuc
2952 3456 3007 3504 et
3051 3450 3147 3503 ille
3191 3450 3292 3519 qui
3321 3449 3639 3504 dicitzNon

1932 3545 2091 3612 potui
2120 3542 2266 3595 vobis
2295 3543 2441 3609 loqui
2464 3543 2623 3608 quasi
2652 3540 3059 3609 spiritualibus,
3090 3538 3184 3591 sed
3211 3540 3371 3605 quasi
3398 3538 3637 3589 carnali-

1940 3632 2034 3684 bus
2060 3632 2098 3699 (I
2131 3632 2250 3691 Cor,
2287 3647 2362 3695 ιιι,
2420 3629 2487 3697 1),
2530 3628 2702 3681 etiam
2750 3627 2869 3697 ipse
2920 3626 3176 3679 nondum
3231 3642 3288 3677 se
3332 3623 3641 3677 arbitratur

1938 3716 2462 3789 comprehendisse;
2497 3720 2552 3769 et
2570 3732 2699 3786 quae
2723 3718 2876 3768 retro
2908 3714 3141 3782 oblitus,
3172 3712 3232 3765 in
3256 3728 3323 3765 ea
3347 3728 3476 3782 quae
3509 3716 3638 3765 ante

1940 3812 2091 3872 sunt,
2118 3805 2442 3860 extenditur
2464 3806 2678 3875 (Philip.
2704 3822 2783 3873 ιιι,
2810 3804 2916 3874 13),
2936 3808 2992 3857 et
3010 3800 3333 3873 ingemiscit
3351 3805 3638 3871 gravatus,

1940 3900 1996 3951 et
2026 3895 2141 3949 sitit
2166 3894 2357 3948 anima
2402 3893 2525 3964 ejus
2568 3894 2635 3946 ad
2680 3894 2861 3947 Deum
2895 3892 3107 3957 vivum,
3153 3889 3640 3961 quemadmodum

1940 4000 2136 4038 cervus
2158 3983 2225 4037 ad
2254 3982 2439 4037 fontes
2467 3998 2768 4052 aquarum,
2803 3986 2859 4035 et
2890 3982 3026 4036 dicit
3053 3997 3065 4034 :
3105 3980 3342 4045 Quando
3378 3979 3643 4034 veniam?

1942 4072 2108 4143 (Psal.
2136 4088 2243 4137 xu,
2278 4074 2331 4131 2,
2362 4073 2413 4137 3)
2442 4070 2835 4125 habitaculum
2871 4086 3041 4125 suum
3084 4070 3237 4140 quod
3266 4070 3334 4124 de
3364 4070 3503 4123 cmlo
3535 4073 3639 4133 est,

1940 4160 2275 4232 superindui
2296 4161 2525 4231 cupiens
2552 4162 2627 4229 (II
2655 4162 2773 4216 Cor.
2800 4177 2854 4225 v,
2888 4159 2963 4228 ‘2),
2998 4162 3049 4211 et
3071 4156 3295 4211 invocat
3313 4155 3640 4209 inferiorem

1942 4251 2230 4320 abyssum,
2274 4249 2506 4303 dicens:
2554 4249 2732 4303 Nolite
2772 4249 3107 4314 conformari
3150 4248 3273 4298 huic
3308 4245 3517 4308 saeculo,
3549 4243 3644 4295 sed

1940 4340 2318 4403 reformamini
2340 4339 2395 4389 in
2416 4337 2653 4389 novitate
2673 4338 2869 4389 mentis
2896 4340 3084 4389 vestra:
3114 4336 3284 4399 (Rom.
3310 4348 3405 4390 xu,
3436 4332 3520 4397 2);
3554 4334 3638 4382 et:

1943 4427 2120 4482 Nolite
2141 4426 2301 4494 pueri
2325 4426 2457 4491 efﬁci
2494 4424 2759 4477 mentibus
2791 4428 2831 4489 ³,
2863 4423 2957 4477 sed
2979 4423 3187 4475 malitia
3212 4420 3435 4488 parvuli
3462 4422 3641 4483 estote,

1944 4519 2002 4567 ut
2040 4514 2303 4568 mentibus
2338 4515 2571 4582 perfecti
2606 4515 2730 4566 sitis
2773 4514 2817 4579 (Ι
2845 4514 2965 4568 Cor.
2999 4527 3111 4575 xiv,
3142 4511 3259 4573 20);
3293 4511 3385 4560 et:
3420 4506 3461 4561 Ο
3489 4506 3645 4559 stulti

1947 4602 2173 4670 Galatae,
2206 4604 2327 4671 quis
2358 4617 2448 4655 vos
2477 4603 2819 4668 fascinavit?
2851 4600 2989 4668 (Gal.
3020 4616 3097 4663 ιιι,
3138 4598 3213 4663 1.)
3244 4594 3349 4649 Sed
3374 4595 3493 4664 jam
3526 4609 3646 4647 non

1946 4693 2005 4746 in
2042 4708 2174 4746 voce
2207 4710 2338 4758 sua;
2372 4692 2431 4745 in
2461 4697 2560 4745 tua
2599 4691 2752 4745 enim
2796 4688 2894 4759 qui
2933 4686 3133 4741 misisti
3172 4685 3450 4755 Spiritum
3480 4688 3645 4738 tuum

1946 4782 2015 4837 de
2042 4781 2272 4835 excelsis
2306 4781 2453 4851 (Act.
2492 4797 2550 4846 ιι,
2573 4782 2646 4847 2),
2670 4794 2773 4847 per
2805 4793 2936 4829 eum
2966 4775 3066 4845 qui
3096 4774 3346 4827 ascendit
3378 4774 3435 4827 in
3468 4773 3645 4826 altum

1947 4870 2112 4941 (Psal.
2147 4887 2311 4935 van,
2348 4870 2455 4938 19),
2492 4873 2549 4921 et
2590 4866 2813 4936 aperuit
2847 4859 3152 4918 cataractas
3186 4863 3465 4916 donorum
3510 4876 3645 4914 suo-

1950 4961 2037 5008 tas
2052 4975 2070 5015 ;
2084 4958 2305 5020 alterum
2328 4970 2502 5020 porro,
2523 4968 2597 5003 an
2616 4958 2667 5002 in
2688 4954 2912 5020 singulis
2930 4952 3037 5020 ha‘c
3051 4951 3276 5020 tria,_ita
3294 4952 3360 5020 ut
3374 4954 3531 5020 terrui
3542 4947 3649 5017 sin-

1944 5009 2187 5082 gulorum
2203 5009 2669 5082 sint.‘Quanquam
2686 5009 2968 5082 apudAm.
2980 5018 3029 5063 et
3051 5014 3134 5082 Er.
3146 5013 3231 5082 psic
3253 5010 3497 5082 posthaec
3518 5009 3646 5082 legi-

1946 5070 2058 5132 tur:
2083 5087 2161 5129 An
2184 5070 2694 5141 utrorumque-miris
2718 5070 2884 5126 'modis
2919 5077 3237 5140 simpliciter
3252 5070 3302 5124 et
3324 5070 3646 5141 multiplici:

1951 5151 2027 5195 ter
2040 5140 2240 5206 inﬁnito
2256 5136 2549 5206 insensibili
2564 5144 2673 5206 sine
2695 5153 2795 5201 quo
2810 5147 2902 5189 est.
2928 5141 3004 5189 Ita
3024 5136 3233 5203 quoque
3246 5136 3385 5199 apud
3403 5136 3525 5182 Bad.
3545 5136 3646 5181 nisi

1947 5204 2470 5270 quod'habeturﬁﬂe,
2492 5217 2599 5251 non
2619 5205 2746 5270 sine.

2014 5272 2027 5303 ¹
2060 5270 2121 5316 In
2146 5258 2352 5315 Christo
2372 5258 2501 5315 Filio
2531 5279 2647 5323 suo,
2675 5266 2825 5328 juxta
2853 5263 3049 5313 Somm.
3078 5266 3128 5328 et
3155 5258 3325 5328 Rond.

2010 5333 2029 5366 2
2052 5329 2150 5378 Sed
2162 5332 2279 5391 jam
2306 5330 2358 5376 in
2382 5341 2533 5391 uoce.
2558 5319 2873 5391 juxt'aSom.
2902 5328 3050 5375 Mart.
3083 5324 3253 5373 Rond.
3283 5319 3388 5371 Sed
3402 5319 3525 5381 jam
3544 5329 3649 5366 non

1949 5398 2007 5443 in
2032 5390 2172 5451 vove,
2199 5391 2352 5452 juxta
2378 5390 2462 5437 Er.
2490 5390 2655 5452 Lugd.
2683 5390 2747 5437 Μ.

2011 5442 2171 5502 ³11158]
2188 5442 2471 5515 aliquotex
2492 5442 2729 5515 vetuustis,
2756 5446 2887 5515 eﬂici
2914 5449 3248 5515 sensibus.__-:-
3268 5445 3427 5515 Juxta
3448 5442 3646 5493 Somm.

1952 5522 2003 5567 et
2026 5515 2217 5571 Roud.,
2250 5506 2368 5564 d'ein
2399 5514 2610 5576 legitur,
2634 5506 2864 5567 sensibus
2880 5511 3107 5579 perfecti
3132 5507 3273 5559 sitis.
3306 5506 3373 5557 Μ.
