4062 6188
344 235 440 286 851
1545 228 1679 284 (1οΝ
1692 226 2090 283 FESSIONUM
2145 225 2201 282 S.
2244 224 2630 282 AUGUSTlNl

335 372 488 423 rum,
523 358 588 409 ut
617 352 872 408 fluminis
911 350 1163 422 impetus
1203 348 1517 404 lmtiﬁcaret
1559 347 1848 403 civitatem
1887 353 2047 402 tuam

338 425 502 515 (Ρεάι.
546 459 665 510 XLV,
715 441 787 511 5).
833 440 922 495 Illi
971 440 1126 494 enim
1157 438 1407 509 suspirat
1444 437 1639 507 sponsi
1675 437 1908 502 amicus,
1942 437 2048 490 ha-

334 536 476 590 bens
497 533 620 604 jam
652 530 889 600 spiritus
928 528 1217 600 primitias
1248 542 1424 598 penes
1456 542 1609 593 eum,
1642 527 1739 580 sed
1777 527 1958 580 adhuc
1987 525 2047 578 in

337 621 642 692 semetipso
692 618 1101 690 ingemiscens,
1160 616 1532 687 adoptionem
1581 619 1908 686 exspectans
1957 630 2044 667 rc-

341 710 737 781 demptionem
765 706 1025 776 corporis
1055 704 1144 760 sui
1177 706 1344 773 (Rom.
1375 721 1492 769 vui,
1520 704 1639 773 23):
1670 703 1754 757 illi
1781 703 2044 771 suspirat,

345 797 670 852 membrum
699 799 785 848 est
823 792 975 847 enim
1018 808 1270 862 sponsae;
1317 794 1374 845 et
1404 790 1488 844 illi
1523 791 1689 853 zelat,
1723 790 1938 844 amicus
1966 793 2049 842 est

339 886 494 940 enim
523 883 747 953 sponsi;
782 881 865 934 illi
888 881 1033 934 zelat
1059 896 1176 934 non
1197 879 1304 933 sibi
1362 879 1535 949 (Joan.
1572 895 1655 945 ιιι,
1691 880 1796 948 19),
1820 878 1955 949 quia
1987 878 2044 932 iu

341 990 474 1028 voce
521 975 934 1026 cataractarum
979 973 1232 1036 tuarum,
1275 983 1393 1022 non
1423 968 1484 1021 in
1515 983 1650 1021 voce
1696 984 1797 1020 sua
1829 967 2050 1020 invocat

343 1063 582 1116 alteram
633 1060 900 1129 abyssum
947 1059 1107 1128 (Psal.
1156 1074 1266 1123 XLI,
1306 1060 1384 1126 8),
1425 1057 1516 1110 cui
1546 1057 1735 1110 zelans
1765 1055 1946 1123 timet,
1977 1070 2048 1109 ne

347 1151 494 1204 sicut
523 1164 761 1219 serpens
793 1148 962 1201 Evam
995 1145 1218 1216 decepit
1253 1144 1464 1199 astutia
1502 1160 1623 1210 sua,
1657 1144 1735 1197 sic
1763 1147 1818 1197 et
1849 1159 2050 1197 eorum

347 1255 546 1293 sensus
583 1239 1029 1306 corrumpantur
1059 1251 1090 1287 a
1118 1233 1394 1298 castitate,
1441 1249 1570 1303 quae
1619 1237 1704 1286 est
1750 1232 1809 1285 in
1838 1247 2046 1304 sponso

345 1333 543 1382 nostro
583 1325 758 1379 Unico
799 1329 898 1378 tuo
943 1322 1014 1393 (II
1048 1323 1166 1378 Cor.
1198 1339 1259 1389 ιι,
1294 1323 1370 1391 3).
1422 1321 1559 1385 Quae
1596 1324 1680 1374 est
1712 1321 1809 1374 illa
1846 1319 2051 1390 speciei

343 1415 478 1470 lux?
510 1415 654 1470 Cum
689 1411 1007 1466 videbimus
1057 1426 1190 1464 eum
1239 1409 1404 1463 sicuti
1447 1413 1531 1462 est
1562 1408 1736 1477 (Joan.
1773 1425 1850 1473 Ill,
1883 1411 1964 1477 2),
1998 1413 2053 1462 et

348 1503 682 1558 transierint
721 1501 989 1571 lacrymse
1033 1515 1161 1570 quae
1203 1498 1347 1553 mihi
1380 1497 1546 1551 factae
1584 1501 1717 1550 sunt
1754 1495 1921 1566 panis
1959 1496 2052 1550 die

350 1608 415 1646 ac
441 1595 628 1657 nocte,
679 1591 816 1644 dum
863 1589 1072 1644 dicitur
1114 1587 1260 1643 mihi
1302 1587 1580 1658 quotidie,
1624 1585 1729 1640 Ubi
1773 1589 1857 1640 est
1904 1587 2053 1640 Deus

351 1679 524 1736 tuus?
556 1680 725 1747 (Psal.
759 1695 868 1745 XLI,
899 1680 980 1746 4.)
1469 1717 1475 1726 .

997 1765 1226 1819 CAPUT
1273 1764 1410 1819 XIV.

807 1853 940 1908 Fide
970 1856 1020 1906 et
1040 1867 1134 1921 spe
1163 1851 1588 1906 corroboramur.

421 1949 507 2001 15,
540 1945 607 1999 Et
632 1959 737 2014 ego
771 1942 929 1997 dico:
965 1941 1116 1994 Deus
1152 1955 1338 2008 meus,
1376 1938 1473 1993 ubi
1505 1939 1601 1992 es?
1630 1939 1765 1992 Ecce
1793 1938 1894 1993 ubi
1925 1942 2044 1994 es'.

352 2031 588 2103 Respiro
618 2031 679 2084 in
711 2035 762 2084 te
797 2028 1121 2098 paululum,
1164 2042 1295 2080 cum
1337 2027 1564 2080 eﬁ'undo
1600 2041 1771 2096 super
1808 2042 1901 2080 me
1929 2027 2054 2080 ani-

352 2137 508 2176 mam
528 2134 718 2173 meam
746 2117 808 2171 in
828 2133 964 2170 voce
995 2114 1392 2170 exsultationis
1422 2119 1480 2168 et
1505 2113 1897 2182 confessionis,
1929 2113 2055 2168 soni

350 2207 715 2266 festivitatem
747 2204 1084 2260 celebrantis
1115 2204 1278 2271 (Psal.
1310 2219 1417 2269 XLI,
1461 2203 1537 2270 5).
1578 2203 1645 2256 Et
1675 2202 1855 2256 adhuc
1880 2202 2055 2256 tristis

358 2301 463 2362 est,
495 2295 633 2366 quia
676 2292 955 2347 relabitur
985 2295 1041 2346 et
1068 2291 1130 2345 ﬁt
1177 2291 1440 2361 abyssus;
1490 2290 1578 2343 vel
1623 2289 1837 2360 potius,
1887 2290 2056 2344 sentit

356 2384 543 2438 adhuc
578 2397 635 2434 se
673 2395 793 2434 esse
831 2379 1117 2449 abyssum.
1163 2377 1310 2431 Dicit
1349 2376 1400 2430 ei
1427 2375 1567 2431 fides
1598 2393 1725 2430 mea
1759 2393 1931 2447 quam
1963 2393 2054 2431 ac-

353 2469 591 2526 cendisti
634 2469 694 2522 in
734 2472 896 2521 nocte
926 2469 1056 2519 ante
1100 2466 1274 2536 pedes
1323 2481 1516 2518 meos:
1560 2466 1736 2531 Quare
1773 2469 1949 2520 tristis
1979 2482 2052 2535 es,

357 2561 544 2614 anima
590 2573 726 2623 mea,
748 2561 798 2610 et
838 2570 1005 2624 quare
1043 2555 1330 2608 conturbas
1378 2558 1502 2608 me?
1551 2555 1723 2623 Spera
1746 2557 1802 2608 in
1832 2557 2055 2609 Domino

357 2649 528 2718 (Psal.
565 2661 692 2710 XLII,
743 2649 795 2709 5,
829 2646 918 2713 6);
953 2644 1186 2697 lucerna
1228 2641 1468 2712 pedibus
1512 2641 1624 2695 tuis
1665 2643 1901 2697 verbum
1935 2644 2055 2712 ejus

357 2736 521 2807 (Psal.
555 2750 738 2800 cxvm,
774 2736 917 2802 105).
950 2732 1124 2802 Spera
1155 2735 1212 2785 et
1238 2746 1559 2800 persevera,
1592 2730 1773 2784 donec
1807 2737 2058 2786 transeat

356 2841 470 2879 nox
513 2826 694 2877 mater
741 2820 1095 2891 iniquorum,
1146 2819 1326 2872 donec
1370 2823 1622 2872 transeat
1665 2819 1752 2873 ira
1807 2819 2052 2886 Domini,

358 2913 519 2983 cujus
546 2909 649 2965 ﬁlii
679 2913 735 2963 et
768 2926 874 2963 nos
902 2908 1116 2963 fuimus
1155 2906 1462 2977 aliquando
1503 2907 1774 2974 tenebrae,
1811 2924 2054 2979 quarum

356 2999 586 3054 residua
607 2995 886 3050 trahimus
909 2996 970 3049 in
995 3011 1234 3064 corpore
1255 2998 1491 3063 propter
1509 2999 1805 3063 peccatum
1827 3001 2056 3050 mortuo

363 3091 533 3151 (Rom.
578 3102 696 3150 vm,
743 3086 847 3150 10),
889 3084 1067 3138 donec
1110 3083 1324 3152 aspiret
1369 3081 1511 3150 dies,
1556 3086 1612 3135 et
1656 3088 2058 3137 removeantur

357 3175 580 3229 umbrae
613 3172 787 3242 (Cant.
822 3189 882 3236 ιι,
932 3172 1036 3238 17).
1068 3171 1244 3241 Spera
1270 3170 1332 3223 in
1380 3169 1662 3224 Domino:
1703 3186 1870 3225 mane
1911 3176 2056 3225 asta-

358 3263 435 3317 bo
456 3265 500 3327 ²,
541 3264 596 3314 et
633 3258 1099 3328 contemplabor;
1139 3273 1367 3327 semper
1403 3257 1714 3312 conﬁtebor
1754 3259 1857 3313 illi.
1899 3260 2058 3314 Mane

359 3349 573 3414 astabo,
599 3353 655 3401 et
677 3347 882 3401 videbo
908 3347 1074 3414 (Psal.
1098 3362 1152 3413 v,
1183 3346 1234 3416 5)
1263 3347 1507 3400 salutare
1538 3346 1727 3400 vultus
1747 3348 1862 3401 mei
1892 3348 2054 3418 (Psal.

361 3455 491 3506 XLII,
525 3437 600 3507 5),
635 3437 816 3490 Deum
859 3449 1054 3487 meum
1088 3433 1186 3504 qui
1215 3432 1524 3487 viviﬁcabit
1553 3438 1610 3487 et
1646 3436 1909 3490 mortalia
1936 3454 2057 3491 cor-

360 3541 502 3598 pora
546 3529 762 3591 nostra,
815 3527 1052 3594 propter
1101 3522 1377 3593 Spiritum
1422 3522 1522 3593 qui
1561 3523 1778 3578 habitat
1809 3525 1868 3578 in
1897 3526 2059 3580 nobis

365 3615 535 3686 (Rom.
567 3630 680 3675 VIII,
720 3616 808 3680 11)
833 3628 846 3677 ;
877 3611 1012 3682 quia
1043 3627 1215 3681 super
1243 3609 1484 3665 interius
1515 3617 1776 3666 nostrum
1801 3614 2062 3668 tenebro-

363 3718 490 3757 sum
520 3706 577 3756 et
613 3701 858 3756 ﬂuidum
890 3699 1337 3754 misericorditer
1377 3699 1860 3769 superferebatur.
1902 3701 2060 3756 Unde

360 3791 424 3845 in
444 3791 546 3843 hac
567 3788 1033 3858 peregrinatione
1064 3789 1272 3858 pignus
1292 3789 1614 3858 accepimus
1636 3790 1714 3858 (ΙΙ
1735 3791 1852 3847 Cor.
1888 3809 1925 3858 ι,
1947 3795 2057 3858 22),

363 3883 426 3930 ut
448 3878 569 3947 jam
602 3877 780 3930 simus
808 3877 906 3930 lux
946 3877 1160 3944 (Ephes.
1202 3892 1257 3944 v,
1298 3879 1373 3945 8),
1411 3877 1549 3932 dum
1581 3878 1764 3933 adhuc
1792 3895 1891 3950 spe
1923 3880 2059 3934 salvi

362 3964 496 4019 facti
529 3980 727 4017 sumus
771 3962 941 4030 (Rom.
972 3980 1087 4030 vui,
1121 3963 1232 4032 24),
1265 3969 1320 4017 et
1352 3964 1456 4018 ﬁlii
1495 3967 1656 4033 lucis,
1702 3971 1756 4020 et
1788 3968 1894 4022 ﬁlii
1925 3968 2057 4036 diei,

366 4068 482 4107 non
512 4051 614 4106 tilii
644 4049 823 4104 noctis
853 4066 1040 4121 neque
1065 4052 1426 4106 tenebrarum
1455 4053 1498 4124 (Ι
1522 4056 1700 4109 Thess.
1726 4073 1778 4124 v,
1802 4060 1873 4126 5),
1906 4057 2061 4128 quod

365 4147 560 4194 tamen
589 4139 831 4194 fuimus.
863 4140 1018 4194 Inter
1041 4156 1184 4210 quos
1211 4144 1264 4193 et
1289 4156 1391 4194 nos
1410 4140 1472 4194 in
1501 4141 1607 4196 isto
1638 4144 1823 4198 adhuc
1846 4145 2062 4199 incerto

364 4228 633 4283 humanae
675 4227 913 4295 notitiae,
959 4233 1024 4280 tu
1055 4228 1207 4281 solus
1247 4227 1472 4295 dividis,
1503 4231 1601 4300 qui
1639 4232 1845 4301 probas
1894 4234 2064 4288 corda

367 4322 580 4382 nostra,
641 4321 696 4370 et
745 4332 911 4370 vocas
955 4317 1143 4370 lucem
1194 4316 1367 4386 diem,
1422 4324 1479 4372 et
1525 4321 1788 4375 tenebras
1836 4328 2064 4378 noctem

368 4407 522 4472 (Gen.
554 4424 591 4473 ι,
620 4405 694 4475 5).
728 4404 863 4469 Quis
893 4403 1049 4459 enim
1079 4421 1180 4458 nos
1207 4404 1494 4476 discernit,
1524 4407 1634 4462 nisi
1663 4409 1765 4462 tu?
1794 4411 1931 4481 quid
1962 4428 2062 4465 au-

366 4499 485 4547 tem
514 4495 790 4548 habemus
834 4493 986 4564 quod
1017 4509 1132 4548 non
1157 4495 1477 4564 accepimus
1507 4513 1540 4550 a
1567 4501 1622 4551 te
1659 4498 1702 4568 (Ι
1731 4500 1848 4556 Cor.
1884 4517 1956 4566 ιν,
1980 4500 2058 4568 7),

367 4597 434 4636 ex
463 4581 662 4636 eadem
695 4597 878 4635 massa
896 4597 1030 4635 vasa
1048 4581 1109 4635 in
1138 4581 1433 4650 honorem,
1469 4601 1534 4639 ex
1563 4601 1677 4657 qua
1707 4591 1838 4641 sunt
1867 4591 1924 4641 et
1952 4587 2064 4641 alia

371 4667 516 4722 facta
543 4667 605 4722 in
634 4668 1079 4723 contumeliam?
1111 4669 1284 4738 (Rom.
1319 4687 1392 4737 1x,
1425 4674 1532 4741 21.)

1030 4777 1254 4830 CAPUT
1291 4779 1397 4831 XV.

371 4861 492 4917 Fiat
514 4861 963 4929 ﬁrmamentum,
987 4866 1086 4916 etc.
1109 4902 1123 4928 ,
1147 4863 1277 4918 Gen.
1315 4866 1366 4932 1,
1393 4865 1446 4918 6.
1477 4863 1620 4930 Quid
1644 4868 2060 4937 ﬁrmamentum,

874 4951 1010 5019 quid
1047 4954 1344 5020 superiores
1383 4966 1552 5020 aquae.

444 5041 526 5093 16.
561 5040 675 5092 Aut
701 5037 848 5110 quis,
881 5038 994 5092 nisi
1023 5043 1104 5106 tu,
1139 5040 1288 5093 Deus
1319 5044 1530 5104 noster,
1563 5039 1743 5095 fecisti
1771 5041 1933 5097 nobis
1960 5046 2064 5112 ﬁr-

367 5131 694 5181 mamentum
728 5127 1076 5180 auctoritatis
1115 5143 1285 5197 super
1315 5144 1419 5181 nos
1447 5128 1506 5181 in
1537 5128 1827 5200 Scriptura
1854 5135 1952 5185 tua
1977 5132 2062 5186 di-

369 5215 538 5269 vina?
577 5214 796 5270 Ccelum
837 5213 990 5267 enim
1027 5214 1330 5284 plicabitur
1357 5219 1422 5269 ut
1455 5215 1600 5271 liber
1627 5217 1777 5290 (Isai.
1805 5235 1952 5287 χχιιι,
1986 5220 2058 5290 4).

434 5342 450 5374 ι
476 5338 516 5387 Α
556 5339 628 5386 ud
651 5339 776 5388 Lov.
803 5336 1062 5385 omittitur
1083 5351 1198 5389 ecce
1219 5339 1308 5388 ubi
1341 5353 1411 5388 es.

431 5402 453 5435 ³
477 5354 613 5450 ΕΕΙῐὶ
644 5414 765 5450 cum
793 5399 1068 5448 nonnullis
1116 5402 1257 5450 Mss.
1288 5414 1411 5450 man

411 5402 453 5447 ,³
477 5399 613 5450 Editi
644 5414 765 5450 cum
793 5399 1068 5462 nonnullis
1116 5402 1257 5462 Mss,
1288 5414 1445 5454 mam
1471 5404 1649 5455 astabo
1677 5403 1792 5457 tibi.
1828 5405 1893 5456 At
1921 5406 2066 5454 abest

374 5462 465 5513 tibi
497 5462 790 5512 verioribus
819 5461 1106 5512 codicibus.

3760 225 3865 276 852

2159 351 2215 402 et
2243 363 2396 402 nunc
2425 346 2568 400 sicut
2588 346 2753 418 pellis
2773 346 3094 400 extenditur
3116 360 3288 416 super
3313 359 3418 399 nos
3439 346 3607 412 (Psal.
3641 360 3754 408 CIII,
3783 342 3869 412 2)‘

2159 435 2516 491 Sublimioris
2542 435 2697 489 enim
2720 434 3074 490 auctoritatis
3095 438 3178 488 est
3206 440 3306 489 tua
3330 433 3520 488 divina
3545 433 3864 504 Scriptura,

2159 541 2289 580 cum
2306 525 2427 595 jam
2447 523 2715 580 obierunt
2735 524 2902 578 istam
2922 523 3259 577 mortemilli
3278 523 3567 588 mortales,
3591 538 3698 593 per
3722 537 3868 592 quos

2159 630 2286 668 eam
2333 613 2671 683 dispensasti
2720 612 2902 666 nobis.
2954 615 3019 666 Et
3061 615 3124 666 tu
3160 612 3287 678 scis,
3336 611 3598 680 Domine,
3650 614 3718 663 tu
3761 609 3869 663 scis

2161 701 2642 772 quemadmodum
2674 701 2918 771 pellibus
2946 700 3201 754 indueris
3241 699 3521 764 homines,
3564 714 3694 752 cum
3731 714 3866 767 pec-

2159 795 2282 845 cato
2312 790 2578 843 mortales
2607 789 2811 843 tierent
2841 791 2990 861 (Gen.
3027 805 3106 854 ιιι,
3140 789 3248 857 21).
3282 788 3441 842 Unde
3471 787 3618 841 sicut
3651 787 3867 858 pellem

2161 878 2462 932 extendisti
2499 878 2926 932 ﬁrmamentum
2963 876 3117 931 Libri
3157 877 3261 942 tui,
3305 876 3611 930 concordes
3657 875 3867 945 utique

2161 983 2449 1021 sermones
2476 971 2621 1031 tuos,
2661 982 2804 1037 quos
2833 982 2934 1037 per
2974 965 3307 1020 mortalium
3346 964 3738 1019 ministerium
3771 980 3868 1017 su-

2157 1054 2509 1126 perposuisti
2540 1054 2723 1110 nobis.
2753 1056 3009 1125 Namque
3040 1055 3163 1124 ipsa
3189 1069 3391 1107 eorum
3419 1058 3622 1118 morte,
3657 1054 3872 1108 solida-

2161 1147 2421 1197 mentum
2465 1142 2816 1196 auctoritatis
2861 1142 2921 1196 in
2963 1141 3204 1213 eloquiis
3249 1141 3364 1197 tuis
3399 1157 3503 1211 per
3548 1155 3647 1194 eos
3691 1140 3869 1194 editis

2161 1232 2482 1286 sublimiter
2513 1231 2838 1286 extenditur
2869 1248 3038 1302 super
3080 1230 3274 1285 omnia
3304 1247 3432 1301 quae
3465 1229 3661 1283 subter
3689 1235 3828 1283 sunt
3854 1247 3867 1282 :

2163 1320 2316 1391 quod
2350 1337 2480 1373 cum
2510 1320 2600 1373 hic
2637 1320 2911 1387 viverent,
2945 1337 3061 1373 non
3099 1320 3178 1373 ita
3217 1318 3538 1373 sublimiter
3567 1322 3870 1372 extentum

2163 1415 2302 1464 erat.
2324 1409 2588 1462 Nondum
2611 1408 2757 1463 sicut
2774 1409 2982 1479 pellem
3004 1410 3208 1463 coelum
3231 1408 3581 1473 extenderas,
3602 1408 3872 1461 nondum

2163 1498 2366 1552 mortis
2393 1513 2592 1550 eorum
2620 1497 2831 1550 famam
2862 1513 3274 1568 usquequaque
3297 1497 3654 1551 dilataveras.

2238 1590 2321 1639 t7.
2388 1585 2710 1651 Videamus,
2772 1586 3025 1651 Domine,
3076 1587 3246 1639 coelos
3301 1602 3477 1656 opera
3541 1585 3868 1656 digitorum

2163 1678 2424 1740 tuorum;
2471 1674 2760 1727 disserena
2803 1674 2981 1729 oculis
3030 1674 3239 1728 nostris
3285 1674 3547 1729 nubilum
3581 1690 3695 1744 quo
3728 1673 3872 1726 sub-

2165 1762 2350 1815 texisti
2371 1777 2486 1815 eos.
2513 1761 2598 1814 lbi
2617 1765 2702 1815 est
2719 1757 3115 1816 testimonium
3140 1767 3328 1826 tuum,
3363 1762 3699 1834 sapientiam
3723 1778 3877 1831 prae-

2165 1855 2318 1904 stans
2365 1850 2616 1921 parvulis
2664 1849 2831 1922 (Psal.
2881 1869 3035 1919 xvlu,
3073 1852 3148 1922 8).
3202 1852 3433 1917 Perﬁce,
3486 1852 3636 1904 Deus
3681 1866 3871 1912 meus,

2166 1939 2392 1994 laudem
2431 1943 2590 1993 tuam
2632 1954 2700 1993 ex
2733 1955 2829 1993 ore
2867 1940 3175 1994 infantium
3207 1943 3262 1995 et
3282 1939 3632 1994 laetantium.
3668 1939 3873 2009 Neque

2167 2029 2317 2082 enim
2347 2028 2609 2082 novimus
2636 2028 2772 2082 alios
2801 2028 2975 2082 libros
3007 2029 3088 2084 ita
3129 2030 3483 2084 destruentes
3512 2026 3873 2098 superbiam,

2167 2117 2244 2171 ita
2273 2117 2627 2172 destruentes
2657 2117 2954 2172 inimicum
2990 2123 3046 2172 et
3074 2118 3431 2187 defensorem
3463 2119 3630 2186 (Psal.
3665 2133 3786 2180 vm,
3819 2119 3874 2184 4,

2168 2205 2241 2275 3),
2270 2206 2628 2260 resistentem
2666 2207 3117 2261 reconciliationi
3163 2213 3277 2261 tua:
3326 2205 3682 2261 defendendo
3725 2220 3875 2274 pec-

2166 2299 2291 2349 cata
2319 2311 2440 2349 sua.
2475 2296 2602 2349 Non
2632 2295 2782 2362 novi,
2827 2295 3088 2364 Domine,
3127 2312 3246 2349 non
3273 2295 3408 2349 novi
3432 2295 3539 2348 alia
3566 2299 3681 2347 tam
3715 2297 3878 2346 casta

2167 2383 2416 2455 eloquia,
2443 2400 2570 2454 qua:
2610 2383 2687 2438 sic
2716 2384 2860 2438 mihi
2895 2367 3305 2454 persuaderent
3335 2382 3784 2445 confessionem,
3820 2385 3878 2433 et

2165 2472 2411 2526 lenirent
2438 2472 2712 2526 cervicem
2737 2473 3082 2543 meamjugo
3109 2479 3232 2532 tuo,
3265 2477 3321 2525 et
3340 2470 3648 2524 invitarent
3678 2471 3872 2523 colere

2166 2565 2220 2614 te
2252 2561 2446 2629 gratis.
2475 2561 2797 2631 Intelligam
2830 2577 2916 2627 ea,
2938 2563 3102 2614 Pater
3131 2562 3306 2626 bone,
3333 2559 3404 2613 da
3423 2559 3567 2613 mihi
3589 2559 3713 2613 haec
3735 2557 3874 2611 sub-

2169 2649 2461 2718 terposito,
2489 2647 2623 2719 quia
2652 2649 3044 2718 subterpositis
3075 2648 3331 2703 solidasti
3361 2664 3443 2702 ea.

2243 2741 2325 2794 18.
2361 2738 2504 2792 Sunt
2541 2737 2664 2792 aliae
2693 2754 2849 2808 aqua:
2877 2754 3038 2808 super
3074 2738 3182 2791 hoc
3206 2738 3630 2807 ﬁrmamentum,
3676 2738 3871 2803 credo,

2166 2825 2540 2892 immortales,
2568 2830 2625 2878 et
2653 2842 2686 2879 a
2721 2831 2949 2880 terrena
2996 2826 3360 2896 corruptione
3413 2830 3670 2879 secretae.
3724 2826 3876 2878 Lau-

2169 2913 2304 2967 dent
2345 2929 2557 2967 nomen
2606 2918 2791 2980 tuum,
2829 2914 3065 2968 laudent
3109 2920 3162 2967 te
3194 2913 3622 2983 supercoelestes
3671 2915 3878 2983 populi

2168 3003 2518 3072 Angelorum
2547 3007 2798 3069 tuorum,
2831 3004 2932 3074 qui
2960 3019 3074 3056 non
3105 3019 3251 3072 opus
3285 3002 3500 3056 habent
3532 3003 3831 3072 suspicere
3854 2996 3874 3030 ⁴

2171 3091 2597 3145 ﬁrmamentum
2655 3092 2781 3158 hoc,
2837 3099 2892 3145 et
2949 3090 3191 3161 legendo
3235 3105 3578 3160 cognoscere
3631 3091 3876 3145 verbum

2171 3183 2355 3232 tuum.
2382 3179 2582 3232 Vident
2601 3178 2755 3233 enim
2783 3180 2982 3233 faciem
3014 3183 3172 3233 tuam
3201 3195 3428 3249 semper
3458 3180 3689 3247 (Matth.
3717 3196 3874 3239 xvm,

2175 3269 2281 3336 10),
2311 3272 2366 3321 et
2395 3267 2476 3322 ibi
2515 3269 2711 3338 legunt
2751 3268 2872 3322 sine
2914 3269 3143 3338 syllabis
3190 3273 3536 3339 temporum,
3569 3269 3714 3339 quid
3744 3270 3877 3323 velit

2171 3360 2383 3410 aeterna
2410 3357 2672 3411 voluntas
2693 3361 2808 3412 tua.
2836 3359 3072 3427 Legunt,
3097 3357 3326 3427 eligunt
3341 3361 3398 3410 et
3419 3356 3704 3426 diligunt;
3729 3374 3876 3411 sem-

2169 3460 2274 3514 per
2300 3445 2518 3514 legunt,
2559 3449 2616 3498 et
2662 3459 2960 3516 nunquam
3002 3446 3258 3515 praeterit
3304 3445 3454 3515 quod
3506 3446 3731 3515 legunt.
3776 3447 3879 3500 Eli-

2171 3529 2356 3602 gendo
2388 3531 2542 3585 enim
2569 3536 2625 3586 et
2663 3533 2954 3602 diligendo
2985 3533 3185 3604 legunt
3213 3533 3394 3604 ipsam
3425 3533 3874 3589 incommutabi-

2171 3619 2390 3673 litatem
2430 3619 2648 3674 consilii
2685 3619 2788 3674 tui.
2834 3620 2956 3674 Non
2994 3620 3276 3674 clauditur
3301 3622 3477 3675 codex
3508 3638 3742 3689 eorum,
3778 3640 3877 3678 nec

2170 3707 2414 3778 plicatur
2445 3707 2588 3761 liber
2617 3724 2846 3774 eorum;
2875 3707 3010 3780 quia
3030 3712 3089 3762 tu
3120 3708 3242 3779 ipse
3273 3709 3385 3763 illis
3405 3710 3511 3764 hoc
3533 3727 3613 3775 es,
3651 3717 3710 3766 et
3741 3729 3801 3766 es
3823 3713 3874 3764 in

2173 3800 2452 3849 aeternum
2478 3813 2490 3850 :
2518 3797 2652 3866 quia
2668 3813 2840 3867 super
2861 3797 2968 3851 hoc
2989 3797 3417 3852 ﬁrmamentum
3445 3799 3732 3853 ordinasti
3759 3818 3873 3864 eos,

2173 3885 2322 3956 quod
2347 3883 2371 3917 ²
2399 3884 2640 3938 ﬁrmasti
2669 3901 2841 3955 super
2878 3885 3273 3940 inﬁrmitatem
3305 3886 3649 3942 inferiorum
3689 3905 3874 3959 popu-

2173 3975 2382 4040 lorum,
2409 3973 2508 4027 ubi
2528 3973 2878 4044 suspicerent
2899 3979 2954 4028 et
2976 3980 3382 4045 cognoscerent
3414 3975 3875 4030 misericordiam

2171 4068 2348 4128 tuam,
2387 4062 2782 4132 temporaliter
2818 4063 3210 4118 enuntiantem
3254 4069 3329 4130 te,
3366 4065 3462 4135 qui
3504 4065 3689 4119 fecisti
3733 4070 3875 4119 tem-

2173 4167 2331 4224 pora.
2364 4155 2429 4208 In
2457 4151 2597 4205 caelo
2628 4152 2803 4219 enim,
2837 4152 3096 4219 Domine,
3129 4153 3519 4207 misericordia
3549 4159 3669 4220 tua,
3705 4159 3766 4208 et
3790 4170 3876 4207 ve-

2172 4243 2311 4297 ritas
2338 4249 2436 4299 tua
2460 4258 2643 4314 usque
2673 4242 2746 4296 ad
2791 4241 2974 4295 nubes
3017 4242 3188 4310 (Psal.
3233 4257 3392 4308 xxxv,
3439 4245 3518 4315 6).
3553 4243 3878 4297 Transeunt

2171 4333 2370 4400 nubes,
2404 4333 2611 4386 caelum
2653 4335 2844 4385 autem
2875 4335 3086 4384 manet.
3116 4332 3434 4385 Transeunt
3467 4332 3878 4402 praedicatores

2173 4421 2332 4476 verbi
2363 4420 2449 4474 tui
2477 4436 2542 4474 ex
2573 4420 2679 4474 hac
2710 4419 2825 4474 vita
2863 4418 2922 4472 in
2952 4419 3122 4473 aliam
3159 4420 3370 4488 vitam;
3405 4421 3698 4492 Scriptura
3741 4438 3878 4476 vero

2174 4515 2269 4565 tua
2291 4526 2470 4582 usque
2502 4509 2560 4563 in
2591 4508 2767 4563 ﬁnem
2797 4507 2986 4562 saeculi
3017 4524 3188 4580 super
3224 4510 3470 4580 populos
3509 4510 3866 4565 extenditur.

2173 4599 2282 4654 Sed
2308 4604 2364 4653 et
2392 4598 2599 4652 emtum
2645 4600 2700 4652 et
2743 4602 2896 4653 terra
2939 4597 3300 4665 transibunt;
3348 4614 3640 4653 sermones
3677 4605 3878 4654 autem

2174 4687 2258 4742 tui
2296 4704 2414 4742 non
2452 4687 2779 4741 transibunt
2841 4688 3053 4756 (Matth.
3109 4703 3257 4755 xxxv,
3314 4689 3439 4756 35):
3491 4687 3773 4759 quoniam
3828 4695 3879 4742 et

2173 4776 2338 4848 pellis
2390 4775 2711 4847 plicabitur,
2761 4779 2817 4830 et
2862 4776 3059 4831 fenum
3109 4792 3284 4847 super
3324 4776 3477 4846 quod
3523 4777 3875 4832 extendeba-

2174 4869 2287 4930 tur,
2311 4880 2441 4919 cum
2458 4864 2712 4918 claritate
2743 4880 2845 4918 sua
2869 4863 3185 4934 praeteriet;
3217 4865 3456 4918 verbum
3484 4871 3679 4920 autem
3707 4874 3874 4919 tuum

2174 4956 2366 5006 manet
2402 4952 2461 5006 in
2502 4956 2781 5006 aeternum
2815 4952 2978 5023 (Isai.
3014 4968 3105 5019 XL,
3148 4953 3227 5020 6);
3271 4953 3425 5024 quod
3454 4970 3602 5007 nunc
3635 4954 3694 5007 in
3722 4954 3874 5008 aeni—

2175 5045 2368 5112 gmate
2397 5041 2640 5094 nubium
2687 5045 2744 5095 et
2769 5057 2871 5110 per
2891 5042 3184 5112 speculum
3213 5040 3342 5096 coeli
3373 5042 3413 5110 (Ι
3453 5043 3572 5098 Cor.
3603 5059 3722 5106 xm,
3763 5044 3872 5112 1‘2).

2174 5147 2291 5185 non
2331 5129 2496 5184 sicuti
2540 5133 2622 5183 est
2674 5134 2910 5201 apparet
2940 5129 3143 5196 nobis;
3180 5129 3318 5201 quia
3359 5133 3415 5184 et
3463 5146 3566 5184 nos
3611 5131 3875 5202 quamvis

2239 5222 2252 5254 ι
2285 5219 2408 5267 Lov.
2437 5232 2556 5282 cum
2569 5218 2954 5281 antiquioribus
2974 5218 3308 5274 editionibus,
3324 5220 3592 5282 suscipere
3603 5236 3622 5277 ,-
3644 5220 3874 5282 etpaulo

2211 5281 2714 5351 ost.susc_iperentet
2741 5283 3112 5351 cognoscerent
3127 5281 3552 5351 misericordiam
3580 5281 3747 5351 tuam.
3769 5281 3872 5329 Sed

2173 5297 2714 5392 {)OStJusupereluﬂ
2741 5297 3111 5341 cognoscerem
3127 5297 3552 5330 nuserworamm
3580 5297 3747 5329 ruam.
3769 5297 3870 5329 aea

2196 5344 2340 5405 iquet
2360 5343 2628 5392 meliorem
2648 5356 2761 5391 esse
2778 5344 2898 5391 Mss.
2921 5342 3224 5398 lectionem,
3245 5355 3404 5404 quam
3421 5342 3474 5390 in
3492 5346 3638 5391 textu
3663 5343 3870 5391 damus.

2236 5407 2256 5440 ²
2274 5405 2417 5464 Lov.,
2451 5417 2600 5467 quos,
2629 5405 2679 5452 in
2705 5408 2880 5465 textu;
2903 5408 2954 5453 et
2982 5405 3058 5467 ad,
3071 5405 3385 5464 marginem.
3405 5406 3577 5467 quod:
3607 5405 3706 5453 hoc
3735 5419 3872 5467 prae-

2175 5467 2308 5518 ferre
2337 5466 2511 5517 visum
2531 5472 2626 5530 est,
2658 5467 2884 5517 maxime
2905 5480 3026 5517 cum
3048 5466 3254 5531 legatur
3277 5467 3334 5516 in
3362 5467 3493 5516 Edd.
3520 5467 3635 5516 aliis
3664 5471 3715 5516 et
3739 5466 3868 5516 Mss.
