4022 6176
94 273 232 325 853

93 389 268 445 Filio
297 393 396 445 tuo
424 388 617 445 dilecti
636 388 1385 462 simus,nondumapparuit
1411 392 1566 464 quod
1586 392 1817 447 erimus.

81 477 376 533 Attendit
403 493 508 549 per
535 477 680 532 retia
708 477 913 544 carnis,
946 482 1002 533 et
1048 478 1333 533 blanditus
1372 485 1478 549 est,
1510 486 1567 535 et
1594 480 1821 536 inﬂam-

82 567 317 633 mavit,
349 570 405 621 et
435 566 792 621 cucurrimus
822 571 948 637 post
976 568 1210 622 odorem
1244 569 1384 638 ejus.
1420 569 1530 623 Sed
1558 585 1687 624 cum
1721 587 1821 640 ap-

78 654 395 725 paruerit,
427 654 643 708 similes
672 655 725 709 ei
758 655 993 723 erimus,
1027 656 1300 725 quoniam
1328 657 1650 712 videbimus
1687 675 1821 712 eum

81 743 287 798 sicuti
315 748 402 799 est
429 743 473 814 (Ι
523 746 679 798 Joan.
738 760 816 811 ιιι,
848 742 937 814 2):
992 745 1156 799 sicuti
1203 749 1306 813 est,
1338 745 1599 814 Domine,
1631 745 1821 800 videre

79 837 400 899 nostrum,
432 831 589 903 quod
619 831 874 886 nondum
901 836 985 886 est
1010 832 1177 886 nobis
1208 831 1252 888 ί.

770 920 995 976 CAPUT
1033 922 1168 975 XVI.

400 1008 559 1063 Solus
600 1010 740 1063 Deus
769 1023 823 1063 se
854 1011 958 1064 scit
986 1011 1199 1065 omnino
1227 1011 1394 1066 sicuti
1420 1016 1524 1065 est.

186 1099 279 1151 19.
313 1097 453 1151 Nam
481 1095 626 1150 sicut
655 1096 889 1150 omnino
916 1101 976 1151 tu
1011 1113 1090 1163 es,
1123 1101 1189 1151 tu
1226 1097 1332 1151 scis
1380 1098 1550 1161 solus,
1609 1098 1708 1168 qui
1759 1114 1819 1152 es

83 1183 684 1249 incommutabiliter,
718 1188 773 1238 et
799 1184 905 1245 scis
936 1184 1496 1253 incommutabiliter,
1536 1188 1592 1239 et
1618 1185 1700 1239 vis
1728 1185 1816 1239 in-

83 1270 621 1325 commutabiliter.
656 1272 719 1325 Et
743 1270 988 1326 essentia
1014 1276 1112 1326 tua
1143 1271 1246 1326 scit
1273 1278 1331 1326 et
1352 1274 1470 1327 vult
1498 1273 1818 1326 incommu-

84 1358 388 1426 tabiliter,
413 1364 469 1413 et
494 1358 727 1413 scientia
751 1363 849 1413 tua
869 1363 952 1414 est
971 1360 1737 1427 etvultincommutabiliter,
1762 1363 1819 1413 et

84 1447 383 1501 voluntas
413 1451 512 1500 tua
544 1451 627 1502 est
652 1451 709 1502 et
737 1447 841 1502 scit
865 1447 1429 1505 incommutabiliter.
1462 1449 1572 1503 Nec
1593 1448 1820 1502 videtur

75 1536 332 1606 justum
345 1551 467 1589 esse
496 1551 687 1590 coram
720 1539 793 1602 te,
822 1539 887 1590 ut
908 1536 1395 1606 quemadmodum
1413 1553 1470 1590 se
1491 1536 1595 1589 scit
1622 1536 1818 1590 lumen

88 1622 605 1689 incommutabile,
633 1623 714 1678 ita
734 1622 945 1677 sciatur
973 1623 1043 1677 ab
1065 1623 1388 1679 illuminato
1405 1624 1814 1678 commutabili.

88 1712 365 1783 Ideoque
396 1712 588 1766 anima
611 1728 741 1766 mea
759 1716 1030 1783 tanquam
1045 1716 1197 1766 terra
1224 1712 1345 1767 sine
1358 1729 1508 1785 aqua
1525 1713 1630 1767 tibi
1648 1713 1815 1783 (Psal.

90 1816 278 1865 CXLII,
314 1799 366 1870 6)
392 1800 565 1871 ;quia
585 1799 726 1853 sicut
756 1816 814 1853 se
836 1799 1162 1855 illuminare
1191 1800 1330 1854 dese
1356 1817 1470 1855 non
1491 1805 1677 1871 potest
1701 1820 1716 1869 ;
1737 1800 1817 1854 ita

90 1906 167 1942 se
202 1887 414 1943 satiare
450 1888 529 1964 .de
569 1905 626 1942 se
659 1905 776 1942 non
803 1893 1014 1958 potest.
1074 1889 1163 1943 Sic
1206 1889 1362 1943 enim
1393 1889 1543 1959 apud
1592 1893 1646 1942 te
1690 1889 1818 1942 fons

87 1977 269 2044 vitae,
304 1976 591 2048 quomodo
621 1976 682 2031 in
707 1975 929 2031 lumine
959 1981 1056 2030 tuo
1076 1976 1398 2032 videbimus
1420 1978 1615 2030 lumen
1647 1976 1813 2048 (Psal.

89 2082 279 2133 xxxv,
327 2065 432 2135 10).

754 2153 979 2208 CAPUT
1008 2153 1167 2207 XVII.

94 2243 549 2313 Congregentur
578 2256 745 2312 aqum
768 2245 891 2307 etc.,
939 2241 1068 2296 Gen.
1106 2242 1156 2307 1,
1207 2242 1257 2294 9.
1305 2239 1448 2305 Quid
1484 2254 1653 2310 mare,
1684 2239 1819 2310 quid

255 2330 442 2384 arida.
471 2330 800 2399 Explicatur
835 2329 870 2395 Ῡ
906 2331 963 2384 11
998 2345 1010 2382 :
1046 2327 1339 2384 Germinet
1366 2333 1539 2392 terra,
1574 2333 1671 2383 etc.

179 2420 272 2490 20.
317 2417 454 2482 Quis
519 2417 889 2488 congregavit
948 2416 1325 2471 amaricantes
1378 2415 1438 2469 in
1495 2415 1819 2470 societatem

100 2523 292 2561 unam
314 2506 341 2560 Τ
373 2504 529 2560 Idem
560 2521 810 2578 namque
840 2505 952 2560 illis
981 2504 1114 2559 linis
1140 2509 1224 2559 est
1252 2504 1586 2575 temporalis
1628 2508 1684 2559 et
1711 2509 1821 2559 ter-

102 2611 270 2650 renas
300 2593 609 2661 felicitatis,
633 2597 865 2665 propter
886 2608 1058 2665 quam
1086 2592 1508 2647 faciuntomnia
1525 2608 1539 2659 ;
1556 2594 1816 2663 quamvis

99 2681 528 2738 innumerabili
554 2681 828 2735 varietate
857 2695 1124 2735 curarum
1172 2681 1468 2735 ﬂuctuant.
1501 2680 1659 2744 Quis,
1702 2681 1815 2734 Do-

101 2769 293 2836 mine,
332 2768 445 2823 nisi
473 2771 539 2822 tu
575 2767 675 2838 qui
705 2766 897 2821 dixisti
925 2772 991 2821 ut
1036 2771 1517 2839 congregarentur
1564 2782 1728 2838 aqua:
1757 2766 1818 2820 in

97 2854 616 2929 congregationem
636 2859 896 2923 unam,et
910 2860 1215 2926 appareret
1230 2854 1409 2924 arida,
1444 2854 1643 2909 sitiens
1666 2854 1818 2909 tibi?

100 2946 395 3014 Quoniam
426 2950 593 3000 tuum
613 2948 698 2999 est
741 2950 799 2999 et
827 2959 1004 3011 mare,
1037 2948 1093 2998 et
1122 2948 1188 2998 tu
1215 2943 1400 2998 fecisti
1427 2942 1590 3009 illud,
1622 2947 1679 2996 et
1707 2942 1817 2997 ari-

106 3037 248 3091 dam
278 3039 491 3090 terram
520 3048 725 3088 manus
754 3035 869 3087 tum
906 3033 1300 3087 formaverunt
1329 3032 1497 3101 (Psal.
1538 3046 1689 3097 χειν,
1722 3032 1774 3102 5)
1802 3051 1817 3099 ;

104 3139 305 3197 neque
342 3123 497 3179 enim
537 3120 860 3177 amaritudo
889 3121 1271 3186 voluntatum,
1305 3119 1404 3173 sed
1450 3118 1816 3197 congregatio

104 3195 401 3286 aquarum
426 3215 661 3267 vocatur
682 3225 860 3264 mare.
889 3210 975 3264 Tu
998 3208 1153 3263 enim
1183 3223 1408 3263 coerces
1436 3207 1610 3262 etiam
1639 3195 1817 3261 malas

107 3301 456 3374 cupiditates
486 3299 833 3363 animarum,
869 3302 926 3353 et
952 3297 1083 3369 ﬁgis
1113 3296 1324 3351 limites
1354 3312 1650 3368 quousque
1680 3311 1817 3367 pro-

109 3390 281 3463 gredi
306 3389 586 3452 sinantur,
638 3393 810 3459 atque
834 3390 856 3423 ²
893 3390 958 3441 ut
1002 3386 1063 3440 in
1111 3402 1171 3441 se
1214 3385 1682 3441 comminuantur
1709 3384 1818 3439 ﬂu-

109 3484 242 3535 ctus
290 3493 488 3533 earum
539 3476 683 3546 (Job.
740 3491 971 3542 xxxvm,
1027 3475 1108 3541 10,
1150 3470 1276 3541 'll);
1334 3478 1505 3544 atque
1554 3471 1636 3527 ita
1681 3471 1819 3526 facis

110 3582 279 3623 mare
309 3566 511 3621 ordine
540 3563 770 3636 imperii
798 3562 884 3617 tui
913 3577 1087 3633 super
1113 3560 1328 3616 omnia.

186 3659 279 3711 2t.
312 3657 384 3709 At
411 3652 631 3708 animas
660 3651 914 3706 sitientes
943 3649 1069 3717 tibi,
1103 3654 1160 3705 et
1201 3653 1544 3720 apparentes
1572 3647 1679 3703 tibi
1707 3647 1817 3702 alio

110 3745 234 3799 ﬁne
259 3741 547 3797 distinctas
577 3757 609 3795 a
638 3739 903 3795 societate
933 3738 1128 3805 maris,
1161 3739 1381 3792 occulto
1408 3742 1464 3792 et
1482 3736 1634 3791 dulci
1660 3736 1820 3791 fonte

111 3831 346 3902 irrigas,
381 3835 441 3884 ut
467 3834 524 3884 et
551 3834 697 3884 terra
726 3828 824 3883 det
851 3829 1101 3883 fructum
1130 3842 1298 3881 suum
1326 3842 1339 3880 :
1364 3830 1419 3881 et
1445 3827 1542 3881 dat
1567 3825 1820 3879 fructum

112 3935 289 3976 suum
307 3918 355 3990 ⁸,
376 3924 432 3974 et
459 3923 510 3973 te
536 3918 775 3989 jubente
798 3916 1040 3971 Domino
1066 3917 1182 3971 Deo
1204 3931 1305 3970 suo
1322 3915 1608 3986 germinat
1627 3912 1821 3968 anima

113 4014 319 4065 nostra
347 4023 520 4079 opera
558 4005 966 4061 misericordiae
1000 4005 1293 4060 secundum
1328 4020 1532 4074 genus;
1578 4003 1820 4072 diligens

114 4099 449 4172 proximum
468 4099 530 4152 in
552 4096 819 4152 subsidiis
840 4094 1239 4150 necessitatum
1261 4093 1596 4159 carnalium,
1620 4092 1819 4146 habens

116 4193 178 4244 in
207 4204 267 4244 se
295 4204 469 4243 semen
489 4186 780 4242 secundum
791 4184 1235 4252 similitudinem;
1255 4182 1527 4253 quoniam
1544 4197 1607 4234 ex
1630 4184 1823 4234 nostra

70 4340 73 4345 ι
115 4276 458 4332 inﬁrmitate
471 4291 592 4329 com
601 4274 852 4346 patimur
865 4273 935 4327 ad
945 4270 1396 4327 subveniendum
1409 4269 1817 4339 indigentibus,

114 4365 386 4421 similiter
434 4363 780 4435 opitulantes
819 4359 1304 4432 quemadmodum
1345 4358 1509 4412 nobis
1547 4357 1821 4411 vellemus

114 4470 294 4528 opem
322 4451 478 4519 ferri,
511 4451 559 4506 si
577 4452 779 4507 eodem
799 4450 972 4505 modo
1003 4440 1391 4519 indigere’mus
1415 4466 1431 4515 ;
1455 4461 1567 4505 non
1595 4451 1821 4499 tantum

111 4546 177 4601 in
208 4542 494 4609 facilibus,
524 4545 798 4612 tanquam
828 4538 890 4593 in
921 4538 1101 4593 herba
1128 4534 1413 4602 seminali,
1441 4534 1540 4589 sed
1569 4532 1821 4589 etiamin

113 4630 475 4704 protectione
502 4626 794 4699 adjutorii,
826 4625 963 4681 forti
986 4625 1211 4691 robore,
1261 4623 1405 4677 sicut
1433 4623 1657 4693 lignum
1702 4621 1820 4675 fru-

114 4721 385 4776 ctiferum
411 4734 424 4786 ;
454 4716 513 4772 id
540 4721 644 4783 est,
675 4714 1000 4770 beneﬁcum
1028 4710 1052 4747 ³
1078 4712 1148 4766 ad
1169 4711 1531 4782 eripiendum
1560 4725 1693 4764 eum
1722 4708 1824 4780 qui

114 4806 393 4881 injuriam
439 4804 674 4877 patitur,
727 4803 795 4858 de
845 4817 1023 4856 manu
1068 4799 1339 4871 potentis,
1400 4805 1457 4854 et
1513 4798 1823 4871 praebendo

115 4894 497 4970 protectionis
526 4891 929 4948 umbraculum
968 4888 1157 4945 valido
1195 4889 1399 4943 robore
1423 4887 1563 4958 justi
1600 4885 1819 4958 judicii.

183 5006 197 5037 ι
239 5002 299 5050 In
320 4998 568 5062 vulgatis,
588 4996 744 5062 quod
763 4996 997 5062 nondum
1021 5000 1120 5055 est,
1146 4995 1215 5044 da
1231 4994 1462 5062 n0b_i5.:_\_t
1489 4994 1545 5042 in
1565 4993 1687 5041 Mss.
1714 5004 1822 5040 non

119 5065 352 5113 habetur
376 5057 468 5116 ea,
500 5057 623 5109 nisi’
635 5060 767 5108 forte
790 5059 847 5107 in
877 5058 1053 5121 aliquo
1074 5071 1110 5121 7e
1142 5057 1542 5121 recentioribus.

177 5129 201 5162 3
233 5123 447 5175 ltaBad.
466 5124 583 5171 Am.
597 5122 682 5171 Er.
698 5134 819 5170 cum
839 5117 1241 5170 Mssfundecim.
1264 5121 1330 5168 At
1346 5119 1470 5166 Lov.
1484 5122 1536 5167 et
1546 5117 1693 5175 Arn.,
1703 5128 1825 5178 pro-

117 5188 267 5251 gredi
294 5186 810 5251 sinanlugaqywmt
837 5182 976 5251 inse
998 5184 1452 5251 comminuarttur.

178 5253 200 5286 ³
228 5249 356 5298 Bad.
387 5250 503 5296 Am.
536 5242 631 5294 Er.’
649 5242 773 5294 Lov.
806 5245 1062 5293 omittunt
1085 5249 1138 5295 et
1167 5243 1263 5293 dat
1294 5242 1525 5304 fructum
1552 5252 1727 5304 suum.

923 5312 1113 5355 uatuor
1138 5306 1261 5354 Mss.
1295 5301 1436 5367 'Ang.
1464 5329 1522 5339 —
1554 5301 1823 5367 Sic_etiam

178 5315 200 5347 ‘
230 5311 317 5362 Sic
342 5308 646 5371 legendum,
684 5307 839 5371 juxta

952 5368 1275 5417 lorentinaet
1295 5368 1322 5415 3
1349 5361 1470 5416 M'ss.
1487 5361 1623 5427 apud
1640 5362 1816 5412 Rond.

118 5374 269 5422 Mart.
297 5368 421 5420 cuni
453 5383 561 5419 uno
590 5368 881 5418 MsIEditio

121 5437 174 5484 P.
207 5432 539 5497 Benedictini
561 5431 615 5497 in
634 5430 961 5497 prioriprimi
988 5430 1119 5480 tomi
1143 5430 1379 5497 editione
1408 5424 1721 5497 bene/fciunt
1738 5437 1826 5487 po-
1874 5472 1876 5474 τ

120 5500 382 5555 suerunt;
408 5495 468 5544 in
498 5488 776 5557 pcatériori
802 5488 943 5557 vero,
984 5495 1192 5557 servata
1227 5488 1543 5557 praecedenti
1578 5488 1824 5545 lectione,

120 5551 435 5609 mutandam
459 5551 575 5605 eam
601 5555 655 5605 in
682 5551 993 5619 beneﬁcium
1024 5551 1286 5603 dixerunt.
1313 5551 1380 5601 Μ.

1408 270 1627 327 LIBER
1673 272 1988 329 DECIMUS
2035 272 2359 328 TERTIUS.

3454 266 3461 271 ’
3531 278 3636 330 854

2571 394 2798 449 CAPUT
2821 395 3009 449 XVIII.

1938 483 2098 539 Fiant
2126 482 2454 551 luminaria,
2482 487 2582 539 etc.
2623 484 2750 540 Gen.
2787 486 2836 550 1,
2874 485 2955 539 14.
2986 487 3114 555 Qum
3160 486 3458 541 luminaria
3486 485 3632 540 divi-

2358 571 2542 626 dentia
2568 574 2708 626 inter
2734 572 2874 626 diem
2903 578 2952 627 et
2980 582 3202 628 noctem.

2001 672 2091 723 22.
2123 669 2205 723 Ita
2237 668 2497 734 Domine,
2529 669 2630 738 ita,
2662 685 2763 723 oro
2794 673 2870 733 te,
2906 670 3126 724 oriatur
3154 671 3321 725 sicuti
3341 671 3498 738 facis,
3527 671 3631 725 sic-

1931 757 2016 811 uti
2045 758 2144 811 das
2198 756 2550 811 hilaritatem
2597 762 2654 811 et
2694 757 3060 825 facultatem;
3103 759 3319 813 oriatur
3368 760 3437 814 de
3478 765 3632 814 terra

1931 846 2157 915 veritas,
2205 850 2263 899 et
2306 845 2530 916 justitia
2583 846 2651 899 de
2705 846 2845 901 coelo
2897 846 3163 915 respiciat
3214 849 3377 917 (Psal.
3412 864 3626 913 LXXXIV,

1936 936 2040 1004 1:2),
2070 938 2125 988 et
2150 936 2373 1003 ﬁantin
2397 936 2731 1003 ﬁrmamento
2759 936 3077 990 luminaria.
3115 936 3464 1006 Frangamus
3491 952 3625 990 esu-

1929 1020 2100 1075 rienti
2129 1037 2339 1091 panem
2368 1025 2648 1089 nostrum,
2680 1026 2737 1075 et
2767 1038 3016 1093 egenum
3057 1023 3178 1077 sine
3222 1029 3369 1078 tecto
3400 1024 3630 1079 induca-

1928 1126 2055 1163 mus
2082 1110 2142 1162 in
2174 1110 2411 1163 domum
2433 1113 2714 1176 nostram;
2751 1111 2970 1164 nudum
3001 1112 3327 1179 vestiamus,
3360 1116 3415 1167 et
3436 1113 3627 1166 dome-

1928 1199 2094 1252 sticos
2125 1197 2360 1251 seminis
2389 1198 2569 1251 nostri
2593 1214 2710 1251 non
2734 1198 3130 1267 despiciemus.
3154 1201 3367 1263 Quibus
3392 1201 3452 1254 in
3478 1206 3631 1254 terra

1929 1285 2078 1340 natis
2108 1284 2410 1352 fructibus,
2439 1285 2566 1338 vide
2589 1285 2724 1355 quia
2754 1286 2971 1340 bonum
2984 1291 3068 1340 est
3092 1304 3105 1353 ;
3133 1292 3189 1341 et
3212 1293 3475 1359 erumpat
3492 1294 3630 1343 tem-

1928 1390 2180 1445 poranea
2229 1375 2326 1427 lux
2373 1378 2566 1427 nostra
2606 1376 2753 1443 (Isai.
2786 1390 2934 1442 Lvm,
2974 1380 3028 1443 7,
3059 1375 3133 1446 8),
3166 1380 3223 1429 et
3250 1376 3319 1431 de
3348 1376 3457 1430 ista
3483 1377 3627 1431 infe-

1928 1460 2070 1517 riori
2091 1463 2254 1533 fruge
2277 1460 2513 1515 actionis
2534 1461 2594 1515 in
2622 1461 2851 1516 delicias
2868 1463 3367 1533 contemplationis
3392 1464 3628 1517 verbum

1928 1550 2057 1605 vitae
2088 1550 2352 1621 superius
2374 1549 2718 1616 obtinentes,
2747 1566 3126 1621 appareamus
3155 1552 3302 1605 sicut
3330 1552 3629 1606 luminaria

1929 1639 1988 1693 in
2016 1639 2249 1707 mundo,
2282 1638 2634 1693 cohaerentes
2669 1640 3005 1707 ﬁrmamento
3042 1638 3348 1710 Scripturse
3378 1642 3514 1692 tum.
3546 1636 3632 1693 Ibi

1930 1727 2084 1782 enim
2111 1727 2414 1781 nobiscum
2440 1726 2716 1797 disputas,
2742 1731 2807 1781 ut
2827 1726 3149 1781 dividamus
3176 1727 3328 1780 inter
3355 1725 3631 1797 intelligi-

1926 1816 2066 1871 bilia
2097 1820 2153 1871 et
2180 1815 2489 1881 sensibilia,
2522 1819 2797 1884 tanquam
2827 1815 2978 1869 inter
2998 1814 3153 1869 diem
3184 1818 3240 1868 et
3269 1818 3516 1879 noctem,
3540 1814 3630 1868 vel

1928 1904 2081 1959 inter
2117 1903 2359 1970 animas,
2414 1902 2550 1957 alias
2580 1902 3055 1973 intelligibilibus,
3099 1901 3238 1956 alias
3269 1901 3631 1955 sensibilibus

1928 1992 2182 2058 deditas;
2219 1996 2281 2045 ut
2303 1991 2427 2061 jam
2465 2006 2578 2044 non
2609 1993 2666 2042 tu
2700 1990 2854 2044 solus
2883 1988 2944 2044 in
2976 1988 3168 2044 abdito
3206 1987 3630 2060 dijudicationis

1927 2084 2063 2147 tuae,
2087 2080 2552 2151 sicutantequam
2569 2077 2729 2132 ﬁeret
2749 2078 3201 2145 ﬁrmamentum,
3234 2077 3451 2133 dividas
3475 2077 3628 2131 inter

1927 2169 2115 2223 lucem
2139 2171 2194 2222 et
2223 2166 2504 2235 tenebras,
2540 2166 2637 2221 sed
2668 2165 2842 2221 etiam
2864 2165 3188 2237 spirituales
3216 2165 3299 2219 tui
3328 2165 3389 2219 in
3418 2166 3626 2219 eodem

1928 2256 2291 2311 ﬁrmamento
2322 2252 2495 2325 positi
2526 2257 2696 2325 atque
2722 2252 2994 2320 distincti,
3026 2251 3387 2305 manifestata
3414 2267 3517 2321 per
3546 2267 3633 2305 or-

1929 2344 2062 2398 bem
2090 2342 2271 2415 gratia
2308 2346 2405 2396 tua
2436 2342 2645 2396 luceant
2674 2356 2837 2409 super
2875 2344 3097 2407 terram,
3125 2344 3175 2393 et
3202 2339 3457 2393 dividant
3488 2342 3632 2394 inter

1929 2432 2072 2486 diem
2122 2435 2173 2485 et
2216 2435 2442 2498 noctem,
2490 2433 2539 2483 et
2588 2427 2896 2499 signiﬁcent
2936 2431 3210 2497 tempora:
3266 2426 3401 2497 quia
3438 2431 3631 2481 vetera

1927 2520 2298 2586 transierunt,
2332 2535 2457 2573 ecce
2507 2518 2656 2573 facta
2708 2521 2843 2572 sunt
2872 2533 3055 2585 nova;
3107 2520 3163 2571 et
3212 2517 3346 2589 quia
3392 2516 3626 2588 propior

1928 2614 2014 2663 est
2042 2612 2235 2662 nostra
2282 2607 2456 2673 salus,
2503 2622 2677 2676 quam
2733 2621 2865 2659 cum
2911 2604 3256 2659 credidimus
3287 2607 3462 2674 (Rom.
3508 2622 3628 2669 xm,

1934 2698 2020 2767 11)
2041 2716 2056 2764 ;
2080 2701 2138 2751 et
2165 2695 2302 2767 quia
2326 2710 2437 2749 nox
2469 2693 2779 2764 praecessit,
2814 2693 2935 2747 dies
2966 2697 3157 2747 autem
3199 2692 3630 2763 appropinquav

1924 2784 2043 2850 vit;
2076 2788 2132 2838 et
2159 2782 2296 2854 quia
2343 2781 2635 2837 benedicis
2678 2796 2949 2836 coronam
2977 2780 3114 2834 anni
3164 2780 3250 2834 tui
3280 2780 3446 2851 (Psal.
3480 2796 3622 2845 Lx1v,

1926 2874 2007 2941 2),
2056 2871 2287 2926 mittens
2320 2869 2654 2942 operarios!
2706 2869 2765 2923 in
2807 2884 3053 2923 messem
3096 2874 3253 2921 tuam
3296 2868 3517 2936 (Matth.
3549 2883 3663 2933 1x,-

1929 2959 2043 3031 38),
2066 2960 2127 3014 in
2147 2976 2261 3030 qua
2284 2957 2621 3012 seminando.
2640 2956 2736 3011 alii
2752 2957 3177 3021 laboraverunt,
3206 2954 3438 3010 mittens
3457 2954 3630 3009 etiam

1927 3048 1988 3102 in
2019 3047 2189 3102 aliam
2219 3050 2535 3101 sementem
2566 3046 2747 3118 (Joan.
2780 3061 2856 3111 1v,
2894 3044 3002 3115 38),
3029 3046 3191 3115 cujus
3218 3043 3416 3098 messis
3436 3043 3495 3097 in
3513 3044 3627 3097 line

1928 3140 2012 3190 est
2056 3137 2270 3208 (Matth,
2300 3150 2421 3204 xm,
2474 3134 2584 3204 39).
2635 3135 2718 3187 Ita
2747 3132 2846 3187 das
2887 3138 3019 3207 vota
3048 3131 3271 3204 optanti
3298 3135 3340 3199 ³,
3371 3137 3428 3187 et.
3455 3131 3630 3186 bene-

1927 3226 2067 3282 dicis
2097 3243 2272 3281 annos
2292 3225 2434 3298 justi
2465 3243 2478 3293 ;
2511 3230 2574 3279 tu
2605 3229 2797 3280 autem
2827 3224 2979 3279 idem
3009 3225 3131 3295 ipse
3162 3240 3242 3291 es,
3289 3226 3346 3278 et
3371 3223 3435 3278 in
3467 3225 3633 3279 annis

1928 3315 2042 3370 tuis
2072 3314 2173 3387 qui
2203 3332 2320 3369 non
2368 3313 2643 3368 deﬁciunt
2683 3313 2849 3382 (Psal.
2901 3329 2971 3377 ει,
3022 3314 3135 3382 28),
3173 3314 3445 3368 horreum
3484 3328 3634 3382 prae-

1929 3420 2095 3474 paras
2138 3403 2302 3458 annis
2351 3401 2800 3457 transeuntibus.
2854 3403 3083 3456 Aitarno
3115 3401 3329 3472 quippe
3368 3400 3629 3468 consilio,

1933 3492 2172 3564 propriis
2202 3492 2560 3562 temporibus
2589 3490 2742 3544 bona
2770 3488 3021 3544 coelestia
3058 3489 3156 3543 das
3193 3504 3366 3558 super
3394 3493 3627 3541 terram.

1999 3582 2086 3634 25.
2109 3579 2396 3643 Quoniam
2428 3578 2661 3649 quidem
2694 3576 2793 3630 alii
2821 3577 2990 3630 datur
3007 3592 3110 3646 per
3138 3575 3414 3646 Spiritum
3445 3590 3631 3629 sermo

1930 3666 2242 3737 sapientim,
2276 3670 2552 3736 tanquam
2591 3665 2858 3718 luminare
2895 3663 3097 3732 majus,
3129 3666 3365 3733 propter
3403 3678 3501 3716 eos
3530 3660 3631 3732 qui

1929 3752 2245 3824 perspicuae
2256 3751 2511 3807 veritatis
2540 3750 2666 3805 luce
2693 3750 3067 3817 delectantur,
3090 3754 3369 3821 tanquam
3395 3749 3456 3802 in
3473 3748 3629 3820 prin-

1930 3841 2079 3913 cipio
2111 3841 2259 3908 diei;
2294 3839 2390 3894 alii
2420 3843 2614 3893 autem
2641 3853 2828 3892 sermo
2847 3836 3098 3892 scientia:
3128 3835 3440 3890 secundum
3471 3852 3628 3890 eum-

1930 3938 2061 3986 dem
2088 3928 2375 4000 spiritum,
2434 3931 2711 3998 tanquam
2742 3928 3010 3981 luminare
3038 3927 3252 3991 minus;
3311 3923 3410 3979 alii
3465 3924 3628 3991 ﬁdes,

1931 4018 2029 4073 alii
2059 4017 2291 4073 donatio
2344 4016 2729 4082 curationum,
2780 4013 2878 4069 alii
2927 4013 3287 4084 operationes
3330 4012 3629 4078 virtutum,

1932 4107 2028 4162 alii
2060 4106 2386 4179 prophetia,
2417 4104 2515 4160 alii
2541 4103 2815 4177 judicatio
2854 4101 3180 4174 spirituum,
3211 4100 3375 4155 alteri
3421 4117 3632 4171 genera

1930 4195 2303 4265 linguarum;
2335 4198 2392 4248 et
2446 4193 2570 4247 haec
2618 4190 2811 4246 omnia
2859 4194 3133 4261 tanquam
3177 4189 3372 4242 stellm.
3426 4187 3633 4243 Omnia

1931 4282 2087 4336 enim
2117 4282 2237 4335 haec
2270 4283 2539 4351 operatur
2582 4294 2732 4332 unus
2776 4281 2947 4348 atque
2994 4275 3150 4330 idem
3186 4273 3451 4345 Spiritus,
3486 4274 3627 4327 divi-

1931 4370 2069 4424 dens
2096 4368 2329 4440 propria
2344 4367 2655 4438 unicuique
2676 4369 2849 4439 prout
2869 4366 3008 4431 vult,
3032 4367 3088 4417 et
3107 4362 3320 4417 faciens
3350 4377 3629 4432 apparere

1933 4458 2119 4513 sidera
2146 4456 2209 4511 in
2239 4455 2695 4511 manifestatione
2736 4454 2800 4509 ad
2850 4453 3157 4508 utilitatem
3202 4450 3244 4521 (Ι
3275 4451 3395 4507 Cor.
3444 4467 3540 4511 xu,
3571 4455 3627 4517 7,

1937 4547 2041 4615 11).
2086 4545 2284 4600 Sermo
2326 4550 2520 4599 autem
2571 4543 2820 4599 scientiae
2868 4557 2983 4613 qua
3020 4538 3385 4594 continentur
3435 4537 3629 4592 omnia

1933 4638 2306 4702 sacramenta,
2357 4649 2486 4705 quae
2515 4632 2809 4687 variantur
2836 4626 3194 4700 temporibus
3233 4631 3510 4696 tanquam
3539 4626 3629 4695 lu-,

1935 4738 2026 4787 na,
2058 4726 2115 4777 et
2141 4727 2363 4777 caetera:
2382 4721 2601 4777 notitiae
2622 4722 2904 4776 donorum
2924 4732 3053 4789 quae
3072 4714 3337 4786 deinceps
3354 4719 3629 4786 tanquam

1935 4809 2114 4864 stellae
2142 4814 2591 4864 commemorata
2619 4811 2770 4874 sunt,
2803 4808 3085 4877 quantum
3125 4803 3401 4858 diﬁ‘erunt
3429 4803 3498 4858 ab
3527 4803 3627 4859 illo

1933 4897 2177 4952 candore
2207 4898 2503 4968 sapientiae
2533 4912 2647 4967 quo
2675 4894 2885 4965 gaudet
2910 4891 3215 4964 praedictus
3237 4890 3378 4958 dies,
3404 4895 3631 4947 tantum

1934 4988 1997 5042 in
2023 4986 2306 5059 principio
2341 4985 2364 5020 δ
2390 4986 2572 5041 noctis
2615 4988 2768 5038 sunt.
2802 4982 2899 5036 His
2924 4981 3079 5036 enim
3117 4985 3251 5035 sunt
3290 4980 3629 5051 necessaria,

2000 5111 2016 5142 ί
2049 5108 2285 5165 Quatuor
2310 5109 2435 5158 Mss.
2454 5105 2628 5169 Angl.,
2659 5103 2999 5169 benignitatis
3027 5105 3324 5169 operarios.

1996 5172 2017 5205 2
2044 5172 2188 5231 L0v.,
2220 5175 2387 5222 vitam
2415 5167 2660 5229 optanti;
2690 5172 2742 5217 et
2768 5167 2924 5231 paulo
2962 5172 3098 5229 post,
3131 5168 3311 5214 ortum
3338 5173 3626 5231 prxparas:

1936 5236 2117 5284 contra
2169 5223 2325 5296 quam
2374 5223 2573 5281 habent
2600 5223 3028 5287 castericodicés,
3081 5240 3215 5290 quos
3254 5223 3473 5287 utroque
3512 5223 3628 5271 loco

1938 5308 2438 5420 seglitliglstumelioris
2475 5359 2636 5420 notas,
2664 5356 2721 5402 in
2755 5352 3033 5420 principia
3068 5350 3122 5420 id
3153 5354 3233 5420 est
3252 5349 3319 5420 .in
3349 5345 3634 5420 luminaria

1938 5422 2134 5472 noctis:
2171 5432 2288 5482 quas
2320 5418 2473 5467 lectio
2503 5408 2769 5482 videretur
2795 5408 3140 5482 prteférenda,
3164 5411 3265 5482 nisi
3293 5408 3451 5482 paulo
3472 5421 3632 5482 supra

1938 5469 2219 5534 haberetur
2250 5485 2306 5529 in
2344 5481 2605 5543 principio
2631 5477 2764 5543 diei;
2794 5469 3047 5543 fortepro
3073 5469 3135 5543 in
3155 5469 3480 5543 principium
3507 5469 3630 5528 diei,

1938 5532 2092 5607 juita
2120 5545 2311 5594 librum
2344 5532 2363 5591 ἰ
2392 5541 2455 5591 de
2484 5532 2672 5590 G‘enesi
2699 5532 2884 5589 contra
2903 5532 3238 5594 Manichtebs,
3264 5546 3376 5595 cap.
3410 5532 3485 5581 tt.
