4062 6188
348 251 450 301 855

348 365 560 438 quibus
584 366 681 421 ille
710 367 1189 437 prudentissimus
1220 383 1415 423 servus
1440 373 1572 423 tuus
1591 384 1708 421 non
1744 365 1934 437 potuit
1960 365 2046 419 lo-

349 456 449 527 qui
502 454 667 526 quasi
710 455 1123 527 spiritualibus,
1158 458 1253 512 sed
1300 456 1464 527 quasi
1499 456 1822 510 carnalibus
1853 456 1899 517 (Ι
1926 455 2045 511 Cor.

352 561 430 607 III,
453 545 523 613 ί),
548 543 644 597 ille
666 544 765 614 qui
791 545 1131 615 sapientiam
1146 545 1401 615 loquitur
1420 544 1572 598 inter
1588 543 1867 615 perfectos
1889 542 2049 613 (Ibid.

354 650 412 697 ιι,
446 633 517 703 6).
552 631 835 687 Animalia
880 637 1073 688 autem
1123 634 1299 687 homo
1356 636 1631 703 tanquam
1673 632 1944 709 parvulus
1989 630 2052 684 in

357 720 577 775 Christo
612 719 888 792 lactisque
907 725 1159 791 potator,
1174 722 1357 775 donec
1388 722 1691 775 roboretur
1723 720 1792 774 ad
1808 719 2054 774 solidum

354 810 568 875 cibum,
603 812 658 862 et
684 808 865 863 aciem
893 810 1085 864 ﬁrmet
1111 810 1183 863 ad
1217 810 1349 864 solis
1378 813 1689 881 aspectum,
1716 824 1829 863 non
1849 807 2055 862 habeat

355 898 635 952 desertam
666 903 894 952 noctem
947 914 1131 965 suam,
1174 899 1273 953 sed
1303 899 1428 953 luce
1458 900 1608 953 lunai
1644 898 2054 966 stellarumque

355 989 655 1063 contentus
689 986 778 1041 sit.
815 988 944 1040 Haec
994 986 1291 1041 nobiscum
1324 987 1599 1058 disputas,
1639 985 2057 1057 sapientissime

360 1076 508 1128 Deus
538 1079 752 1141 noster,
784 1075 847 1128 in
878 1075 1047 1129 Libro
1072 1079 1172 1129 tuo
1204 1075 1568 1129 ﬁrmamento
1590 1079 1724 1142 tuo;
1758 1078 1822 1128 ut
1847 1074 2057 1128 discer-

359 1178 569 1216 namus
597 1161 793 1216 omnia
822 1162 1304 1232 contemplatione
1334 1154 1605 1231 mirabili,
1653 1162 1913 1232 quamvis
1959 1162 2059 1216 ad-

358 1250 471 1305 huc
497 1252 557 1304 in
609 1253 804 1318 signis,
855 1255 907 1305 et
950 1253 1012 1304 in
1054 1251 1402 1320 temporibus,
1447 1255 1497 1304 et
1545 1252 1602 1305 in
1659 1250 1866 1316 diebus,
1924 1254 1974 1305 et
2001 1251 2061 1304 in

363 1342 545 1394 annis.

1004 1443 1229 1498 CAPUT
1261 1443 1373 1497 XIX
1386 1483 1399 1497 .

438 1553 659 1605 Tractat
689 1549 930 1603 eumdem
958 1550 1299 1615 versiculum,
1334 1547 1497 1602 Fiant
1534 1546 1859 1612 luminaria,
1890 1553 1989 1601 etc.

435 1658 524 1711 24.
559 1655 667 1710 Sed
698 1654 858 1725 prius
887 1654 1171 1721 lavamini,
1206 1654 1409 1708 mundi
1439 1658 1657 1720 estote;
1692 1654 1910 1707 auferte
1959 1668 2060 1706 ne-

368 1743 611 1815 quitiam
638 1742 706 1796 ab
736 1742 943 1796 animis
990 1742 1211 1803 vestris.
1255 1748 1427 1813 atque
1452 1759 1484 1795 a
1533 1746 1837 1812 conspectu
1876 1742 2066 1795 oculo-

364 1849 497 1886 rum
529 1847 812 1896 meorum,
846 1835 909 1884 ut
938 1837 1207 1900 appareat
1253 1831 1434 1885 arida.
1472 1829 1678 1884 Discite
1727 1830 1945 1884 bonum
1984 1830 2063 1883 fa-

362 1938 513 1985 cere,
540 1919 793 1991 judicate
822 1920 1062 1990 pupillo,
1094 1925 1151 1974 et
1171 1920 1480 1990 justiﬁcate
1524 1919 1753 1974 viduam
1780 1936 1793 1985 ;
1844 1923 1908 1973 ut
1945 1934 2066 1988 ger-

364 2013 531 2064 minet
580 2014 725 2062 terra
765 2009 984 2063 herbam
1016 2008 1213 2078 pabuli
1241 2013 1289 2062 et
1343 2010 1550 2076 lignum
1594 2009 1976 2075 fructi/erum;
2012 2012 2069 2062 et

363 2098 575 2166 venite,
608 2097 988 2166 disputemus,
1024 2096 1160 2150 dicit
1189 2097 1485 2162 Dominus,
1520 2101 1583 2150 ut
1606 2099 1743 2164 ﬁant
1774 2098 2069 2150 luminaria
2096 2166 2099 2169 Α

367 2190 427 2240 in
455 2185 794 2255 ﬁrmamento
823 2186 960 2250 caeli,
991 2189 1039 2238 et
1074 2186 1283 2238 luceant
1313 2200 1474 2254 super
1510 2189 1730 2238 terram.
1771 2184 2070 2248 Quaerebat

363 2273 517 2327 dives
545 2271 641 2325 ille
669 2288 699 2325 a
730 2271 1001 2341 magistro
1028 2272 1196 2337 bono,
1228 2272 1365 2342 quid
1388 2273 1596 2325 faceret
1614 2276 1678 2325 ut
1704 2272 1879 2325 vitam
1908 2276 2069 2326 mter-

371 2376 507 2415 uam
536 2365 1017 2429 consequeretur:
1062 2359 1210 2412 dicat
1242 2360 1294 2413 ei
1345 2359 1617 2429 magister
1654 2360 1858 2427 bonus,
1896 2376 2070 2431 quem

368 2445 610 2516 putabat
635 2443 949 2509 hominem,
984 2448 1039 2496 et
1069 2443 1213 2496 nihil
1241 2444 1522 2513 amplius;
1548 2446 1731 2498 bonus
1757 2449 1840 2497 est
1854 2450 2067 2512 autem,

374 2534 513 2605 quia
562 2534 710 2586 Deus
759 2536 875 2585 est:
933 2531 1082 2586 dicat
1128 2532 1200 2599 ei,
1251 2538 1313 2586 ut
1358 2534 1476 2586 vult
1522 2532 1716 2586 venire
1747 2533 1818 2587 ad
1874 2533 2067 2601 vitam,

374 2625 557 2675 servet
585 2620 890 2685 mandata;
931 2625 1156 2688 separet
1185 2637 1219 2673 a
1247 2636 1304 2673 se
1354 2619 1795 2674 amaritudinem
1838 2621 2070 2675 malitiae

373 2714 545 2779 atque
575 2707 887 2778 nequitiae;
920 2724 1038 2761 non
1063 2706 1299 2774 occidat,
1331 2723 1450 2761 non
1482 2709 1811 2775 moechatur,
1844 2725 1961 2763 non
1989 2710 2073 2763 fu-

375 2803 553 2864 retur,
587 2812 702 2849 non
727 2796 931 2849 falsum
963 2795 1356 2849 testimonium
1378 2796 1561 2861 dicat,
1586 2803 1651 2850 ut
1675 2802 1940 2865 appareat
1958 2800 2070 2852 ari-

374 2888 468 2954 da,
493 2890 548 2939 et
560 2886 820 2952 germinet
840 2884 1120 2938 honorem
1134 2884 1311 2954 patris
1325 2889 1381 2938 et
1403 2884 1620 2951 matris,
1640 2885 2073 2940 etdilectionem

376 2973 643 3046 proximi.
677 2971 823 3039 Feci,
856 2972 1063 3043 inquit,
1096 2972 1219 3026 hinc
1262 2972 1473 3026 omnia.
1513 2973 1669 3027 Unde
1709 2990 1843 3045 ergo
1900 2978 2072 3029 tantae

376 3063 578 3132 spinae,
612 3061 659 3114 si
688 3066 840 3114 terra
868 3060 1162 3114 fructifera
1199 3063 1328 3116 est?
1366 3061 1536 3127 Vade,
1586 3062 1831 3131 exstirpa
1869 3063 2074 3117 silvosa

375 3151 608 3203 dumeta
638 3148 887 3202 avaritiae
911 3165 924 3213 ;
949 3149 1131 3203 vende
1153 3164 1281 3219 quae
1305 3148 1582 3219 possides,
1609 3154 1666 3202 et
1690 3149 1930 3219 implere
1960 3150 2075 3204 fru-

377 3237 544 3307 gibus
574 3235 762 3290 dando
806 3236 1178 3306 pauperibus,
1237 3239 1295 3291 et
1334 3236 1570 3290 habebis
1623 3236 1957 3291 thesaurum
2012 3243 2074 3292 in

379 3323 557 3392 ccelis,
589 3328 644 3378 et
674 3339 912 3393 sequere
956 3324 1264 3378 Dominum
1295 3324 1342 3378 si
1372 3323 1453 3377 vis
1483 3340 1602 3377 esse
1652 3324 1956 3396 perfectus,
1993 3324 2074 3379 eis

376 3411 624 3465 sociatus
654 3410 805 3465 inter
836 3428 977 3482 quos
1007 3411 1259 3483 loquitur
1292 3411 1630 3482 sapientiam
1667 3411 1761 3465 ille
1791 3412 1892 3482 qui
1922 3413 2076 3467 novit

376 3500 518 3571 quid
547 3499 847 3554 distribuat
876 3499 989 3554 diei
1026 3506 1083 3553 et
1114 3500 1285 3567 nocti,
1326 3504 1385 3554 ut
1410 3500 1567 3554 noris
1594 3505 1650 3554 et
1693 3503 1778 3567 tu,
1821 3505 1885 3554 ut
1934 3501 2075 3555 ﬁant

377 3594 435 3643 et
462 3589 568 3643 tibi
593 3588 900 3642 luminaria
933 3588 992 3642 in
1024 3590 1387 3643 ﬁrmamento
1419 3589 1584 3655 coeli;
1615 3589 1769 3660 quod
1810 3604 1925 3643 non
1954 3590 2071 3656 ﬁet,

378 3677 487 3731 nisi
525 3677 700 3731 fuerit
739 3677 856 3731 illic
884 3693 981 3731 cor
1012 3684 1217 3744 tuum;
1252 3678 1402 3749 quod
1444 3679 1581 3732 item
1625 3694 1745 3731 non
1798 3678 1914 3745 ﬁet,
1964 3677 2074 3732 nisi

376 3765 552 3820 fuerit
583 3765 697 3818 illic
727 3766 1027 3819 thesaurus
1058 3770 1210 3831 tuus,
1262 3767 1409 3819 sicut
1464 3766 1675 3820 audisti
1718 3782 1751 3818 a
1799 3766 2073 3836 magistro

376 3853 529 3907 bono
556 3853 777 3920 (Matth.
802 3869 873 3917 γι,
908 3854 1016 3922 21).
1049 3853 1158 3907 Sed
1196 3854 1527 3907 contristata
1555 3859 1637 3907 est
1666 3859 1817 3909 terra
1846 3854 2071 3922 sterilis,

379 3945 435 3994 et
464 3939 644 4009 spina:
684 3939 1069 3994 olfocaverunt
1091 3940 1327 3994 verbum
1358 3940 1463 4008 (Id.
1494 3957 1601 4007 xxx,
1638 3942 1833 4011 16-22).

450 4030 541 4080 25.
574 4028 680 4081 Vos
717 4032 907 4081 autem
928 4043 1109 4098 genus
1142 4029 1406 4097 electum,
1448 4029 1679 4083 inﬁrma
1720 4030 1942 4096 mundi,
1976 4032 2075 4102 qui

379 4114 674 4169 dimisistis
705 4115 898 4169 omnia
945 4120 1005 4171 ut
1033 4116 1419 4188 sequeremini
1452 4117 1795 4183 Dominum;
1842 4118 1918 4173 ite
1948 4124 2076 4190 post

380 4219 536 4272 eum,
569 4207 625 4257 et
654 4204 986 4259 confundite
1017 4203 1223 4259 fortia:
1250 4204 1326 4259 ite
1355 4210 1486 4276 post
1514 4222 1667 4274 eum,
1706 4206 1948 4278 speciosi
1977 4225 2076 4279 pe-

380 4291 501 4361 des,
532 4296 588 4345 et
638 4291 821 4346 lucete
868 4292 925 4346 in
973 4292 1337 4347 ﬁrmamento
1371 4293 1413 4364 (Ι
1442 4296 1585 4350 Ρρεν.
1619 4313 1677 4363 u,
1712 4296 1805 4366 9);
1841 4301 1904 4352 ut
1948 4298 2074 4352 coeli

380 4385 649 4435 enarrent
678 4381 922 4451 gloriam
962 4382 1099 4451 ejus,
1131 4381 1448 4437 dividentes
1478 4383 1628 4437 inter
1669 4384 1857 4439 lucem
1886 4387 2073 4455 perfe-

378 4473 601 4523 ctorum
624 4469 723 4523 sed
753 4471 1006 4524 nondum
1028 4470 1174 4525 sicut
1200 4471 1573 4541 Angelorum,
1596 4477 1652 4526 et
1669 4474 1932 4528 tenebras
1944 4491 2073 4545 par-

378 4556 645 4611 vulorum
676 4557 775 4611 sed
805 4574 922 4612 non
952 4558 1349 4628 despectorum
1372 4561 1389 4594 ¹
1412 4576 1425 4613 :
1451 4559 1634 4613 lucete
1647 4577 1817 4631 super
1843 4578 2075 4617 omnem

377 4648 624 4711 terram;
657 4650 712 4699 et
742 4645 863 4700 dies
890 4648 1008 4700 sole
1030 4647 1278 4700 candens
1307 4652 1525 4701 eructet
1564 4648 1678 4702 diei
1720 4649 1956 4704 verbum
1987 4668 2075 4705 sa-

379 4732 630 4802 pientiae,
667 4737 723 4786 et
747 4750 858 4789 nox
886 4735 1025 4788 luna
1055 4736 1249 4788 lucens
1286 4735 1588 4789 annuntiat
1633 4738 1789 4791 nocti
1835 4739 2074 4793 verbum

382 4819 632 4874 scientiae
658 4824 821 4889 (Psal.
856 4840 1009 4888 xvm,
1041 4824 1116 4894 2).
1158 4825 1313 4877 Luna
1343 4829 1398 4878 et
1440 4824 1617 4880 stella:
1645 4827 1798 4881 nocti
1844 4828 2071 4895 lucent;

380 4908 479 4962 sed
504 4924 620 4961 nox
650 4924 764 4962 non
795 4910 1060 4965 obscurat
1103 4927 1217 4977 eas,
1261 4912 1536 4982 quoniam
1578 4913 1715 4983 ipsa:
1748 4914 2075 4972 illuminant

381 5012 509 5050 eam
540 5012 644 5067 pro
672 4997 903 5051 modulo
936 5000 1078 5069 ejus.
1115 5000 1248 5053 Ecce
1297 4999 1453 5064 enim
1500 5006 1772 5073 tanquam
1820 5004 1935 5058 Deo
1986 5005 2072 5059 di-

378 5089 560 5151 cente,
593 5088 754 5140 Fiant
779 5087 1074 5141 luminaria
1122 5090 1180 5141 in
1216 5087 1555 5158 ﬁrmamento
1593 5092 1731 5159 cceli,
1775 5091 1954 5146 factus
1992 5099 2075 5149 est

379 5174 563 5229 subito
591 5174 659 5227 de
685 5175 823 5228 coelo
853 5190 1047 5241 sonus,
1080 5176 1243 5246 quasi
1280 5177 1525 5231 ferretur
1548 5177 1714 5232 ﬂatus
1743 5180 2072 5245 vehemens,

379 5266 435 5317 et
465 5262 598 5316 visae
628 5268 761 5316 sunt
783 5262 998 5333 linguae
1019 5263 1211 5317 divisa:
1261 5265 1425 5335 quasi
1450 5265 1623 5337 ignis,
1656 5267 1752 5338 qui
1782 5272 1838 5323 et
1863 5269 2076 5325 insedit

376 5366 549 5422 super
577 5366 1050 5422 unumquemque
1087 5352 1319 5407 illorum
1350 5354 1488 5425 (Act.
1531 5371 1591 5421 ιι,
1619 5356 1675 5424 2,
1708 5356 1759 5427 3)
1784 5374 1799 5424 ;
1845 5362 1901 5413 et
1927 5358 2074 5415 facta

444 5494 457 5527 ι
489 5492 603 5542 Am.
625 5492 707 5542 Er.
741 5496 793 5545 et
830 5505 1021 5543 novem
1051 5493 1198 5552 Mss.,
1229 5492 1653 5557 despcralorum.

1535 248 2078 305 CONFESSIONUM
2127 248 2181 304 S.
2244 248 2649 305 AUGUSTINI.

3754 257 3864 310 856

2161 374 2297 424 sunt
2324 369 2633 426 luminaria
2656 370 2720 425 in
2733 370 3095 427 ﬁrmamento
3116 372 3252 427 cceli
3273 374 3498 443 (Matth.
3521 392 3573 444 v,
3602 379 3715 449 14),
3740 395 3874 433 ver-

2161 457 2299 512 bum
2326 458 2458 512 vitaa
2486 458 2774 514 habentia.
2838 459 3061 533 Ubique
3112 460 3433 530 discurrite,
3464 463 3630 536 ignes
3660 466 3877 529 sancti,

2161 545 2323 613 ignes
2352 548 2566 604 decori.
2598 548 2708 603 Vos
2738 548 2896 604 enim
2923 549 3058 604 estis
3087 550 3288 605 lumen
3326 552 3550 620 mundi,
3581 568 3689 608 nec
3733 553 3879 608 estis

2163 635 2266 690 sub
2297 636 2514 691 modio.
2548 637 2838 693 Exaltatus
2876 641 2962 693 est
3007 638 3100 692 cui
3141 638 3479 706 adhesistis,
3512 644 3569 695 et
3596 640 3881 697 exaltavit

2161 739 2277 778 vos.
2310 724 2637 795 Discurrite,
2678 729 2734 780 et
2758 726 3097 782 innotescite
3128 727 3400 784 omnibus
3428 729 3717 800 gentibus.

2824 843 2957 898 CAP
2966 844 3053 899 UT
3088 844 3194 900 XX.

2169 927 2486 983 Producant
2533 945 2720 1002 aquae,
2751 934 2873 999 etc.,
2906 932 3035 988 Gen.
3074 936 3122 1001 1,
3164 934 3253 987 20.
3298 934 3424 1000 Qua
3464 935 3708 1004 reptilia,
3751 952 3885 1003 qua:

2884 1022 3149 1076 volatilia.

2239 1126 2327 1178 26.
2358 1123 2652 1197 Concipiat
2688 1130 2745 1181 et
2773 1142 2952 1194 mare,
2999 1131 3055 1181 et
3090 1126 3279 1198 pariat
3327 1143 3502 1198 opera
3545 1133 3756 1198 vestra,
3823 1140 3883 1182 et

2164 1213 2471 1282 producant
2499 1230 2655 1283 aquae
2682 1217 2906 1285 reptilia
2940 1218 3250 1271 animarum
3276 1219 3545 1272 vivarum.
3583 1218 3881 1290 Separan-

2168 1305 2252 1355 tes
2282 1300 2437 1355 enim
2465 1302 2781 1372 pretiosum
2808 1322 2840 1359 a
2863 1303 2979 1372 vili,
3009 1304 3142 1359 facti
3171 1305 3303 1360 estis
3332 1322 3395 1359 os
3427 1305 3548 1375 Dei,
3575 1322 3682 1376 per
3719 1323 3899 1378 quos.

2172 1389 2421 1445 diceret:
2452 1391 2760 1447 Producant
2810 1408 2986 1462 aquae,
3027 1409 3146 1447 non
3182 1393 3435 1448 animam
3464 1395 3652 1449 vivam
3691 1411 3881 1466 quam

2173 1482 2324 1531 terra
2351 1478 2635 1549 producit,
2674 1481 2771 1534 sed
2798 1483 3022 1550 reptilia
3046 1484 3356 1536 animarum
3380 1487 3649 1552 vivarum,
3682 1488 3733 1537 et
3790 1500 3881 1537 vo-

2173 1566 2355 1621 latitia
2384 1569 2626 1623 volantia
2652 1584 2814 1637 super
2860 1574 3079 1624 terram.
3116 1571 3439 1641 Repserunt
3467 1570 3624 1625 enim
3672 1571 3885 1626 Sacra-

2174 1658 2368 1708 menta
2395 1658 2514 1724 tua,
2548 1656 2715 1722 Deus,
2746 1672 2850 1727 per
2879 1673 3052 1728 opera
3071 1663 3405 1713 sanctorum
3442 1664 3680 1713 tuorum
3721 1658 3889 1713 inter

2174 1744 2394 1798 medios
2447 1743 2650 1798 ﬂuctus
2696 1747 3077 1801 tentationum
3129 1747 3344 1815 saeculi,
3400 1748 3471 1803 ad
3529 1748 3888 1805 imbuendas

2175 1835 2375 1901 gentes
2404 1831 2637 1905 nomine
2683 1836 2806 1902 tuo,
2864 1833 2923 1887 in
2972 1834 3259 1906 baptismo
3290 1840 3409 1891 tuo.
3452 1838 3517 1892 Et
3572 1837 3724 1892 inter
3752 1837 3889 1892 hac

2176 1918 2321 1974 facta
2351 1923 2480 1974 sunt
2508 1921 2797 1991 magnalia
2838 1921 3123 1977 mirabilia
3153 1928 3430 1995 tanquam
3467 1925 3578 1980 ceti
3605 1926 3887 1996 grandes,

2178 2013 2235 2062 et
2266 2024 2428 2072 voces
2481 2009 2818 2063 nuntiorum
2846 2013 3079 2065 tuorum
3122 2010 3422 2066 volitantes
3450 2028 3624 2084 super
3664 2018 3888 2069 terram

2170 2096 2334 2167 juxta
2370 2097 2801 2153 ﬁrmamentum
2846 2097 3000 2154 Libri
3033 2099 3139 2167 tui,
3188 2101 3499 2171 praeposito
3531 2101 3632 2156 illo
3666 2101 3778 2157 sibi
3815 2102 3888 2157 ad

2179 2185 2593 2250 auctoritatem,
2644 2186 2748 2241 sub
2800 2203 2912 2258 quo
2954 2188 3257 2243 volitarent
3308 2204 3672 2261 quocumque
3705 2189 3885 2245 irent.

2179 2274 2374 2345 Neque
2412 2274 2566 2329 enim
2610 2280 2744 2330 sunt
2771 2276 3016 2348 loquelae
3045 2293 3233 2349 neque
3275 2294 3595 2344 sermones,
3629 2294 3889 2350 quorum

2180 2378 2297 2417 non
2325 2362 2635 2418 audiantur
2662 2381 2823 2419 voces
2854 2381 3074 2432 eorum,
3121 2368 3353 2437 quando
3393 2367 3456 2421 in
3486 2383 3720 2422 omnem
3763 2374 3892 2423 ter-

2181 2468 2304 2506 ram
2333 2453 2469 2506 exiit
2497 2469 2671 2507 sonus
2700 2470 2919 2521 eorum,
2953 2458 3011 2509 et
3040 2455 3103 2509 in
3130 2456 3274 2510 ﬁnes
3327 2456 3480 2511 orbis
3508 2461 3681 2511 terra:
3710 2459 3891 2513 verba

2182 2557 2381 2595 eorum
2430 2542 2593 2611 (Psal.
2637 2559 2792 2611 xvui,
2822 2545 2877 2611 4,
2910 2547 2982 2612 5;
3037 2544 3314 2615 quoniam
3343 2548 3427 2612 tu,
3479 2546 3751 2615 Domine,
3779 2546 3894 2601 be-

2181 2629 2495 2684 nedicendo
2518 2631 2910 2701 multiplicasti
2939 2633 3080 2687 haec.

2252 2720 2341 2772 27.
2385 2718 2676 2789 Numquid
2703 2720 2971 2787 mentior,
3005 2726 3104 2776 aut
3132 2721 3406 2776 mixtione
3436 2721 3673 2788 misceo,
3697 2738 3891 2794 neque

2183 2805 2471 2876 distinguo
2502 2806 2715 2861 lucidas
2744 2808 3103 2877 cognitiones
3132 2810 3339 2863 harum
3367 2825 3564 2863 rerum
3595 2810 3658 2864 in
3688 2810 3887 2865 ﬁrma-

2184 2898 2378 2948 mento
2409 2894 2555 2961 coeli,
2603 2898 2659 2948 et
2685 2910 2859 2965 opera
2887 2897 3207 2967 corporalia
3261 2897 3325 2951 in
3367 2897 3593 2952 undoso
3624 2898 3800 2965 mari,
3832 2904 3887 2952 et

2185 2983 2289 3036 sub
2318 2982 2680 3038 ﬁrmamento
2711 2984 2877 3039 caeli?
2918 2985 3171 3050 Quarum
3225 2985 3381 3041 enim
3429 3001 3631 3041 rerum
3662 2986 3887 3041 notitiae

2185 3075 2317 3123 sunt
2345 3071 2564 3138 solidas,
2612 3077 2669 3126 et
2704 3072 3024 3127 terminatas
3070 3073 3190 3128 sine
3220 3073 3592 3128 incrementis
3644 3090 3886 3145 genera-

2183 3158 2431 3224 tionum,
2506 3163 2778 3231 tanquam
2847 3160 3069 3214 lumina
3140 3160 3436 3234 sapientiae
3491 3166 3550 3217 et
3605 3163 3886 3229 scientiae,

2185 3248 2519 3303 earumdem
2570 3264 2766 3303 rerum
2803 3254 2937 3304 sunt
2966 3249 3329 3320 operationes
3372 3254 3700 3324 corporales
3730 3252 3887 3307 mul-

2189 3342 2257 3390 tae
2289 3353 2353 3390 ac
2380 3338 2551 3391 variae
2576 3354 2589 3405 ;
2618 3342 2676 3392 et
2704 3337 2861 3392 aliud
2884 3354 2951 3393 ex
2980 3338 3093 3393 alio
3125 3339 3427 3394 crescendo
3463 3340 3891 3411 multiplicatur

2184 3424 2246 3479 in
2272 3425 2665 3481 benedictione
2696 3432 2813 3493 tua,
2848 3429 3019 3497 Deus,
3050 3428 3151 3502 qui
3194 3428 3520 3483 consolatus
3549 3445 3609 3483 es
3656 3428 3889 3484 fastidia

2184 3530 2456 3569 sensuum
2502 3515 2853 3584 mortalium,
2887 3519 2948 3570 ut
2974 3516 3037 3571 in
3067 3516 3393 3588 cognitione
3432 3517 3611 3573 animi
3650 3534 3745 3572 res
3775 3534 3887 3571 una

2184 3602 2380 3657 multis
2408 3602 2593 3659 modis
2623 3619 2725 3674 per
2772 3605 3024 3676 corporis
3061 3605 3345 3660 motiones
3392 3604 3674 3677 ﬁguretur
3710 3611 3885 3677 atque

2184 3690 2424 3746 dicatur.
2472 3695 2652 3764 Aqua:
2681 3693 3076 3761 produxerunt
3117 3694 3279 3761 haec;
3332 3695 3431 3749 sed
3463 3695 3523 3749 in
3558 3694 3735 3749 verbo
3768 3698 3882 3748 tuo.

2188 3778 2558 3835 Necessitates
2614 3780 2991 3836 alienatorum
3027 3782 3100 3837 ab
3132 3782 3451 3838 aeternitate
3488 3782 3745 3838 veritatis
3776 3788 3886 3837 tua!

2184 3869 2532 3939 populorum
2568 3870 2967 3940 produxerunt
2986 3870 3149 3938 haec;
3188 3872 3289 3927 sed
3322 3871 3385 3926 in
3426 3871 3732 3943 Evangelio
3765 3878 3885 3939 tuo,

2186 3957 2463 4027 quoniam
2487 3958 2627 4028 ipsae
2659 3975 2823 4030 aqum
2858 3959 2967 4014 ista
2994 3960 3319 4031 ejecerunt;
3372 3975 3617 4032 quarum
3655 3975 3886 4015 amarus

2186 4046 2427 4116 languor
2453 4047 2563 4101 fuit
2591 4064 2779 4116 causa,
2807 4053 2872 4103 ut
2898 4048 2957 4102 in
2986 4052 3083 4103 tuo
3127 4049 3302 4103 verbo
3331 4049 3440 4103 ista
3485 4049 3883 4121 procederent.

2256 4137 2344 4191 28.
2378 4137 2443 4191 Et
2469 4138 2711 4208 pulchra
2763 4142 2897 4192 sunt
2950 4138 3143 4192 omnia
3182 4138 3425 4194 faciente
3455 4143 3535 4208 te,
3581 4142 3637 4193 et
3664 4154 3795 4193 ecce
3822 4144 3883 4194 tu

2187 4225 2645 4281 inenarrabiliter
2670 4226 2963 4296 pulchrior
3005 4226 3106 4298 qui
3143 4226 3328 4281 fecisti
3358 4228 3553 4282 omnia
3584 4244 3662 4297 :_a
3686 4243 3805 4299 quo
3838 4226 3884 4282 si

2185 4329 2301 4368 non
2339 4317 2487 4368 esset
2533 4314 2724 4387 lapsus
2763 4315 2967 4382 Adam,
3000 4332 3119 4370 non
3155 4315 3579 4371 diffunderetur
3616 4333 3688 4371 ex
3717 4321 3882 4370 utero

2187 4403 2309 4475 ejus
2339 4403 2564 4474 salsugo
2594 4402 2788 4470 maris,
2823 4419 3004 4474 genus
3038 4406 3358 4459 humanum
3386 4405 3670 4476 profunde
3696 4404 3882 4459 curio-

2187 4507 2335 4558 sum,
2364 4496 2422 4545 et
2447 4492 2762 4563 procellose
2803 4492 3113 4556 tumidum,
3145 4498 3202 4549 et
3225 4493 3569 4548 instabiliter
3597 4493 3881 4557 ﬂuidum;

2187 4584 2357 4651 atque
2388 4580 2466 4634 ita
2494 4597 2612 4635 non
2643 4598 2788 4652 opus
2816 4587 2965 4636 esset
3002 4587 3065 4636 ut
3092 4582 3153 4636 in
3180 4582 3346 4655 aquis
3375 4582 3574 4637 multis
3625 4599 3885 4654 corpora-

2185 4665 2317 4720 liter
2354 4671 2409 4721 et
2432 4668 2776 4724 sensibiliter
2802 4674 3177 4740 operarentur
3200 4669 3625 4741 dispensatores
3652 4671 3738 4726 tui
3762 4687 3884 4741 my-

2186 4753 2324 4809 stica
2351 4755 2498 4810 facta
2522 4762 2579 4811 et
2627 4756 2794 4812 dicta.
2828 4758 2918 4812 Sic
2958 4757 3108 4812 enim
3157 4774 3310 4814 nunc
3337 4759 3483 4814 mihi
3512 4767 3884 4816 occurrerunt

2186 4845 2414 4917 reptilia
2442 4850 2500 4899 et
2523 4845 2730 4900 volatia
2759 4886 2773 4914 ,
2807 4847 3013 4918 quibus
3040 4846 3269 4915 imbuti,
3301 4852 3358 4902 et
3380 4847 3593 4905 initiati
3621 4850 3883 4907 homines

2186 4935 2578 5005 corporalibus
2625 4936 3256 5002 sacramentis-subditi,
3306 4953 3421 4993 non
3462 4938 3614 4993 ultra
3640 4940 3877 5011 proﬁce—

2184 5030 2329 5091 rent,
2365 5024 2476 5079 nisi
2525 5022 2899 5094 spiritualiter
2943 5024 3251 5079 vivesceret
3297 5026 3490 5081 anima
3535 5027 3717 5098 gradu
3744 5026 3877 5091 alio,

2186 5120 2241 5170 et
2281 5119 2409 5186 post
2434 5113 2585 5168 initii
2610 5113 2846 5168 verbum
2878 5113 2939 5167 in
2969 5115 3526 5171 consummationem
3554 5116 3873 5189 respiceret.

2845 5222 3069 5277 CAPUT
3098 5223 3230 5277 ΧΧΙ.

2258 5309 2542 5363 Producat
2568 5312 2721 5363 terra
2751 5310 3002 5365 animam
3030 5310 3241 5377 vivam,
3287 5316 3410 5378 etc.,
3452 5312 3581 5369 Gen.
3638 5317 3682 5375 l,
3713 5314 3797 5367 ξι.

2255 5400 2348 5452 29.
2384 5400 2463 5452 Ac
2490 5415 2593 5468 per
2638 5399 2744 5452 hoc
2772 5398 2834 5453 in
2871 5400 3043 5454 verbo
3098 5405 3195 5455 tuo
3234 5405 3351 5455 nan
3376 5401 3554 5456 maris
3584 5400 3873 5472 profundi-

2187 5489 2293 5553 tas,
2345 5487 2440 5539 sed
2492 5503 2769 5558 aquarum
2827 5488 3210 5543 amaritudine
3264 5494 3415 5543 terra
3468 5489 3705 5546 discreta
3760 5490 3868 5558 eje-
