3996 6170
199 259 305 313 857

197 380 281 432 cit
313 380 351 443 ί,
410 392 524 430 non
576 375 805 446 reptilia
862 376 1187 430 animarum
1239 375 1495 430 vivarum
1526 381 1582 431 et
1634 377 1905 446 volatilia,

196 468 304 521 sed
335 466 586 519 animam
616 464 821 519 vivam.
878 466 1074 535 Neque
1105 464 1257 519 enim
1284 464 1408 534 jam
1429 482 1571 536 opus
1600 466 1771 520 habet
1804 467 1906 519 Ba-

198 556 416 627 ptismo
448 570 563 624 quo
611 553 877 624 gentibus
926 570 1071 622 opus
1123 558 1226 615 est,
1286 554 1429 607 sicut
1478 570 1623 624 opus
1665 554 1909 609 habebat

198 660 337 698 cum
366 642 528 713 aquis
557 646 886 712 tegeretur;
918 657 1035 695 non
1065 641 1219 695 enim
1251 641 1497 695 intratur
1528 642 1696 696 aliter
1733 642 1794 696 in
1820 660 1906 696 re-

201 749 388 803 gnum
420 731 693 785 ccelorum
723 746 787 784 ex
814 728 912 784 illo
933 746 1045 799 quo
1077 728 1373 783 instituisti
1424 734 1483 783 ut
1512 730 1590 783 sic
1619 730 1863 784 intretur
1891 748 1904 785 :

204 837 314 875 nec
345 819 630 889 magnalia
662 818 864 889 quaerit
888 818 1240 872 mirabilium
1264 818 1469 888 quibus
1490 818 1591 871 ﬁat
1615 818 1753 873 ﬁdes
1779 834 1911 885 ;ne~

200 926 320 980 que
350 907 505 962 enim
535 906 645 961 nisi
696 906 859 976 signa
903 912 959 959 et
1010 906 1274 977 prodigia
1330 906 1553 972 viderit,
1587 923 1697 960 non
1732 907 1913 961 credit

202 1001 399 1065 (Joan.
436 1014 507 1061 iv,
546 998 655 1064 48),
688 1012 817 1049 cum
840 995 962 1065 jam
1017 995 1287 1049 distincta
1335 995 1408 1048 sit
1444 999 1595 1049 terra
1626 996 1809 1049 ﬁdelis
1840 996 1908 1048 ab

199 1085 372 1157 aquis
402 1084 573 1139 maris
617 1083 953 1137 inﬁdelitate
985 1083 1225 1149 amaris;
1262 1088 1318 1136 et
1350 1082 1561 1153 linguae
1609 1083 1667 1137 in
1698 1083 1860 1153 signo
1892 1087 1913 1118 ²

200 1179 343 1229 sunt
372 1189 487 1226 non
538 1172 821 1237 ﬁdelibus,
868 1171 964 1224 sed
995 1171 1325 1224 inﬁdelibus
1360 1172 1403 1238 (Ι
1454 1172 1569 1227 Cor.
1621 1188 1732 1236 xiv,
1785 1172 1901 1239 22).

206 1263 325 1315 Nec
356 1260 465 1312 isto
495 1258 672 1328 igitur
716 1273 925 1327 genere
967 1256 1197 1322 volatili,
1234 1258 1387 1327 quod
1416 1258 1587 1311 verbo
1629 1262 1728 1311 tuo
1780 1274 1910 1326 pro-

203 1350 495 1403 duxerunt
524 1363 707 1416 aqua),
742 1362 885 1415 opus
914 1345 1083 1399 habet
1125 1350 1277 1399 terra
1326 1362 1499 1415 quam
1542 1346 1792 1400 fundasti
1817 1362 1910 1397 su-

198 1455 313 1509 per
342 1453 537 1507 aquas.
575 1434 821 1488 lmmitte
848 1434 909 1486 in
937 1450 1063 1487 eam
1098 1434 1331 1486 verbum
1358 1439 1521 1486 tuum
1547 1450 1649 1504 per
1681 1433 1912 1486 nuntios

204 1532 359 1579 tuos.
396 1525 578 1594 Opera
600 1523 753 1577 enim
772 1538 971 1575 eorum
997 1537 1316 1587 narramus,
1352 1522 1449 1575 sed
1480 1526 1541 1575 tu
1567 1538 1625 1574 es
1657 1522 1755 1592 qui
1776 1537 1912 1591 ope-

203 1615 355 1669 raris
386 1614 445 1666 in
476 1612 576 1678 eis,
609 1616 674 1665 ut
703 1615 1014 1681 operentur
1045 1609 1297 1664 animam
1328 1610 1533 1663 vivam.
1560 1612 1731 1663 Terra
1773 1625 1912 1680 pro-

204 1702 368 1757 ducit
398 1717 545 1767 eam,
578 1700 711 1770 quia
742 1704 896 1753 terra
925 1715 1093 1752 causa
1122 1703 1206 1752 est
1245 1704 1310 1752 ut
1351 1698 1473 1752 haec
1505 1705 1676 1769 agant
1706 1699 1767 1751 in
1808 1714 1910 1765 ea;

204 1790 357 1845 sicut
401 1805 557 1842 mare
592 1789 699 1841 fuit
729 1804 899 1840 causa
928 1790 991 1840 ut
1032 1790 1267 1856 agerent
1314 1788 1539 1857 reptilia
1592 1790 1915 1841 animarum

206 1878 491 1931 vivarum.
525 1879 580 1930 et
627 1873 881 1928 volatilia
937 1874 1039 1927 sub
1098 1874 1459 1927 ﬁrmamento
1507 1874 1654 1940 coeli,
1711 1873 1918 1944 quibus

199 1967 330 2036 jam
374 1970 524 2019 terra
578 1980 690 2016 non
739 1962 1003 2029 indiget;
1046 1962 1306 2032 quamvis
1360 1962 1575 2033 piscem
1608 1962 1920 2015 manducet

209 2056 365 2125 (Luc.
396 2051 997 2121 xxrv,43)levatumde
1020 2051 1306 2119 profundo
1334 2051 1395 2104 in
1426 2068 1490 2104 ea
1515 2067 1713 2105 mensa
1738 2067 1911 2120 quam

208 2142 425 2214 parasti
456 2141 513 2194 in
544 2144 851 2210 conspectu
894 2139 1255 2193 credentium
1288 2139 1454 2209 (Psal.
1489 2156 1619 2203 xxu,
1657 2140 1755 2209 5);
1792 2139 1917 2193 ideo

212 2232 371 2286 enim
403 2232 470 2285 de
500 2229 785 2299 profundo
817 2229 1032 2281 levatus
1062 2232 1147 2281 est
1177 2232 1238 2281 ut
1264 2228 1376 2280 alat
1410 2227 1645 2281 aridam.
1682 2229 1747 2281 Et
1766 2243 1917 2293 aves,

216 2320 440 2376 marina
469 2318 791 2388 progenies,
844 2317 941 2369 sed
972 2319 1168 2369 tamen
1198 2332 1371 2386 super
1400 2320 1609 2369 terram
1640 2316 1918 2385 multipli-

212 2414 437 2463 cantur.
476 2406 798 2461 Primarum
828 2405 982 2458 enim
1015 2421 1214 2458 vocum
1247 2403 1767 2471 evangelizantium
1799 2403 1921 2456 inti-

214 2498 422 2552 delitas
453 2494 755 2549 homiuum
786 2509 952 2547 causa
980 2493 1227 2559 exstitit;
1262 2493 1359 2546 sed
1395 2498 1449 2546 et
1491 2492 1686 2546 ﬁdeles
1716 2492 1919 2544 exhor-

214 2592 434 2649 tantur,
468 2589 524 2637 et
554 2582 968 2636 benedicuntur
996 2581 1066 2634 ab
1116 2581 1196 2634 eis
1224 2580 1246 2613 ⁵
1278 2580 1672 2650 multipliciter
1721 2580 1788 2633 de
1832 2579 1921 2633 die

214 2676 275 2729 in
310 2676 483 2729 diem.
514 2677 585 2726 At
614 2688 746 2725 vero
779 2671 972 2724 anima
996 2670 1119 2723 viva
1151 2671 1218 2724 de
1246 2676 1397 2724 terra
1436 2670 1723 2739 sumpsit‘
1753 2685 1921 2723 exor-

212 2764 401 2828 dium,
434 2761 569 2833 quia
596 2776 715 2814 non
736 2759 1098 2829 prodestjam
1122 2757 1233 2811 nisi
1261 2758 1524 2811 ﬁdelibus
1550 2758 1842 2811 continere
1864 2772 1923 2810 se

210 2854 290 2908 ab
326 2867 518 2906 amore
547 2849 717 2919 hujus
775 2847 986 2911 saeculi,
1021 2851 1085 2899 ut
1128 2846 1321 2899 anima
1374 2862 1575 2899 eorum
1620 2846 1723 2899 tibi
1752 2846 1918 2910 vivat,

210 2958 349 3013 quae.
388 2943 615 2993 mortua
648 2941 770 2992 erat
800 2937 858 2990 in
885 2935 1102 2990 deliciis
1131 2935 1345 3002 vivens,
1381 2934 1617 3000 deliciis,
1662 2934 1920 2999 Domine,

212 3028 533 3084 mortiferis
586 3028 624 3095 (Ι
676 3028 813 3081 Tim.
855 3042 907 3091 ν,
943 3025 1030 3095 6);
1073 3040 1205 3078 nam
1236 3028 1298 3077 tu
1351 3023 1481 3094 puri
1513 3022 1699 3076 cordis
1728 3023 1925 3077 vitales

214 3117 460 3174 deliciae.
1334 3178 1361 3187 η

298 3211 383 3262 30.
416 3207 737 3275 Operentur
768 3218 901 3270 ergo
932 3202 1051 3272 jam
1089 3200 1150 3254 in
1196 3204 1347 3254 terra
1393 3199 1641 3253 ministri
1667 3199 1770 3265 tui,
1805 3217 1921 3253 non

222 3296 377 3350 sicut
420 3295 475 3347 in
518 3292 682 3365 aquis
725 3290 1072 3345 inﬁdelitatis
1100 3289 1497 3343 annuntiando
1556 3292 1613 3342 et
1643 3289 1927 3359 loquendo

220 3400 332 3455 per
369 3382 644 3437 miracula
673 3384 731 3435 et
760 3384 1114 3434 sacramenta
1170 3384 1227 3433 et
1278 3394 1443 3432 voces
1481 3377 1769 3447 mysticas,
1828 3376 1926 3431 ubi

226 3475 449 3526 intenta
472 3471 545 3524 sit
589 3470 909 3540 ignorantia
957 3471 1140 3522 mater
1196 3466 1588 3520 admirationis
1638 3465 1697 3518 in
1723 3466 1927 3519 timore

222 3562 583 3616 occultorum
615 3559 909 3628 signorum
937 3577 951 3623 ;
982 3556 1111 3610 talis
1142 3555 1297 3609 enim
1327 3560 1410 3608 est
1460 3554 1728 3607 introitus
1760 3556 1829 3608 ad
1860 3554 1929 3608 ﬁ-

222 3651 363 3705 dem
384 3648 515 3702 ﬁliis
543 3647 725 3701 Adam
754 3644 941 3699 oblitis
970 3644 1076 3710 tui,
1101 3644 1237 3698 dum
1269 3643 1625 3697 abscondunt
1645 3660 1703 3697 se
1732 3659 1765 3696 a
1790 3642 1929 3695 facie

222 3744 328 3793 tua
359 3740 487 3793 Gen.
519 3753 600 3805 ιιι,
632 3737 682 3805 8)
716 3739 772 3789 et
796 3733 944 3788 ﬁunt
971 3734 1205 3803 abyssus
1233 3750 1246 3786 :
1276 3733 1373 3787 sed
1405 3737 1715 3803 operentur
1757 3731 1930 3785 etiam

224 3828 377 3882 sicut
425 3826 485 3879 in
539 3825 697 3880 arida.
728 3823 969 3878 discreta
1016 3840 1047 3875 a
1102 3822 1427 3892 gurgitibus
1459 3821 1682 3891 abyssi;
1718 3826 1775 3875 et
1818 3821 1933 3874 siut

226 3917 415 3970 forma
440 3914 706 3968 ﬁdelibus
736 3911 973 3966 vivendo
1027 3926 1221 3965 coram
1266 3910 1366 3977 eis,
1424 3915 1480 3964 et
1534 3910 1828 3963 excitando
1860 3890 1952 3962 ad~

228 4004 639 4059 imitationem.
682 4002 772 4057 Sic
811 4001 967 4055 enim
1016 4016 1132 4054 non
1178 4004 1399 4054 tantum
1438 4000 1508 4053 ad
1558 3998 1929 4065 audiendum,

229 4095 329 4148 sed
382 4093 551 4146 etiam
602 4092 674 4145 ad
714 4090 1039 4145 faciendum
1073 4088 1346 4143 audiunt:
1372 4089 1602 4154 Quaerite
1628 4091 1929 4153 Dominum,

227 4189 283 4237 et
301 4185 445 4237 vivet
474 4183 661 4235 anima
676 4180 1040 4245 vestra(Psal.
1069 4177 1379 4245 va111,33),
1402 4182 1465 4230 ut
1489 4177 1759 4246 producat
1790 4182 1933 4231 terra

226 4274 471 4325 animam
500 4272 781 4323 viventem.
815 4268 989 4323 Nolite
1026 4268 1357 4333 conformari
1386 4267 1508 4318 huic
1538 4266 1727 4319 swculo
1757 4264 1930 4335 (Rom.

230 4376 332 4424 xu,
361 4360 434 4427 2),
462 4358 749 4412 continete
798 4373 897 4410 vos
947 4355 1015 4409 ab
1066 4373 1153 4409 eo.
1212 4354 1484 4409 Evitando
1532 4353 1667 4406 vivit
1719 4354 1929 4419 anima,

227 4464 365 4519 quae
387 4446 703 4517 appetendo
736 4444 999 4499 moritur.
1035 4443 1327 4498 Continete
1357 4458 1452 4495 vos
1484 4441 1551 4493 ab
1582 4439 1819 4493 immani
1856 4440 1933 4493 fe-

177 4598 204 4617 .
230 4535 400 4589 ritate
432 4532 733 4603 superbiae,
768 4532 836 4585 ab
868 4531 1040 4584 inerti
1071 4531 1361 4599 voluptate
1398 4528 1657 4593 luxurias,
1690 4530 1745 4580 et
1777 4543 1810 4579 a
1839 4527 1936 4579 fal-

230 4623 341 4677 laci
381 4621 614 4675 nomine
669 4619 961 4684 scientiae;
1011 4622 1073 4671 ut
1126 4619 1239 4670 sint
1289 4615 1488 4670 bestias
1519 4618 1850 4677 mansuetas,
1884 4617 1939 4665 et

230 4727 439 4782 pecora
486 4708 758 4775 edomita,
808 4712 863 4761 et
910 4705 1128 4760 innoxii
1177 4708 1484 4774 serpentes.
1543 4703 1723 4756 Motus
1781 4700 1937 4755 enim

230 4800 440 4854 anima:
472 4802 605 4851 sunt
632 4796 728 4850 isti
764 4796 825 4850 in
855 4793 1133 4865 allegoria
1167 4810 1178 4846 :
1214 4792 1311 4846 sed
1360 4793 1535 4846 fastus
1568 4789 1844 4851 elationis,
1883 4792 1940 4841 et

231 4885 532 4941 delectatio
585 4883 862 4949 libidinis,
897 4887 953 4935 et
1009 4897 1296 4935 venenum
1344 4879 1695 4933 curiositatis
1748 4882 1937 4931 motus

232 4980 368 5030 sunt
399 4974 609 5028 animas
640 4978 915 5037 morture;
953 4970 1088 5043 quia
1118 4986 1237 5024 non
1268 4970 1347 5024 ita
1385 4968 1649 5032 moritur,
1684 4970 1751 5021 ut
1780 4964 1937 5019 omni

302 5137 313 5168 ι
348 5131 522 5197 Ejicit.
548 5132 703 5197 juxta
734 5131 932 5197 Somm.
964 5130 1197 5197 Mart._et
1224 5126 1393 5197 Itond.
1426 5126 1492 5197 ill.

298 5198 321 5229 ³
356 5186 421 5248 Ιῖι
444 5186 611 5259 signa,
640 5195 794 5259 juxta
816 5193 1011 5259 Somm.
1043 5195 1101 5259 et_
1121 5190 1290 5259 Bond.
1308 5201 1435 5259 cum
1458 5190 1483 5235 5
1515 5186 1635 5259 Mss.
1652 5248 1663 5259 ‘
1688 5186 1769 5259 ‘M.

299 5260 321 5291 ³
348 5246 846 5316 Ι)ον.,”ὸεήἑάύσιιηι
878 5255 988 5313 eis;
1016 5253 1105 5302 sed
1135 5251 1417 5316 legendum
1447 5262 1566 5297 cum
1592 5248 1723 5296 Edd.
1757 5246 1870 5316 aliis
1888 5250 1941 5316 et

236 5320 383 5372 Mss.
399 5312 788 5368 benedicuntur
800 5318 863 5366 ab
886 5312 985 5366 eis:
1008 5330 1125 5377 quas
1147 5312 1299 5377 lectio
1320 5324 1589 5375 perperam
1611 5312 1845 5377 correcta
1863 5313 1942 5357 est

238 5389 455 5454 pmpter
487 5382 703 5429 verbum
738 5372 1105 5435 exhortantur,
1138 5374 1278 5437 quod
1312 5372 1565 5435 putarunt
1592 5372 1759 5421 active
1790 5384 1938 5419 usur-

236 5458 371 5504 pari.

310 5510 331 5540 δ
355 5508 544 5562 Sumit,
570 5504 724 5569 juxta
754 5503 878 5552 Arn.
910 5506 962 5551 et
982 5502 1131 5550 Mart.
1158 5512 1275 5547 cum
1308 5500 1336 5546 6
1362 5498 1483 5546 Mss.
1507 5497 1572 5547 Μ.

1486 254 1697 311 LIBER
1756 254 2070 312 DECIMUS
2118 256 2439 312 TERTIUS.

3578 258 3707 307 -858

2019 382 2177 432 motu
2207 383 2413 440 careat,
2442 377 2717 449 quoniam
2755 376 3093 431 discedendo
3122 392 3154 430 a
3187 378 3341 431 fonte
3367 377 3521 445 vitae,
3576 393 3704 431 ωο-

2020 466 2183 533 ritur,
2216 473 2385 537 atque
2432 467 2509 520 ita
2553 466 2857 537 suscipitur
2888 484 2918 519 a
2960 469 3339 536 praetereunte
3385 466 3615 533 saeculo,
3652 470 3709 518 et

2018 556 2407 609 conformatur
2435 554 2505 608 ei.

2090 648 2176 699 3t.
2210 645 2454 697 Verbum
2484 648 2673 697 autem
2704 648 2889 709 tuum,
2932 644 3097 710 Deus,
3143 644 3266 697 fons
3318 642 3449 696 vitae
3482 645 3709 695 teternaa

2021 738 2123 798 est,
2159 738 2215 786 et
2244 750 2360 786 nou
2389 733 2641 803 praterit
2669 752 2683 785 :
2718 733 2959 803 ideoque
2988 733 3047 785 in
3068 732 3238 786 verbo
3269 736 3365 785 tuo
3412 730 3711 784 cohibetur

2020 822 2114 875 ille
2149 822 2445 886 discessus,
2494 821 2631 875 dum
2681 821 2887 875 dicitur
2930 820 3114 884 nobis,
3163 821 3339 876 Nolite
3382 821 3714 884 conformari

2023 914 2144 965 huic
2172 914 2359 966 sweulo
2389 929 2402 978 ;
2434 915 2499 964 ut
2523 912 2790 980 producat
2834 916 2978 964 terra
3008 910 3067 963 in
3097 911 3253 963 fonte
3292 909 3421 962 vitae
3472 911 3711 962 animam

2020 1002 2300 1064 viventem,
2329 999 2388 1051 in
2417 999 2589 1052 verbo
2618 1003 2716 1052 tuo
2745 1014 2849 1068 per
2881 998 3259 1067 Evangelistas
3289 1001 3417 1050 tuos
3460 996 3712 1050 animam

2022 1087 2428 1151 continentem,
2484 1087 2761 1140 imitando
2818 1087 3134 1139 imitatores
3189 1086 3394 1140 Christi
3442 1084 3545 1138 tui.
3600 1086 3713 1137 Hoc

2023 1180 2107 1227 est
2136 1175 2287 1228 enim
2318 1176 2603 1229 secundum
2632 1191 2816 1241 genus,
2875 1175 3150 1243 quoniam
3181 1172 3470 1227 aemulatio
3504 1170 3609 1227 viri
3643 1172 3714 1225 ab

2022 1262 2204 1316 amico
2235 1268 2320 1316 est
2352 1279 2363 1315 :
2398 1266 2597 1327 Estote,
2632 1262 2836 1331 inquit,
2868 1264 3005 1315 sicut
3034 1278 3124 1327 ego
3154 1279 3166 1327 ;
3214 1264 3346 1329 quia
3376 1266 3424 1314 et
3449 1276 3542 1327 ego
3570 1264 3714 1315 sicut

2022 1367 2112 1404 vos
2144 1350 2345 1419 (Galat.
2382 1368 2455 1415 iv,
2499 1350 2602 1416 l2).
2652 1352 2732 1402 Ita
2788 1354 2957 1401 erunt
2996 1348 3056 1401 in
3098 1349 3288 1401 anima
3317 1348 3443 1401 viva
3470 1349 3487 1380 ⁴
3520 1349 3715 1402 bestiae

2021 1439 2189 1492 bonzr.
2219 1438 2280 1491 in
2309 1437 2746 1491 mansuetudine
2799 1436 3050 1489 actionis.
3086 1436 3359 1489 )landasti
3408 1435 3582 1500 enim,
3636 1434 3715 1488 di-

2024 1544 2153 1581 cens
2187 1546 2202 1580 :
2242 1529 2304 1581 In
2340 1526 2749 1581 mansuetudine
2796 1540 2957 1593 opera
2994 1530 3087 1577 tua
3126 1527 3336 1592 perﬁce,
3373 1528 3422 1575 et
3453 1523 3519 1575 ab
3573 1527 3717 1576 omni

2026 1618 2233 1670 homine
2263 1617 2506 1683 diligeris
2539 1615 2723 1685 (Eccli.
2762 1632 2837 1679 ιιι,
2873 1618 2978 1683 19).
3030 1615 3094 1667 Et
3120 1628 3325 1682 pecora
3355 1612 3505 1664 bona
3532 1626 3717 1680 neque

2024 1705 2072 1758 si
2101 1704 2582 1769 manducaverint,
2613 1702 2991 1765 abundantia;
3028 1715 3214 1769 neque
3245 1699 3291 1751 si
3325 1715 3441 1751 non
3469 1698 3714 1751 mandu-

2027 1792 2298 1859 caverint,
2330 1791 2556 1862 egentia
2583 1806 2597 1845 :
2630 1796 2685 1845 et
2726 1795 3016 1858 serpentes
3048 1788 3203 1852 boni,
3266 1804 3378 1840 non
3406 1785 3713 1855 perniciosi

2030 1882 2097 1936 ad
2127 1882 2469 1947 nocendum,
2531 1880 2628 1932 sed
2684 1878 2854 1932 astuti
2905 1878 2970 1931 ad
3031 1876 3342 1930 cavendum
3372 1895 3385 1940 ;
3416 1880 3472 1927 et
3500 1878 3717 1928 tantum

2028 1972 2386 2040 explorantes
2434 1968 2803 2038 temporalem
2844 1971 3126 2031 naturam,
3176 1968 3458 2034 quantum
3490 1962 3716 2023 sufﬁcit,
3790 1994 3797 2002 -

2029 2062 2091 2111 ut
2119 2074 2222 2127 per
2247 2073 2312 2110 ea
2340 2072 2467 2126 qua:
2498 2058 2642 2109 facta
2669 2059 2818 2119 sunt,
2844 2054 3130 2108 intellecta
3150 2051 3533 2121 conspiciatur
3556 2054 3717 2103 reter-

2031 2146 2176 2200 nitas
2204 2148 2375 2214 (Rom.
2424 2161 2460 2209 ι,
2510 2144 2621 2212 20).
2654 2143 2917 2197 Serviunt
2937 2142 3089 2195 enim
3118 2139 3325 2194 rationi
3354 2140 3475 2193 haac
3501 2137 3719 2191 anima-

2030 2236 2123 2301 lia,
2170 2251 2299 2288 cum
2331 2250 2359 2286 a
2400 2248 2699 2304 progressu
2767 2230 3059 2285 mortifero
3097 2228 3348 2283 cohibita
3408 2226 3606 2280 vivunt
3669 2230 3726 2279 et

2032 2324 2182 2377 bona
2211 2325 2357 2375 sunt.

2675 2409 2899 2463 CAPUT
2933 2408 3086 2461 XXII.

2066 2498 2362 2554 Faciamus
2390 2496 2685 2552 hominem
2726 2497 2795 2550 ad
2826 2496 3161 2566 imaginem,
3200 2498 3323 2561 etc.,
3358 2495 3485 2549 Gen.
3524 2495 3569 2557 l,
3600 2492 3692 2545 26.

2612 2588 2902 2641 Renovatio
2932 2586 3143 2639 mentis.

2105 2681 2191 2732 32.
2222 2679 2356 2731 Ecce
2384 2676 2560 2742 enim,
2594 2678 2812 2728 Domne
2846 2676 2991 2727 Deus
3021 2675 3233 2739 noster,
3267 2674 3487 2724 creator
3517 2672 3727 2732 noster,

2034 2783 2163 2821 cum
2193 2765 2456 2819 cohibitae
2503 2762 2715 2817 fuerint
2769 2762 3095 2815 affectiones
3142 2759 3211 2813 ab
3266 2772 3459 2811 amore
3509 2755 3727 2809 saeculi.

2035 2854 2243 2925 quibus
2281 2852 2669 2906 moriebamur
2725 2850 2871 2903 male
2902 2848 3166 2914 vivendo,
3225 2850 3280 2899 et
3330 2844 3563 2914 coeperit
3611 2859 3732 2896 esse

2035 2944 2228 2997 anima
2272 2941 2468 2994 vivens
2521 2941 2664 2993 bene
2723 2937 2984 3001 vivendo,
3048 2935 3491 3005 conpletumque
3560 2930 3734 2985 fuerit

2033 3031 2270 3085 verbum
2284 3033 2468 3088 tuum,
2484 3027 2635 3098 quod
2658 3023 3109 3096 perApostolum
3126 3026 3291 3075 tuum
3320 3019 3532 3078 dixisti,
3556 3018 3734 3075 Nolite

2035 3118 2365 3185 conformari
2380 3118 2504 3169 huic
2519 3116 2707 3169 saeculo
2724 3134 2739 3179 ;
2756 3110 3125 3181 consequitur
3138 3114 3193 3163 et
3206 3108 3347 3162 illud
3362 3107 3513 3176 quod
3533 3106 3734 3174 adjun-

2036 3206 2167 3260 xisti
2195 3206 2384 3259 statim
2416 3210 2472 3259 et
2488 3202 2817 3268 dixisti,Sed
2836 3200 3212 3267 reformamini
3242 3200 3300 3249 in
3327 3198 3564 3249 novitate
3593 3209 3736 3247 men-

2038 3303 2105 3353 tis
2135 3302 2322 3351 vestra
2348 3298 2521 3365 (Rom.
2554 3310 2649 3358 xu,
2680 3294 2764 3360 2):
2799 3307 2916 3344 non
2936 3290 3054 3359 jam
3087 3286 3377 3342 secundum
3407 3299 3591 3352 genus,
3616 3287 3736 3335 tan-

2038 3402 2213 3458 quam
2236 3384 2523 3438 imitantes
2554 3380 2972 3451 praacedentem
3003 3376 3348 3446 proximum,
3378 3387 3481 3424 nec
3529 3388 3594 3423 ex
3626 3371 3726 3422 ho-

2038 3474 2209 3529 minis
2224 3472 2475 3526 melioris
2489 3469 2823 3524 auctoritate
2842 3467 3113 3519 viventes.
3139 3464 3331 3531 Neque
3345 3460 3500 3513 enim
3514 3456 3728 3522 dixisti,

2041 3565 2163 3619 Fiat
2190 3563 2363 3616 homo
2394 3558 2705 3613 secundum
2738 3571 2954 3625 genus;
2992 3552 3107 3616 sed,
3142 3552 3427 3604 Faciamus
3471 3547 3736 3599 hominem

2040 3653 2115 3707 ad
2144 3652 2433 3718 imaginem
2482 3652 2532 3701 et
2579 3644 2992 3700 similitudinem
3043 3644 3284 3693 nostram
3342 3636 3491 3704 (Gen.
3525 3651 3565 3701 ι,
3594 3634 3686 3701 26)
3721 3649 3733 3697 ;

2043 3747 2106 3795 ut
2132 3757 2235 3795 nos
2263 3737 2576 3810 probemus
2612 3750 2739 3804 qua:
2771 3732 2840 3785 sit
2868 3732 3129 3784 voluntas
3156 3734 3275 3780 tua.
3333 3724 3414 3778 Ad
3447 3723 3553 3777 hoc
3581 3720 3737 3774 enim

2045 3809 2402 3901 dispensator
2432 3826 2527 3879 ille
2565 3828 2699 3877 tuus
2731 3836 3010 3891 generans
3046 3834 3147 3889 per
3177 3812 3545 3883 Evangelium
3589 3809 3740 3864 ﬁlios

2045 3920 2086 3986 (Ι
2125 3900 2242 3973 Cor.
2303 3932 2376 3983 ιν,
2420 3916 2528 3981 15),
2573 3927 2644 3965 ne
2693 3925 2919 3978 semper
2976 3906 3242 3977 parvulos
3300 3900 3534 3957 haberet
3587 3915 3731 3971 quos

2044 4008 2185 4061 lacte
2198 4002 2821 4071 nutriret,et_tanquam
2844 3998 3037 4051 nutrix
3058 3998 3277 4050 foveret
3299 3994 3339 4062 (Ι
3357 3992 3537 4045 Thess.
3574 4006 3631 4055 ιι,
3653 3994 3733 4055 ’ῖ);

2043 4094 2453 4161 Reformamini,
2488 4089 2692 4161 inquit,
2727 4091 2787 4141 in
2808 4088 3044 4140 novitate
3056 4086 3245 4138 mentis
3275 4086 3487 4146 vestrm,
3508 4077 3581 4130 ad
3608 4093 3741 4145 pro-

2046 4182 2283 4236 bandum
2331 4195 2422 4234 vos
2452 4178 2476 4211 ³
2505 4194 2623 4247 quae
2681 4179 2752 4231 sit
2794 4176 3041 4229 voluntas
3098 4174 3210 4230 Dei,
3264 4169 3407 4236 quod
3450 4168 3640 4220 bonum
3693 4170 3741 4217 et

2046 4271 2435 4339 beneplacitum
2465 4271 2513 4319 et
2542 4268 2839 4334 perfectum
2878 4264 3055 4329 (Rom.
3110 4276 3205 4323 xu,
3240 4259 3312 4323 '2).
3345 4256 3591 4324 Ideoque
3624 4269 3740 4305 non

2047 4359 2204 4424 dicis,
2240 4357 2360 4411 Fiat
2389 4357 2601 4421 homo;
2635 4352 2753 4417 sed,
2784 4353 3069 4405 Faciamus
3109 4348 3389 4400 hominem.
3427 4344 3539 4397 Nec
3580 4340 3739 4405 dicis,

2046 4446 2367 4503 Secundum
2399 4458 2617 4514 genus;
2652 4440 2769 4506 sed,
2795 4428 2911 4494 Ad'
2928 4438 3218 4503 imaginem
3256 4438 3305 4485 et
3334 4430 3745 4485 similitudinem

2044 4542 2304 4591 nostram.
2335 4534 2514 4588 Mente
2541 4530 2755 4602 quippe
2773 4530 3094 4589 renovatus,
3124 4527 3179 4575 et
3208 4517 3564 4587 conspiciens
3584 4516 3746 4570 intel-

2047 4626 2249 4679 lectam
2278 4620 2574 4675 veritatem
2602 4623 2781 4681 tuam,
2834 4612 3065 4668 homine
3114 4610 3570 4664 demonstratore
3628 4621 3746 4659 non

2045 4713 2284 4782 indiget,
2311 4715 2375 4765 ut
2418 4724 2587 4764 suum
2632 4722 2811 4778 genus
2841 4702 3135 4765 imitetur;
3171 4697 3267 4751 sed
3315 4696 3745 4750 demonstrante

2047 4807 2101 4855 te
2132 4800 2331 4871 probat
2375 4798 2494 4867 ipse
2524 4812 2651 4866 quae
2700 4793 2770 4846 sit
2798 4791 3059 4844 voluntas
3088 4791 3205 4851 tua,
3261 4784 3416 4854 quod
3446 4784 3662 4837 bonum
3692 4786 3747 4835 et

2050 4870 2470 4958 beneplacitum
2500 4889 2554 4938 et
2590 4882 2905 4953 perfectum
2939 4894 2951 4931 :
2986 4880 3038 4929 et
3091 4875 3262 4929 doces
3293 4888 3425 4928 eum
3446 4870 3468 4906 ³
3486 4872 3607 4942 jam
3654 4888 3746 4923 ca-

2049 4994 2248 5051 pacem
2277 4975 2470 5029 videre
2500 4970 2835 5026 Trinitatem
2866 4964 3119 5027 unitatis,
3151 4967 3208 5017 et
3249 4962 3527 5016 unitatem
3558 4958 3746 5014 Trini-

2050 5049 2201 5121 tatis.
2246 5065 2493 5133 Ideoque
2537 5057 2835 5131 pluraliter
2900 5054 3069 5121 dicto,
3126 5054 3409 5107 Faciamus
3463 5049 3741 5111 hominem,

2050 5153 2417 5226 singulariter
2448 5154 2641 5203 tamen
2680 5145 2943 5208 infertur,
2993 5145 3062 5197 Et
3107 5142 3239 5207 fecit
3262 5142 3399 5192 Deus
3443 5137 3742 5193 hominem;

2116 5248 2127 5278 ί
2166 5243 2343 5291 Plures
2374 5239 2515 5293 Mss,
2546 5239 2600 5284 in
2627 5235 2864 5284 animum
2890 5233 3086 5281 vivam.
3267 5290 3275 5293 Α
3492 5284 3504 5293 _
3614 5282 3623 5290 ‘

2114 5309 2133 5341 ²
2162 5284 2723 5368 Ιιίῖᾇίἶὶᾆ-ξίὲὲεῐροη
2754 5308 2926 5368 quam.
2943 5305 3134 5368 vocem.
3155 5290 3436 5368 restituere
3457 5284 3652 5347 placuit
3684 5297 3746 5330 ex

2052 5348 2543 5427 ltissrqu—ia‘locum
2575 5348 2723 5427 illum
2746 5348 2819 5427 sic
2846 5356 3037 5427 referre
3060 5354 3193 5403 solet
3220 5348 3563 5427 Augustian

2057 5407 2447 5539 "gﬁﬁfﬁﬁ:
2458 5407 2542 5475 Εἶξ
2558 5407 2754 5473 ωλι-ιι.
2774 5422 2909 5479 facis
2917 5418 3042 5481 jam
3065 5407 3331 5479 capaccm'.
3360 5410 3443 5458 Sic
3465 5408 3621 5457 etiam
3642 5407 3747 5461 duo

2057 5507 2082 5540 θ
2160 5506 2226 5539 88.
