4062 6188
380 261 484 313 859

374 388 432 439 et
458 378 758 453 pluraliter
781 375 957 442 dicto,
988 375 1080 431 Ad
1100 375 1393 443 imaginem
1427 377 1692 438 nostram,
1707 369 2074 440 singulariter

374 471 637 534 infertur,
670 466 744 520 ad
773 464 1065 531 imaginem
1119 467 1232 519 Dei.
1287 465 1370 518 Ita
1422 463 1594 516 homo
1644 462 1953 514 renovatur
2010 457 2069 510 in

374 557 724 631 agnitionem
750 555 870 619 Dei,
904 553 1215 607 secundum
1247 549 1560 621 imaginem
1582 549 1705 619 ejus
1734 547 1835 618 qui
1864 545 2073 600 creavit

374 663 504 701 eum
533 646 685 712 (Gen.
727 661 764 708 ι,
789 645 854 695 27
883 658 896 708 ;
927 643 1228 703 601035.111,
1268 643 1385 708 10);
1417 641 1472 691 et
1501 635 1810 708 spiritualis
1841 636 2071 689 effectus

368 735 591 808 judicat
612 731 827 798 omnia,
850 746 980 800 qua:
999 729 1199 800 utique
1220 727 1533 799 judicanda
1549 730 1684 780 sunt
1703 741 1716 792 ;
1740 725 1862 796 ipse
1878 727 2071 792 autem

373 842 406 878 a
430 821 662 878 nemine
684 818 1001 890 judicatur.

1000 905 1224 959 CAPUT
1252 905 1438 958 XXIII.

383 1001 448 1054 Et
475 997 672 1071 praesit
697 993 950 1066 piscibus
977 992 1171 1060 maris,
1205 997 1326 1057 etc.,
1379 993 1509 1048 Gen.
1560 993 1610 1056 l,
1657 991 1748 1043 26.
1777 991 1852 1043 De
1877 987 2072 1056 quibus

933 1083 1266 1136 christianus
1282 1080 1513 1148 Judicet.

438 1179 527 1233 33.
557 1173 721 1238 Quod
751 1175 943 1226 autem
968 1170 1186 1240 judicat
1215 1168 1430 1234 omnia,
1465 1169 1573 1221 hoc
1602 1168 1686 1220 est
1713 1165 1870 1236 quod
1898 1163 2075 1218 habet

364 1266 704 1336 potestatem
759 1258 1001 1331 piscium
1059 1257 1252 1323 maris,
1328 1261 1385 1310 et
1438 1253 1760 1309 volatilium
1815 1251 1962 1318 cceli,
2022 1256 2078 1305 et

374 1351 636 1407 omnium
674 1363 948 1420 pecorum
997 1349 1052 1399 et
1098 1345 1373 1410 ferarum,
1421 1349 1478 1397 et
1522 1341 1709 1396 omnis
1766 1346 1956 1407 terrm,
2019 1343 2077 1393 et

373 1438 636 1494 omnium
663 1435 992 1506 repentium
1049 1449 1179 1502 quae
1219 1435 1429 1502 repunt
1476 1446 1648 1500 super
1693 1434 1926 1484 terram.
1963 1430 2079 1483 Hoc

373 1528 528 1583 enim
561 1524 680 1595 agit
710 1539 814 1594 per
843 1521 1053 1576 mentis
1084 1520 1457 1586 intellectum,
1485 1535 1588 1589 per
1619 1533 1790 1585 quem
1833 1516 2080 1588 percipit

376 1632 506 1688 qua:
533 1617 666 1667 sunt
715 1611 963 1682 Spiritus
1015 1610 1115 1664 Dei
1165 1610 1204 1678 (Ι
1237 1610 1355 1665 Cor.
1389 1625 1427 1673 ι,
1482 1607 1586 1674 14).
1620 1606 1849 1676 Alioqui
1905 1606 2078 1660 homo

370 1705 434 1758 in
462 1703 679 1757 honore
699 1699 941 1770 positus,
978 1714 1096 1752 non
1125 1696 1406 1750 intellexit
1430 1713 1444 1762 ;
1482 1700 1846 1766 comparatus
1877 1697 1962 1747 est
1983 1693 2077 1762 ju-

369 1791 579 1847 mentis
631 1785 957 1852 insensatis,
1009 1789 1065 1839 et
1111 1783 1318 1838 similis
1370 1783 1552 1838 factus
1610 1787 1694 1836 est
1747 1782 1858 1836 illis
1907 1782 2074 1850 (Psal.

367 1896 556 1948 vam,
619 1877 723 1948 13).
783 1877 926 1945 Ergo
955 1873 1018 1928 in
1069 1871 1314 1928 Ecclesia
1361 1875 1480 1932 tua,
1523 1872 1671 1925 Deus
1721 1875 1931 1936 noster,
1991 1885 2078 1923 se-

371 1967 624 2023 cundum
654 1963 897 2035 gratiam
922 1967 1080 2016 tuam
1099 1976 1274 2032 quam
1293 1958 1498 2014 dedisti
1523 1958 1597 2024 ei,
1621 1958 1894 2030 quoniam
1913 1962 2077 2012 tuum

371 2073 567 2112 sumus
605 2053 970 2123 figmentum,
1009 2049 1183 2103 creati
1224 2047 1286 2102 in
1338 2047 1610 2118 operibus
1663 2045 2074 2116 bonis(Ephes.

372 2163 431 2213 ιι,
469 2143 578 2214 10),
603 2157 721 2196 non
749 2140 936 2194 solum
965 2137 1066 2210 qui
1087 2135 1461 2209 spiritualiter
1480 2140 1759 2207 praesunt,
1785 2135 1884 2189 sed
1905 2133 2078 2188 etiam

367 2233 410 2288 ii
441 2232 541 2306 qui
571 2228 946 2302 spiritualiter
996 2226 1320 2280 subduntur
1359 2224 1440 2279 eis
1480 2224 1578 2295 qui
1629 2227 1885 2294 praesunt
1916 2224 2078 2292 (Mas-

369 2323 563 2378 culum
595 2318 748 2373 enim
791 2321 848 2371 et
879 2315 1154 2370 feminam
1184 2313 1366 2368 fecisti
1395 2311 1696 2367 hominem
1731 2311 1936 2381 [Gen.1,
1962 2311 2074 2380 27].

374 2413 479 2465 hoc
501 2406 745 2463 modoin
759 2403 942 2476 gratia
957 2408 1058 2457 tua
1085 2400 1394 2472 spirituali,
1411 2400 1510 2455 ubi
1529 2399 1844 2455 secundum
1875 2415 2074 2453 sexum

371 2496 626 2567 corporis
683 2510 802 2548 non
858 2496 944 2546 est
997 2491 1284 2546 masculus
1334 2495 1390 2544 et
1418 2489 1668 2556 femina;
1701 2488 1839 2559 quia
1892 2503 2078 2558 neque

370 2586 623 2651 Judaeus,
657 2598 844 2653 neque
888 2583 1136 2649 Graecus,
1185 2593 1374 2649 neque
1432 2592 1644 2643 servus,
1696 2591 1886 2647 neque
1933 2575 2079 2629 liber

373 2675 578 2744 {Galat,
612 2689 693 2738 ιιι,
725 2670 878 2740 28]);
934 2667 1261 2739 spirituales
1317 2682 1473 2737 ergo,
1508 2664 1624 2720 sive
1649 2664 1750 2735 qui
1796 2667 2075 2735 praesunt,

379 2764 494 2818 sive
524 2763 623 2832 qui
655 2759 1074 2829 obtemperant,
1105 2755 1480 2828 spiritualiter
1498 2753 1760 2825 judicant
1789 2754 1831 2823 (Ι
1860 2754 1980 2809 Cor.
2015 2770 2073 2820 ιι,

377 2852 498 2921 15);
533 2865 654 2905 non
679 2849 750 2903 de
775 2845 1200 2918 cognitionibus
1248 2844 1661 2916 spiritualibus,
1705 2858 1835 2914 quin
1883 2843 2076 2896 lucent

370 2941 430 2996 in
462 2940 828 2994 firmamento
857 2937 995 3006 (non
1028 2935 1182 2989 enim
1214 2938 1438 3004 oportet
1467 2933 1536 2987 de
1566 2937 1685 2986 tam
1706 2930 1939 2985 sublimi
1969 2947 2074 2985 au-

373 3028 632 3083 ctoritate
656 3024 933 3097 judicare)
961 3045 977 3092 ;
1009 3039 1195 3095 neque
1227 3023 1295 3076 de
1325 3021 1446 3092 ipso
1490 3021 1658 3076 Libro
1699 3025 1816 3087 tuo,
1854 3018 2076 3074 etiamsi

371 3117 510 3190 quid
542 3115 620 3169 ibi
649 3130 764 3169 non
799 3113 985 3179 lucet;
1017 3111 1293 3183 quoniam
1327 3110 1715 3165 submittimus
1746 3109 1797 3163 ci
1819 3112 2078 3162 nostrum

373 3205 748 3266 intellectum,
783 3206 1118 3272 certumque
1147 3199 1425 3254 habemus
1446 3198 1620 3253 etiam
1641 3198 1794 3269 quod
1821 3198 2077 3251 clausum

376 3297 461 3348 est
493 3291 816 3363 aspectibus
833 3288 1064 3355 nostris,
1097 3292 1247 3342 recte
1268 3287 1655 3358 veraciterque
1687 3286 1902 3340 dictum
1930 3301 2074 3340 esse.

370 3382 461 3438 Sic
489 3381 646 3436 enim
673 3381 868 3447 homo,
910 3377 1040 3433 licet
1062 3379 1184 3449 jam
1220 3375 1536 3447 spiritualis
1566 3379 1622 3429 et
1651 3379 1958 3428 renovatus
2007 3373 2070 3428 in

383 3469 736 3541 agnitionem
767 3467 888 3532 Dei,
922 3465 1237 3522 secundum
1256 3463 1570 3535 imaginem
1602 3462 1725 3533 ejus
1741 3462 1843 3533 qui
1870 3462 2078 3516 creavit

378 3574 511 3613 eum
541 3559 768 3630 (Coloss.
803 3574 884 3622 ιιι,
919 3557 1006 3626 10)
1033 3571 1045 3623 ;
1076 3554 1257 3609 factor
1285 3557 1479 3607 tamen
1525 3550 1668 3622 legis
1715 3550 1887 3605 debet
1934 3565 2074 3616 esse,

373 3664 490 3701 non
519 3647 687 3718 judex
711 3645 918 3717 (Jacobi
947 3661 1022 3713 iv,
1056 3643 1162 3712 11).
1223 3643 1417 3713 Neque
1454 3642 1522 3696 de
1573 3640 1672 3695 illa
1711 3637 2076 3694 distinctione

368 3735 610 3806 judicat,
657 3732 1046 3804 spiritualium
1102 3730 1366 3785 videlicet
1420 3734 1594 3800 atque
1625 3727 1940 3782 carnalium
1967 3727 2076 3781 ho-

375 3823 620 3889 minum,
653 3820 752 3891 qui
792 3819 928 3885 tuis,
979 3821 1130 3873 Deus
1174 3823 1390 3883 noster,
1437 3815 1615 3870 oculis
1659 3816 1781 3870 noti
1820 3819 1971 3882 sunt,
2023 3817 2080 3869 et

374 3908 550 3964 nullis
573 3907 758 3962 adhuc
783 3906 950 3960 nobis
997 3909 1386 3976 apparuerunt
1415 3904 1708 3974 operibus,
1745 3907 1808 3956 ut
1851 3919 1919 3956 ex
1965 3902 2079 3956 fru-

375 3998 557 4053 ctibus
607 4009 807 4049 eorum
847 4009 1254 4063 cognoscamus
1301 4008 1396 4046 eos
1441 3991 1655 4062 (Matth.
1681 4007 1776 4058 vn,
1804 3991 1892 4062 20)
1925 4007 1938 4045 :
1982 3991 2078 4045 sed

375 4093 460 4156 tu,
503 4084 763 4153 Domine,
789 4083 912 4154 jam
943 4082 1049 4136 scis
1110 4097 1206 4136 eos
1254 4085 1313 4135 et
1354 4079 1597 4134 divisisti
1643 4084 1700 4134 et
1753 4079 1965 4134 vocasti
2017 4079 2080 4134 in

377 4177 617 4241 occulto,
642 4177 955 4244 antequam
979 4171 1143 4227 ﬁeret
1169 4169 1624 4224 firmamentum.
1661 4171 1855 4240 Neque
1883 4169 2080 4224 detur-

375 4266 524 4322 bidis
571 4264 743 4335 hujus
791 4261 987 4316 saeculi
1044 4259 1267 4332 populis
1315 4274 1648 4330 quanquam
1699 4259 1717 4293 ί
1765 4257 2079 4328 spiritualis

375 4356 552 4410 homo
577 4351 819 4426 judicat.
853 4351 1003 4416 Quid
1047 4349 1202 4404 enim
1228 4348 1284 4426 ei
1324 4348 1396 4402 de
1421 4347 1492 4402 iis
1522 4347 1624 4419 qui
1657 4346 1795 4400 foris
1834 4351 1966 4401 sunt
1992 4347 2081 4417 ju-

382 4423 643 4512 dicarev(l
683 4442 803 4499 Cor.
836 4457 891 4507 v,
944 4440 1054 4509 l2),
1086 4423 1378 4508 ignoranti
1434 4435 1564 4507 quis
1619 4435 1754 4490 inde
1807 4440 2081 4490 venturus

378 4531 453 4586 sit
482 4531 542 4585 in
573 4529 937 4585 dulcedinem
972 4526 1174 4599 gratiae
1203 4530 1339 4591 tuae,
1364 4528 1420 4578 et
1441 4524 1570 4595 quis
1599 4524 1661 4577 in
1688 4524 2082 4596 perpetuaim-

379 4619 611 4690 pietatis
643 4617 1031 4672 amaritudine
1062 4614 1476 4669 remansurus?

373 4717 384 4762 ξ
448 4709 531 4763 34.
563 4706 809 4776 Ideoque
833 4706 1005 4760 homo
1033 4720 1208 4776 quem
1233 4702 1416 4757 fecisti
1445 4701 1516 4756 ad
1547 4701 1862 4772 imaginem
1895 4706 2076 4768 tuam,

379 4810 495 4850 non
524 4793 738 4864 accepit
766 4789 1656 4863 potestatemluminariumcceli,
1685 4806 1873 4860 neque
1900 4789 2080 4860 ipsius

378 4881 584 4937 occulti
613 4881 759 4949 coeli,
783 4897 969 4952 neque
993 4881 1108 4936 diei
1138 4885 1194 4934 et
1221 4879 1423 4950 noctis,
1456 4896 1585 4952 qua:
1613 4884 1745 4934 ante
1761 4879 1891 4934 cceli
1935 4894 2072 4932 con-

380 4969 734 5026 stitutionem
776 4969 1012 5033 vocasti,
1057 4985 1244 5041 neque
1287 4967 1744 5040 congregationis
1803 4982 2083 5038 aquarum

381 5061 538 5132 quod
567 5064 653 5114 est
669 5074 828 5113 mare
853 5076 867 5126 ;
901 5059 998 5113 sed
1011 5057 1584 5130 accepitpotestatem
1613 5055 1856 5128 piscium
1886 5055 2079 5123 maris,

383 5148 772 5204 etvolatilium
785 5147 931 5214 coeli,
947 5151 1004 5201 et
1024 5147 1282 5201 omnium
1299 5162 1597 5219 pecorum,
1613 5150 1668 5200 et
1688 5144 1874 5200 omnis
1893 5149 2080 5212 terrae,

378 5243 435 5292 et
472 5237 738 5292 omnium
764 5235 1095 5308 repentium
1121 5250 1249 5306 quae
1282 5240 1494 5306 repunt
1522 5251 1694 5306 super
1724 5239 1953 5288 terram.
1983 5233 2081 5288 Ju-

381 5326 530 5381 dicat
555 5326 750 5395 enim;
788 5329 844 5381 et
869 5323 1152 5398 approbat
1190 5323 1342 5395 quod
1374 5328 1547 5391 recte,
1578 5323 1865 5394 improbat
1894 5324 2086 5376 autem

445 5442 461 5476 ι
493 5440 570 5488 Ita
597 5439 832 5552 plerihque
857 5441 978 5490 Mss.
1007 5452 1127 5488 cum
1157 5437 1283 5487 Arn.
1309 5452 1322 5498 ;
1354 5441 1408 5487 at
1435 5437 1552 5489 alite
1585 5436 1842 5488 editiones
1887 5436 2087 5488 habent

445 5513 682 5552 nouam:
765 5518 835 5552 ss.
865 5514 990 5552 tres.
1022 5513 1376 5552 auemauam.

381 5506 682 5567 tanquam;
711 5506 835 5554 Mss.
865 5514 990 5563 tres,
1022 5513 1376 5566 quamquam.

1583 243 2124 302 CONFESSIONUM
2164 244 2219 300 S.
2277 241 2662 301 AUGUSTINI
3746 253 3826 305 860

2177 370 2330 442 quod
2366 384 2669 440 perperam
2694 367 2978 422 invenerit
3005 383 3017 421 ε
3053 368 3167 422 sive
3198 368 3258 422 in
3287 384 3351 422 ea
3381 369 3717 426 solemnitate
3754 391 3827 427 sa-

2179 462 2597 513 cramentorum
2629 457 2838 528 quibus
2866 457 3188 523 initiantur,
3239 474 3380 528 quos
3432 460 3746 530 pervestiget
3784 463 3829 517 in

2179 547 2342 618 aquis
2373 547 2568 600 multis
2582 546 2972 600 misericordia
2986 551 3112 612 tua;
3139 546 3255 599 sive
3280 547 3340 600 in
3371 563 3435 599 ea
3455 563 3562 618 qua
3587 548 3674 601 ille
3692 549 3830 618 piscis

2181 637 2482 690 exhibetur
2513 651 2686 706 quem
2733 636 2982 689 levatum
3013 635 3081 689 de
3130 635 3414 704 profundo
3445 642 3587 690 terra
3631 638 3717 707 pia
3757 655 3828 692 co-

2180 725 2389 790 medit;
2425 725 2540 778 sive
2572 725 2631 778 in
2653 725 2957 778 verborum
3008 723 3186 794 signis
3232 724 3564 795 vocibusque
3592 727 3823 796 subjectis

2177 813 2501 867 auctoritati
2537 812 2687 866 Libri
2731 812 2816 866 tui
2866 815 3142 882 tanquam
3171 812 3275 866 sub
3330 813 3675 867 firmamento
3704 816 3824 868 voli-

2181 902 2455 968 tantibus,
2486 901 2938 972 interpretando,
2989 901 3343 971 exponendo,
3376 901 3700 964 disserendo,
3729 903 3823 957 dis-

2181 990 2455 1061 putando,
2487 989 2876 1044 benedicendo
2909 993 3077 1060 atque
3109 989 3424 1043 invocando
3454 994 3528 1056 te,
3561 1006 3650 1044 ore
3677 1006 3830 1045 erum-

2182 1079 2450 1149 pentibus
2479 1083 2648 1148 atque
2676 1077 3009 1131 sonantibus
3056 1077 3253 1147 signis,
3307 1084 3370 1132 ut
3399 1079 3717 1150 respondeat
3748 1097 3829 1150 po-

2183 1169 2371 1238 pulus,
2403 1169 2605 1220 Amen.
2645 1165 2861 1230 Quibus
2909 1165 3177 1219 omnibus
3232 1167 3464 1221 vocibus
3512 1168 3832 1238 corporaliter

2185 1254 2573 1320 enuntiandis,
2620 1269 2790 1307 causa
2845 1257 2929 1307 est
2979 1254 3212 1324 abyssus
3274 1254 3486 1320 saeculi,
3545 1259 3598 1308 et
3647 1254 3826 1309 caecitas

2184 1344 2388 1408 carnis,
2439 1358 2551 1413 qua
2582 1343 2600 1371 ⁸
2634 1341 2882 1414 cogitata
2931 1357 3049 1396 non
3100 1347 3339 1413 possunt
3382 1342 3577 1408 videri,
3623 1348 3677 1396 ut
3711 1360 3825 1413 opus

2129 1477 2146 1492 ε
2186 1431 2256 1486 sit
2278 1432 2592 1502 instrepere
2621 1431 2683 1485 in
2711 1431 2946 1485 auribus
2980 1447 2992 1484 :
3026 1431 3106 1484 ita
3136 1431 3392 1502 quamvis
3425 1431 3826 1502 multiplicentur

2186 1518 2439 1573 volatilia
2469 1534 2640 1589 super
2686 1523 2920 1584 terram,
2950 1535 3017 1572 ex
3046 1519 3209 1590 aquis
3242 1523 3432 1573 tamen
3464 1519 3722 1590 originem
3747 1520 3826 1573 du-

2187 1613 2338 1662 cunt.
2369 1608 2590 1662 Iudicat
2619 1607 2791 1661 etiam
2825 1607 3151 1678 spiritualis,
3188 1607 3552 1679 approbando
3603 1606 3735 1676 quod
3761 1621 3826 1658 re-

2186 1701 2363 1764 ctum,
2409 1696 2784 1768 improbando
2832 1701 3024 1751 autem
3073 1697 3220 1767 quod
3272 1711 3568 1766 perperam
3596 1694 3827 1749 invenerit

2187 1785 2247 1838 in
2279 1785 2547 1856 operibus
2586 1785 2955 1855 moribusque
3003 1784 3282 1850 fidelium,
3341 1782 3695 1853 eleemosynis
3736 1786 3827 1834 tan-

2189 1890 2360 1945 quam
2391 1878 2546 1928 terra
2573 1874 2885 1941 fructifera,
2932 1877 2988 1928 et
3016 1874 3085 1928 de
3110 1873 3304 1928 anima
3333 1873 3459 1927 viva
3489 1871 3826 1926 mansuefactis

2188 1963 2606 2029 affectionibus,
2639 1963 2698 2017 in
2723 1962 2996 2029 castitate,
3018 1962 3076 2016 in
3083 1961 3341 2033 jejuniis,
3368 1961 3429 2015 in
3451 1960 3827 2032 cogitationibus

2187 2051 2317 2122 piis,
2351 2051 2420 2106 de
2453 2052 2521 2106 iis
2563 2068 2691 2123 quae
2720 2067 2825 2122 per
2880 2068 3110 2106 sensum
3168 2050 3424 2122 corporis
3469 2049 3824 2121 percipiuntur.

2191 2142 2268 2195 De
2292 2141 2381 2195 his
2407 2141 2562 2195 enim
2584 2141 2840 2212 judicare
2864 2157 3016 2194 nunc
3042 2141 3272 2206 dicitur,
3307 2139 3368 2195 in
3400 2140 3599 2211 quibus
3631 2143 3679 2193 et
3703 2141 3825 2209 pote-

2189 2233 2396 2284 statem
2435 2229 2757 2300 corrigendi
2787 2229 2974 2283 habet.

2819 2318 3044 2373 CAPUT
3071 2319 3254 2373 XXIV.

2190 2408 2255 2461 Et
2281 2406 2570 2462 benedixit
2595 2422 2690 2461 eos
2713 2408 2860 2461 Deus
2882 2406 3095 2472 dicens,
3114 2407 3383 2474 Crescite,
3412 2411 3527 2472 ctc.,
3551 2407 3664 2462 Gen.
3689 2406 3758 2470 8l,
3785 2407 3820 2455 '2.

2261 2499 2346 2550 35.
2390 2495 2496 2549 Sed
2546 2494 2686 2565 quid
2725 2498 2808 2548 est
2854 2496 2982 2562 hoc,
3043 2499 3099 2548 et
3149 2495 3321 2566 quale
3369 2493 3680 2564 mysterium
3727 2491 3824 2543 est?

2190 2584 2324 2637 Ecce
2354 2583 2644 2638 benedicis
2682 2582 2964 2651 homines,
3014 2599 3046 2636 ο
3090 2583 3359 2652 Domine,
3410 2588 3471 2636 ut
3524 2582 3744 2635 crescant
3786 2581 3824 2628 et

2195 2671 2666 2741 multiplicentur,
2697 2675 2751 2725 et
2780 2671 3057 2742 impleant
3088 2675 3323 2725 terram.
3373 2671 3589 2726 Nihilne
3619 2668 3756 2722 nobis
3774 2680 3821 2718 ex

2189 2760 2296 2814 hoc
2325 2759 2518 2814 innuis
2540 2764 2602 2815 ut
2624 2759 3014 2831 intelligamus
3037 2759 3254 2830 aliquid
3279 2761 3310 2813 τε
3337 2761 3448 2815 Cur
3474 2775 3585 2813 non
3610 2757 3678 2811 ita
3701 2755 3822 2810 bene

2187 2847 2397 2904 dixeris
2426 2850 2623 2903 lumen
2654 2865 2822 2920 quam
2853 2848 3068 2903 vocasti
3097 2849 3268 2911 diem,
3306 2865 3409 2903 nec
3463 2848 3823 2903 ﬁrmamentum

2186 2940 2332 3007 coeli,
2366 2955 2469 2994 nec
2485 2938 2813 3005 luminaria,
2841 2954 2945 2993 nec
2966 2938 3171 3006 sidera,
3193 2954 3304 2993 nec
3329 2943 3554 3006 terram,
3575 2951 3666 2989 nec
3685 2928 3824 2987 mare?

2189 3029 2448 3083 Dicerem
2479 3031 2555 3094 te,
2589 3029 2737 3081 Deus
2767 3031 2960 3081 noster
2999 3027 3098 3098 qui
3151 3043 3257 3081 nos
3289 3027 3360 3080 ad
3389 3026 3681 3096 imaginem
3707 3027 3822 3076 tuam

2190 3117 2412 3183 creasti,
2454 3116 2702 3171 dicerem
2732 3119 2788 3170 te
2817 3116 2926 3170 hoc
2956 3116 3172 3170 donum
3223 3113 3629 3170 benedictionis
3654 3107 3822 3165 homini

2188 3206 2421 3279 proprie
2447 3204 2694 3260 voluisse
2723 3204 2922 3274 largiri
2948 3222 2962 3272 ;
3020 3204 3132 3258 nisi
3159 3205 3271 3258 hoc
3300 3204 3465 3259 modo
3505 3198 3822 3258 benedixisses

2186 3297 2370 3368 pisces
2425 3299 2481 3349 et
2508 3298 2657 3348 cetos
2687 3297 2750 3347 ut
2775 3297 3111 3359 crescerent,
3144 3297 3200 3346 et
3244 3292 3744 3364 multiplicarentur,
3784 3292 3823 3337 et

2183 3385 2488 3456 implerent
2517 3398 2692 3454 aquas
2748 3382 2942 3449 maris,
2999 3386 3055 3436 et
3081 3381 3338 3436 volatilia
3366 3378 3818 3451 multiplicarentur

2188 3488 2361 3544 super
2389 3476 2622 3526 terram.
2660 3471 2804 3524 Item
2836 3469 3085 3524 dicerem
3116 3470 3188 3524 ad
3217 3486 3287 3524 ea
3313 3486 3500 3524 rerum
3531 3481 3714 3539 genera
3736 3475 3822 3532 per-

2186 3557 2369 3612 tinere
2395 3555 2856 3611 benedictionem
2901 3554 3067 3624 hanc,
3100 3571 3230 3625 qum
3264 3554 3543 3626 gignendo
3578 3568 3635 3606 ex
3662 3549 3820 3603 semet-

2184 3646 2326 3716 ipsis
2355 3648 2785 3716 propagantur;
2819 3643 2865 3697 si
2894 3659 3019 3697 eam
3073 3642 3389 3714 reperirem
3431 3642 3489 3696 in
3540 3637 3760 3700 arbustis,
3784 3636 3823 3684 et

2186 3733 2408 3789 frutetis
2439 3738 2494 3788 et
2523 3734 2582 3787 in
2606 3733 2912 3804 pecoribus
2943 3738 3129 3787 terrae.
3161 3733 3327 3788 Nunc
3357 3737 3542 3787 autem
3565 3746 3656 3784 nec
3678 3723 3821 3780 herbis

2189 3827 2244 3878 et
2263 3823 2434 3893 lignis
2459 3823 2673 3877 dictum
2707 3826 2810 3889 est,
2840 3837 2946 3876 nec
2975 3821 3167 3876 bestiis
3179 3827 3236 3876 et
3259 3820 3624 3893 serpentibus,
3640 3815 3822 3870 Crescite

2187 3917 2238 3967 et
2267 3913 2713 3982 multiplicamini
2737 3930 2751 3978 ;
2781 3926 2912 3965 cum
2942 3911 3064 3964 hmc
3081 3927 3315 3982 quoque
3335 3902 3821 3975 omnia,sicutpisces

2189 4007 2245 4057 et
2273 4017 2402 4055 aves
2451 4004 2509 4055 et
2553 4000 2818 4055 homines
2867 3999 3154 4071 gignendo
3197 4003 3533 4071 augeantur,
3588 4003 3821 4067 genusqu

2189 4088 2542 4145 custodiant.

2262 4180 2349 4234 36.
2383 4176 2532 4243 Quid
2562 4176 2741 4246 igitur
2765 4175 2970 4242 dicam,
3000 4175 3198 4230 lumen
3227 4191 3420 4229 meum
3467 4169 3703 4228 Veritas?
3724 4163 3823 4235 quia

2191 4271 2354 4320 vacat
2382 4265 2508 4331 hoc,
2543 4264 2680 4336 quia
2711 4264 2962 4318 inaniter
2988 4263 3066 4318 ita
3089 4263 3306 4318 dictum
3337 4263 3458 4318 est?
3492 4263 3818 4330 Nequaquam.

2188 4358 2354 4411 Pater
2383 4353 2646 4425 pietatis;
2682 4352 2834 4407 absit
2860 4357 2926 4407 ut
2954 4353 3060 4407 hoc
3089 4353 3239 4407 dicat
3265 4369 3457 4407 servus
3487 4347 3639 4404 Verbi
3665 4343 3750 4398 tui.
3776 4340 3819 4393 Et

2190 4445 2236 4498 si
2258 4447 2380 4513 :ego
2407 4459 2525 4496 non
2545 4442 2804 4513 intelligo
2837 4442 2973 4512 quid
3015 4443 3123 4497 hoc
3149 4441 3378 4513 eloquio
3397 4439 3675 4510 signiﬁces,
3696 4435 3820 4484 utan-

2191 4536 2285 4587 tur
2314 4549 2380 4586 eo
2415 4530 2620 4585 melius
2659 4530 2946 4597 meliores,
2983 4530 3038 4585 id
3078 4535 3163 4585 est
3219 4526 3663 4599 intelligentiores
3688 4527 3818 4589 quam

2189 4637 2294 4692 ego
2343 4637 2490 4686 sum,
2543 4619 2855 4690 unicuique
2902 4623 3182 4691 quantum
3233 4633 3430 4689 sapere
3480 4608 3664 4669 dedisti
3709 4607 3819 4692 Deus

2187 4726 2376 4764 meus.
2418 4709 2640 4763 Placeat
2683 4713 2875 4762 autem
2924 4713 2979 4762 et
3022 4707 3300 4762 confessio
3332 4722 3456 4761 mea
3487 4714 3660 4758 coram
3684 4687 3820 4748 oculis

2186 4799 2319 4861 tuis,
2356 4814 2471 4869 qua
2497 4796 2602 4851 tibi
2628 4796 2907 4850 confiteor
2938 4795 3168 4850 credere
3194 4811 3306 4859 me,
3343 4792 3588 4856 Domine,
3620 4799 3719 4840 non
3747 4780 3815 4870 itif

2188 4903 2410 4942 cassum
2438 4890 2492 4940 te
2515 4886 2594 4940 ita
2623 4886 2878 4940 locutum
2906 4901 3046 4952 esse,
3087 4901 3275 4956 neque
3323 4883 3496 4937 silebo
3551 4873 3686 4950 quod
3711 4865 3818 4923 mihi

2190 4973 2449 5028 lectionis
2479 4973 2651 5043 hujus
2673 4971 2892 5026 occasio
2912 4971 3186 5043 suggerit.
3220 4972 3425 5025 Verum
3455 4971 3533 5022 est
3567 4961 3718 5019 enim,
3737 4965 3813 5043 ηςο

2191 5063 2353 5117 video
2385 5061 2524 5132 quid
2555 5039 2836 5131 impediat
2865 5061 2941 5114 ita
2972 5039 3063 5115 me
3097 5059 3306 5116 sentire
3336 5059 3482 5113 dicta
3522 5051 3734 5124 ﬁgurata
3767 5039 3817 5133 li:

2191 5153 2428 5207 brorum
2459 5156 2710 5205 tuorum.
2765 5150 2907 5205 Novi
2935 5151 3090 5205 enim
3142 5148 3528 5220 multipliciter
3569 5136 3817 5220 signitical'_l

2190 5257 2295 5312 per
2342 5257 2568 5311 corpus,
2617 5240 2769 5312 quod
2802 5256 2915 5294 uno
2970 5240 3139 5294 modo
3167 5218 3356 5293 mente
3410 5229 3744 5300 intelligitur;
3776 5218 3816 5267 εἰ

2194 5329 2586 5400 multipliciter
2626 5334 2816 5384 mente
2874 5329 3140 5400 intelligi,
3196 5327 3349 5398 quod
3394 5340 3503 5378 uno
3555 5315 3698 5373 modo
3739 5318 3815 5378 Ρθτ

2257 5438 2272 5470 ¹
2306 5437 2429 5484 Lov.
2463 5435 2684 5498 aliaeque
2713 5435 2995 5498 editiones.
3025 5437 3242 5498 excepta
3261 5432 3414 5498 _Arn.,
3447 5437 3578 5492 qua:
3606 5416 3734 5470 male,
3757 5411 3811 5456 υυ

2193 5511 2258 5547 ex
2291 5499 2414 5547 Mss.
2445 5502 2498 5546 et
2525 5493 2875 5546 ex'sermonis
2901 5497 3033 5546 serie
3053 5493 3378 5557 intelligitur.
