4062 6188
219 252 318 306 861

216 387 426 442 corpus
456 368 828 441 significatur.
861 370 996 424 Ecce
1026 369 1266 442 simplex
1292 369 1519 427 dilectio
1550 372 1652 428 Dei
1682 376 1737 427 et
1771 389 1913 444 pro-

217 460 383 528 ximi,
410 475 582 530 quam
618 457 1034 529 multiplicibus
1065 461 1453 527 sacramentis,
1486 464 1540 515 et
1579 461 1912 516 innumera-

215 547 430 602 bilibus
442 545 674 616 linguis,
690 546 813 600 etin
831 562 1174 618 unaquaque
1188 548 1913 616 linguainnumerabilibus

215 637 570 690 locutionum
606 635 812 700 modis,
851 636 1227 705 corporaliter
1270 637 1636 691 enuntiatur!
1684 638 1764 692 ita
1793 655 1913 692 cre-

214 730 381 780 scunt
403 730 459 779 et
478 723 934 794 multiplicantur
949 724 1096 778 fetus
1119 741 1417 796 aquarum.
1440 727 1682 780 Attende
1704 726 1913 781 iterum

214 813 478 886 quisquis
521 813 645 867 haec
673 813 844 883 legis:
881 829 1007 867 ecce
1060 814 1214 884 quod
1262 831 1378 868 uno
1422 815 1594 870 modo
1625 815 1916 886 Scriptura

213 904 400 972 effert,
431 906 487 956 et
527 918 638 956 vox
675 905 962 972 personat,
995 904 1057 956 In
1084 905 1360 973 principio
1401 905 1534 970 fecit
1563 907 1702 959 Deus
1731 909 1915 958 ca'lum

211 997 265 1046 et
304 996 504 1046 terram
537 991 690 1060 (Gen.
733 1007 771 1056 ι,
809 991 887 1059 t);
919 1007 1109 1044 nonne
1141 991 1539 1063 multipliciter
1564 992 1916 1064 intelligitur

211 1095 333 1132 non
363 1094 621 1132 errorum
669 1076 915 1144 fallacia,
965 1079 1063 1132 sed
1095 1095 1357 1135 verarum
1401 1079 1915 1152 intelligentiarum

210 1166 558 1239 generibus?
594 1167 677 1222 ita
717 1171 977 1221 crescunt
1019 1171 1076 1222 et
1118 1168 1574 1240 multiplicantur
1611 1171 1759 1225 fetus
1804 1170 1914 1225 ho-

208 1257 457 1311 minum.
1550 1251 1560 1260 ’

239 1337 246 1344 ’
288 1349 373 1398 37.
408 1346 605 1414 Itaque
651 1343 699 1397 si
745 1347 978 1399 naturas
1018 1344 1168 1416 ipsas
1206 1360 1399 1399 rerum
1447 1361 1563 1400 non
1611 1345 1914 1417 allegorice

211 1434 313 1488 sed
342 1433 575 1504 proprie
598 1432 942 1504 cogitemus;
994 1434 1063 1488 ad
1109 1433 1301 1488 omnia
1331 1450 1462 1503 qua:
1493 1434 1562 1488 de
1599 1434 1914 1488 seminibus

212 1522 550 1592 gignuntur,
612 1522 878 1576 convenit
920 1523 1158 1576 verbum
1207 1522 1435 1577 Crescite
1481 1527 1531 1575 et
1576 1526 1914 1593 multiplica-

216 1613 376 1665 mini.
410 1610 467 1664 Si
516 1614 710 1663 autem
739 1611 980 1680 figurate
1027 1610 1212 1681 posita
1251 1610 1360 1664 ista
1389 1615 1721 1681 tractemus,
1763 1612 1916 1684 quod

211 1699 410 1770 potius
427 1697 672 1753 arbitror
689 1698 1001 1752 intendisse
1023 1698 1398 1768 Scripturam,
1425 1715 1554 1769 quas
1570 1699 1768 1770 utique
1799 1716 1916 1754 non

212 1803 565 1858 supervacue
596 1786 730 1840 solis
756 1787 1096 1858 aquatilium
1120 1791 1175 1840 et
1193 1787 1494 1842 hominum
1517 1788 1724 1842 fetibus
1748 1787 1916 1843 istam

211 1875 675 1932 benedictionem
706 1875 997 1943 attribuit;
1033 1874 1355 1929 invenimus
1386 1875 1622 1946 quidem
1654 1875 1912 1928 multitu-

212 1966 379 2020 dines
401 1971 457 2019 et
486 1964 544 2018 in
575 1964 850 2018 creaturis
871 1963 1262 2034 spiritualibus
1292 1968 1463 2034 atque
1503 1963 1916 2034 corporalibus,

211 2058 494 2124 tanquam
560 2051 620 2106 in
671 2052 810 2107 coelo
861 2057 917 2107 et
965 2053 1025 2106 in
1053 2057 1240 2120 terra;
1293 2053 1444 2107 etin
1495 2051 1700 2106 animis
1753 2053 1919 2123 justis

213 2147 272 2198 et.
302 2141 538 2213 iniquis,
570 2145 846 2211 tanquam
871 2141 933 2195 in
971 2142 1095 2195 luce
1125 2146 1184 2196 et
1222 2141 1502 2208 tenebris;
1535 2146 1592 2196 et
1618 2141 1678 2195 in
1710 2141 1918 2194 sanctis

213 2230 563 2293 auctoribus,
607 2246 711 2300 per
740 2246 882 2300 quos
915 2230 1001 2283 lex
1036 2229 1357 2284 ministrata
1401 2235 1505 2295 est,
1540 2235 1815 2300 tanquam
1857 2230 1918 2283 in
1965 2227 1970 2236 ’

213 2321 582 2375 ﬁrmamento
604 2319 756 2390 quod
775 2319 1081 2373 solidatum
1108 2318 1357 2373 estinter
1379 2333 1586 2389 aquam
1626 2322 1681 2372 et
1710 2334 1916 2390 aquam

215 2414 273 2464 et
303 2410 364 2463 in
395 2408 663 2462 societate
683 2407 1119 2462 amaricantium
1149 2408 1523 2478 populorum,
1558 2411 1836 2478 tanquam
1855 2407 1914 2460 in

214 2497 366 2553 mari
383 2519 397 2566 ;
412 2502 466 2552 et
481 2498 537 2551 in
552 2498 738 2552 studio
757 2497 1081 2551 animarum
1094 2496 1342 2567 piarum,
1363 2502 1640 2567 tanquam
1656 2496 1713 2550 in
1725 2497 1912 2561 arida;

214 2592 272 2641 et
309 2587 371 2641 in
426 2587 696 2657 operibus
746 2585 1149 2639 misericordiae
1197 2586 1512 2640 secundum
1572 2591 1916 2656 praesentem

211 2675 412 2742 vitam,
445 2679 720 2745 tanquam
751 2674 808 2727 in
827 2673 1018 2729 herbis
1042 2675 1411 2728 seminalibus
1443 2679 1497 2728 et
1527 2674 1696 2745 lignis
1725 2673 1920 2728 fructi-

215 2764 384 2830 feris;
409 2769 465 2817 et
490 2763 550 2816 in
580 2761 969 2832 spiritualibus
1001 2762 1164 2816 donis
1193 2762 1570 2817 manifestatis
1600 2763 1672 2816 ad
1702 2762 1916 2817 utilita-

212 2857 358 2918 tem,
389 2850 537 2905 sicut
561 2850 620 2904 in
655 2850 1033 2905 luminaribus
1059 2850 1213 2917 coeli;
1267 2855 1324 2905 et
1378 2851 1440 2904 in
1485 2851 1776 2906 affectibus
1804 2852 1920 2905 for-

219 2939 395 2995 matis
427 2939 497 2993 ad
526 2938 985 3009 temperantiam,
1016 2943 1295 3010 tanquam
1326 2939 1387 2993 in
1435 2939 1628 2993 anima
1664 2940 1814 2994 viva.
1853 2942 1919 2994 In

212 3029 306 3083 his
339 3027 606 3082 omnibus
638 3027 1025 3081 nanciscimur
1053 3027 1468 3087 multitudines,
1515 3033 1573 3081 et
1602 3029 1912 3097 ubertates,

217 3121 276 3172 et
306 3117 689 3170 incrementa:
739 3115 838 3170 sed
873 3115 1024 3186 quod
1054 3115 1132 3169 ita
1161 3121 1376 3170 crescat
1405 3121 1462 3169 et
1489 3116 1916 3187 multiplicetur,

215 3211 284 3260 ut
312 3221 429 3259 una
458 3221 546 3258 res
577 3205 771 3258 multis
800 3205 984 3258 modis
1008 3204 1355 3272 enuntietur,
1386 3209 1442 3258 et
1461 3221 1577 3258 una
1605 3205 1920 3260 enuntiatio

213 3294 416 3349 multis
472 3293 656 3347 modis
699 3293 1080 3362 intelligatur;
1122 3308 1242 3346 non
1294 3293 1638 3359 invenimus,
1681 3294 1794 3347 nisi
1850 3294 1912 3349 in

215 3383 401 3455 signis
439 3381 809 3453 corporaliter
841 3381 1027 3448 editis,
1071 3385 1126 3437 et
1156 3382 1326 3437 rebus
1359 3380 1799 3453 intelligibiliter
1825 3397 1919 3434 ex-

213 3471 498 3543 cogitatis.
532 3471 706 3542 Signa
728 3470 1097 3542 corporaliter
1122 3470 1294 3539 edita,
1320 3470 1719 3542 generationes
1750 3487 1921 3540 aqua-

215 3577 354 3616 rum
384 3561 980 3630 propternecessarias
993 3576 1188 3614 causas
1209 3559 1453 3613 carnalis
1481 3558 1915 3629 profunditatis;

214 3668 311 3705 res
359 3655 550 3704 autem
613 3649 1055 3720 intelligibiliter
1099 3649 1468 3718 excogitatas,
1522 3648 1920 3718 generationes

214 3741 502 3795 humanas
541 3741 779 3808 propter
818 3737 1059 3792 rationis
1091 3736 1498 3790 fecunditatem
1527 3735 1918 3806 intelligimus.

215 3831 284 3884 Et
331 3827 462 3882 ideo
507 3827 791 3880 credimus
834 3826 1065 3897 utrique
1095 3825 1301 3879 horum
1334 3824 1532 3897 generi
1556 3824 1769 3878 dictum
1802 3840 1921 3878 esse

213 3918 320 3971 abs
341 3921 417 3983 te,
447 3915 704 3984 Domine,
733 3916 960 3969 Crescite
981 3919 1031 3969 et
1053 3915 1517 3983 multiplicamini.
1546 3914 1610 3967 In
1633 3913 1738 3967 hac
1761 3912 1916 3966 enim

213 4003 639 4071 benedictione,
673 4019 1001 4058 concessam
1030 4002 1195 4057 nobis
1225 4020 1257 4057 a
1287 4007 1342 4056 te
1384 4005 1724 4073 potestatem
1755 4007 1810 4055 et
1838 4002 1920 4055 fa-

216 4095 490 4150 cultatem
523 4093 762 4164 accipio,
795 4097 852 4147 et
883 4091 1080 4146 multis
1097 4091 1278 4146 modis
1297 4091 1596 4145 enuntiare
1628 4091 1783 4161 quod
1806 4106 1918 4143 uno

216 4183 394 4238 modo
426 4181 779 4236 intellectum
812 4179 1188 4247 tenuerimus,
1224 4185 1280 4234 et
1310 4178 1503 4233 multis
1535 4177 1718 4231 modis
1747 4178 1919 4230 intel-

217 4272 422 4342 ligere,
450 4271 600 4341 quod
623 4272 859 4324 obscure
884 4286 998 4323 uno
1019 4270 1188 4323 modo
1213 4267 1571 4322 enuntiatum
1597 4267 1918 4336 legerimus.

216 4360 311 4417 Sic
338 4361 654 4430 implentur
681 4375 844 4430 aqua:
883 4357 1075 4420 maris,
1107 4373 1233 4428 quae
1261 4373 1378 4410 non
1414 4359 1720 4409 moventur
1750 4354 1859 4407 nisi
1893 4371 1922 4406 a

215 4448 394 4503 variis
420 4447 438 4480 ‘
490 4447 1026 4517 signiﬁcationibus:
1061 4447 1138 4500 sic
1169 4451 1224 4501 et
1261 4445 1470 4500 fetibus
1505 4443 1771 4498 humanis
1816 4443 1922 4496 im-

217 4540 416 4609 pletur
442 4541 497 4591 et
548 4541 727 4602 terra;
779 4536 941 4607 cujus
977 4536 1214 4590 ariditas
1259 4537 1496 4607 apparet
1536 4533 1597 4588 in
1628 4532 1836 4598 studio,
1870 4538 1926 4586 et

218 4624 558 4679 dominatur
586 4623 638 4678 ei
668 4622 835 4678 ratio.

871 4729 1097 4783 CAPUT
1136 4728 1287 4783 XXV.

221 4820 364 4874 Ecce
396 4816 528 4872 dedi
570 4815 728 4871 vobis
773 4832 1009 4871 omnem
1058 4817 1384 4871 herbam....
1426 4815 1487 4870 in
1547 4831 1752 4870 escam.
1799 4819 1923 4884 etc.,

901 4905 1030 4960 Gen.
1068 4908 1116 4971 1,
1151 4907 1238 4958 29.

296 5012 385 5065 38.
431 5009 568 5064 Volo
600 5009 771 5064 etiam
818 5010 1024 5077 dicere,
1084 5009 1321 5065 Domine
1372 5011 1517 5064 Deus
1547 5025 1729 5076 meus,
1773 5007 1927 5078 quod

218 5113 318 5152 me
371 5113 724 5170 consequens
771 5103 872 5154 tua
908 5100 1198 5171 Scriptura
1235 5101 1590 5165 commonet;
1642 5103 1699 5151 et
1719 5096 1924 5162 dicam,

219 5203 329 5242 nec
359 5187 618 5241 verebor.
651 5189 855 5242 Verum
896 5187 1049 5242 enim
1080 5188 1286 5254 (licam,
1320 5191 1372 5240 te
1406 5185 1549 5240 mihi
1583 5185 1922 5256 inspirante,

223 5274 383 5346 quod
413 5290 478 5328 ex
520 5275 600 5329 eis
651 5275 836 5330 verbis
864 5275 1092 5329 voluisti
1135 5280 1198 5329 ut
1252 5274 1520 5328 dicerem.
1555 5274 1748 5344 Neque
1775 5273 1926 5326 enim

220 5362 340 5416 alio
371 5365 583 5433 praeter
603 5367 658 5418 te
690 5363 1006 5435 inspirante
1037 5364 1205 5418 credo
1229 5380 1320 5418 me
1341 5379 1541 5417 verum
1567 5361 1773 5428 dicere,
1797 5376 1928 5414 cum

288 5507 304 5539 ι
330 5506 447 5554 Nisi
475 5504 839 5569 variis,juxta
859 5504 995 5554 Dub.
1018 5505 1173 5554 Mart.
1202 5508 1254 5554 et
1275 5503 1446 5554 Rond.
1473 5517 1592 5555 cum
1627 5507 1675 5553 11
1712 5503 1834 5553 Mss.
1858 5503 1925 5552 M.

1503 245 1711 302 LIBER
1765 245 2074 304 DECIMUS
2118 246 2445 304 TERTIUS.

3622 249 3727 302 862

2025 377 2085 428 tu
2123 373 2197 428 sis
2227 373 2438 428 veritas
2468 374 2658 442 (Joan.
2690 390 2799 441 xxv,
2828 376 2902 442 6),
2927 373 3113 429 omnis
3142 375 3333 429 autem
3353 373 3529 430 homo
3558 389 3723 428 men-

2023 463 2131 518 dax
2157 464 2321 533 (Psal.
2349 479 2448 515 cxv
2485 463 2625 534 ll,).
2666 464 2729 517 Et
2755 463 2882 517 ideo
2914 464 3011 535 qui
3045 463 3297 535 loquitur
3328 462 3718 528 mendacium,

2022 552 2091 606 de
2124 568 2225 606 suo
2273 551 2532 622 loquitur
2567 555 2739 622 (Joan.
2778 568 2893 612 Vill,
2939 555 3058 623 44).
3103 555 3246 623 Ergo
3297 557 3361 608 ut
3391 568 3592 606 verum
3631 552 3718 606 lo-

2022 657 2184 712 quar,
2209 640 2276 694 de
2305 646 2403 694 tuo
2438 641 2656 711 loquar.
2692 641 2825 693 Ecce
2855 641 3056 695 dedisti
3084 641 3250 696 nobis
3280 644 3338 695 in
3363 657 3541 696 escam
3572 657 3722 694 omne

2019 732 2206 796 fenum
2236 733 2488 796 sativum,
2523 731 2793 782 seminans
2836 745 3009 783 semen
3039 731 3182 798 quod
3211 735 3289 784 est
3325 746 3488 799 super
3517 746 3718 785 omnem

2025 823 2252 883 terram;
2288 823 2337 872 et
2366 833 2515 872 omne
2545 819 2750 885 lignum
2773 819 2915 886 quod
2948 819 3104 872 habet
3129 820 3189 871 in
3217 833 3270 871 se
3296 821 3537 885 fructum
3557 821 3724 873 semi-'

2020 909 2107 962 nis
2136 909 2322 961 sativi.
2349 907 2458 961 Nec
2483 906 2649 960 nobis
2667 906 2822 972 solis,
2850 906 2944 960 sed
2977 911 3032 960 et
3054 905 3319 960 omnibus
3348 906 3542 960 avibus
3573 906 3720 973 coeli,

2022 999 2079 1049 et
2110 995 2306 1050 bestiis
2331 1000 2522 1064 terras,
2545 1000 2716 1066 atque
2741 995 3132 1065 serpentibus:
3165 994 3417 1065 piscibus
3445 999 3638 1048 autem
3669 1000 3726 1048 et

2023 1083 2160 1138 cetis
2209 1083 2432 1154 magnis
2474 1091 2589 1138 non
2632 1083 2833 1138 dedisti
2879 1084 3017 1138 haec.
3053 1083 3392 1138 Dicebamus
3438 1081 3593 1137 enim
3644 1083 3724 1137 eis

2023 1172 2299 1226 fructibus
2319 1176 2486 1226 terrae
2505 1172 2834 1242 signiﬁcari,
2854 1177 2908 1226 et
2930 1171 2990 1226 in
3002 1172 3275 1242 allegoria
3294 1171 3529 1243 ﬁgurari
3552 1187 3726 1242 opera

2026 1259 2454 1324 misericordiae,
2491 1275 2621 1330 qua:
2644 1259 2818 1330 hujus
2847 1259 2978 1314 vitae
3011 1259 3438 1314 necessitatibus
3460 1259 3728 1313 exhiben-

2022 1353 2117 1402 tur
2150 1365 2213 1402 ex
2245 1354 2392 1403 terra
2415 1347 2744 1402 fructifera.
2775 1348 2922 1402 Talis
2949 1352 3102 1402 terra
3125 1353 3247 1402 erat
3267 1348 3395 1419 pius
3417 1348 3728 1418 Onesipho-

2023 1453 2141 1503 rus,
2164 1437 2322 1506 cujus
2340 1436 2543 1491 domui
2569 1435 2774 1490 dedisti
2796 1435 3269 1502 misericordiam,
3299 1435 3435 1506 quia
3459 1436 3727 1507 frequen-

2023 1531 2110 1582 ter
2159 1528 2400 1581 Paulum
2446 1531 2612 1580 tuum
2658 1525 3038 1598 refrigeravit,
3073 1530 3128 1580 et
3157 1531 3417 1581 catenam
3449 1526 3572 1596 ejus
3609 1541 3727 1579 non

2024 1615 2253 1670 erubuit
2310 1617 2374 1686 (II
2433 1617 2571 1670 Tim.
2605 1630 2646 1681 ι,
2709 1615 2813 1685 16).
2851 1616 2966 1669 Hoc
3007 1614 3265 1669 fecerunt
3312 1619 3368 1668 et
3394 1613 3616 1681 fratres,
3673 1616 3728 1668 et

2025 1705 2126 1759 tali
2152 1705 2314 1775 fruge
2336 1703 2839 1769 fructiﬁcaverunt,
2859 1703 2959 1773 qui
2989 1703 3145 1775 quod
3165 1702 3218 1758 ei
3249 1704 3464 1769 deerat,
3498 1701 3724 1772 supple-

2024 1798 2229 1848 verunt
2257 1809 2323 1846 ex
2357 1792 2682 1848 Macedonia
2723 1793 2788 1862 (ΙΙ
2827 1792 2951 1848 Cor.
2989 1809 3063 1861 XI,
3108 1792 3176 1861 9).
3207 1791 3503 1856 Quomodo
3533 1794 3725 1844 autem

2028 1883 2178 1936 dolet
2209 1881 2470 1952 quaedam
2503 1881 2680 1951 ligna,
2711 1897 2838 1952 quas
2854 1881 3101 1934 fructum
3130 1880 3182 1934 ei
3204 1880 3458 1934 debitum
3491 1896 3603 1933 non
3627 1878 3726 1932 de-

2026 1970 2253 2036 derunt,
2305 1969 2402 2023 ubi
2453 1969 2559 2023 ait:
2621 1972 2678 2024 In
2716 1972 2901 2039 prima
2930 1985 3046 2023 mea
3076 1969 3381 2036 defensione
3409 1984 3558 2023 nemo
3589 1967 3728 2020 mihi

2027 2060 2234 2127 adfuit,
2259 2059 2353 2113 sed
2380 2074 2556 2113 omnes
2570 2075 2650 2112 me
2670 2059 3102 2127 dereliquerunt:
3134 2074 3238 2112 non
3258 2059 3368 2112 illis
3388 2056 3722 2127 imputetur?
3765 2093 3770 2099 -

2029 2148 2098 2217 (II
2131 2148 2268 2200 Tim.
2301 2162 2372 2214 IV,
2410 2147 2515 2214 16.)
2545 2147 2656 2199 Ista
2677 2145 2830 2200 enim
2848 2145 3127 2200 debentur
3147 2145 3227 2198 eis
3258 2145 3357 2216 qui
3386 2144 3719 2198 ministrant

2029 2234 2350 2289 doctrinam
2392 2234 2730 2289 rationalem
2780 2251 2882 2306 per
2931 2234 3336 2305 intelligentias
3395 2233 3723 2288 divinorum

2029 2323 2464 2395 mysteriorum:
2500 2328 2554 2377 et
2600 2324 2678 2378 ita
2709 2323 2786 2377 eis
2826 2323 3128 2388 debentur,
3167 2327 3441 2393 tanquam
3473 2319 3726 2376 homini-

2027 2411 2153 2466 bus.
2189 2413 2480 2466 Debentur
2511 2416 2703 2466 autem
2738 2411 2820 2465 eis
2848 2411 2992 2465 sicut
3023 2411 3228 2465 animae
3266 2411 3428 2477 vivae,
3461 2410 3726 2480 praeben-

2027 2500 2180 2554 tibus
2212 2517 2268 2554 se
2299 2500 2368 2554 ad
2397 2500 2737 2555 imitandum
2771 2501 2829 2553 in
2859 2500 3017 2553 omni
3048 2499 3417 2554 continentia.
3451 2500 3593 2552 Item
3625 2498 3724 2552 de-

2028 2590 2238 2643 bentur
2261 2589 2340 2642 eis
2369 2593 2644 2660 tanquam
2662 2589 3003 2652 volatilibus,
3036 2593 3272 2659 prepter
3299 2587 3728 2641 benedictiones

2029 2694 2230 2732 eorum
2263 2695 2390 2748 quas
2423 2676 2880 2748 multiplicantur
2908 2694 3081 2747 super
3106 2681 3336 2742 terram,
3363 2675 3636 2746 quoniam
3667 2675 3727 2728 in

2031 2783 2264 2822 omnem
2291 2771 2502 2820 terram
2533 2765 2705 2819 exivit
2732 2781 2902 2819 sonus
2931 2781 3133 2819 eorum
3165 2764 3326 2834 (Psal.
3356 2781 3509 2830 xvm,
3542 2764 3618 2834 5).

2667 2854 2891 2908 CAPUT
2921 2855 3098 2908 XXVI.

2176 2945 2443 3014 Voluptas
2474 2947 2524 2996 et
2553 2943 2764 2996 utilitas
2792 2958 2858 2995 ea:
2916 2942 3161 3010 beneﬁcio
3189 2943 3247 2995 in
3271 2942 3584 3011 proximum

2771 3031 2979 3086 collato.

2101 3125 2194 3179 39.
2243 3123 2559 3176 Pascuntur
2605 3124 2804 3192 autem
2847 3119 2934 3172 his
2973 3118 3113 3172 escis
3160 3117 3258 3189 qui
3299 3118 3568 3171 laetantur
3614 3115 3724 3197 eis;

2028 3227 2132 3265 nec
2179 3209 2264 3263 illi
2313 3210 2581 3262 laetantur
2611 3207 2690 3261 eis
2715 3223 2962 3278 quorum
2988 3208 3134 3260 Deus
3175 3209 3373 3259 venter
3395 3208 3496 3258 est.
3533 3205 3725 3274 Neque

2030 3298 2185 3353 enim
2218 3302 2272 3352 et
2300 3297 2358 3351 in
2387 3296 2499 3351 illis
2522 3295 2622 3367 qui
2644 3295 2901 3367 praebent
2922 3295 3049 3360 ista,
3073 3311 3139 3348 ea
3161 3311 3290 3365 quae
3323 3293 3480 3358 dant,
3512 3292 3728 3346 fructus

2031 3391 2138 3453 est;
2173 3386 2268 3440 sed
2309 3401 2420 3457 quo
2450 3385 2641 3438 animo
2673 3385 2834 3439 dant.
2877 3385 3072 3453 Itaque
3105 3382 3200 3436 ille
3231 3381 3331 3453 qui
3365 3383 3478 3436 Deo
3509 3379 3716 3434 servie-

2029 3477 2144 3538 bat,
2179 3492 2296 3529 non
2323 3491 2424 3528 suo
2456 3472 2660 3532 ventri,
2692 3472 2858 3526 video
2877 3473 3047 3541 plane
3075 3469 3229 3523 unde
3259 3469 3539 3539 gaudeat;
3565 3468 3727 3521 video

2030 3569 2086 3618 et
2111 3563 2476 3634 congratulor
2515 3561 2562 3615 ei
2594 3562 2775 3615 valde.
2806 3563 3116 3629 Acceperat
3146 3557 3301 3611 enim
3331 3573 3363 3610 a
3387 3557 3724 3626 Philippen-

2031 3651 2204 3716 sibus,
2243 3666 2371 3721 quae
2415 3665 2516 3719 per
2562 3647 3014 3718 Epaphroditum
3045 3645 3346 3710 miserant;
3405 3645 3500 3699 sed
3533 3649 3725 3698 tamen

2029 3739 2183 3794 unde
2213 3739 2480 3809 gaudeat,
2511 3737 2696 3790 video.
2733 3735 2888 3791 Unde
2909 3739 3098 3788 autem
3122 3733 3352 3805 gaudet,
3380 3732 3513 3786 inde
3543 3730 3725 3802 pasci-

2029 3833 2142 3893 tur,
2160 3825 2364 3897 quiain
2377 3825 2610 3879 veritate
2625 3824 2885 3894 loquens,
2904 3823 3134 3879 Gavisus
3147 3838 3284 3884 sum,
3299 3821 3505 3891 inquit,
3520 3821 3729 3889 magni—

2027 3919 2122 3985 ﬁce
2144 3917 2202 3969 in
2223 3917 2465 3980 Domino,
2499 3916 2631 3984 quia
2663 3914 2878 3967 tandem
2908 3912 3208 3982 aliquando
3238 3911 3613 3980 repullulastis
3643 3925 3726 3962 sa-

2027 4021 2152 4074 pere
2163 4021 2264 4074 pro
2279 4020 2381 4072 me,
2406 4006 2464 4057 in
2484 4020 2588 4072 quo
2605 4007 2654 4056 et
2674 4003 2970 4072 sapiebatis
2991 4018 3004 4067 ;
3035 4001 3252 4056 twdium
3265 4006 3442 4055 autem
3459 3999 3728 4072 habuistis

2031 4095 2248 4164 (Philip.
2272 4109 2346 4159 1v,
2378 4095 2482 4158 tO).
2510 4092 2757 4162 Istiergo
2773 4091 3046 4146 diuturno
3069 4089 3236 4144 taedio
3262 4091 3647 4150 marcuerant,
3673 4091 3730 4139 et

2031 4182 2190 4253 quasi
2219 4186 2558 4235 exaruerant
2596 4181 2666 4233 ab
2706 4181 2814 4233 isto
2843 4179 3032 4232 fructu
3063 4178 3201 4232 boni
3231 4175 3453 4246 operis;
3501 4178 3556 4228 et
3586 4190 3730 4244 gau-

2031 4272 2128 4325 det
2146 4270 2226 4323 eis
2247 4269 2383 4339 quia
2412 4269 2853 4337 repullularunt,
2887 4283 3004 4322 non
3029 4266 3138 4321 sibi
3164 4264 3299 4335 quia
3321 4264 3443 4334 ejus
3463 4262 3725 4332 indigen-

2030 4360 2125 4413 tiae
2147 4359 2551 4412 subveneruut.
2585 4357 2718 4411 Ideo
2753 4360 2978 4411 secutus
3011 4355 3115 4410 ait:
3138 4357 3256 4412 Non
3287 4352 3430 4421 quod
3461 4351 3600 4404 desit
3629 4352 3730 4405 ali-

2033 4448 2166 4518 quid
2190 4448 2337 4513 dico;
2370 4461 2462 4513 ego
2483 4449 2620 4500 enim
2643 4446 2835 4508 didici,
2855 4448 2913 4500 in
2937 4445 3131 4514 quibus
3152 4458 3273 4498 sum
3297 4442 3573 4508 sufﬁciens
3596 4455 3724 4495 esse.

2031 4539 2152 4592 Scio
2181 4541 2231 4590 et
2259 4539 2437 4590 minus
2467 4535 2680 4600 habere,
2711 4537 2820 4590 scio
2851 4539 2902 4588 et
2939 4533 3245 4596 abundare;
3293 4532 3351 4584 in
3393 4529 3637 4584 omnibus
3680 4535 3729 4582 et

2031 4630 2090 4681 in
2119 4628 2299 4680 omnia
2327 4625 2563 4679 imbutus
2599 4641 2752 4691 sum;
2784 4628 2833 4677 et
2853 4624 3070 4687 satiari,
3105 4625 3155 4674 et
3197 4621 3428 4684 esuri-re,
3469 4623 3521 4672 et
3549 4618 3728 4671 abun-

2032 4715 2183 4781 dare,
2216 4720 2267 4768 et
2293 4715 2581 4783 penuriam
2601 4714 2727 4782 pati
2741 4727 2755 4766 :
2786 4712 2965 4766 omnia
2988 4724 3209 4778 possum
3224 4710 3283 4762 in
3312 4723 3369 4762 eo
3388 4707 3484 4776 qui
3513 4721 3594 4761 me
3615 4721 3729 4760 con-

2030 4805 2205 4870 fortat
2227 4802 2418 4870 (lbid.,
2457 4801 2672 4870 41—13).

2102 4892 2195 4945 40.
2241 4890 2400 4948 Unde
2447 4904 2583 4956 ergo
2619 4887 2679 4940 in
2708 4884 2977 4940 omnibus
3004 4883 3020 4916 ί
3053 4884 3286 4955 gaudes,
3331 4900 3364 4938 o
3396 4885 3569 4939 Paule
3608 4899 3726 4938 ma-

2032 4981 2180 5050 gne?
2231 4979 2389 5034 Unde
2421 4976 2654 5049 gaudes,
2690 4974 2838 5029 unde
2867 4973 3136 5044 pasceris,
3167 4973 3342 5028 homo
3368 4979 3636 5029 renovate
3664 4972 3727 5026 in

2033 5069 2386 5138 agnitionem
2420 5066 2518 5120 Dei
2546 5064 2860 5119 secundum
2891 5063 3202 5135 imaginem
3235 5064 3357 5133 ejus
3386 5063 3485 5134 qui
3516 5059 3728 5116 creavit

2034 5164 2109 5225 te,
2134 5163 2188 5212 et
2216 5158 2409 5212 anima
2433 5155 2560 5209 viva
2583 5159 2743 5208 tanta
2777 5153 3144 5220 continentia,
3173 5157 3228 5206 et
3259 5152 3452 5224 lingua
3484 5147 3728 5204 volatilis

2033 5247 2274 5317 loquens
2323 5243 2630 5316 mysteria?
2671 5243 2898 5297 Talibus
2938 5241 3152 5314 quippe
3185 5239 3572 5295 animantibus
3601 5253 3728 5291 esca

2035 5335 2142 5389 ista
2188 5334 2445 5389 debetur.
2481 5332 2626 5396 Quid
2671 5337 2755 5387 est
2785 5333 2935 5404 quod
2967 5330 3270 5403 te,pascit?
3297 5326 3532 5382 Laetitia.
3565 5326 3728 5390 Quod

2101 5441 2115 5474 1
2147 5438 2314 5488 Verba
2329 5437 2392 5486 in
2417 5436 2657 5486 omnibus
2677 5437 3040 5486 omittuntura
3067 5435 3266 5485 Somm.
3289 5431 3415 5482 Arn.
3432 5430 3582 5480 Mart.
3605 5443 3727 5481 cum

2033 5505 2062 5552 Ἰ
2098 5501 2220 5550 Mss.
2243 5504 2294 5550 et
2321 5499 2489 5550 Rond.
2523 5513 2642 5550 cum
2670 5503 2723 5550 11
2748 5500 2870 5550 Mss.
