4062 6188
387 227 490 278 863

387 343 647 416 sequitur
675 343 994 399 audiamus.
1026 347 1421 411 Verumtamen,
1454 342 1664 414 inquit,
1706 343 1832 396 bene
1853 346 2084 410 fecistis,

388 434 835 487 communicantes
891 433 1233 487 tribulationi
1283 448 1427 486 mea.
1488 430 1630 484 Hinc
1673 429 1903 500 gaudet,
1954 429 2087 483 hinc

388 520 659 592 pascitur,
691 519 827 591 quia
851 521 933 574 illi
964 521 1390 585 benefecerunt,
1423 534 1539 572 non
1566 517 1700 588 quia
1734 517 1855 587 ejus
1904 533 2085 586 angu-

387 609 494 663 stia
511 610 762 662 relaxata
787 614 891 674 est,
929 609 1026 680 qui
1057 608 1192 663 dicit
1235 607 1362 676 tibi,
1397 609 1462 661 In
1501 608 1852 661 tribulatione
1881 606 2084 658 dilata-

387 700 462 750 sti
481 699 618 751 mihi
647 697 814 765 (Psal.
850 714 922 762 ιν,
951 699 1041 767 '2):
1076 695 1211 766 quia
1257 700 1312 749 et
1343 695 1637 748 abundare
1679 699 1736 747 et
1784 693 2087 764 penuriam

391 785 506 855 pati
537 785 693 839 novit
721 786 856 838 inte
873 786 972 856 qui
1002 785 1290 838 confortas
1315 799 1473 837 eum.
1510 784 1670 838 Scitis
1695 784 1855 843 enim,
1876 780 2083 851 inquit,

389 881 438 928 et
472 889 583 940 vos,
626 875 1014 942 Philippenses,
1063 875 1318 940 quoniam
1365 874 1423 924 in
1459 873 1733 942 principio
1781 870 2086 937 Evangelii,

390 979 507 1016 eum
545 980 612 1016 ea:
645 962 968 1016 Macedonia
1016 978 1133 1016 sum
1159 963 1458 1030 profectus,
1506 961 1660 1013 nulla
1688 961 1825 1012 mihi
1854 960 2091 1012 Ecclesia

386 1053 802 1105 communica-vit
840 1053 898 1104 in
949 1052 1158 1104 ratione
1187 1050 1308 1104 dati
1344 1053 1393 1102 et
1427 1049 1651 1117 accepti,
1682 1049 1794 1102 nisi
1832 1063 1921 1102 vos
1951 1049 2087 1111 soli;

390 1142 522 1208 quia
559 1143 609 1194 et
643 1141 1095 1205 Thessalonicam,
1131 1143 1180 1192 et
1209 1138 1367 1192 semel
1395 1142 1445 1190 et
1489 1138 1703 1201 iterum,
1745 1136 1930 1189 usibus
1960 1137 2090 1188 meis

390 1229 617 1282 misistis
657 1229 916 1296 (Philipp.
953 1245 1026 1293 iv,
1061 1225 1271 1295 14-16).
1322 1225 1406 1278 Ad
1439 1224 1565 1277 haec
1594 1224 1748 1277 bona
1793 1239 1965 1294 opera
1995 1239 2091 1275 eos

391 1315 628 1370 rediisse
650 1331 803 1369 nunc
831 1315 1063 1384 gaudet,
1085 1319 1140 1367 et
1169 1314 1546 1383 repullulasse
1569 1312 1794 1366 laetatur
1817 1316 2092 1383 tanquam

390 1405 766 1458 revirescente
807 1402 1100 1457 fertilitate
1133 1401 1273 1472 agri.

463 1497 550 1554 41,
585 1492 876 1562 Numquid
907 1495 1144 1562 propter
1181 1506 1317 1543 usus
1351 1505 1504 1555 suos,
1538 1488 1672 1560 quia
1701 1487 1864 1553 dixit,
1902 1488 2093 1553 Usibus

393 1583 520 1636 meis
550 1582 780 1635 misistis
801 1579 830 1634 ‘P
862 1578 1146 1650 numquid
1175 1582 1483 1649 propterea
1515 1577 1725 1648 gaudet
1751 1580 1778 1631 ?
1803 1578 1928 1630 Non
1955 1593 2092 1646 pro-

391 1674 609 1741 pterea.
643 1670 709 1723 Et
738 1669 847 1723 hoc
875 1668 1031 1722 unde
1062 1665 1317 1720 scimus?
1356 1665 1638 1730 Quoniam
1686 1665 1806 1736 ipse
1837 1664 2094 1735 sequitur

392 1759 622 1812 dicens:
658 1760 774 1813 Non
800 1759 931 1825 quia
974 1771 1154 1824 quaero
1181 1755 1391 1822 datum,
1425 1754 1518 1808 sed
1545 1755 1762 1823 requiro
1801 1755 2043 1819 fructum
2075 1753 2093 1788 ί

394 1848 577 1916 (Ibid,
607 1846 712 1916 17).
742 1845 923 1900 Didici
953 1848 1081 1910 ate,
1116 1845 1264 1898 Deus
1291 1859 1474 1909 meus,
1505 1842 1654 1896 inter
1685 1842 1883 1896 datum
1906 1846 1960 1895 et
1980 1842 2096 1896 fru-

392 1942 550 1990 ctum
580 1935 930 1989 discernere.
971 1933 1177 1986 Datum
1209 1935 1292 1984 est
1344 1947 1434 1984 res
1465 1931 1588 2001 ipsa
1625 1946 1799 2001 quam
1845 1930 1960 1997 dat,
1997 1929 2096 2002 qui

393 2022 722 2094 impertitur
748 2022 870 2076 hac
898 2020 1256 2087 necessaria;
1277 2019 1456 2074 veluti
1483 2023 1567 2074 est
1593 2036 1884 2086 nummus,
1915 2019 2096 2088 cibus,

397 2117 586 2183 potus,
619 2110 1044 2176 vestimentum,
1078 2113 1314 2175 tectum,
1343 2107 1710 2178 adjutorium.
1743 2109 1977 2161 Fructus
2003 2124 2098 2161 au-

398 2207 533 2268 tem,
568 2199 722 2254 bona
751 2203 806 2252 et
825 2203 980 2252 recta
1008 2198 1276 2251 voluntas
1297 2195 1508 2251 datoris
1541 2200 1649 2250 est.
1695 2197 1819 2250 Non
1845 2195 1999 2250 enim
2022 2196 2100 2249 ait

400 2289 666 2360 Magister
711 2288 917 2355 bonus,
969 2287 1078 2353 Qui
1123 2288 1418 2356 susceperit
1460 2286 1800 2355 prophetam,
1832 2288 2095 2350 tantum;

400 2379 495 2432 sed
527 2377 866 2432 addidit:in
903 2379 1115 2431 nomine
1158 2375 1464 2444 prophetae;
1509 2390 1696 2444 neque
1743 2373 1825 2426 ait
1853 2377 2097 2438 tantum,

401 2467 506 2533 Qui
531 2468 822 2535 susceperit
842 2466 1093 2534 justum;
1132 2463 1232 2516 sed
1260 2462 1498 2532 addidit,
1522 2465 1578 2515 in
1599 2464 1810 2515 nomine
1827 2463 1989 2530 justi.
2019 2463 2102 2515 Ita

401 2556 616 2628 quippe
646 2556 740 2609 ille
780 2553 1102 2608 mercedem
1136 2553 1428 2623 propheta:
1469 2551 1575 2605 iste
1615 2550 1935 2604 mercedem
1959 2549 2102 2620 justi

397 2645 658 2714 accipiet.
694 2645 805 2698 Nec
837 2643 1022 2696 solum
1053 2641 1159 2695 ait:
1195 2642 1301 2710 Qui
1334 2641 1551 2694 calicem
1580 2655 1735 2708 aqua:
1759 2639 1983 2706 frigidae
2006 2655 2100 2709 po-

406 2740 517 2788 tum
540 2733 748 2788 dederit
776 2734 877 2786 uni
903 2747 971 2785 ea:
1008 2732 1250 2785 minimis
1272 2731 1430 2797 meis;
1472 2729 1567 2782 sed
1599 2728 1846 2782 addidit:
1892 2733 2101 2783 tantum

408 2826 462 2875 in
488 2824 699 2876 nomine
727 2821 1007 2890 discipuli.
1043 2820 1110 2874 Et
1148 2819 1226 2872 sic
1252 2817 1539 2888 adjunxit:
1587 2819 1760 2872 Amen
1790 2818 1909 2871 dico
1928 2817 2098 2883 vobis,

406 2928 510 2965 non
537 2911 726 2981 perdet
771 2909 1063 2963 mercedem
1109 2923 1265 2963 suam
1302 2908 1514 2978 (Matth.
1551 2923 1606 2969 x,
1639 2909 1724 2974 41,
1757 2907 1862 2974 42).
1896 2907 2101 2960 Datum

405 3005 508 3064 est,
543 2998 829 3069 suscipere
850 2998 1210 3068 prophetam,
1242 2996 1527 3066 suscipere
1541 2997 1784 3066 justum,
1806 2993 2102 3064 porrigere

405 3087 641 3141 calicem
665 3102 830 3157 aqum
851 3085 1072 3156 frigidae
1093 3085 1372 3156 discipulo
1395 3101 1407 3151 ;
1432 3085 1650 3140 fructus
1678 3087 1890 3150 autem,
1911 3082 1972 3136 in
1999 3098 2103 3136 no-

407 3174 562 3230 mine
591 3175 912 3244 prophetaz,
944 3174 1004 3228 in
1033 3173 1267 3227 nomine
1291 3173 1452 3243 justi,
1487 3173 1547 3227 in
1575 3171 1808 3226 nomine
1840 3170 2104 3243 discipuli

406 3265 512 3318 hoc
538 3263 740 3316 facere.
776 3263 980 3316 Fructu
1005 3261 1256 3332 pascitur
1287 3261 1432 3315 Elias
1455 3278 1488 3314 a
1514 3259 1685 3314 vidua
1713 3260 1923 3314 sciente
1955 3260 2105 3332 quod

409 3351 705 3407 hominem
742 3351 843 3406 Dei
864 3354 1143 3422 pasceret,
1181 3356 1236 3404 et
1268 3355 1499 3420 propter
1535 3351 1643 3404 hoc
1682 3354 1969 3421 pasceret:
2004 3365 2109 3419 per

411 3457 646 3495 corvum
677 3445 868 3495 autem
900 3439 1032 3493 dato
1064 3438 1401 3510 pascebatur
1431 3439 1524 3508 (ΙΙΙ
1557 3441 1687 3505 Reg.
1717 3454 1852 3505 xvu,
1883 3438 1956 3508 6).
1998 3439 2108 3492 Nec

409 3529 646 3583 interior
695 3529 862 3595 Elias,
921 3528 1018 3582 sed
1067 3527 1318 3582 exterior
1357 3527 1714 3597 pascebatur,
1767 3525 1868 3597 qui
1920 3531 2109 3598 posset

409 3618 581 3672 etiam
613 3618 740 3673 talis
769 3617 881 3672 cibi
912 3621 1160 3689 egestate
1183 3615 1492 3687 corrumpi.

1025 3760 1251 3814 CAPUT
1283 3759 1484 3814 XXVII.

719 3883 860 3948 Quid
875 3897 975 3952 per
1004 3886 1174 3952 pisces
1205 3887 1255 3935 et
1279 3886 1416 3936 cetos
1443 3880 1805 3950 signiﬁcetur.

482 4009 573 4062 42,
617 4006 869 4078 Ideoque
901 4007 1088 4062 dicam
1117 4008 1270 4078 quod
1298 4023 1495 4060 verum
1527 4011 1610 4060 est
1638 4021 1831 4060 coram
1884 4010 1958 4072 te,
2001 4008 2110 4060 Do-

414 4096 592 4162 mine,
643 4111 774 4150 cum
814 4095 1077 4151 homines
1126 4097 1318 4150 idiota:
1368 4101 1539 4166 atque
1579 4094 1854 4161 inﬁdeles,
1906 4095 2113 4166 quibus

414 4185 712 4242 initiandis
742 4190 913 4256 atque
942 4185 1231 4240 lucrandis
1259 4185 1578 4239 necessaria
1599 4189 1734 4238 sunt
1762 4188 2114 4238 sacramenta

415 4275 736 4346 initiorum,
769 4279 825 4328 et
852 4275 1141 4346 magnalia
1167 4274 1596 4340 miraculorum,
1620 4289 1750 4345 qum
1779 4272 2011 4326 nomine
2031 4273 2115 4344 pi-

416 4363 598 4419 scium
624 4368 680 4418 et
704 4367 962 4417 cetorum
986 4362 1300 4434 signiﬁcari
1327 4363 1632 4430 credimus,
1661 4360 1977 4432 suscipiunt
1997 4378 2115 4416 cor-

416 4454 691 4526 poraliter
712 4451 1072 4515 reﬁciendos,
1107 4451 1283 4506 autin
1305 4451 1496 4522 aliquo
1522 4449 1819 4521 praesentis
1848 4450 1978 4504 vitae
2009 4467 2116 4505 usu

419 4541 772 4610 adjuvandos
802 4557 1012 4611 pueros
1050 4545 1200 4608 tuos,
1227 4556 1356 4594 cum
1382 4539 1440 4593 id
1469 4555 1643 4611 quare
1673 4539 1996 4594 faciendum
2021 4539 2113 4606 sit,

422 4634 478 4684 et
506 4646 619 4700 quo
668 4630 952 4699 pertineat
979 4629 1266 4700 ignorent,
1301 4644 1405 4682 nec
1449 4628 1532 4682 illi
1561 4628 1696 4681 istos
1725 4634 1982 4698 pascunt,
2014 4645 2118 4682 nec

419 4720 509 4774 isti
540 4720 610 4772 ab
635 4718 748 4773 illis
775 4724 1118 4789 pascuntur:
1148 4718 1282 4788 quia
1313 4733 1418 4771 nec
1448 4717 1532 4770 illi
1562 4717 1683 4771 haec
1713 4721 1904 4771 sancta
1941 4722 1997 4771 et
2027 4734 2117 4772 re-

419 4808 510 4857 cta
537 4804 828 4857 voluntate
876 4811 1220 4876 operantur;
1255 4822 1362 4860 nec
1418 4805 1513 4860 isti
1555 4822 1756 4860 eorum
1804 4806 1970 4874 datis,
2017 4807 2118 4862 ubi

423 4892 674 4946 fructum
699 4893 957 4948 nondum
998 4894 1211 4959 vident,
1244 4896 1535 4950 laetantur.
1569 4894 1704 4948 Inde
1735 4893 1946 4965 quippe
1991 4895 2116 4948 ani-

425 4998 554 5035 mus
574 4980 846 5052 pascitur,
881 4982 1034 5036 unde
1065 4983 1307 5038 laetatur.
1344 4985 1408 5038 Et
1435 4984 1562 5038 ideo
1584 4984 1765 5054 pisces
1787 4987 1842 5036 et
1865 4982 1976 5037 ceti
2001 4999 2117 5036 non

426 5074 732 5125 vescuntur
753 5069 916 5136 escis,
948 5087 1090 5142 quas
1118 5089 1232 5126 non
1263 5072 1546 5142 germinat
1575 5071 1684 5126 nisi
1716 5071 1836 5141 jam
1866 5076 2018 5125 terra
2044 5072 2116 5126 ab

423 5158 806 5214 amaritudine
842 5157 1196 5214 marinorum
1227 5161 1507 5214 ﬂuctuum
1527 5159 1794 5214 distincta
1833 5163 2001 5230 atque
2030 5159 2115 5213 di-

423 5252 621 5303 screta.

490 5447 648 5496 1Bad.
672 5447 785 5496 Am.
803 5448 884 5496 Er.
904 5451 956 5496 et
978 5448 1098 5496 Lov.
1123 5444 1725 5505 adduutabundantem;
1749 5443 1839 5493 sed
1863 5442 1962 5494 hac
1988 5456 2116 5492 voce

427 5515 608 5558 carent
639 5510 760 5559 Mss.
797 5514 848 5560 et
874 5510 1001 5560 Arn.

1595 221 2133 295 lIUNFESSlONUM
2185 223 2242 278 s.
2289 221 2695 280 AUGUSTINI.
3741 230 3817 283 sa

2800 341 3024 396 CAPUT
3061 341 3286 395 XXVIII.

2199 432 2265 486 Et
2284 430 2420 486 vidit
2443 433 2590 486 Deus
2611 428 2802 484 omnia
2824 446 2952 502 qua:
2975 429 3127 495 fecit,
3152 433 3210 482 et
3231 444 3356 482 ecce
3376 428 3517 484 bona
3542 431 3702 500 valde,
3721 439 3821 499 etc,

2879 521 3005 576 Gen.
3041 523 3088 584 1,
3124 521 3210 572 31.

2267 609 2361 664 43.
2401 609 2467 664 Et
2492 606 2703 674 vidisti,
2740 608 2907 673 Deus,
2941 606 3136 662 omnia
3155 623 3282 677 qua:
3312 605 3505 669 fecisti,
3534 611 3578 660 et
3605 624 3703 662 ecce
3721 609 3828 662 bona

2198 699 2392 763 valde;
2435 697 2569 768 quia
2606 700 2664 750 et
2691 712 2796 750 nos
2823 695 3070 750 vidimus
3093 697 3110 732 ¹
3143 712 3225 760 ea,
3266 699 3321 749 et
3348 711 3470 749 ecce
3511 695 3685 750 omnia
3710 697 3830 750 bona

2198 786 2381 840 valde.
2431 787 2494 840 In
2539 784 2777 855 singulis
2819 784 3129 855 generibus
3175 799 3410 854 operum
3454 787 3685 850 tuorum,
3729 800 3830 838 cum

2201 874 2434 928 dixisses
2471 878 2534 929 ut
2567 874 2770 928 ﬁerent
2806 878 2862 928 et
2898 874 3046 928 facta
3084 876 3289 936 essent,
3327 872 3465 926 illud
3505 878 3661 944 atque
3685 873 3828 927 illud'

2199 961 2386 1017 vidisti
2429 961 2563 1033 quia
2607 962 2825 1016 bonum
2867 967 2967 1014 est.
3019 960 3238 1031 Septies
3286 959 3571 1012 numeravi
3609 960 3832 1030 scriptum

2201 1065 2320 1104 esse
2363 1055 2420 1105 te
2449 1050 2652 1104 vidisse
2691 1049 2826 1121 quia
2873 1050 3090 1104 bonum
3141 1052 3224 1102 est
3268 1049 3418 1119 quod
3460 1048 3732 1102 fecisti:et
3753 1049 3833 1102 hoc

2203 1143 2463 1194 octavum
2512 1144 2615 1204 est,
2661 1138 2796 1210 quia
2844 1137 3031 1192 vidisti
3074 1136 3268 1191 omnia
3313 1153 3438 1208 qum
3468 1136 3660 1202 fecisti;
3688 1143 3728 1190 et
3753 1153 3832 1189 cca

2204 1245 2319 1282 non
2349 1229 2534 1282 solum
2561 1228 2729 1292 bona,
2761 1226 2858 1280 sed
2881 1226 3050 1280 etiam
3082 1226 3239 1280 valde
3268 1227 3403 1279 bona
3430 1229 3684 1294 tanquam
3702 1225 3832 1278 simul

2204 1316 2417 1372 omnia.
2450 1317 2593 1370 Nam
2617 1315 2844 1386 singula
2861 1319 3086 1370 tantum
3115 1314 3266 1368 bona
3290 1318 3480 1380 erant;
3511 1313 3666 1367 simul
3689 1321 3835 1366 autem

2203 1406 2398 1458 omnia
2428 1409 2482 1459 et
2517 1405 2687 1470 bona,
2727 1409 2785 1458 et
2814 1404 2998 1460 valde.
3039 1404 3155 1457 Hoc
3184 1401 3419 1457 dicunt3
3453 1401 3612 1456 etiam
3643 1417 3836 1472 quaeque

2203 1494 2442 1563 pulchra
2471 1509 2744 1563 corpora;
2779 1493 2916 1564 quia
2945 1493 3109 1563 longe
3139 1493 3322 1546 multo
3352 1491 3633 1562 pulchrius
3655 1495 3727 1544 est
3749 1506 3837 1543 cor-

2203 1598 2311 1652 pus
2341 1582 2492 1652 quod
2513 1599 2577 1636 ex
2603 1581 2876 1636 membris
2892 1580 3146 1652 pulchris
3168 1579 3437 1634 omnibus
3460 1584 3682 1647 constat,
3705 1594 3836 1648 quam

2203 1671 2330 1742 ipsa
2359 1672 2616 1724 membra
2641 1669 2869 1741 singula
2898 1685 3146 1741 quorum
3169 1667 3584 1723 ordinatissime
3611 1670 3838 1721 conventu

2205 1760 2525 1829 completur
2536 1759 2868 1813 universum
2886 1775 2899 1826 ;
2917 1758 3177 1830 quamvis
3190 1764 3244 1812 et
3260 1757 3360 1812 illa
3379 1757 3546 1812 etiam
3566 1755 3837 1827 singillatim

2202 1848 2438 1918 pulchra
2466 1847 2604 1902 sint.

2838 1936 3062 1990 CAPUT
3101 1937 3276 1990 XXIX.

2207 2027 2479 2096 Quomodo
2511 2025 2922 2092 intelligendum
2951 2025 3096 2094 quod
3125 2027 3262 2078 Deus
3287 2025 3447 2078 octies
3470 2020 3601 2076 vidit
3627 2020 3742 2074 bona
3762 2035 3838 2071 esse

2899 2129 3062 2182 opera
3093 2128 3213 2168 sua.

2279 2204 2366 2256 44.
2405 2203 2471 2256 Et
2501 2201 2796 2256 attendiut
2818 2201 3156 2268 invenirem,
3178 2204 3376 2256 utrum
3395 2198 3592 2271 septies
3610 2198 3689 2252 vel
3710 2195 3840 2250 octies

2208 2290 2417 2345 videris
2441 2289 2576 2362 quia
2595 2290 2746 2345 bona
2767 2294 2900 2343 sunt
2921 2305 3094 2360 opera
3120 2297 3239 2357 tua,
3261 2304 3395 2342 cum
3417 2287 3520 2342 tibi
3543 2288 3839 2358 placuerunt:

2210 2385 2267 2432 et
2297 2379 2355 2433 in
2385 2383 2482 2432 tua
2502 2378 2718 2432 visione
2740 2393 2856 2432 non
2889 2377 3081 2430 inveni
3103 2381 3389 2446 tempora,
3424 2390 3526 2444 per
3553 2391 3668 2444 quae
3687 2369 3840 2426 intelli-

2210 2484 2402 2538 gerem
2437 2467 2590 2537 quod
2622 2467 2789 2520 toties
2816 2465 3027 2520 videris
3065 2481 3192 2536 qua:
3223 2464 3430 2530 fecisti,
3461 2467 3515 2516 et
3538 2461 3676 2516 dixi:
3704 2459 3738 2513 Ο
3763 2459 3841 2511 Do-

2209 2557 2387 2622 mine,
2419 2572 2611 2609 nonne
2641 2554 2750 2609 ista
2791 2553 3080 2624 Scriptura
3111 2559 3209 2607 tua
3250 2570 3388 2607 vera
3417 2557 3517 2619 est,
3549 2547 3782 2621 quoniam
3803 2557 3843 2595 tu

2210 2660 2376 2698 verax
2407 2649 2464 2698 et
2491 2642 2696 2697 veritas
2735 2642 2964 2697 edidisti
3003 2643 3164 2696 eam?
3207 2643 3325 2704 Cur
3353 2657 3489 2712 ergo
3517 2644 3574 2694 tu
3599 2636 3724 2691 mihi
3745 2631 3844 2688 dicis

2213 2749 2329 2787 non
2354 2749 2473 2786 esse
2503 2731 2562 2786 in
2593 2736 2691 2785 tua
2715 2731 2930 2786 visione
2958 2737 3249 2801 tempora;
3286 2735 3343 2784 et
3373 2729 3478 2783 ista
3505 2727 3762 2797 Scriptura
3775 2727 3846 2775 tua

2212 2821 2356 2876 mihi
2395 2820 2552 2889 dicit,
2583 2837 2686 2891 per
2715 2820 2972 2891 singulos
3008 2820 3129 2874 dies
3157 2835 3222 2873 ea
3253 2836 3389 2890 quae
3417 2816 3591 2872 fecisti
3620 2820 3669 2868 te
3693 2810 3846 2866 vidisse

2213 2910 2348 2982 quia
2369 2911 2519 2965 bona
2535 2914 2702 2977 sunt;
2729 2913 2785 2963 et
2805 2925 2936 2963 cum
2954 2925 3019 2962 ea
3033 2924 3422 2970 numerarem,
3443 2904 3625 2961 inveni
3644 2899 3847 2974 quoties?

2214 3000 2299 3055 Ad
2336 3000 2460 3054 haec
2497 3003 2562 3053 tu
2591 2997 2730 3053 dicis
2764 2997 2932 3066 mihi,
2965 2995 3239 3068 quoniam
3265 3001 3334 3050 tu
3364 3012 3422 3050 es
3465 2996 3604 3049 Deus
3639 3004 3786 3052 meus,
3811 2989 3848 3036 el

2216 3088 2354 3144 dicis
2383 3105 2516 3142 voce
2559 3087 2693 3142 forti
2717 3087 2777 3141 in
2801 3103 2939 3142 aure
2968 3087 3243 3141 interiore
3286 3103 3445 3140 servo
3487 3090 3601 3149 tuo,
3643 3090 3846 3151 perrum-

2215 3194 2357 3248 pens
2382 3192 2567 3230 meam
2605 3175 2959 3240 surditatem,
2995 3179 3052 3229 et
3087 3176 3380 3229 clamans:
3414 3174 3455 3229 Ο
3482 3173 3660 3234 homo,
3688 3176 3847 3232 nempe

2217 3265 2374 3336 quod
2414 3264 2704 3336 Scriptura
2748 3281 2876 3318 mea
2921 3263 3077 3325 dicit,
3125 3280 3230 3335 ego
3275 3263 3418 3318 dico,
3473 3263 3534 3316 Et
3579 3263 3745 3312 tamen
3780 3250 3849 3304 illa

2217 3351 2610 3424 temporaliter
2640 3351 2794 3418 dicit,
2830 3351 3010 3406 Verbo
3040 3356 3234 3406 autem
3267 3367 3397 3406 meo
3425 3355 3641 3418 tempus
3670 3356 3764 3396 non
3785 3353 3847 3390 ac-

2219 3444 2373 3513 cidit,
2405 3445 2537 3516 quia
2569 3445 2778 3517 asquali
2811 3461 3038 3500 mecum
3079 3446 3404 3500 aeternitate
3429 3439 3682 3497 consistit.
3712 3434 3784 3490 Sic
3806 3446 3851 3482 ea

2219 3551 2349 3606 quae
2381 3551 2479 3587 vos
2508 3550 2610 3606 per
2639 3534 2914 3606 Spiritum
2936 3550 3128 3588 meum
3161 3533 3387 3602 videtis,
3418 3548 3521 3602 ego
3550 3528 3720 3589 video;
3746 3521 3851 3575 sicut

2220 3640 2286 3677 ea
2315 3639 2444 3694 qua:
2476 3640 2573 3676 vos
2600 3639 2701 3694 per
2729 3622 3002 3694 Spiritum
3042 3637 3239 3676 meum
3272 3621 3479 3684 dicitis,
3511 3635 3610 3689 ego
3638 3615 3758 3670 dico.
3784 3610 3852 3660 Al-

2221 3727 2333 3784 que
2380 3712 2478 3779 ita,
2529 3728 2657 3765 cum
2704 3728 2804 3766 vos
2849 3710 3248 3782 temporaliter
3285 3727 3356 3765 ea
3381 3705 3628 3771 videatis,
3657 3715 3754 3756 non
3777 3708 3851 3763 e80

2222 3799 2614 3872 temporaliter
2639 3800 2833 3866 video;
2864 3799 3380 3871 quemadmodum,
3417 3812 3543 3852 cum
3571 3809 3661 3846 vos
3685 3795 3853 3854 tempo-

2221 3889 2418 3944 raliter
2450 3906 2516 3944 ea
2541 3889 2759 3958 dicatis,
2791 3905 2907 3943 non
2938 3905 3044 3959 ego
3073 3888 3478 3959 temporaliter
3505 3884 3638 3940 dico.

2860 3978 3082 4032 CAPUT
3119 3978 3252 4032 XXX
3266 4019 3283 4035 .

2735 4067 3154 4122 Manichaeorum
3184 4066 3410 4120 deliria.

2294 4159 2384 4211 45.
2416 4157 2481 4211 Et
2513 4155 2723 4222 audivi,
2758 4154 2996 4210 Domine
3028 4157 3176 4209 Deus
3204 4171 3395 4221 meus,
3426 4157 3483 4208 et
3512 4146 3673 4206 eliuxi
3699 4140 3856 4199 stillam

2224 4243 2542 4298 dulcedinis
2585 4259 2651 4297 ex
2690 4247 2789 4296 tua
2817 4243 3073 4310 veritate,
3109 4246 3165 4296 et
3192 4241 3457 4296 intellexi
3493 4235 3739 4310 quoniam
3762 4227 3860 4280 sunt

2225 4332 2459 4404 quidam
2487 4332 2696 4404 quibus
2727 4331 3029 4401 displicent
3064 4347 3240 4401 opera
3281 4336 3408 4396 tua;
3441 4333 3496 4382 et
3521 4325 3685 4381 multa
3710 4325 3859 4404 eorum

2225 4403 2424 4476 dicunt
2448 4403 2517 4475 te,
2533 4419 2732 4476 fecisse
2755 4420 3087 4474 necessitate
3116 4418 3502 4490 compulsum,
3526 4415 3659 4468 sicut
3675 4403 3861 4490 fabricas

2225 4510 2499 4564 caelorum
2535 4513 2593 4562 et
2629 4507 3072 4579 compositiones
3123 4507 3418 4561 siderum:
3470 4508 3527 4559 et
3562 4501 3673 4556 haec
3697 4485 3861 4549 nonde

2226 4603 2348 4665 tuo,
2400 4599 2498 4652 sed
2537 4597 2656 4667 jam
2704 4597 2876 4651 fuisse
2924 4596 3059 4650 alibi
3089 4600 3278 4650 creata
3305 4600 3363 4650 et
3409 4589 3649 4654 aliunde,
3689 4597 3795 4656 qua:
3818 4583 3864 4629 tu

2227 4686 2594 4742 contraheres
2636 4689 2692 4739 et
2720 4684 3152 4756 compaginares
3195 4688 3370 4754 atque
3409 4684 3735 4741 contexeres,
3767 4677 3863 4722 cum

2227 4776 2297 4830 de
2345 4774 2603 4828 hostibus
2648 4774 2808 4828 victis
2854 4774 3146 4828 mundana
3192 4773 3412 4828 moenia
3439 4766 3721 4829 molireris,
3747 4763 3866 4813 utea

2227 4865 2647 4922 constructione
2679 4865 2988 4933 devincti‘,
3033 4865 3303 4919 adversus
3332 4869 3387 4917 te
3416 4863 3620 4915 iterum
3647 4849 3865 4909 rebellare

2229 4971 2347 5009 non
2375 4958 2623 5024 possent.
2669 4952 2796 5006 Alia
2839 4968 2974 5006 vero
3024 4967 3127 5006 nec
3174 4950 3377 5005 fecisse
3425 4955 3501 5013 te,
3549 4961 3644 5000 nec
3681 4934 3865 4994 omnino

2229 5042 2607 5112 compegisse,
2647 5041 2793 5095 sicut
2827 5058 3024 5095 omnes
3055 5055 3253 5095 carnes
3285 5044 3340 5093 et
3367 5030 3726 5091 minutissima
3747 5035 3864 5112 (ιιιωξ

2293 5134 2307 5166 ί
2338 5109 2397 5179 In
2419 5109 2563 5189 Mss,
2595 5129 2856 5179 videmus.
2879 5157 2935 5164 —
2957 5130 3157 5186 Quibus
3178 5127 3540 5176 assentiuntur
3553 5121 3689 5171 Mart.
3706 5113 3815 5162 Flor.
3828 5109 3865 5152 et

2231 5193 2399 5244 Rond.
2427 5207 2547 5241 cum
2570 5192 2770 5254 aliquot
2796 5193 2930 5254 Mss.
2985 5193 3051 5240 M.

2288 5259 2310 5291 2
2332 5256 2477 5312 Lov.,
2508 5253 2648 5317 illud
2660 5249 2832 5317 'atque
2853 5249 3224 5317 aliudqvidisti.
3258 5313 3278 5317 _
3443 5311 3475 5317 __

2290 5320 2310 5353 ³
2332 5302 2418 5366 Ita
2441 5302 2838 5379 ltiss.plerique
2859 5302 2978 5364 cum
2996 5316 3154 5374 Arn.;
3177 5317 3231 5362 at
3257 5313 3383 5361 Lov.
3410 5311 3619 5372 aliasque
3640 5302 3861 5353 editioueS.

2227 5381 2327 5430 hoc
2355 5378 2515 5428 modo
2543 5378 2795 5428 dicuntur
2824 5379 3000 5426 etiam.
3187 5436 3220 5439 __
3513 5433 3568 5439 ,_
3644 5430 3652 5439 ,

2292 5418 3042 5502 ἴέίὲῖρεῖἕᾶὖῦἱῖὶιὲἱζιιῖέε.
3070 5436 3408 5502 Anglicanos.
3429 5460 3488 5470 —
3512 5424 3726 5488 lDecietij
3749 5418 3861 5469 Μυιο

2230 5508 2282 5554 et
2309 5504 2478 5552 Rond.
2502 5500 2628 5551 cum
2657 5506 2684 5551 3
2711 5500 2831 5550 Mss.
2859 5503 3102 5551 devincti.
3169 5500 3240 5548 Μ.
