4062 6188
225 324 335 376 865

224 460 341 516 que
372 441 703 509 animantia,
736 445 791 496 et
820 439 1099 512 quidquid
1147 442 1429 498 radicibus
1469 447 1681 498 terram
1731 448 1923 499 tenet:

224 532 323 586 sed
356 531 620 586 hostilem
652 534 900 583 mentem
938 534 1318 602 naturamque
1359 532 1556 599 aliam,
1598 549 1715 586 non
1748 533 1846 586 abs
1870 537 1927 585 te

223 618 533 684 conditam,
576 618 790 688 tibique
830 618 1193 686 contrariam,
1226 618 1285 671 in
1316 618 1690 673 inferioribus
1721 619 1927 673 mundi

229 708 367 760 locis
397 708 500 759 ista
534 708 767 776 gignere
816 712 983 777 atque
1023 707 1289 761 formare.
1337 707 1531 761 Insani
1579 708 1775 762 dicunt
1804 709 1927 761 haec

227 796 499 866 quoniam
526 813 637 849 non
654 812 757 866 per
776 796 1050 866 Spiritum
1074 800 1235 849 tuum
1254 795 1444 851 vident
1466 812 1640 867 opera
1669 800 1787 865 tua,
1826 813 1929 850 nec

225 890 283 939 te
313 890 662 956 cognoscunt
691 885 751 938 in
781 886 879 939 eis.

863 974 1087 1029 CAPUT
1124 974 1296 1029 XXXI.

519 1064 634 1116 Piis
660 1062 801 1116 idem
826 1064 1092 1131 probatur
1121 1064 1264 1132 quod
1290 1066 1393 1117 Deo
1418 1063 1644 1132 placuit.

305 1151 394 1205 46.
428 1149 537 1213 Qui
568 1154 758 1204 autem
788 1167 891 1220 per
920 1151 1192 1221 Spiritum
1229 1155 1393 1205 tuum
1422 1151 1613 1205 vident
1643 1167 1730 1220 ea,
1756 1155 1819 1205 tu
1847 1150 1932 1204 vi-

234 1240 335 1294 des
365 1239 423 1293 in
454 1238 553 1292 eis.
590 1241 733 1309 Ergo
765 1256 894 1293 cum
928 1239 1123 1294 vident
1160 1240 1294 1311 quia
1320 1240 1474 1294 bona
1503 1245 1655 1306 sunt,
1685 1246 1745 1293 tu
1776 1240 1933 1293 vides

234 1328 373 1399 quia
399 1328 551 1380 bona
571 1332 737 1381 sunt:
773 1331 828 1381 et
857 1343 1231 1399 quaecumque
1254 1337 1488 1399 propter
1508 1334 1561 1383 te
1592 1330 1837 1398 placent,
1870 1334 1935 1383 tu

236 1417 297 1469 in
324 1416 403 1468 eis
447 1413 705 1485 places‘;
754 1420 808 1469 et
858 1432 987 1486 qum
1036 1432 1140 1486 per
1188 1416 1465 1487 Spiritum
1513 1422 1676 1470 tuum
1710 1418 1937 1486 placent

235 1504 423 1570 nobis,
454 1504 557 1557 tibi
588 1505 815 1573 placent
850 1504 910 1557 in
949 1505 1133 1559 nobis.
1170 1506 1305 1570 Quis
1334 1508 1474 1559 enim
1514 1508 1615 1559 scit
1662 1506 1935 1559 hominum

234 1610 355 1662 qua?
384 1598 505 1647 sunt
529 1594 779 1661 hominis,
813 1596 922 1647 nisi
945 1596 1174 1662 spiritus
1198 1596 1431 1648 hominis
1463 1597 1563 1661 qui
1588 1596 1645 1647 in
1674 1597 1791 1663 ipso
1819 1597 1935 1649 est?

236 1685 313 1735 sic
352 1688 399 1735 et
449 1698 567 1749 quae
597 1684 694 1736 Dei
740 1688 865 1736 sunt
901 1698 1050 1735 nemo
1097 1685 1217 1747 scit,
1261 1686 1372 1736 nisi
1403 1684 1643 1752 Spiritus
1678 1685 1787 1737 Dei.
1829 1686 1935 1737 Nos

235 1774 437 1836 autem,
452 1769 658 1838 inquit,
690 1784 795 1823 non
818 1771 1075 1837 spiritum
1098 1769 1259 1836 hujus
1282 1770 1475 1822 mundi
1501 1772 1822 1837 accepimus,
1845 1770 1938 1822 sed

235 1858 507 1925 Spiritum
546 1859 642 1924 qui
682 1872 748 1910 ea:
777 1860 881 1911 Deo
906 1861 1003 1923 est,
1035 1861 1093 1909 ut
1124 1859 1357 1910 sciamus
1398 1873 1516 1925 quae
1546 1873 1578 1909 a
1612 1861 1709 1911 Deo
1738 1858 1939 1911 donata

237 1950 366 1999 sunt
391 1945 541 1999 nobis
574 1945 616 1998 (Ι
648 1946 767 2001 Cor.
798 1962 856 2011 ιι,
894 1949 979 2006 Η,
1022 1946 1129 2013 12).
1165 1945 1231 1997 Et
1274 1944 1589 1999 admoneor
1620 1950 1684 1998 ut
1714 1945 1897 1998 dicam
1925 1961 1937 1998 :

242 2035 411 2087 Certe
444 2049 609 2086 nemo
644 2033 744 2087 scit
767 2050 895 2104 quae.
930 2033 1033 2086 Dei
1056 2037 1205 2098 sunt,
1237 2032 1349 2085 nisi
1374 2033 1616 2103 Spiritus
1645 2032 1765 2085 Dei.
1801 2033 1945 2095 Quo-

243 2122 417 2175 modo
446 2138 579 2192 ergo
609 2120 818 2175 scimus
848 2125 903 2175 et
934 2138 1038 2175 nos
1070 2138 1199 2191 qua:
1232 2139 1263 2174 a
1295 2123 1410 2175 Deo
1444 2121 1650 2175 donata
1680 2126 1811 2175 sunt
1840 2137 1943 2173 no-

242 2210 372 2263 bis?
402 2211 795 2280 Respondetur
834 2209 975 2262 mihi
1018 2209 1289 2279 quoniam
1330 2225 1458 2279 qua:
1483 2224 1589 2279 per
1617 2208 1738 2278 ejus
1765 2209 1942 2279 Spiri-

244 2303 368 2351 tum
417 2298 645 2361 scimus,
688 2298 861 2351 etiam
909 2297 987 2351 sic
1033 2313 1183 2351 nemo
1225 2299 1346 2363 scit,
1392 2299 1503 2351 nisi
1538 2298 1779 2365 Spiritus
1829 2298 1941 2351 Dei.

244 2387 402 2441 Sicut
425 2386 578 2440 enim
605 2390 757 2440 recte
780 2386 995 2440 dictum
1025 2390 1131 2452 est,
1162 2387 1277 2443 Non
1304 2388 1444 2440 enim
1472 2401 1563 2440 vos
1592 2388 1719 2439 estis
1747 2388 1843 2454 qui
1874 2386 1945 2439 lo-

245 2477 484 2543 quimini
516 2476 735 2545 (Matth.
768 2491 825 2542 x,
868 2474 975 2544 20),
1010 2474 1090 2528 eis
1131 2474 1231 2545 qui
1261 2474 1320 2527 in
1358 2474 1571 2545 Spiritu
1604 2476 1717 2528 Deo
1746 2475 1946 2544 loque-

247 2561 481 2628 rentur;
512 2563 589 2615 sic
619 2566 767 2617 recte
796 2562 1022 2630 dicitur,
1066 2562 1190 2615 Non
1228 2578 1327 2615 vos
1368 2562 1501 2616 estis
1530 2561 1628 2632 qui
1660 2562 1834 2630 scitis,
1866 2562 1947 2615 eis

245 2650 347 2721 qui
376 2650 434 2704 in
458 2651 556 2704 Dei
586 2651 801 2720 Spiritu
832 2651 1032 2704 sciunt.
1068 2649 1450 2703 Nihilominus
1486 2650 1663 2721 igitur
1689 2655 1839 2703 recte
1862 2651 1945 2704 di-

246 2740 418 2805 citur,
453 2740 576 2792 Non
600 2756 701 2792 vos
730 2738 861 2793 estis
894 2738 994 2808 qui
1022 2737 1243 2803 videtis,
1278 2738 1359 2791 eis
1390 2738 1489 2808 qui
1514 2738 1573 2791 in
1604 2738 1816 2808 Spiritu
1849 2738 1948 2792 Dei

248 2828 444 2881 vident
467 2844 479 2881 :
512 2828 593 2881 ita
622 2827 898 2898 quidquid
919 2828 977 2880 in
998 2827 1206 2897 Spiritu
1241 2827 1339 2879 Dei
1359 2827 1551 2880 vident
1573 2828 1710 2897 quia
1733 2827 1947 2880 bonum

246 2920 363 2981 est;
391 2932 509 2969 non
538 2914 671 2985 ipsi,
702 2915 796 2968 sed
826 2916 971 2969 Deus
1020 2914 1172 2968 videt
1213 2915 1349 2985 quia
1393 2916 1608 2968 bonum
1648 2920 1749 2969 est.
1778 2916 1950 2969 Aliud

248 3020 389 3075 ergo
420 3008 522 3071 est,
550 3008 611 3057 ut
634 3008 795 3075 putet
836 3004 1078 3075 quisque
1120 3004 1336 3057 malum
1376 3019 1497 3057 esse
1529 3004 1681 3075 quod
1730 3004 1949 3057 bonum

249 3098 357 3159 est,
408 3094 603 3163 quales
652 3092 961 3163 supradicti
1009 3096 1175 3146 sunt:
1222 3092 1399 3161 aliud,
1444 3096 1510 3146 ut
1549 3093 1703 3163 quod
1735 3093 1949 3146 bonUm

250 3185 358 3247 est,
408 3181 597 3236 videat
638 3182 809 3235 homo
848 3180 983 3251 quia
1032 3181 1250 3234 bonum
1292 3186 1404 3246 est;
1456 3181 1599 3234 sicut
1630 3181 1825 3235 multis
1855 3187 1954 3235 tua

251 3274 516 3323 creatura
560 3270 745 3339 placet
789 3270 921 3340 quia
951 3270 1099 3322 bona
1138 3274 1241 3335 est,
1286 3269 1491 3339 quibus
1522 3274 1715 3323 tamen
1742 3286 1860 3323 non
1890 3275 1953 3323 tu

253 3360 447 3429 places
486 3358 547 3411 in
577 3374 665 3428 ea,
710 3358 863 3412 unde
892 3357 1006 3411 frui
1051 3343 1233 3428 magis
1264 3358 1386 3427 ipsa
1414 3374 1587 3429 quam
1634 3362 1688 3412 te
1714 3358 1951 3412 volunt:

254 3447 417 3501 aliud
449 3451 659 3513 autem,
694 3450 753 3499 ut
778 3462 910 3500 cum
938 3446 1155 3517 aliquid
1188 3446 1341 3501 videt
1370 3447 1542 3501 homo
1572 3447 1707 3517 quia
1736 3448 1954 3501 bonum

254 3542 363 3602 est,
398 3537 543 3589 Deus
564 3536 626 3589 in
646 3536 743 3589 illo
766 3536 953 3590 videat
977 3535 1112 3606 quia
1141 3536 1359 3589 bonum
1391 3540 1501 3596 est,
1526 3542 1590 3589 ut
1618 3535 1831 3589 scilicet
1859 3535 1956 3589 ille

255 3628 484 3678 ametur
512 3623 573 3677 in
610 3640 675 3678 eo
714 3624 865 3694 quod
905 3624 1056 3690 fecit,
1100 3624 1199 3693 qui
1236 3640 1352 3678 non
1391 3629 1679 3678 amaretur
1716 3624 1825 3677 nisi
1854 3640 1958 3692 per

256 3711 535 3782 Spiritum
567 3717 823 3766 sanctum
855 3728 1026 3783 quem
1059 3712 1241 3777 dedit;
1276 3712 1550 3782 quoniam
1580 3712 1825 3765 charitas
1860 3712 1957 3765 Dei

258 3800 468 3855 diffusa
496 3805 579 3854 est
609 3801 669 3854 in
707 3800 972 3854 cordibus
1003 3800 1208 3854 nostris
1245 3816 1347 3870 per
1384 3801 1659 3870 Spiritum
1700 3805 1958 3855 sanctum

256 3889 362 3961 qui
387 3890 551 3943 datus
599 3893 683 3944 est
721 3889 883 3943 nobis
908 3891 1090 3961 (Rom.
1148 3906 1200 3954 v,
1231 3891 1309 3957 5),
1341 3906 1442 3961 per
1483 3906 1655 3961 quem
1698 3889 1960 3944 videmus

258 3978 399 4048 quia
430 3977 643 4031 bonum
692 3981 776 4031 est
813 3977 1092 4048 quidquid
1142 3977 1333 4048 aliquo
1383 3979 1555 4032 modo
1599 3983 1712 4032 est:
1756 3979 1825 4032 ab
1864 3979 1961 4031 illo

260 4067 421 4121 enim
452 4071 555 4129 est,
588 4065 687 4137 qui
713 4082 829 4120 non
852 4066 1043 4135 aliquo
1067 4067 1235 4119 modo
1259 4071 1362 4133 est,
1391 4067 1490 4120 sed
1512 4068 1660 4137 quod
1682 4070 1785 4134 est,
1812 4071 1896 4120 est
1917 4065 1957 4119 ³.

880 4154 1105 4208 CAPUT
1146 4155 1345 4209 XXXII.

655 4242 973 4311 Compendio
1007 4248 1229 4296 enarrat
1267 4258 1430 4310 opera
1457 4244 1574 4296 Dei.

336 4334 427 4386 47.
480 4330 698 4385 Gratias
742 4331 868 4399 tibi,
920 4330 1177 4384 Domine.
1228 4330 1497 4383 Videmus
1535 4330 1741 4382 caelum
1771 4334 1828 4383 et
1854 4334 1964 4383 ter-

263 4438 410 4485 ram,
446 4420 559 4473 sive
590 4420 939 4490 corporalem
977 4423 1198 4489 partem
1237 4417 1588 4488 superiorem
1617 4422 1787 4487 atque
1819 4417 1964 4471 infe-

266 4511 500 4573 riorem,
544 4509 659 4562 sive
686 4508 1051 4579 {spiritualem
1101 4508 1571 4577 corporalemque
1602 4510 1963 4573 creaturam;

267 4604 440 4668 atque
468 4597 527 4650 in
558 4595 807 4650 ornatuﬁ
835 4598 1039 4650 harum
1079 4596 1331 4666 partium
1371 4596 1579 4666 quibus
1618 4599 1839 4649 constat
1876 4597 1964 4648 vel

265 4685 536 4740 universa
557 4685 755 4739 mundi
778 4686 972 4748 moles,
1008 4686 1092 4738 vel
1122 4685 1385 4738 universa
1414 4685 1648 4739 omnino
1679 4689 1964 4751 creatura,

265 4774 524 4827 videmus
554 4774 739 4827 lucem
771 4774 997 4838 factam,
1029 4773 1380 4844 divisamque
1410 4792 1443 4827 a
1474 4774 1749 4827 tenebris.
1791 4773 1965 4826 Vide-

268 4878 399 4915 mus
429 4862 858 4915 ﬁrmamentum
888 4860 1013 4914 coeli
1044 4878 1055 4915 :
1097 4861 1211 4913 sive
1242 4860 1391 4914 inter
1429 4862 1753 4931 spirituales
1792 4878 1969 4932 aquas

268 4949 592 5020 superiores
632 4954 689 5003 et
732 4951 1051 5019 corporales
1098 4949 1396 5003 inferiores
1436 4950 1573 5019 (Lib.
1616 4954 1649 5003 2
1680 4953 1922 5004 Retract.
1952 4990 1967 5016 ,

268 5056 395 5108 cap.
424 5055 498 5105 v1,
530 5054 585 5092 n.
609 5040 689 5108 2),
721 5038 1060 5108 primarium
1078 5054 1282 5108 corpus
1316 5038 1544 5105 mundi;
1569 5039 1683 5093 sive
1712 5039 1820 5092 hoc
1846 5055 1970 5109 spa-

269 5128 418 5182 tium
450 5127 616 5193 aeris,
659 5126 795 5197 quia
824 5131 879 5180 et
907 5127 1014 5180 hoc
1043 5131 1271 5181 vocatur
1299 5128 1525 5193 caelum,
1559 5144 1660 5197 per
1690 5127 1842 5197 quod
1872 5144 1968 5181 va-

271 5219 485 5287 gantur
502 5214 755 5268 volatilia
790 5215 917 5268 coeli
946 5215 1093 5268 inter
1130 5231 1305 5284 aquas
1347 5231 1475 5285 quae
1519 5215 1862 5285 vaporaliter
1892 5215 1971 5268 eis

272 5304 733 5374 superferuntur,
757 5307 813 5356 et
831 5302 1045 5356 serenis
1073 5304 1247 5356 etiam
1268 5302 1527 5357 noctibus
1543 5308 1755 5369 rorant,
1786 5307 1841 5357 et
1870 5303 1971 5357 has

339 5432 352 5462 ¹
390 5426 513 5475 Bad.
544 5427 657 5475 Am.
684 5427 770 5475 Er.
803 5427 959 5485 Lov.,
986 5427 1308 5489 complaces.

336 5492 359 5523 9
387 5489 488 5538 Sed
517 5495 597 5537 est
622 5499 715 5543 est.
740 5489 890 5551 juxta
927 5491 949 5535 ί
980 5490 1100 5537 Mss.
1130 5490 1266 5551 apud
1296 5490 1443 5537 Mart.
1510 5490 1577 5538 Μ.

342 5555 360 5587 ³
393 5555 453 5602 1η
483 5550 754 5611 ornatum,
781 5550 933 5615 juxta
958 5554 984 5600 3
1021 5550 1142 5601 Mss.
1168 5550 1310 5614 apud
1338 5552 1487 5600 Mart.
1554 5552 1621 5600 Μ.

1511 319 1723 377 LIBER
1780 319 2093 375 DECIMUS
2140 322 2465 379 TERTIUS.
3632 333 3735 387 866

2038 462 2166 516 quae
2198 446 2257 501 in
2285 448 2449 501 terris
2480 464 2675 517 graves
2695 448 2939 503 ﬂuitant.
2970 449 3236 504 Videmus
3261 457 3737 522 congregatarum

2001 550 2316 618 ‘aquarum
2345 535 2591 606 speciem
2638 552 2740 605 per
2783 553 3009 607 campos
3038 540 3245 603 maris;
3284 544 3339 592 et
3371 542 3591 595 aridam
3622 548 3739 596 ter-

2039 638 2182 689 ram,
2215 625 2299 677 vel
2333 624 2624 689 nudatam,
2656 625 2742 678 vel
2772 626 3076 680 formatam
3117 632 3178 680 ut
3225 634 3373 683 esset
3400 631 3636 685 visibilis
3684 637 3740 687 et

2040 714 2373 783 composita,
2406 714 2829 784 herbarumque
2860 719 3028 784 atque
3087 717 3355 771 arborum
3420 721 3738 774 materiem.

2041 790 2307 854 Videmus
2348 800 2647 854 luminaria
2679 801 2897 871 fulgere
2924 803 3169 871 desuper
3197 822 3209 869 ;
3246 808 3425 859 solem
3480 810 3737 863 sufficere

2042 886 2177 955 diei,
2208 889 2403 941 lunam
2450 893 2505 941 et
2547 889 2737 941 stellas
2781 890 3062 942 consolari
3105 896 3351 957 noctem,
3424 899 3593 964 atque
3649 898 3740 949 his

2042 974 2309 1029 omnibus
2338 974 2528 1029 notari
2559 979 2614 1029 et
2640 975 2947 1046 signiﬁcari
2998 981 3278 1047 tempora.
3314 980 3583 1035 Videmus
3640 984 3740 1037 hu-

2042 1063 2256 1117 midam
2286 1080 2697 1133 usquequaque
2734 1068 3018 1130 naturam,
3075 1066 3323 1135 piscibus
3355 1073 3410 1121 et
3437 1069 3642 1123 belluis
3689 1077 3746 1126 et

2042 1151 2272 1205 alitibus
2311 1152 2690 1217 fecundatam,
2722 1152 2876 1221 quod
2906 1154 3049 1207 aeris
3080 1156 3454 1224 corpulentia,
3489 1174 3617 1227 qua:
3647 1176 3744 1212 vo-

2044 1238 2189 1290 latus
2222 1237 2411 1291 avinm
2445 1242 2653 1307 portat,
2709 1254 2988 1307 aquarum
3020 1240 3375 1295 exhalatione
3406 1246 3740 1301 concrescit.

2043 1326 2313 1378 Videmus
2344 1326 2588 1379 terrenis
2616 1326 2958 1379 animalibus
2987 1327 3187 1380 faciem
3219 1334 3386 1382 terra;
3440 1330 3698 1385 decorari
3730 1353 3745 1397 ;

2045 1414 2455 1483 hominemque
2516 1414 2585 1467 ad
2618 1414 2928 1483 imaginem
2986 1420 3042 1467 et
3097 1415 3534 1472 similitudinem
3591 1424 3749 1472 tuam

2044 1502 2261 1555 cunctis
2292 1501 2776 1555 irrationabilibus
2806 1502 3195 1555 animantibus
3222 1504 3343 1572 ipsa
3366 1509 3463 1558 tua
3494 1506 3743 1576 imagine

2047 1607 2110 1643 ac
2140 1590 2533 1657 similitudine,
2568 1590 2676 1643 hoc
2703 1594 2787 1643 est
2815 1590 3049 1643 rationis
3090 1594 3145 1643 et
3190 1590 3588 1663 intelligentia:
3633 1596 3743 1649 vir-

2050 1682 2191 1746 tute,
2222 1680 2504 1748 prreponi.
2534 1680 2599 1731 Et
2626 1678 3113 1748 quemadmodum
3134 1679 3194 1731 in
3225 1680 3347 1750 ejus
3372 1683 3565 1736 anima
3595 1684 3751 1738 aliud

2048 1773 2132 1820 est
2160 1767 2313 1837 quod
2342 1767 2689 1820 consulendo
2724 1766 3072 1833 dominatur,
3106 1767 3261 1820 aliud
3291 1769 3441 1837 quod
3487 1770 3750 1824 subditur

2048 1860 2112 1908 ut
2142 1857 2496 1924 obtemperet
2528 1872 2541 1908 :
2576 1855 2653 1907 sic
2673 1854 2791 1907 viro
2819 1854 3024 1909 factam
3047 1871 3167 1909 esse
3187 1856 3359 1909 etiam
3381 1858 3755 1927 corporaliter

2049 1944 2346 2009 feminam,
2380 1959 2508 2013 quae
2538 1942 2775 1997 haberet
2794 1940 3028 2013 quidem
3046 1942 3103 1995 in
3131 1949 3321 1997 mente
3349 1945 3643 1999 rationalis
3666 1945 3753 1999 in-

2052 2031 2384 2101 telligentizr.
2416 2048 2611 2101 parem
2654 2036 2953 2097 naturam;
2985 2047 3120 2084 sexu
3150 2035 3340 2085 tamen
3374 2034 3631 2102 corporis
3658 2034 3755 2103 _ita

2052 2119 2367 2173 masculino
2398 2120 2555 2173 sexui
2578 2120 2975 2189 subjiceretur,
2999 2120 3488 2189 quemadmodum
3519 2122 3752 2191 subjici-

2054 2214 2149 2263 tur
2187 2209 2470 2279 appetitus
2520 2208 2738 2261 actione
2798 2208 2867 2261 ad
2923 2208 3353 2278 concipiendam
3413 2212 3481 2263 de
3533 2212 3753 2265 ratione

2055 2298 2234 2350 menti
2264 2302 2414 2349 recte
2445 2296 2649 2365 agendi
2697 2294 3008 2350 solertiam.
3059 2296 3329 2351 Videmus
3378 2298 3498 2353 haec
3552 2304 3605 2353 et
3638 2300 3752 2354 sin-

2057 2386 2191 2456 gula
2214 2385 2387 2453 bona,
2420 2388 2475 2437 et
2505 2384 2699 2437 omnia
2727 2384 2880 2437 bona
2908 2383 3089 2437 valde.

2666 2470 2890 2525 CAPUT
2924 2473 3152 2526 XXXIII.

2236 2561 2430 2615 Omnia
2456 2560 2521 2613 de
2547 2561 2718 2614 nihilo
2756 2562 2869 2613 sive
2913 2560 2977 2613 de
3007 2566 3288 2615 concreata
3326 2566 3575 2618 materia.

2129 2651 2217 2703 48.
2250 2650 2509 2703 Laudent
2536 2653 2590 2701 te
2620 2665 2795 2717 opera
2843 2652 2957 2715 tua,
3020 2654 3083 2703 ut
3137 2666 3432 2715 amemus;
3486 2656 3542 2706 et
3599 2668 3755 2705 ame-

2058 2754 2187 2792 mus
2219 2742 2273 2791 te
2302 2735 2345 2807 ¹,
2372 2741 2437 2790 ut
2465 2737 2701 2790 laudent
2719 2741 2774 2790 te
2798 2752 2974 2805 opera
2997 2742 3115 2803 tua,
3135 2753 3264 2807 quae
3291 2739 3754 2795 habentinitium

2061 2831 2118 2880 et
2148 2827 2320 2879 tinem
2354 2842 2417 2878 ex
2450 2829 2725 2894 tempore,
2767 2829 2955 2877 ortum
2995 2829 3050 2877 et
3104 2841 3384 2889 occasum,
3439 2828 3756 2895 profectum

2062 2920 2119 2968 et
2140 2915 2443 2979 defectum,
2493 2914 2740 2982 speciem
2789 2917 2845 2965 et
2899 2912 3297 2981 privationem.
3353 2915 3569 2968 Habent
3621 2931 3755 2985 ergo

2057 3001 2463 3072 consequentia
2488 3017 2653 3054 mane
2687 3004 2743 3054 et
2759 3015 3074 3070 vesperam,
3100 3000 3310 3069 partim
3330 3002 3591 3065 latenter,
3629 3020 3755 3074 par-

2063 3090 2168 3144 tim
2194 3088 2505 3143 evidenter.
2538 3090 2613 3141 De
2644 3088 2825 3141 nihilo
2856 3088 3010 3142 enim
3053 3093 3189 3155 ate,
3239 3106 3355 3143 non
3402 3091 3470 3145 de
3514 3096 3568 3145 te
3616 3092 3760 3146 facta

2065 3182 2218 3243 sunt,
2251 3193 2371 3230 non
2404 3177 2473 3230 de
2506 3176 2697 3246 aliqua
2730 3193 2848 3229 non
2892 3181 2991 3231 tua
3020 3177 3062 3243 ²,
3094 3179 3181 3231 vel
3210 3194 3339 3248 quae
3372 3185 3536 3234 antea
3560 3182 3757 3244 fuerit,

2067 3266 2164 3320 sed
2196 3266 2265 3319 de
2296 3270 2613 3332 concreata,
2654 3264 2711 3319 id
2761 3270 2844 3319 est
2900 3266 3069 3319 simul
3103 3285 3133 3319 a
3164 3272 3216 3321 te
3247 3274 3435 3322 creata
3483 3271 3759 3336 materia;

2066 3356 2201 3425 quia
2248 3356 2368 3425 ejus
2392 3353 2809 3407 informitatam
2848 3353 2968 3407 sine
3002 3355 3115 3408 ulla
3144 3356 3420 3425 temporis
3454 3357 3761 3429 interposi-

2067 3444 2224 3498 tione
2251 3442 2532 3497 formasti.
2565 3444 2705 3495 Nam
2733 3458 2864 3496 cum
2897 3442 3050 3495 aliud
3082 3442 3152 3495 sit
3183 3444 3309 3496 οωὶί
3340 3448 3398 3497 et
3434 3449 3602 3498 terrea
3643 3462 3765 3499 ma-

2067 3532 2259 3598 teries,
2292 3531 2445 3584 aliud
2474 3530 2599 3583 coeli
2627 3535 2681 3583 et
2712 3533 2878 3583 terrze
2910 3530 3159 3599 species;
3208 3530 3506 3585 materiem
3533 3534 3765 3603 quidem

2071 3628 2141 3681 de
2172 3627 2409 3681 omnino
2443 3626 2643 3691 nihilo,
2669 3626 2871 3679 mundi
2900 3632 3091 3679 autem
3127 3628 3375 3695 speciem
3430 3629 3498 3682 de
3530 3629 3765 3684 informi

2071 3717 2329 3782 materia,
2360 3717 2528 3769 simul
2558 3720 2751 3770 tamen
2781 3721 3087 3786 utrumque
3120 3716 3320 3782 fecisti,
3368 3722 3432 3772 ut
3465 3720 3762 3773 materiam

2073 3806 2277 3874 forma,
2304 3806 2462 3859 nulla
2489 3821 2663 3858 morae
2693 3804 3137 3874 intercapedine,
3167 3810 3519 3875 sequeretur.

2687 3892 2911 3945 CAPUT
2942 3892 3161 3945 XXXIV.

2248 3984 2428 4035 Totius
2458 3982 2743 4035 creationis
2771 3980 2963 4033 mundi
2992 3980 3282 4045 allegorica
3311 3984 3598 4050 expositio.

2144 4072 2239 4124 49.
2277 4069 2631 4140 Inspeximus
2650 4068 2821 4121 etiam
2836 4072 3069 4137 propter
3092 4085 3338 4138 quorum
3362 4070 3769 4140 ﬁgurationem

2076 4159 2183 4212 ista
2209 4158 2296 4211 vel
2324 4158 2425 4211 tali
2454 4157 2649 4211 ordine
2680 4156 2826 4223 fieri,
2859 4158 2944 4209 vel
2975 4156 3294 4210 taliordine
3326 4159 3494 4211 scribi
3515 4160 3767 4224 voluisti,

2077 4252 2132 4299 et
2159 4246 2405 4299 vidimus
2435 4245 2567 4316 quia
2615 4245 2765 4299 bona
2814 4250 2945 4298 sunt
2976 4246 3222 4315 singula,
3277 4249 3331 4299 et
3377 4247 3571 4300 omnia
3626 4248 3773 4301 bona

2078 4334 2256 4399 valde,
2280 4333 2339 4386 in
2370 4334 2551 4386 Verbo
2586 4337 2706 4398 tuo,
2740 4332 2799 4386 in
2834 4334 3005 4387 Unico
3037 4338 3135 4388 tuo
3162 4353 3176 4399 ;
3207 4335 3413 4387 coelum
3445 4338 3500 4387 et
3530 4338 3766 4399 terram,

2077 4426 2247 4492 caput
2275 4426 2331 4475 et
2385 4437 2587 4491 corpus
2646 4422 2925 4487 Ecclesia},
2976 4422 3035 4476 in
3088 4422 3590 4492 prmdestinatione
3639 4431 3771 4479 ante

2079 4511 2270 4563 omnia
2298 4515 2576 4581 tempora,
2602 4510 2723 4564 sine
2754 4528 2919 4565 mane
2948 4516 3003 4564 et
3018 4527 3271 4581 vespera.
3307 4511 3411 4564 Ubi
3442 4516 3634 4566 autem
3656 4530 3775 4568 coe-

2078 4599 2209 4669 pisti
2246 4598 2649 4669 praedestinata
2698 4597 3094 4668 temporaliter
3151 4600 3401 4668 exsequi,
3462 4604 3526 4653 ut
3556 4604 3775 4657 occulta

2080 4687 2495 4756 manifestares,
2566 4692 2623 4741 et
2687 4686 3067 4756 incomposita
3106 4690 3299 4740 nostra
3364 4704 3773 4758 componeres;

2081 4774 2356 4844 quoniam
2388 4790 2560 4844 super
2588 4790 2691 4827 nos
2722 4777 2883 4826 erant
2913 4776 3143 4841 peccata
3195 4778 3404 4835 nostra,
3458 4781 3513 4829 et
3555 4776 3613 4829 in
3643 4794 3773 4847 pro-

2080 4863 2321 4917 fundum
2353 4864 2721 4917 tenebrosum
2744 4860 3065 4914 abieramus
3096 4861 3192 4915 abs
3214 4867 3288 4929 te,
3311 4868 3367 4917 et
3386 4864 3627 4934 Spiritus
3646 4872 3775 4919 tuus

2082 4953 2264 5005 bonus
2295 4951 2755 5021 superferebatur
2785 4949 2854 5003 ad
2887 4950 3341 5005 subveniendum
3368 4953 3529 5007 nobis
3548 4954 3608 5007 in
3633 4958 3775 5007 tem-

2081 5057 2220 5111 pore
2254 5045 2576 5111 opportuno
2612 5058 2624 5094 :
2656 5044 2712 5093 et
2760 5038 3081 5108 justiticasti
3127 5040 3357 5111 impios,
3389 5046 3445 5095 et
3472 5042 3775 5095 distinxisti

2084 5146 2179 5183 eos
2213 5129 2279 5182 ab
2310 5128 2519 5198 iniquis
2545 5145 2557 5194 ;
2589 5132 2647 5181 et
2676 5114 2931 5180 solidasti
2962 5130 3358 5183 auctoritatem
3388 5130 3538 5183 Libri
3564 5129 3647 5182 tui
3698 5130 3780 5182 in-

2082 5221 2169 5270 ter
2201 5215 2523 5286 superiores
2554 5215 2654 5285 qui
2684 5214 2788 5269 tibi
2840 5214 3113 5269 docibiles
3156 5222 3360 5279 essent,
3393 5221 3447 5269 et
3483 5216 3779 5269 inferiores

2084 5304 2183 5375 qui
2212 5307 2291 5358 eis
2312 5304 2688 5357 subderentur
2712 5321 2724 5371 ;
2757 5307 2813 5358 et
2842 5306 3198 5376 congregasti
3227 5304 3551 5359 societatem
3580 5303 3779 5359 infide-

2151 5431 2165 5462 ι
2192 5427 2342 5489 Angl.
2373 5427 2525 5485 Mss.,
2554 5429 2599 5475 et
2625 5440 2871 5477 amemur
2890 5442 2923 5475 a
2956 5432 3020 5482 te.

2148 5492 2169 5524 9
2204 5488 2433 5537 lta’Mss.
2462 5494 2512 5537 et
2541 5490 2665 5537 Arn.
2695 5505 2707 5549 ;
2740 5496 2792 5539 at
2820 5490 2940 5538 Bad.
2967 5492 3080 5540 Am.
3110 5490 3189 5537 Er.
3220 5490 3339 5537 Lov.
3369 5488 3564 5539 habent
3590 5504 3688 5541 non
3719 5490 3784 5540 de

2096 5554 2147 5600 te
2174 5551 2352 5614 ntiqua
2380 5564 2481 5601 non
2510 5552 2571 5602 de
2590 5557 2698 5611 tua,
2728 5556 2829 5613 vel,
2860 5556 2957 5601 etc.
