4062 6188
384 288 482 340 867
985 278 1382 337 ADMONITIO
1420 279 1514 335 DE
1555 275 2043 352 SEQUENTIBUS
2081 274 2360 332 DUOBUS
2399 273 2972 342 SOLILOQUIORUM
3014 275 3274 331 LIBRIS.
3735 284 3815 337 868

382 407 523 462 lium
552 405 612 458 in
641 419 817 458 unam
846 401 1344 474 conspirationem,
1394 404 1458 457 ut
1504 402 1848 472 apparerent
1881 397 2069 453 studia

2181 414 2314 452 nem
2345 396 2778 468 sempiternam;
2814 402 2875 452 ut
2891 398 2947 452 id
2969 399 3122 469 quod
3145 410 3208 452 tu
3237 402 3366 469 post
3398 415 3561 469 opera
3585 404 3672 456 tua
3695 401 3819 458 bona

381 493 662 558 ﬁdelium,
697 496 750 545 et
779 491 885 545 tibi
924 507 1098 561 opera
1124 489 1528 544 misericordiae
1558 491 1845 557 parerent,
1879 485 2075 540 distri—
2182 487 2360 552 valde,
2389 487 2648 558 quamvis
2677 503 2742 540 ea
2771 487 2998 557 quietus
3031 487 3247 551 feceris,
3277 488 3588 558 requievisti
3617 493 3818 560 septimo

381 583 621 637 buentes
651 579 822 634 etiam
852 579 1198 650 pauperibus
1255 581 1507 631 terrenas
1556 576 1849 629 facultates
1883 574 1952 628 ad
1983 591 2075 628 ac-

383 669 660 742 quirenda
689 667 952 723 coelestia.
976 669 1042 721 Et
1071 666 1202 720 inde
1223 664 1808 735 accendistiquaedam
1839 663 2079 717 luminu-

381 761 467 813 ria
513 758 574 811 in
631 757 1015 821 ﬁrmamento,
1068 753 1307 807 verbum
1363 753 1493 806 vita:
1552 753 1827 807 habentes
1858 758 2079 805 sanctos

384 851 532 912 tuos,
568 848 624 898 et
653 842 1046 914 spiritualibus
1094 840 1258 895 donis
1304 841 1542 911 praelata
1571 841 1802 895 sublimi
1834 839 2077 894 auctori-

381 937 498 988 tate
527 932 810 1002 fulgentes
834 947 846 985 :
874 935 928 984 et
947 930 1078 984 inde
1108 930 1178 984 ad
1208 929 1549 984 imbuendas
1580 929 1842 984 inﬁdeles
1859 932 2072 1000 gentes,

385 1022 748 1077 Sacramenta
777 1023 832 1073 et
862 1018 1139 1073 miracula
1167 1019 1436 1084 visibilia,
1467 1034 1745 1089 vocesque
1774 1019 2080 1074 verborum

384 1109 699 1165 secundum
725 1108 1156 1162 ﬁrmamentum
1188 1107 1340 1161 Libri
1371 1107 1478 1178 tui,
1504 1107 1710 1178 quibus
1742 1106 1914 1161 etiam
1947 1106 2082 1161 ﬁde-

384 1201 464 1254 les
493 1198 985 1264 benedicerentur,
1018 1212 1085 1250 ex
1115 1195 1354 1248 materia
1411 1195 1693 1266 corporali
1722 1194 2038 1265 produxisti
2065 1210 2078 1247 :

384 1291 440 1340 et
469 1285 674 1341 deinde
701 1284 961 1339 ﬁdelium
985 1283 1240 1338 animam
1269 1282 1454 1338 vivam
1483 1283 1832 1353 peraﬁ‘ectus
1861 1283 2083 1337 ordina-

380 1378 469 1428 tos
500 1373 859 1427 continentia:
890 1371 1085 1442 vigore
1115 1371 1371 1425 formasti
1402 1369 1421 1403 ί
1442 1387 1455 1426 :
1474 1375 1644 1441 atque
1673 1370 1804 1424 inde
1836 1371 1942 1424 tibi
1966 1370 2083 1439 soli

383 1465 638 1517 mentem
667 1460 976 1525 subditam,
1008 1464 1063 1514 et
1101 1460 1314 1513 nullius
1344 1459 1697 1513 auctoritatis
1720 1459 1990 1512 humanm
2013 1458 2082 1512 ad

381 1550 732 1604 imitandum
758 1547 1131 1619 indigentem,
1160 1547 1445 1602 renovasti
1475 1548 1546 1602 ad
1577 1547 1890 1618 imaginem
1920 1551 1977 1602 et
2004 1547 2079 1600 si-

383 1637 772 1692 militudinem
815 1641 1010 1691 tuam:
1039 1635 1451 1707 prazstantique
1471 1635 1787 1689 intellectui
1829 1635 2080 1689 rationa-

381 1726 559 1781 bilem
586 1726 887 1791 actionem,
922 1730 1199 1795 tanquam
1227 1724 1349 1778 viro
1381 1723 1680 1791 feminam,
1722 1723 2028 1778 subdidisti
2067 1739 2081 1777 :

383 1815 764 1886 omnibusque
795 1814 906 1868 tuis
939 1812 1272 1868 ministeriis
1301 1813 1371 1868 ad
1400 1813 1778 1884 perﬁciendos
1804 1812 1997 1866 ﬁdeles
2022 1812 2084 1866 in

381 1903 488 1958 hac
517 1901 630 1957 vita
661 1899 1010 1968 necessariis,
1043 1900 1112 1955 ad
1143 1900 1358 1955 eisdem
1386 1900 1651 1955 ﬁdelibus
1675 1900 1748 1954 ad
1777 1916 1912 1954 usus
1943 1904 2085 1953 tem-

380 1991 625 2063 porales,
656 1990 941 2044 fructuosa
969 1989 1030 2042 in
1058 1989 1320 2043 futurum
1352 2004 1526 2060 opera
1555 1987 1799 2060 praeberi
1828 1987 2080 2042 voluisti.

381 2081 512 2136 Haec
536 2079 728 2134 omnia
756 2079 1036 2145 videmus,
1072 2082 1127 2132 et
1158 2078 1309 2132 bona
1339 2082 1473 2132 sunt
1500 2077 1684 2145 valde,
1717 2077 1991 2148 quoniam
2021 2079 2083 2129 tu

382 2185 448 2224 ea
475 2169 632 2222 vides
659 2167 721 2220 in
749 2166 934 2233 nobis,
966 2166 1067 2237 qui
1094 2165 1392 2236 Spiritum,
1447 2182 1562 2237 quo
1619 2182 1686 2220 ea
1732 2165 1997 2221 videmus
2029 2169 2086 2220 et

382 2261 440 2312 et
468 2256 528 2312 in
557 2256 637 2310 eis
670 2259 725 2310 te
757 2270 1101 2320 amaremus,
1137 2254 1342 2308 dedisti
1371 2254 1560 2309 nobis.

1010 2360 1236 2415 CAPUT
1265 2360 1458 2414 XXXV.

1034 2449 1200 2517 Optat
1221 2463 1425 2516 pacem.

454 2557 540 2610 50.
576 2553 818 2608 Domine
835 2555 1004 2620 Deus,
1023 2569 1223 2625 pacem
1241 2554 1313 2608 da
1329 2553 1498 2609 nobis
1519 2553 1744 2625 (omnia
1765 2554 1919 2609 enim
1939 2570 2086 2626 prae-

383 2642 577 2699 stitisti
604 2641 788 2713 nobis)
815 2659 828 2708 ;
861 2657 1063 2713 pacem
1096 2642 1324 2713 quietis,
1358 2658 1554 2713 pacem
1590 2642 1830 2711 sabbati,
1864 2643 2086 2698 sabbati

381 2733 504 2787 sine
532 2747 767 2803 vespera
791 2734 833 2786 ³.
869 2731 1066 2786 Omnis
1096 2731 1310 2801 quippe
1339 2731 1446 2786 iste
1490 2731 1629 2786 ordo
1659 2731 2084 2801 pulcherrimus

379 2837 573 2876 rerum
625 2821 785 2875 valde
829 2821 1112 2874 bonarum
1143 2820 1326 2874 modis
1371 2820 1489 2874 suis
1526 2820 1774 2890 peractis
1812 2820 2084 2875 transitu-

380 2925 474 2965 rus
506 2915 628 2977 est;
664 2914 720 2964 et
747 2925 915 2964 mane
945 2908 1162 2980 quippe
1193 2908 1253 2962 in
1271 2908 1352 2962 eis
1369 2909 1583 2963 factum
1612 2913 1711 2971 est,
1742 2912 1798 2964 et
1824 2925 2082 2980 vespera.

994 3013 1218 3068 CAPUT
1246 3013 1467 3067 XXXVI.

559 3104 709 3158 Diem
740 3103 1024 3171 septimum
1052 3117 1276 3170 vespera
1298 3118 1466 3170 quare
1484 3117 1590 3157 non
1623 3107 1900 3171 sequatur.

454 3211 542 3262 5t.
576 3208 704 3261 Dies
733 3212 927 3262 autem
983 3207 1257 3277 septimus
1288 3207 1410 3262 sine
1441 3224 1674 3279 vespera
1703 3212 1803 3277 est,
1847 3225 1950 3262 nec
1979 3209 2080 3262 ha-

381 3296 477 3351 bet
507 3310 789 3363 occasum,
848 3295 984 3367 quia
1022 3296 1384 3350 sanctiﬁcasti
1440 3313 1574 3351 eum
1621 3297 1692 3352 ad
1722 3294 2076 3368 permansio-

447 3439 461 3472 ι
493 3436 669 3486 Codex
697 3437 1073 3499 Benignianus,
1095 3435 1353 3499 ﬁrmasti.

441 3500 464 3562 ?
492 3500 577 3548 Sic
603 3497 884 3562 legendum
916 3497 1236 3562 liquet‘cum
1278 3499 1562 3562 Albinensi
1601 3497 1780 3547 codice
1803 3512 1820 3546 :
1856 3510 1984 3556 non,
2020 3499 2080 3546 ut

381 3560 468 3610 alii
497 3560 734 3625 plerique
764 3561 888 3610 editi
923 3560 986 3610 et‘
1004 3561 1182 3624 scripti
1204 3561 1420 3620 habent,
1438 3573 1626 3624 pacem
1646 3564 1759 3609 sine
1771 3571 2014 3620 vespera.

2184 573 2296 638 die,
2331 575 2438 628 hoc
2467 575 2853 644 praeloquatur
2877 573 3042 626 nobis
3061 590 3164 627 vox
3191 573 3342 627 Libri
3371 574 3471 640 tui,
3503 577 3644 646 quod
3669 583 3718 632 et
3743 595 3825 632 nos

2184 666 2316 732 post
2342 677 2516 732 opera
2549 666 2764 727 nostra,
2798 660 2927 716 ideo
2959 661 3111 716 bona
3142 663 3302 717 valde
3337 662 3480 733 quia~
3501 668 3561 716 tu
3601 663 3744 718 nobis
3775 681 3826 720 ea

2188 751 2430 817 donasti,
2463 751 2697 805 sabbato
2726 751 2854 804 vitae
2877 756 3107 804 aeternae
3139 751 3550 821 requiescamus
3576 751 3632 805 in
3657 757 3722 808 te.

2782 840 3010 894 CAPUT
3048 840 3292 894 XXXVII.

2576 931 2713 982 Deus
2735 929 2794 982 in
2823 928 2975 982 nobis
3002 929 3222 998 quando
3245 932 3489 998 quiescet.

2261 1017 2348 1069 52.
2408 1015 2589 1070 Etiam
2657 1020 2791 1070 tunc
2848 1015 3004 1070 enim
3060 1016 3140 1070 sic
3199 1017 3512 1089 requiesces
3571 1017 3628 1072 in
3674 1018 3823 1084 nobis,

2191 1105 2674 1175 quemadmodum
2722 1121 2876 1160 nunc
2924 1105 3179 1177 operaris
3223 1107 3284 1160 in
3327 1107 3518 1174 nobis;
3569 1111 3620 1161 et
3653 1106 3724 1161 ita
3747 1109 3830 1160 erit

2190 1193 2288 1246 illa
2333 1193 2559 1265 requies
2599 1198 2698 1248 tua
2736 1211 2840 1265 per
2887 1211 3011 1263 nos,
3063 1195 3542 1266 quemadmodum
3588 1200 3708 1250 sunt
3747 1196 3829 1249 ista

2193 1299 2365 1352 opera
2392 1288 2491 1336 tua
2516 1299 2617 1354 per
2646 1299 2768 1337 nos.
2812 1284 2896 1338 Tu
2943 1288 3158 1352 autem,
3194 1283 3457 1353 Domine,
3497 1300 3702 1354 semper
3727 1300 3830 1354 ope-

2191 1371 2352 1436 raris,
2401 1375 2458 1424 et
2503 1387 2729 1442 semper
2762 1371 3096 1442 requiescis.
3149 1373 3262 1426 Nec
3292 1372 3448 1425 vides
3485 1373 3550 1426 ad
3587 1368 3828 1440 tempus‘,

2190 1474 2296 1512 nec
2332 1458 2574 1513 moveris
2612 1460 2681 1513 ad
2721 1467 2967 1529 tempus,
2997 1477 3101 1514 nec
3131 1459 3376 1531 quiescis
3415 1459 3484 1514 ad
3522 1463 3754 1529 tempus;
3792 1464 3833 1511 et

2191 1550 2382 1600 tamen
2421 1546 2553 1600 facis
2582 1552 2638 1601 et
2676 1548 2918 1601 visiones
2963 1549 3326 1619 temporales,
3368 1552 3422 1602 et
3457 1547 3574 1619 ipsa
3600 1553 3830 1618 tempora,

2193 1639 2250 1689 et
2279 1634 2532 1706 quietem
2565 1652 2631 1690 ex
2662 1640 2940 1707 tempore.

2777 1726 3001 1780 CAPUT
3039 1726 3310 1780 XXXVIII.

2469 1814 2648 1868 Aliter
2675 1816 2835 1880 Deus,
2869 1815 3028 1868 aliter
3054 1815 3205 1868 homo
3234 1813 3385 1868 videt
3414 1817 3605 1868 creata.

2265 1903 2352 1956 53.
2387 1901 2494 1955 Nos
2523 1900 2715 1972 itaque
2747 1901 2854 1956 ista
2879 1918 3007 1972 qum
3037 1901 3218 1956 fecisti
3249 1901 3527 1967 videmus,
3560 1900 3680 1972 quia
3704 1903 3825 1961 sunt;

2193 1992 2255 2042 tu
2287 1994 2478 2042 autem
2514 1988 2648 2060 quia
2684 1989 2838 2043 vides
2877 2005 2964 2055 ea,
3004 1994 3160 2044 sunt.
3211 1991 3277 2043 Et
3318 2007 3421 2044 nos
3459 1988 3588 2043 foris
3622 1988 3826 2041 videmus

2194 2076 2329 2147 quia
2361 2081 2512 2144 sunt,
2557 2081 2613 2130 et
2641 2076 2796 2131 intus
2827 2077 2962 2148 quia
2998 2077 3150 2132 bona
3177 2082 3352 2131 sunt:
3385 2081 3447 2131 tu
3479 2081 3655 2130 autem
3673 2074 3740 2128 ibi
3764 2073 3827 2127 vi-

2195 2164 2329 2218 disti
2360 2165 2527 2234 facta,
2568 2165 2668 2218 ubi
2706 2165 2893 2220 vidisti
2927 2165 3204 2220 facienda.
3250 2167 3318 2220 Et
3356 2182 3456 2220 nos
3485 2165 3588 2218 alio
3623 2169 3826 2232 tempore

2193 2253 2337 2308 moti
2365 2271 2561 2308 sumus
2591 2254 2661 2308 ad
2690 2253 3183 2321 benefaciendum,
3219 2259 3590 2324 posteaquam
3623 2249 3826 2319 concepit

2193 2341 2261 2396 de
2299 2340 2512 2412 Spiritu
2550 2345 2648 2395 tuo
2679 2356 2779 2396 cor
2821 2345 3108 2408 nostrum;
3153 2341 3348 2412 priore
3401 2347 3583 2396 autem
3625 2343 3827 2408 tempore

2196 2430 2263 2484 ad
2287 2430 2436 2484 male
2457 2430 2776 2485 faciendum
2798 2431 3172 2486 movebamur
3189 2430 3513 2485 deserentes
3533 2435 3584 2484 te
3607 2445 3619 2482 :
3640 2430 3693 2482 tu
3709 2442 3826 2493 vero,

2192 2517 2344 2572 Deus
2376 2535 2487 2574 unc
2517 2520 2688 2587 bone,
2714 2535 3008 2590 nunquam
3032 2519 3262 2574 cessasti
3295 2519 3631 2574 benefacere.
3656 2518 3710 2570 Et
3731 2519 3827 2568 sunt

2194 2606 2458 2677 quaedam
2501 2607 2653 2662 bona
2699 2625 2874 2679 opera
2911 2613 3106 2663 nostra
3134 2625 3204 2664 ex
3228 2625 3468 2663 munere
3509 2606 3715 2678 quidem
3738 2608 3824 2664 tuo,

2194 2693 2292 2748 sed
2323 2711 2442 2749 non
2481 2697 2866 2766 sempiterna:
2896 2703 3023 2768 post
3051 2697 3150 2752 illa
3187 2713 3296 2752 nos
3325 2696 3664 2768 requieturos
3685 2693 3736 2746 in
3756 2696 3825 2744 tua

2193 2783 2398 2852 grandi
2450 2784 2894 2840 sanctiﬁcatione
2940 2802 3254 2857 speramus.
3307 2788 3386 2841 Tu
3429 2790 3611 2839 autem
3661 2783 3826 2836 bonum

2195 2870 2350 2924 nullo
2380 2870 2646 2942 indigens
2670 2873 2843 2940 bono,
2877 2889 3102 2944 semper
3121 2874 3354 2943 quietus
3376 2891 3434 2929 es
3458 2892 3470 2941 ;
3501 2870 3740 2944 quoniam
3756 2873 3826 2920 tua

2193 2959 2355 3030 quies
2386 2964 2446 3014 tu
2474 2960 2594 3032 ipse
2619 2978 2696 3016 es.
2733 2964 2798 3016 Et
2828 2963 2932 3017 hoc
2959 2963 3283 3034 intelligere
3316 2963 3444 3034 quis
3472 2960 3736 3017 hominum
3759 2956 3825 3010 da-

2192 3048 2276 3102 bit
2318 3049 2579 3104 homini?
2604 3051 2731 3121 quis
2770 3052 3007 3123 angelus
3054 3052 3306 3123 angelo?
3353 3052 3477 3125 quis
3523 3051 3730 3121 angelus
3752 3046 3824 3099 lio-

2190 3136 2369 3191 mini?
2397 3141 2443 3192 A
2467 3143 2520 3193 te
2564 3144 2809 3210 petatur,
2854 3141 2916 3194 in
2945 3145 3000 3195 te
3032 3146 3350 3212 qumratur,
3397 3143 3464 3196 ad
3493 3145 3546 3195 te
3589 3139 3822 3210 pulsetur:

2190 3225 2290 3292 sic,
2368 3226 2446 3280 sic
2512 3229 2842 3298 accipietur,
2907 3229 2986 3284 sic
3050 3229 3400 3298 invenietur,
3463 3230 3540 3284 sic
3599 3224 3826 3298 aperietur

2194 3316 2404 3398 (Matth.
2440 3333 2533 3385 vn,
2569 3319 2640 3387 8).
2675 3320 2879 3372 Amen.

2262 3419 2274 3451 1
2310 3415 2403 3464 l-Iic
2422 3414 2697 3473 editiones,
2716 3417 2932 3477 excepta
2946 3414 3254 3475 Arualdina,
3279 3416 3612 3478 interponunt
3627 3411 3723 3460 haec
3740 3418 3824 3454 ver-

2187 3494 2643 3605 quecl‘pperaris
2669 3493 2742 3544 ad
2767 3495 2995 3558 tempus:
3027 3508 3145 3558 quae
3170 3495 3370 3545 absunt
3396 3509 3426 3545 a
3448 3494 3687 3559 plerisque
3712 3485 3820 3536 codi-

2188 3572 2234 3605 Cl
2278 3571 2338 3605 us
2418 3571 2487 3605 ss.

2188 3571 2338 3606 CIDUS
2365 3571 2487 3605 D‘lSS.

377 3659 3824 3686 _______________________________________________..

1653 3788 2611 3914 ADMONITIO

1020 3983 1125 4046 DE
1174 3981 1712 4060 SEQUENTIBUS
1761 3983 2074 4049 DUOBUS
2123 3982 2766 4061 SOLILOQUIORUM
2815 3983 3068 4049 LIBRIS
3119 3984 3245 4067 (α).

451 4265 592 4316 Cum
620 4262 674 4316 id
705 4262 894 4333 operis
923 4263 1153 4318 molitus
1184 4269 1267 4319 est
1295 4264 1665 4335 Augustinus,
1694 4265 2026 4320 versabatur
2053 4265 2238 4321 adhuc
2269 4266 2330 4320 in
2359 4282 2490 4321 rure
2521 4267 2850 4335 Cassiciaco,
2883 4284 2948 4322 ex
2976 4269 3078 4324 lib.
3111 4272 3142 4324 9
3175 4267 3362 4335 Conf.,
3394 4283 3442 4322 c.
3473 4268 3533 4332 4;
3565 4261 3821 4333 agebam“

379 4366 592 4404 annum
623 4351 808 4405 aetatis
841 4351 1203 4423 trigesimum
1232 4353 1490 4421 tertium,
1523 4360 1582 4409 ut
1612 4354 1734 4425 ipse
1763 4355 1853 4408 hic
1884 4359 2125 4409 testatur
2159 4355 2259 4408 lib.
2297 4361 2346 4422 l,
2377 4371 2424 4409 c.
2464 4357 2547 4409 I0.
2581 4357 2939 4427 Quapropter
2968 4357 3070 4410 sub
3103 4355 3336 4412 initium
3369 4355 3502 4410 anni
3531 4347 3710 4408 Christi
3737 4351 3817 4397 tre-

377 4438 669 4492 centesimi
706 4439 1037 4510 octogesimi
1074 4440 1302 4510 septimi
1340 4441 1736 4496 collocandum
1772 4441 2022 4510 videtur;
2067 4443 2177 4497 nisi
2214 4443 2359 4498 forte
2399 4443 2527 4514 quis
2558 4443 2692 4498 velit
2730 4445 2802 4500 ad
2841 4444 3150 4516 superioris
3191 4447 3330 4501 anni
3368 4445 3539 4499 ﬁnem
3573 4452 3689 4494 cum
3721 4429 3818 4486 aliis

374 4526 648 4580 hactenus
675 4527 966 4581 recensitis
997 4527 1266 4598 operibus
1299 4528 1606 4598 pertinere.

451 4616 514 4668 In
554 4615 742 4684 primo
792 4616 935 4670 libro
984 4632 1042 4670 se
1089 4615 1214 4686 ipse
1263 4617 1333 4670 ad
1381 4617 1573 4671 vivum
1627 4617 1908 4690 depingit,
1967 4635 2112 4673 nova
2162 4619 2430 4690 quadam,
2480 4620 2576 4675 sed
2625 4637 2904 4692 perquam
2949 4621 3214 4676 familiari
3259 4619 3527 4676 methodo
3575 4614 3824 4670 edocturlIS

377 4703 863 4774 quemadmodum
912 4710 1306 4775 comparatum
1355 4721 1473 4759 esse
1521 4711 1781 4776 oporteat
1833 4724 1986 4774 eum,
2042 4708 2142 4779 qui
2194 4708 2294 4761 Dei
2345 4714 2402 4762 et
2447 4707 2652 4761 anima:
2701 4725 2994 4779 capessere
3045 4709 3343 4764 scientiam
3387 4707 3552 4778 cupit.
3594 4696 3822 4779 Loquitur

377 4806 510 4844 vero
540 4789 598 4842 in
625 4789 826 4858 primis
855 4791 922 4844 de
953 4793 1160 4845 mentis
1185 4793 1425 4846 sanitate
1456 4793 1706 4848 subsidio
1739 4794 1890 4860 ﬁdei,
1917 4795 2036 4866 spei
2059 4777 2119 4850 et
2137 4796 2428 4850 charitatis
2452 4777 2845 4866 procuranda;
2871 4802 2926 4852 et
2954 4798 3159 4852 mentis
3189 4799 3420 4852 oculum
3453 4777 3582 4850 dum
3609 4789 3668 4844 ab
3696 4777 3820 4840 omni

378 4894 572 4932 rerum
599 4876 935 4932 inferiorum
964 4880 1269 4950 cupiditate
1299 4886 1579 4952 purgatus
1608 4883 1700 4952 sit,
1734 4884 1794 4937 in
1815 4886 1990 4938 solem
2020 4885 2186 4939 illum
2213 4885 2364 4939 haud
2387 4884 2624 4954 impune
2647 4885 2847 4948 attolli,
2881 4885 3093 4939 nedum
3117 4884 3177 4939 in
3207 4902 3274 4940 eo
3308 4883 3476 4954 deligi
3498 4893 3648 4952 posse
3675 4877 3818 4927 osten-

377 4966 478 5021 dit.
511 4966 801 5020 Secundus
838 4968 982 5021 liber
1010 4969 1068 5021 in
1100 4985 1166 5023 eo
1189 4976 1443 5025 versatur
1472 4976 1644 5038 totus,
1678 4975 1741 5026 ut
1768 4972 2192 5028 demonstretur
2233 4989 2528 5044 nunquam
2567 4973 3054 5028 intermorituram
3093 4990 3214 5028 esse
3244 4972 3564 5034 veritatem;
3595 4962 3726 5021 unde
3752 4956 3817 5025 iP‘

379 5055 494 5108 sius
525 5054 731 5109 animae
762 5071 890 5126 quae
919 5057 1170 5111 veritatis
1201 5059 1360 5114 sedes
1391 5071 1494 5128 est,
1525 5060 1927 5117 immortalitas
1958 5062 2268 5133 colligitur.

481 5196 634 5266 Vide
684 5197 929 5264 librum
973 5207 1032 5280 1,
1079 5222 1224 5288 cap.
1284 5211 1346 5282 4,
1401 5205 1999 5285 Retractationum,
2049 5204 2168 5271 col.
2231 5213 2550 5285 589-590,
2592 5227 2634 5270 a
2662 5205 2898 5287 verbis,
2953 5208 3134 5272 Inter
3194 5208 3337 5271 haec
3383 5199 3632 5285 scripsi,
3668 5214 3725 5270 η,
3763 5190 3812 5261 1,

379 5327 579 5393 usque
610 5304 705 5370 ad
725 5304 924 5371 verba
953 5327 1020 5372 η.
1065 5314 1129 5386 4,
1164 5309 1364 5374 Varia
1400 5330 1694 5377 mecum.
1883 5312 1968 5377 M.

440 5462 512 5532 (ιζ)
533 5463 594 5511 υἱ
615 5463 671 5512 in
689 5463 919 5538 editione
941 5463 1279 5536 Βθηράίοῐὶηᾳ
1301 5464 1471 5538 libros
1483 5468 1546 5518 de
1565 5469 1770 5538 _Qrdine
1798 5471 2119 5534 sequuntur;
2150 5469 2241 5520 sed
2274 5470 2378 5520 huc
2403 5470 2786 5533 transtulimus,
2820 5471 2963 5534 quod
2992 5471 3181 5523 vividis
3209 5469 3417 5535 pietatis
3446 5460 3694 5516 affectibus
3711 5451 3812 5500 ϐου·

377 5522 663 5573 fessionum
695 5530 896 5576 natura:
921 5526 1091 5590 magis
1118 5527 1342 5590 proximi
1372 5527 1497 5581 sint.
1561 5532 1631 5582 M.
