3996 6170
1527 649 2042 716 HIPPONENSIS
2090 651 2449 718 EPISCOPI

1286 814 2687 960 SOLILOQUIORUM

1625 1034 1936 1122 LIBRI
2012 1034 2250 1125 DUO
2291 1032 2360 1086 (α)

1833 1230 2108 1239 —_

1324 1346 1836 1468 LIBER
1942 1346 2613 1469 PRIMUS.

290 1570 524 1636 Instituit
542 1583 595 1618 se
616 1570 724 1632 ipse
746 1569 1069 1636 Augustinus
1093 1570 1157 1636 ad
1179 1571 1551 1636 capessendam
1580 1572 1741 1636 Deiet
1759 1573 1948 1636 animos
1969 1571 2269 1636 scientiam;
2292 1586 2351 1636 ac
2375 1572 2604 1636 primum
2632 1572 2864 1619 divinam
2903 1586 3055 1636 Opem
3096 1573 3356 1635 implorat,
3389 1578 3501 1621 turn
3552 1573 3730 1636 agnita

220 1632 387 1697 illius,
410 1632 927 1697 quainconcupiscit,
943 1633 1174 1697 scientiae
1195 1632 1563 1697 prmcellentia,
1578 1633 2085 1697 colloquitursecum
2108 1634 2170 1681 de
2188 1635 2349 1681 animi
2370 1632 2449 1681 sui
2470 1635 2691 1697 sanitate
2712 1632 3159 1696 promovenda,ut
3174 1632 3241 1684 ad
3263 1632 3729 1697 contemplandum

224 1694 391 1741 Deum
417 1693 529 1741 tuto
551 1693 773 1742 demum
785 1698 1040 1757 assurgat.
1065 1694 1142 1743 Ad
1160 1693 1451 1744 extremum
1473 1695 1590 1744 libri
1616 1693 1832 1757 colligit,
1855 1710 1915 1744 ea
1941 1709 2058 1758 quae
2083 1709 2204 1743 vere
2231 1701 2372 1757 sunt,
2403 1693 2728 1744 immortalia
2746 1710 2877 1745 esse.

1828 1819 2140 1828 ——-———

459 1926 683 1980 CAPUT
725 1926 1015 1981 PRIMUM.
1046 1956 1114 1967 ——-
1148 1929 1387 1981 Precatio
1414 1927 1487 1981 ad
1510 1931 1691 1981 Deum.

300 2020 347 2069 l.
386 2014 641 2069 leventi
674 2015 816 2069 mihi
870 2016 1050 2069 multa
1102 2033 1164 2069 ac
1211 2016 1363 2069 varia
1410 2032 1636 2069 mecum
1692 2016 1809 2083 diu,
1856 2033 1920 2071 ac

218 2121 328 2175 per
357 2106 568 2158 multos
598 2104 717 2159 dies
746 2104 941 2158 sedulo
968 2100 1247 2175 quaerenti
1279 2104 1681 2174 memetipsum
1714 2122 1776 2159 ac
1816 2105 1914 2161 bo-

219 2209 367 2247 num
397 2208 609 2258 meum,
644 2192 852 2262 quidve
892 2193 1027 2245 mali
1074 2191 1403 2246 evitandum
1448 2198 1632 2256 esset;
1667 2193 1746 2246 ait
1776 2193 1919 2247 mihi

219 2282 435 2347 subito,
469 2282 582 2335 sive
614 2297 720 2351 ego
748 2280 889 2351 ipse,
922 2280 1035 2333 sive
1062 2281 1205 2334 alius
1239 2280 1366 2351 quis
1398 2281 1768 2350 extrinsecus,
1804 2281 1916 2335 sive

217 2370 583 2436 intrinsecus,
607 2369 797 2423 nescio
835 2390 849 2437 ;
880 2386 1013 2423 nam
1043 2369 1151 2424 hoc
1178 2369 1367 2438 ipsum
1396 2375 1480 2424 est
1500 2370 1649 2440 quod
1680 2386 1918 2440 magno-

216 2476 359 2530 pere
385 2460 527 2513 scire
555 2460 802 2513 molior:
834 2459 912 2512 ait
937 2474 1074 2528 ergo
1103 2458 1263 2521 mihi,
1311 2461 1378 2524 It,
1421 2459 1513 2527 (b).
1555 2460 1712 2518 Ecce,
1746 2459 1831 2512 fac
1862 2464 1916 2511 te

216 2548 507 2602 invenisse
547 2548 801 2617 aliquid;
852 2545 943 2601 cui
990 2546 1434 2611 commendabis,
1496 2549 1556 2598 ut
1606 2561 1807 2615 pergas
1848 2547 1919 2600 ad

215 2636 379 2689 alia?
426 2639 497 2691 Α.
545 2635 829 2689 Memoriae
886 2635 1115 2688 scilicet.
1163 2637 1228 2689 It.
1280 2635 1531 2688 Tantane
1572 2633 1671 2687 illa
1700 2638 1809 2703 .est
1857 2638 1919 2688 ut

215 2725 542 2793 excogitata
580 2724 775 2777 omnia
831 2722 975 2776 bene
1006 2724 1237 2775 servet?
1268 2723 1317 2776 A
1354 2721 1591 2775 Difﬁcile
1646 2727 1751 2785 est,
1800 2722 1916 2775 imo

208 2829 336 2866 non
367 2815 573 2882 potest.
608 2814 671 2867 R.
710 2812 852 2881 Ergo
891 2810 1254 2864 scribendum
1294 2815 1398 2863 est.
1449 2809 1558 2863 Sed
1588 2808 1728 2879 quid
1772 2810 1915 2879 agis,

210 2901 377 2971 quod
406 2895 671 2954 valetudo
723 2904 824 2953 tua
871 2899 1153 2953 scribendi
1201 2899 1455 2952 laborem
1503 2898 1768 2951 recusat?
1810 2897 1919 2950 Nec

210 2988 329 3041 ista
356 2986 556 3041 dictari
597 2986 843 3051 debent;
874 3002 1007 3039 nam
1049 2985 1417 3039 solitudinem
1445 3000 1663 3039 meram
1694 2983 1917 3038 deside-

212 3080 370 3130 rant.
403 3077 473 3130 A.
518 3076 727 3130 Verum
780 3074 938 3128 dicis.
990 3075 1187 3141 Itaque
1241 3088 1475 3144 prorsus
1529 3074 1719 3128 nescio
1779 3073 1919 3143 quid

212 3180 410 3233 agam.
443 3167 506 3219 Β.
541 3164 647 3219 Ora
682 3162 924 3217 salutem
956 3165 1012 3216 et
1042 3161 1317 3216 auxilium
1350 3178 1463 3232 quo
1511 3163 1581 3217 ad
1620 3163 1918 3233 concupita

213 3244 540 3316 pervenias,
572 3249 631 3299 et
658 3245 765 3297 hoc
802 3243 991 3313 ipsum
1021 3243 1223 3296 litteris
1248 3242 1477 3309 manda,
1521 3247 1584 3296 ut
1628 3242 1790 3312 prole
1822 3246 1917 3295 tua

216 3334 328 3386 tias
356 3332 683 3386 animosior.
719 3330 933 3384 Deinde
977 3330 1131 3401 quod
1172 3330 1391 3384 invenis
1441 3331 1637 3401 paucis
1689 3332 1916 3385 conclu-

215 3420 496 3474 siunculis
525 3419 771 3473 breviter
800 3419 1021 3489 collige.
1058 3420 1169 3472 Nec
1199 3419 1367 3473 modo
1426 3435 1588 3472 cures
1627 3418 1913 3472 invitatio-

212 3526 355 3563 nem
384 3509 567 3564 turbte
598 3508 944 3579 legentium;
977 3507 1171 3580 paucis
1211 3507 1317 3561 ista
1361 3512 1448 3561 sat
1485 3512 1653 3563 erunt
1702 3507 1915 3561 civibus

211 3598 350 3653 tuis.
379 3600 452 3653 Α.
490 3601 573 3654 Ita
603 3596 832 3651 faciam.

290 3689 342 3739 2.
377 3689 526 3741 Deus
554 3684 939 3740 universitatis
970 3684 1247 3753 conditor,
1270 3689 1482 3756 praesta
1499 3684 1641 3739 mihi
1660 3685 1915 3755 primum

211 3782 283 3831 ut
312 3777 454 3831 bene
486 3782 538 3831 te
578 3792 795 3846 rogem,
827 3774 1033 3829 deinde
1055 3778 1118 3829 ut
1146 3791 1237 3829 me
1274 3791 1441 3845 agam
1473 3775 1711 3846 dignum
1741 3791 1913 3845 quem

210 3866 505 3931 exaudias,
538 3871 827 3935 postremo
859 3868 920 3917 ut
943 3863 1167 3919 liberes.
1200 3865 1347 3919 Deus
1374 3881 1479 3935 per
1494 3881 1668 3936 quem
1698 3863 1908 3929 omnia,

211 3972 345 4026 qua:
378 3971 479 4025 per
499 3971 557 4008 se
589 3970 705 4007 non
734 3958 938 4019 essent,
971 3953 1215 4008 tendunt
1244 3970 1385 4008 esse.
1438 3955 1585 4008 Deus
1614 3952 1714 4024 qui
1755 3968 1824 4006 ne
1856 3952 1914 4005 id

211 4045 450 4115 quidem
472 4044 626 4114 quod
656 4058 713 4096 se
752 4041 993 4096 invicem
1007 4042 1256 4111 perimit,
1280 4041 1747 4112 perirc'dimittis.
1766 4043 1913 4095 Deus

211 4134 315 4203 qui
342 4133 410 4187 de
442 4132 617 4186 nihilo
650 4130 927 4185 mundum
968 4130 1141 4185 istum
1185 4131 1406 4197 creasti,
1438 4147 1610 4201 quem
1656 4130 1913 4184 omnium

210 4223 363 4277 oculi
390 4223 642 4277 sentiunt
672 4220 1148 4293 pulcherrimum.
1186 4223 1334 4275 Deus
1378 4221 1475 4291 qui
1529 4220 1747 4275 malum
1798 4238 1914 4274 non

210 4311 371 4377 fucis,
404 4318 459 4366 et
487 4312 622 4365 facis
679 4327 799 4364 esse
839 4325 909 4361 ne
939 4306 1251 4378 pessimum
1292 4311 1410 4363 llat.
1450 4310 1600 4363 Deus
1644 4308 1744 4378 qui
1774 4325 1912 4379 pau-

206 4400 290 4453 cis
323 4401 395 4453 ad
426 4400 479 4453 id
514 4398 665 4470 quod
684 4415 811 4452 vere
838 4399 922 4449 est
952 4396 1392 4467 refugientibus,
1422 4396 1676 4449 ostendis
1698 4397 1912 4450 malum

208 4486 358 4539 nihil
390 4503 527 4541 esse.
566 4488 710 4540 Deus
740 4503 842 4556 per
872 4502 1043 4557 quem
1075 4482 1413 4537 universitas
1443 4482 1613 4536 etiam
1669 4498 1798 4536 cum
1824 4483 1913 4551 :si-

205 4575 390 4628 nistra
415 4579 573 4644 parte
606 4574 854 4644 perfecta
884 4581 987 4628 est.
1044 4574 1190 4626 Deus
1222 4590 1255 4625 a
1294 4587 1407 4641 quo
1440 4570 1791 4625 dissonantia
1824 4587 1913 4623 us-

205 4678 324 4734 que
353 4663 411 4715 in
439 4668 754 4716 extremum
792 4664 947 4717 nulla
973 4667 1074 4727 est,
1108 4677 1236 4714 cum
1266 4660 1548 4713 deteriora
1580 4658 1913 4713 melioribus

203 4750 535 4805 concinunt.
564 4752 709 4805 Deus
740 4768 913 4822 quem
942 4755 1097 4803 amat
1118 4766 1286 4803 omne
1314 4750 1466 4819 quod
1488 4752 1671 4819 potest
1693 4764 1909 4813 amare,

201 4840 323 4893 sive
354 4840 557 4908 sciens,
592 4840 707 4894 sive
748 4841 1025 4895 nesciens.
1082 4840 1227 4893 Deus
1272 4838 1331 4893 in
1354 4853 1467 4909 quo
1515 4841 1647 4892 sunt
1696 4836 1912 4899 omnia,

2022 1927 2315 1981 cuitamen
2343 1927 2620 1981 universae
2650 1932 2924 1983 creaturae
2947 1944 3050 1984 nec
3074 1928 3370 2001 turpitudo
3401 1931 3583 2002 turpis
3606 1937 3722 2002 est,

2026 2032 2129 2070 nec
2160 2015 2375 2069 malitia
2400 2020 2583 2083 nocet,
2618 2033 2721 2071 nec
2745 2034 2905 2071 error
2924 2022 3092 2073 errat.
3119 2020 3265 2073 Deus
3284 2020 3383 2090 qui
3414 2020 3524 2074 nisi
3557 2037 3725 2075 mun-

2026 2103 2127 2157 dos
2156 2119 2354 2157 verum
2389 2104 2529 2156 scire
2588 2104 2840 2158 noluisti.
2904 2107 3049 2159 Deus
3100 2112 3276 2176 pater-
3317 2107 3590 2169 veritatis,
3632 2125 3729 2180 pa-

2024 2196 2111 2245 ter
2139 2190 2452 2260 sapientiae,
2473 2195 2636 2261 pater
2666 2209 2811 2246 verae
2838 2210 3193 2265 summaeque
3221 2196 3370 2261 vitae,
3402 2202 3565 2266 pater
3593 2199 3732 2256 bea-

2025 2276 2313 2343 titudinis,
2358 2283 2523 2347 pater
2566 2278 2702 2332 boni
2742 2284 2798 2332 et
2836 2280 3087 2349 pulchri,
3134 2287 3298 2350 pater
3344 2283 3726 2355 intelligibilis

2029 2365 2191 2432 lucis,
2224 2371 2387 2434 pater
2416 2365 2795 2435 evigilalionis
2826 2371 2996 2437 atque
3022 2368 3459 2425 illuminationis
3488 2379 3721 2444 nostras,

2028 2457 2194 2508 Pater
2219 2453 2472 2523 pignoris
2511 2470 2626 2524 quo
2658 2455 3038 2509 admonemur
3066 2458 3250 2511 redire
3272 2459 3343 2512 ad
3378 2464 3456 2515 te.

2098 2545 2126 2595 3
2180 2543 2253 2595 Te
2284 2542 2502 2612 invoco,
2537 2544 2684 2596 Deus
2717 2543 2945 2611 veritas,
2986 2544 3047 2598 in
3076 2562 3189 2616 quo
3220 2551 3275 2599 et
3304 2564 3337 2600 a
3379 2565 3491 2619 quo
3540 2554 3595 2603 et
3622 2567 3726 2621 per

2027 2645 2199 2700 quem
2230 2646 2362 2684 vera
2388 2634 2538 2696 sunt,
2573 2647 2701 2701 qua}
2744 2648 2873 2685 vera
2902 2638 3035 2686 sunt
3078 2635 3287 2687 omnia.
3322 2637 3469 2689 Deus
3500 2639 3725 2708 sapien-

2028 2718 2129 2783 tia,
2160 2718 2219 2771 in
2246 2734 2359 2787 quo
2389 2722 2445 2771 et
2472 2734 2505 2771 a
2532 2734 2646 2788 quo
2666 2724 2723 2773 et
2742 2735 2846 2789 per
2865 2736 3037 2789 quem
3068 2722 3315 2789 sapiunt,
3343 2740 3472 2792 quas
3496 2726 3725 2795 sapiunt

2027 2805 2240 2860 omnia.
2275 2807 2423 2859 Deus
2452 2821 2586 2859 vera
2615 2811 2671 2860 et
2703 2823 2928 2861 summa
2957 2808 3088 2873 vita,
3124 2809 3181 2861 in
3211 2825 3323 2878 quo
3354 2815 3410 2863 et
3440 2827 3471 2864 a
3504 2828 3616 2881 quo
3664 2820 3720 2869 et

2026 2910 2129 2963 per
2158 2910 2331 2964 quem
2360 2893 2577 2959 vivunt,
2602 2909 2732 2963 quae
2764 2910 2895 2947 vere
2926 2910 3261 2966 summeque
3292 2896 3489 2951 vivunt
3508 2900 3721 2954 omnia.

2031 2983 2177 3036 Deus
2198 2980 2507 3045 beatitudo,
2539 2980 2601 3035 in
2630 2997 2743 3051 quo
2778 2984 2833 3035 et
2863 2998 2896 3034 a
2932 2998 3046 3051 quo
3095 2987 3149 3035 et
3196 3000 3298 3053 per
3336 3001 3509 3055 quem
3556 2987 3723 3042 beata

2027 3074 2174 3132 sunt,
2193 3086 2321 3141 quas
2336 3070 2503 3124 beata
2528 3069 2887 3124 suntomnia.
2904 3071 3049 3123 Deus
3074 3071 3290 3126 bonum
3310 3078 3364 3127 et
3382 3076 3711 3143 pulchrum,

2023 3158 2086 3212 in
2102 3175 2214 3230 quo
2246 3163 2302 3213 et
2330 3176 2363 3211 ει
2390 3174 2505 3229 quo
2521 3162 2577 3211 et
2590 3174 2689 3228 per
2713 3174 2886 3228 quem
2905 3159 3057 3213 bona
3081 3162 3389 3230 etpulclira
3416 3168 3567 3230 sunt,
3584 3180 3714 3235 qua:

2022 3247 2171 3302 bona
2200 3251 2255 3301 et
2284 3248 2521 3318 pulchra
2541 3251 2671 3301 sunt
2687 3246 2903 3302 omnia.
2942 3249 3091 3302 Deus
3112 3248 3486 3319 intelligibilis
3522 3253 3637 3315 lux,
3663 3253 3723 3306 in

2026 3353 2138 3407 quo
2152 3340 2209 3390 et
2230 3353 2260 3389 a
2283 3352 2398 3407 quo
2428 3340 2484 3390 et
2502 3352 2790 3406 perquem
2809 3336 3245 3406 intelligibiliter
3268 3338 3479 3406 lucent,
3498 3358 3624 3411 quae
3639 3342 3724 3395 in-

2024 3422 2599 3493 telligibiliterlucent
2621 3423 2833 3477 omnia.
2859 3426 3005 3477 Deus
3032 3424 3193 3494 cujus
3209 3441 3451 3494 regnum
3474 3433 3559 3480 est
3574 3432 3722 3481 totus

2027 3513 2296 3577 mundus,
2329 3528 2502 3582 quem
2533 3528 2730 3565 sensus
2755 3512 3003 3581 ignorat.
3037 3513 3182 3565 Deus
3236 3514 3303 3566 de
3352 3515 3513 3583 cujus
3544 3530 3721 3585 regno

2021 3601 2110 3654 lex
2138 3599 2306 3653 etiam
2336 3600 2396 3653 in
2424 3600 2530 3653 ista
2551 3616 2730 3670 regna
2760 3599 3117 3653 describitur.
3152 3601 3298 3653 Deus
3329 3618 3361 3654 a
3381 3617 3493 3671 quo
3523 3604 3719 3668 averti,

2022 3689 2221 3743 cadere
2247 3705 2260 3754 ;
2295 3688 2356 3741 in
2386 3704 2556 3757 quem
2588 3688 2858 3754 converti,
2880 3701 3207 3756 resurgere;
3241 3686 3302 3741 in
3324 3705 3436 3759 quo
3461 3706 3711 3758 manere,

2022 3776 2326 3831 consistere
2360 3780 2463 3830 est.
2499 3778 2647 3830 Deus
2677 3793 2710 3829 a
2730 3793 2842 3847 quo
2874 3776 3045 3843 exire,
3074 3776 3290 3843 emori;
3324 3777 3383 3831 in
3414 3794 3586 3848 quem
3623 3796 3719 3833 re-

2020 3866 2161 3931 dire,
2178 3865 2509 3919 reviviscere
2526 3881 2538 3930 ;
2555 3865 2613 3918 in
2627 3882 2739 3935 quo
2757 3864 3033 3933 habitare,
3048 3865 3234 3919 vivere
3248 3869 3348 3919 est.
3372 3867 3519 3920 Deus
3542 3883 3717 3937 quem

2021 3971 2190 4009 nemo
2204 3953 2433 4022 amittit,
2447 3953 2557 4007 nisi
2573 3953 2871 4023 deceptus;
2892 3969 3065 4024 quem
3081 3970 3249 4007 nemo
3264 3954 3488 4025 quierit,
3504 3955 3613 4008 nisi
3627 3956 3723 4009 ad-

2021 4044 2301 4109 monitus;
2319 4059 2488 4113 quem
2506 4059 2673 4097 nemo
2689 4042 2923 4109 invenit,
2941 4041 3053 4095 nisi
3070 4047 3369 4113 purgatus.
3385 4043 3532 4096 Deus
3548 4059 3721 4113 quem

2019 4133 2363 4203 relinquere,
2396 4133 2505 4185 hoc
2534 4130 2781 4201 estquod
2800 4130 2985 4200 perire
3014 4151 3028 4197 ;
3063 4147 3237 4201 quem
3267 4131 3585 4195 attendere,
3614 4131 3721 4184 hoc

2022 4225 2105 4274 est
2135 4221 2286 4291 quod
2318 4236 2507 4273 amare
2533 4240 2547 4285 ;
2573 4235 2745 4289 quem
2774 4219 2985 4285 videre,
3042 4219 3149 4272 hoc
3180 4222 3267 4272 est
3295 4218 3449 4289 quod
3482 4218 3717 4273 habere.

2022 4310 2167 4362 Deus
2183 4308 2274 4362 cui
2300 4324 2402 4361 nos
2423 4307 2562 4361 fides
2592 4307 2814 4372 excitat,
2844 4322 2970 4377 spes
3001 4306 3187 4375 erigit,
3217 4304 3463 4359 charitas
3496 4304 3711 4374 jungit,

2021 4398 2165 4450 Deus
2195 4412 2297 4467 per
2324 4411 2496 4466 quem
2522 4395 2819 4461 vincimus,
2842 4394 3141 4448 inimicum
3163 4399 3216 4448 te
3238 4393 3530 4463 deprecor.
3560 4394 3711 4448 Deus

2020 4501 2124 4555 per
2152 4500 2323 4555 quem
2353 4484 2709 4554 accepimus'
2744 4500 2816 4538 ne
2847 4483 3079 4538 omnino
3120 4480 3465 4551 periremus.
3508 4482 3655 4536 Deus
3688 4500 3717 4535 τι

2019 4590 2133 4645 quo
2164 4573 2543 4627 admonemur
2570 4578 2631 4627 ut
2668 4572 2988 4643 vigilemus.
3024 4573 3169 4625 Deus
3200 4586 3301 4640 per
3332 4586 3504 4640 quem
3536 4588 3568 4625 a
3590 4587 3713 4625 ma-

2019 4662 2087 4716 lis
2117 4662 2268 4716 bona
2296 4678 2642 4732 separamus.
2696 4663 2843 4715 Deus
2887 4676 2991 4730 per
3040 4674 3212 4729 quem
3243 4659 3394 4713 mala
3441 4659 3715 4730 fugimus,

2018 4755 2074 4804 et
2105 4750 2256 4805 bona
2285 4750 2597 4821 sequimur.
2628 4751 2776 4803 Deus
2806 4764 2908 4818 per
2951 4764 3122 4818 quem
3164 4764 3281 4802 non
3328 4748 3581 4803 cedimus
3619 4750 3717 4803 ad-

2016 4837 2395 4892 versitatibus.
2414 4840 2559 4892 Deus
2584 4852 2686 4907 per
2715 4851 2887 4906 quem
2900 4834 3045 4890 bene
3068 4835 3348 4891 servimus
3362 4840 3422 4892 et
3449 4836 3597 4891 bene
3616 4837 3716 4891 do-

1814 4973 2113 5010 ADMONITIO.

266 5051 741 5100 Recensitisuntad
769 5052 888 5100 Mss.
904 5051 1231 5107 Tlmaneum,
1256 5050 1602 5103 Victorinum.
1618 5050 1972 5102 Navarricum.
1993 5051 2311 5099 Sorbonicos
2331 5050 2481 5106 duos,
2504 5048 3037 5110 Regio-Montensem,
3056 5049 3482 5107 Audoenensem,
3505 5046 3707 5098 Medar-

202 5114 442 5171 densem,
482 5114 883 5162 Vindocinensis
914 5114 1218 5161 monasterii
1248 5113 1507 5170 unum,ad
1524 5112 1852 5167 Vaticanum,
1876 5113 2232 5167 V'edastinum,
2252 5113 2315 5161 ad
2338 5112 2656 5173 Anglicauos
2676 5112 2930 5173 quinque,
2962 5112 3161 5161 scilicet
3184 5114 3549 5165 Bodleianum.
3574 5111 3706 5159 duos

199 5176 355 5224 Mert.
390 5180 441 5223 et
470 5177 685 5225 totidem
725 5176 875 5225 Cant.
907 5177 971 5224 ad
994 5176 1243 5224 lectiones
1273 5174 1599 5236 Belgicorum
1629 5174 1862 5236 quinque
1892 5188 1983 5237 per
2010 5176 2360 5224 Lovanienses
2390 5174 2667 5231 collectas;
2692 5178 2745 5221 et
2769 5188 2799 5221 a

2864 5174 3122 5223 editiones
3146 5175 3271 5224 Bad.
3302 5176 3392 5223 Er.
3436 5178 3487 5221 et
3518 5174 3642 5220 Lov-

303 5265 857 5351 Comparavz'mus
896 5276 1218 5354 praeterea
1268 5286 1377 5331 eas
1408 5286 1627 5330 omnes
1665 5262 1975 5331 editiones
2003 5264 2190 5330 initio
2212 5266 2786 5330 Retractationum
2818 5272 2884 5331 et
2907 5266 3437 5331 Confessionum
3463 5282 3711 5327 memo-

205 5363 420 5419 ratas.
519 5355 579 5418 M
590 5404 604 5419 .

269 5464 349 5559 ἔα)
374 5463 560 5536 Scripti
586 5465 691 5536 sub
723 5466 933 5514 initium
964 5479 1049 5514 an.
1083 5464 1273 5513 Christi
1302 5466 1415 5514 387.

290 5527 338 5559 hl
379 5529 411 5559 Ω
462 5528 719 5559 ωηηιὲἶηηί
756 5528 901 5559 ηηΗη
957 5533 979 5559 Δ
1049 5527 1372 5559 Aunuoh’nno

271 5527 338 5589 (ὁ)
374 5529 428 5576 Il.
462 5527 724 5591 significat
749 5528 918 5587 Ratio,
947 5533 1005 5577 Α.
1037 5527 1391 5590 Augustinus.

2086 5467 2099 5497 ¹
2134 5464 2192 5511 lu
2222 5463 2341 5512 Mss.
2374 5466 2571 5525 septem
2598 5477 2661 5513 ex
2690 5466 3000 5529 potioribus,
3035 5468 3175 5515 Deus
3208 5474 3369 5525 quem
3395 5462 3713 5525 accepimus.
