4062 6188
433 307 493 357 ’71
1601 299 2171 366 SOLILOQUIORUM
2212 300 2265 354 S.
2310 301 2694 357 AUGUSTINI
3761 298 3839 368 37-1

400 424 707 480 minamur.
742 427 891 479 Deus
919 441 1021 495 per
1049 438 1221 495 quem
1249 422 1519 478 discimus
1566 423 1750 477 aliena
1792 438 1911 478 esse
1959 439 2087 494 quia

397 511 704 583 aliquando
763 516 976 579 nostra,
1036 517 1092 565 et
1146 516 1339 566 nostra
1394 527 1514 566 esse
1593 527 1720 582 quae
1783 512 2091 583 aliquando

395 601 581 656 aliena
629 601 991 671 putabamus.
1053 602 1200 654 Deus
1247 616 1350 670 per
1396 616 1571 671 quem
1613 602 1899 654 malorum
1951 600 2093 654 escis

396 695 566 759 atque
596 688 875 743 illecebris
930 705 1045 743 non
1095 688 1402 745 haeremus.
1463 691 1611 744 Deus
1655 706 1758 761 per
1787 705 1958 760 quem
1992 705 2093 741 nos

394 793 488 830 res
542 776 778 830 minuta:
840 793 956 830 non
1011 776 1305 832 minuunt.
1343 778 1490 831 Deus
1519 793 1623 848 per
1666 793 1839 848 quem
1888 777 2094 830 melius

395 869 652 919 nostrum
682 864 953 918 deteriori
973 864 1290 934 subjectum
1320 881 1436 918 non
1461 871 1566 921 est.
1599 867 1750 920 Deus
1783 881 1891 936 per
1924 879 2096 935 quem

398 969 550 1007 mors
579 953 912 1006 absorbetur
956 952 1018 1006 in
1057 952 1347 1007 victoriam
1393 953 1438 1023 (Ι
1479 956 1595 1010 Cor.
1653 971 1744 1023 xv,
1805 954 1915 1024 54).
1954 955 2100 1007 Deus

397 1042 496 1112 qui
527 1057 629 1094 nos
656 1040 934 1095 convertis
981 1040 1082 1111 qui
1129 1057 1232 1094 nos
1285 1057 1352 1095 eo
1407 1042 1563 1112 quod
1606 1058 1722 1096 non
1774 1046 1858 1095 est
1910 1041 2096 1106 exuis,

391 1133 448 1183 et
480 1145 545 1182 eo
576 1129 728 1199 quod
750 1134 834 1183 est
861 1128 1068 1182 induis.
1101 1130 1245 1184 Deus
1277 1128 1377 1199 qui
1410 1145 1510 1182 nos
1540 1129 1894 1184 exaudibiles
1921 1127 2090 1182 facis.

402 1219 545 1272 Deus
571 1217 672 1288 qui
701 1233 804 1271 nos
833 1216 1023 1271 munis
1054 1218 1091 1271 ί.
1127 1216 1379 1288 Deusqui
1409 1233 1514 1272 nos
1565 1218 1625 1271 in
1673 1234 1903 1272 omnem
1951 1216 2098 1271 veri-

398 1310 575 1360 tatem
605 1306 843 1360 inducis.
878 1306 1024 1359 Deus
1057 1305 1155 1375 qui
1203 1305 1370 1359 nobis
1412 1306 1605 1360 omnia
1634 1307 1785 1360 bona
1823 1305 2097 1376 loqueris,

399 1411 502 1448 nec
531 1395 761 1447 insanos
807 1393 964 1457 facis,
1001 1409 1104 1446 nec
1133 1410 1167 1446 a
1208 1409 1502 1465 quoquam
1557 1393 1683 1448 fieri
1739 1393 1894 1448 sinis.
1953 1395 2101 1447 Deus

399 1481 497 1553 qui
530 1499 634 1535 nos
665 1467 893 1535 revocas
933 1481 992 1534 iu
1031 1481 1204 1547 viam,
1250 1483 1398 1535 Deus
1446 1481 1546 1552 qui
1599 1499 1705 1536 nos
1752 1481 1981 1537 deducis
2033 1481 2102 1535 ad

395 1573 649 1640 januam,
705 1571 852 1623 Deus
911 1567 1012 1640 qui
1067 1569 1201 1622 facis
1262 1573 1333 1622 ut
1384 1569 1744 1640 pulsantibus
1813 1568 2103 1640 aperiatur

399 1661 611 1728 (Matth.
642 1675 735 1725 vu,
769 1659 851 1727 8).
891 1658 1037 1711 Deus
1077 1658 1176 1727 qui
1207 1656 1372 1710 nobis
1401 1657 1499 1711 das
1527 1673 1739 1727 panem
1769 1657 1919 1711 vitai.
1954 1657 2102 1710 Deus

400 1764 502 1819 per
534 1763 706 1818 quem
737 1745 963 1799 sitimur
992 1749 1210 1815 potum,
1244 1761 1357 1815 quo
1387 1746 1593 1800 hausto
1628 1762 1924 1817 nunquam
1953 1744 2103 1798 sitia-

400 1851 530 1890 mus
561 1837 729 1905 (Joan.
764 1850 840 1900 VI,
869 1834 979 1902 35),
1010 1835 1158 1887 Deus
1191 1834 1290 1904 qui
1332 1834 1525 1904 arguis
1557 1835 1829 1888 saeculum
1860 1835 1928 1888 de
1966 1849 2103 1904 pec-

401 1928 546 1991 cato,
578 1924 646 1978 de
671 1923 912 1994 justitia,
948 1926 1005 1976 et
1033 1923 1101 1976 de
1127 1922 1342 1993 judicio
1371 1922 1476 1990 (Id.
1534 1938 1647 1988 xvr,
1691 1922 1769 1993 8).
1804 1923 1953 1976 Deus
2002 1937 2106 1991 per

406 2028 581 2084 quem
609 2027 714 2066 nos
736 2028 850 2065 non
878 2015 1114 2065 movent
1142 2012 1240 2082 qui
1272 2010 1510 2064 minime
1538 2011 1798 2065 credunt.
1834 2012 1983 2064 Deus
2003 2025 2106 2080 per

405 2117 578 2173 quem
608 2099 1004 2170 improbemus
1062 2115 1261 2154 eorum
1317 2115 1591 2162 errorem,
1643 2099 1742 2170 qui
1781 2099 2106 2152 animarum

406 2189 610 2244 merito
636 2189 794 2242 nulla
823 2205 944 2242 esse
974 2188 1124 2259 apud
1154 2193 1208 2242 te
1230 2192 1456 2258 putant.
1491 2189 1642 2241 Deus
1657 2203 1759 2258 per
1787 2203 1960 2257 quem
1989 2201 2107 2240 non

408 2276 685 2332 servimus
715 2275 962 2330 inﬁrmis
992 2280 1049 2330 et
1089 2276 1285 2346 egenis
1329 2275 1627 2330 elementis
1652 2276 1859 2344 (Galat.
1911 2291 1985 2339 ιν,
2019 2277 2096 2344 9).

409 2369 556 2421 Deus
586 2365 687 2438 qui
711 2381 817 2419 nos
845 2380 1078 2435 purgas,
1114 2368 1172 2418 et
1197 2364 1267 2418 ad
1294 2363 1486 2418 divina
1512 2379 1804 2435 praaparas
1845 2363 2105 2433 praemia,

409 2453 614 2508 adveni
643 2453 786 2507 mihi
816 2452 1102 2523 prOpitius
1131 2456 1216 2507 tu.

480 2545 535 2598 4.
566 2541 856 2611 Quidquid
882 2558 916 2594 a
942 2556 1034 2595 me
1062 2541 1276 2594 dictum
1300 2544 1404 2610 est,
1433 2555 1580 2593 unus
1599 2541 1746 2594 Deus
1767 2543 1851 2606 tu,
1884 2543 1942 2593 tu
1976 2539 2105 2594 veni

408 2631 552 2685 mihi
575 2631 635 2683 in
663 2629 976 2695 auxilium;
1033 2644 1148 2682 una
1179 2634 1395 2684 aeterna
1421 2645 1554 2683 vera
1608 2628 1942 2693 substantia,
2008 2628 2106 2682 ubi

408 2720 564 2774 nulla
611 2717 1010 2788 discrepantia,
1067 2719 1226 2771 nulla
1275 2718 1551 2780 confusio,
1607 2718 1766 2770 nulla
1820 2715 2103 2783 transitio,

410 2809 566 2862 nulla
594 2806 930 2878 indigentia,
958 2807 1116 2860 nulla
1148 2823 1318 2861 mors.
1357 2806 1460 2860 Ubi
1503 2821 1730 2859 summa
1781 2804 2105 2872 concordia,

407 2912 633 2950 summa
661 2893 965 2961 evidentia,
1012 2910 1237 2960 summa
1288 2894 1628 2962 constantia,
1670 2909 1895 2947 summa
1923 2891 2105 2962 pleni-

410 2986 572 3052 tudo,
606 2999 832 3038 summa
863 2982 995 3037 vita.
1050 2983 1154 3036 Ubi
1201 2983 1348 3037 nihil
1396 2983 1574 3051 deest,
1603 2981 1749 3035 nihil
1803 2980 2102 3034 redundat.

411 3072 516 3126 Ubi
545 3071 645 3143 qui
671 3071 874 3142 gignit,
904 3075 962 3125 et
992 3085 1165 3140 quem
1200 3069 1386 3140 gignit
1417 3084 1597 3122 unum
1619 3073 1704 3122 est
1735 3069 1824 3137 (α).
1858 3066 2108 3121 Deuscui

408 3162 662 3215 serviunt
692 3160 1070 3236 omnia,quae
1101 3159 1387 3233 serviunt;
1413 3157 1506 3212 cui
1532 3157 1893 3225 obtemperat
1922 3154 2107 3209 omnis

408 3254 555 3306 bona
583 3250 794 3304 anima.
823 3235 995 3319 Cujus
1022 3249 1245 3319 legibus
1276 3251 1541 3301 rotantur
1567 3245 1705 3315 poli,
1739 3261 1937 3298 cursus
1971 3261 2104 3298 suos

406 3339 594 3393 sidera
622 3341 925 3410 peragunt,
962 3337 1043 3390 sol
1068 3340 1290 3390 exercet
1320 3335 1493 3400 diem,
1529 3335 1667 3387 luna
1694 3336 1977 3401 temperat
2006 3347 2105 3385 no-

405 3432 552 3481 ctem
586 3445 598 3482 :
633 3426 937 3497 omnisque
968 3425 1216 3479 mundus
1245 3439 1349 3494 per
1377 3423 1516 3490 dies,
1548 3420 1938 3475 vicissitudine
1962 3420 2106 3473 lucis

405 3521 460 3569 et
485 3516 700 3581 noctis;
743 3531 848 3584 per
902 3530 1150 3580 menses,
1191 3511 1558 3566 incrementis
1619 3508 2107 3579 decrementisque

406 3605 738 3658 lunaribus:
772 3619 876 3674 per
906 3619 1108 3670 annos,
1141 3601 1308 3664 veris,
1343 3599 1574 3667 aestatis,
1607 3597 1870 3652 autumni
1893 3602 1950 3650 et
1976 3597 2104 3651 hie-

406 3693 513 3746 mis
541 3692 992 3746 successionibus
1016 3708 1029 3757 ;
1061 3707 1168 3762 per
1197 3691 1395 3758 lustra,
1427 3687 1772 3760 perfectione
1793 3701 1991 3740 cursus
2022 3702 2109 3738 so-

404 3780 576 3846 laris;
611 3795 714 3849 per
741 3795 978 3849 magnos
1009 3780 1198 3844 orbes,
1230 3795 1462 3831 recursu
1495 3777 1554 3830 in
1583 3780 1740 3829 ortus
1796 3790 1928 3828 suos
1960 3773 2077 3826 side

407 3883 552 3931 rum,
582 3881 853 3934 magnam
873 3882 1068 3920 rerum
1090 3867 1491 3929 constantiam,
1521 3867 1801 3933 quantum
1829 3860 2108 3914 sensibilis

407 3953 646 4007 materia
678 3952 914 4023 patitur,
946 3958 1275 4022 temporum
1297 3951 1592 4004 ordinibus
1622 3949 2111 4018 replicationibus-

406 4058 517 4112 que
538 4041 799 4095 custodit.
863 4043 1011 4094 Deus
1042 4041 1204 4110 cujus
1255 4039 1479 4109 legibus
1527 4039 1586 4092 in
1632 4054 1750 4091 sevo
1804 4037 2107 4099 stantibus,

405 4135 596 4184 motus
635 4128 916 4184 instabilis
943 4144 1153 4195 rerum
1192 4127 1560 4182 mutabilium
1585 4125 1951 4197 perturbatus
1986 4141 2107 4179 esse

408 4236 522 4272 non
544 4219 770 4287 sinitur,
793 4219 1083 4288 frenisque
1097 4216 1577 4270 circumeuntium
1595 4215 1937 4269 saeculorum
1959 4228 2107 4267 sem-

408 4324 508 4377 per
540 4308 610 4362 ad
641 4307 1080 4361 similitudinem
1105 4303 1428 4360 stabilitatis
1457 4307 1755 4358 revocatur
1786 4322 1801 4369 ;
1834 4301 1994 4372 cujus
2027 4302 2106 4354 le-

405 4396 573 4466 gibus
602 4395 903 4448 arbitrium
924 4395 1129 4448 animae
1157 4392 1406 4447 liberum
1437 4397 1539 4458 est,
1564 4393 1842 4463 bonisque
1870 4390 2108 4461 prtemia

405 4489 464 4538 et
491 4483 660 4537 malis
692 4499 897 4554 pinnae,
926 4481 1053 4536 ﬁxis
1082 4498 1187 4552 per
1217 4483 1412 4536 omnia
1454 4481 1882 4536 necessitatibus
1916 4480 2106 4535 distri-

407 4573 559 4624 butae
590 4575 740 4625 sunt.
775 4572 923 4625 Deus
955 4588 986 4624 a
1017 4587 1132 4642 quo
1160 4574 1398 4624 manant
1425 4586 1605 4640 usque
1652 4570 1722 4623 ad
1763 4585 1867 4623 nos
1915 4568 2108 4622 omnia

406 4659 574 4724 bona,
607 4675 638 4712 a
669 4675 781 4729 quo
812 4665 1146 4713 coercentur
1169 4674 1202 4711 a
1229 4657 1395 4712 nobis
1416 4658 1614 4712 omnia
1643 4657 1809 4711 mala.
1839 4659 1986 4710 Deus
2019 4673 2107 4712 su-

407 4763 508 4816 pra
540 4762 711 4816 quem
742 4747 907 4814 nihil,
941 4753 1101 4801 extra
1131 4763 1303 4818 quem
1326 4744 1490 4812 nihil,
1526 4745 1648 4798 sine
1681 4761 1796 4815 quo
1827 4744 1972 4798 nihil
2002 4749 2101 4799 est.

411 4836 556 4887 Deus
584 4834 689 4888 sub
717 4850 830 4906 quo
861 4839 1048 4890 totum
1075 4841 1178 4903 est,
1202 4835 1391 4906 inquo
1406 4837 1589 4888 totum
1604 4837 1708 4899 est,
1737 4849 1865 4886 cum
1887 4848 1999 4903 quo
2019 4837 2105 4886 to-

407 4928 529 4976 tum
559 4925 660 4976 est.
694 4921 801 4985 Qui
829 4922 1009 4976 fecisti
1037 4922 1328 4977 hominem
1352 4921 1422 4976 ad
1461 4921 1772 4991 imaginem
1813 4924 1868 4974 et
1911 4919 2108 4973 simili-

405 5009 666 5065 tudinem
724 5015 904 5074 tuam,
963 5009 1115 5079 quod
1175 5010 1273 5080 qui
1329 5025 1388 5062 se
1441 5008 1559 5078 ipse
1610 5008 1766 5062 novit
1821 5007 2098 5076 agnoscit.

409 5098 638 5165 Exaudi,
659 5097 885 5159 exaudi,
902 5097 1106 5151 exaudi
1136 5113 1248 5163 me,
1271 5098 1418 5151 Deus
1442 5113 1622 5162 meus,
1653 5095 1894 5150 Domine
1917 5111 2099 5161 meus,

407 5204 503 5242 rex
534 5203 715 5254 meus,
739 5189 904 5256 pater
933 5200 1112 5250 meus,
1147 5201 1315 5239 causa
1342 5200 1490 5251 mea,
1523 5200 1650 5254 spes
1676 5200 1827 5252 mea,
1855 5199 1943 5236 res
1956 5199 2106 5250 H183,

334 5291 336 5294 '
406 5277 584 5330 honor
610 5292 792 5341 meus,
829 5273 1035 5328 domus
1065 5288 1214 5340 mea,
1246 5274 1432 5343 patria
1472 5289 1621 5342 mea,
1648 5273 1801 5327 salus
1830 5289 1978 5342 mea,
2011 5273 2106 5326 lux

410 5380 556 5431 mea,
588 5364 702 5418 vita
725 5378 872 5418 mea.
907 5361 1142 5428 Exaudi,
1177 5361 1400 5431 exaudi,
1433 5361 1639 5417 exaudi
1669 5377 1760 5418 me
1808 5377 1968 5417 more
2008 5360 2105 5416 illo

471 5472 486 5502 ¹
519 5469 725 5526 Septem
754 5471 896 5526 Mss.,
924 5469 1069 5519 unis.

473 5533 540 5586 (α)
572 5531 699 5581 Vide
730 5535 751 5580 t
782 5533 1030 5591 Retract.,
1057 5545 1169 5594 cap.
1195 5532 1241 5590 4,
1274 5542 1327 5579 ιι.
1360 5531 1408 5578 3.

2208 426 2308 478 tuo
2347 424 2543 494 paucis
2572 424 2868 478 notissimo
2883 463 2898 479 .

2355 515 2479 568 Jam
2499 518 2553 567 te
2584 514 2769 567 solum
2795 529 2946 578 amo,
2994 517 3048 566 te
3097 513 3280 566 solum
3337 529 3553 584 sequor,
3607 523 3657 572 te
3686 521 3832 575 solum

2202 617 2418 672 quaaro,
2451 602 2551 656 tibi
2581 601 2684 655 soli
2739 601 2948 655 servire
3004 607 3237 672 paratus
3289 619 3433 668 sum,
3469 605 3598 675 quia
3637 610 3692 660 tu
3721 609 3841 662 solus

2197 688 2345 758 juste
2377 689 2729 754 dominaris;
2781 689 2864 743 tui
2907 690 3055 760 juris
3097 706 3219 743 esse
3262 690 3444 760 cupio.
3487 691 3636 758 Jube,
3665 710 3840 766 quaeso,

2205 783 2374 847 atque
2404 777 2625 848 impera
2652 778 2933 848 quidquid
2959 777 3064 846 vis,
3115 778 3213 832 sed
3263 795 3397 832 sana
3428 783 3483 832 et
3528 781 3670 849 aperi
3713 800 3844 836 aures

2206 880 2379 932 meas,
2409 865 2616 936 quibus
2641 883 2804 920 voces
2834 874 2959 920 tuas
2989 865 3240 919 audiam.
3265 866 3410 920 Sana
3437 871 3490 920 et
3515 869 3662 938 aperi
3691 872 3844 924 oculos

2205 968 2382 1018 meos,
2416 953 2622 1025 quibus
2651 958 2824 1008 nutus
2873 959 2999 1008 tuos
3030 954 3271 1008 videam.
3307 956 3526 1025 Expelle
3552 973 3584 1010 a
3611 973 3692 1011 me
3719 958 3841 1012 iusa-

2204 1041 2382 1110 niam,
2414 1046 2478 1095 ut
2501 1057 2902 1112 recognoscam
2933 1047 3006 1096 te.
3044 1041 3142 1096 Dic
3172 1043 3315 1096 mihi
3349 1059 3460 1113 qua
3489 1045 3767 1111 attendam,
3792 1052 3839 1098 ut

2209 1130 2480 1200 aspiciam
2520 1133 2592 1195 te,
2634 1135 2689 1184 et
2735 1130 2928 1184 omnia
2969 1147 3061 1184 mc
3110 1147 3278 1200 spero
3331 1148 3456 1202 quae
3513 1133 3726 1202 iusseris
3750 1150 3841 1186 esse

2207 1218 2510 1272 facturum.
2541 1219 2770 1288 Recipe,
2801 1235 2919 1287 oro,
2953 1219 3256 1289 fugitivum
3283 1224 3468 1286 tuum,
3501 1221 3841 1286 Domine,cle-

2210 1305 2557 1360 mentissime
2588 1311 2748 1377 pater
2783 1324 2796 1361 :
2823 1307 3060 1378 jamjam
3093 1308 3227 1361 satis
3252 1325 3448 1378 poenas
3477 1309 3843 1375 dederim,satis

2207 1394 2452 1449 inimicis
2494 1395 2628 1464 tuis,
2663 1412 2805 1466 quos
2841 1397 2944 1450 sub
2971 1395 3211 1466 pedibus
3239 1397 3434 1462 habes,
3467 1397 3753 1464 servierim,
3779 1414 3844 1450 sa-

2211 1483 2281 1536 tis
2310 1483 2516 1538 fuerim
2546 1485 2903 1538 fallaciarum
2943 1484 3280 1539 ludibrium.
3314 1485 3514 1555 Accipe
3557 1501 3641 1538 me
3669 1485 3729 1538 ab
3752 1485 3843 1538 istis

2211 1571 2524 1642 fugientem
2551 1573 2829 1626 famulum
2861 1579 3046 1639 tuum,
3078 1573 3213 1644 quia
3238 1578 3296 1628 et
3317 1574 3513 1628 istime
3532 1574 3735 1644 quando
3759 1578 3843 1625 ate

2211 1660 2497 1730 fugiebam
2519 1667 2858 1731 acceperunt
2877 1662 3151 1716 alienum.
3181 1663 3268 1717 Ad
3284 1667 3340 1717 te
3370 1662 3510 1716 mihi
3539 1661 3836 1716 redeundum

2213 1766 2331 1804 esse
2348 1751 2532 1804 sentio
2560 1751 2942 1820 :pateatmihi
2969 1752 3220 1821 pulsanti
3243 1753 3424 1822 janua
3451 1756 3546 1805 tua
3569 1771 3583 1818 ;
3611 1749 3842 1821 quomodo

2214 1839 2281 1892 ad
2312 1843 2366 1893 te
2396 1839 2762 1909 perveniatur
2790 1840 2925 1893 doce
2956 1855 3067 1894 me.
3111 1840 3264 1894 Nihil
3305 1840 3463 1894 aliud
3512 1839 3678 1893 habeo
3715 1853 3843 1908 quam

2213 1926 2562 1980 voluntatem
2585 1942 2598 1994 ;
2629 1926 2774 1981 nihil
2799 1927 2953 1982 aliud
2983 1927 3098 1981 scio
3119 1927 3228 1980 nisi
3259 1928 3416 1981 ﬂuxa
3442 1932 3498 1981 et
3524 1927 3710 1980 caduca
3733 1940 3844 1994 sper-

2213 2016 2402 2069 nenda
2433 2020 2762 2082 esse;certa
2791 2021 2846 2071 et
2893 2021 3106 2070 aeterna
3149 2017 3512 2087 requirenda.
3574 2016 3672 2069 Ho'c
3719 2012 3840 2074 facio,

2215 2105 2401 2170 Pater,
2435 2104 2569 2175 quia
2598 2105 2704 2158 hoc
2725 2105 2909 2158 solum
2941 2105 3072 2158 novi
3099 2125 3114 2171 ;
3145 2106 3244 2160 sed
3265 2106 3419 2159 unde
3449 2105 3518 2158 ad
3543 2108 3594 2157 te
3613 2101 3841 2174 pervenia-

2214 2197 2308 2245 tur
2344 2192 2568 2262 iguoro.
2599 2194 2680 2246 'l‘u
2715 2193 2856 2247 mihi
2883 2209 3148 2263 suggere,
3177 2198 3238 2246 tu
3272 2193 3525 2260 ostende,
3553 2195 3611 2245 tu
3635 2190 3839 2243 viaticum

2215 2280 2423 2350 praebe.
2455 2280 2512 2334 Si
2541 2280 2650 2334 fide
2679 2285 2734 2334 te
2764 2280 3062 2334 inveniunt
3090 2280 3191 2352 qui
3216 2281 3292 2335 ad
3317 2284 3372 2334 te
3404 2279 3690 2351 refugiunt,
3718 2277 3837 2330 ﬁdem

2215 2369 2318 2435 da;
2349 2369 2396 2421 si
2429 2367 2655 2437 virtute,
2686 2368 2990 2434 virtutem;
3018 2369 3065 2422 si
3096 2369 3358 2434 scientia,
3391 2368 3693 2422 scientiam.
3725 2368 3837 2432 Auge

2215 2457 2274 2510 in
2304 2473 2396 2510 me
2427 2457 2619 2520 ﬁdem,
2654 2473 2800 2527 auge
2839 2473 3018 2527 spem,
3050 2472 3194 2525 auge
3223 2456 3579 2511 charitatem.
3623 2455 3661 2509 Ο
3709 2451 3838 2506 admi-

2215 2544 2393 2598 randa
2425 2549 2481 2598 et
2504 2545 2807 2614 singularis
2844 2543 3069 2598 bonitas
3099 2548 3228 2598 tua!

2287 2636 2338 2686 6.
2371 2634 2453 2687 Ad
2486 2638 2539 2686 te
2567 2633 2777 2698 ambio,
2811 2637 2868 2686 et
2896 2632 3103 2704 quibus
3127 2633 3304 2688 rebus
3352 2633 3424 2688 ad
3453 2637 3506 2687 te
3541 2630 3796 2692 ambiatur,
3819 2643 3838 2678 a

2215 2726 2271 2774 te
2291 2737 2521 2774 rursum
2547 2725 2701 2791 peto.
2735 2723 2820 2774 Tu
2844 2720 2999 2774 enim
3028 2720 3072 2773 si
3102 2721 3342 2789 deseris,
3384 2721 3597 2793 peritur
3621 2736 3632 2773 :
3659 2718 3739 2772 sed
3763 2730 3838 2768 non

2216 2808 2448 2877 deseris,
2481 2810 2618 2880 quia
2639 2813 2702 2863 tu
2725 2825 2783 2862 es
2799 2825 3094 2862 summum
3120 2809 3366 2876 bonum,
3400 2809 3544 2877 quod
3570 2823 3716 2862 nemo
3737 2808 3839 2857 recte

2216 2899 2498 2969 quaesivit,
2531 2903 2588 2952 et
2619 2898 2854 2951 minime
2884 2897 3120 2951 invenit.
3143 2898 3348 2952 Omnis
3373 2903 3559 2952 autem
3585 2900 3714 2949 recte
3729 2907 3837 2963 qua-

2217 2987 2363 3052 sivit,
2399 3003 2573 3058 quem
2611 2991 2675 3040 tu
2705 2991 2856 3040 recte
2886 3001 3146 3056 quaarere
3196 2986 3409 3041 fecisti.
3445 2987 3547 3040 Fac
3581 3000 3678 3047 me,
3708 2984 3838 3035 Pater.

2217 3091 2473 3146 quaerere
2516 3081 2590 3142 te,
2623 3075 2846 3129 vindica
2875 3090 2968 3128 me
3006 3074 3076 3128 ab
3108 3090 3339 3142 errore;
3390 3073 3652 3146 quaerenti
3673 3078 3718 3124 te
3740 3068 3838 3122 mihi

2216 3165 2362 3218 nihil
2394 3164 2548 3219 aliud
2581 3180 2686 3234 pro
2717 3169 2769 3218 te
2793 3165 2936 3234 jam,
2982 3179 3198 3233 quaeso,
3259 3166 3442 3218 Pater.
3489 3163 3543 3217 Si
3586 3166 3744 3216 autem
3780 3160 3836 3209 est

2216 3253 2278 3307 in
2303 3270 2392 3307 me
2413 3253 2689 3324 superflui
2718 3253 2957 3323 alicujus
2983 3252 3284 3323 appetitio,
3310 3258 3371 3307 tu
3399 3254 3515 3324 ipse
3545 3267 3627 3307 me
3661 3244 3834 3309 munda,

2217 3347 2274 3396 et
2301 3343 2388 3396 fac
2416 3341 2693 3396 idoneum
2725 3342 2798 3396 ad
2825 3341 3138 3395 videndum
3176 3348 3256 3399 te.
3291 3343 3565 3398 Caeterum
3615 3339 3672 3393 de
3707 3335 3834 3388 salute

2217 3431 2388 3500 hujus
2402 3430 2659 3484 mortalis
2672 3430 2927 3499 corporis
2940 3429 3074 3496 mei,
3095 3431 3379 3501 quamdiu
3398 3430 3578 3485 nescio
3604 3425 3717 3499 quid
3737 3419 3834 3477 mihi

2217 3535 2283 3573 ex
2312 3535 2379 3572 eo
2410 3517 2550 3572 utile
2589 3518 2681 3585 sit,
2713 3519 2803 3572 vel
2853 3517 2934 3571 eis
2991 3535 3134 3589 quos
3163 3519 3367 3589 diligo,
3401 3519 3503 3574 tibi
3554 3515 3679 3570 illud
3722 3523 3834 3564 com-

2216 3608 2404 3673 mitto,
2436 3609 2602 3660 Pater
2630 3606 3042 3677 sapientissime
3089 3611 3264 3679 atque
3317 3609 3546 3679 optime,
3601 3609 3649 3658 et
3676 3617 3756 3673 pro
3791 3611 3834 3648 θο

2216 3695 2367 3766 quod
2398 3695 2469 3748 ad
2499 3700 2723 3765 tempus
2738 3695 3104 3748 admonueris
3127 3696 3480 3767 deprecabor
3510 3711 3521 3749 :
3554 3697 3744 3746 tantum
3764 3698 3830 3736 oro

2218 3782 2749 3836 excellentissimam
2775 3782 3136 3836 clementiam
3167 3787 3352 3852 tuam,
3385 3788 3447 3837 ut
3474 3798 3560 3836 me
3585 3777 3770 3851 penitus
3787 3770 3831 3822 ad

2220 3877 2268 3924 te
2298 3875 2592 3925 convertas
2617 3871 2875 3942 nihilque
2906 3871 3050 3925 mihi
3076 3887 3404 3943 repugnare
3434 3870 3593 3925 facias
3638 3857 3829 3918 tendenti

2219 3959 2285 4014 ad
2318 3964 2390 4025 te,
2419 3959 2736 4030 jubeasque
2763 3975 2856 4013 me
2881 3959 3017 4013 dum
3035 3960 3142 4014 hoc
3162 3960 3356 4030 ipsum
3377 3974 3571 4030 corpus
3595 3969 3687 4024 ago
3711 3955 3831 4017 atque

2216 4053 2405 4118 porto,
2436 4064 2666 4118 purum,
2701 4049 3155 4119 magnanimum,
3181 4049 3428 4119 justum,
3457 4045 3832 4118 prudentemque

2217 4153 2360 4203 esse,
2402 4136 2832 4206 perfectumque
2890 4141 3202 4192 amatorem
3259 4141 3728 4209 perceptoremque
3772 4138 3829 4174 Μ’

2216 4225 2448 4296 pientiaa
2460 4230 2594 4291 tuae,
2610 4229 2665 4278 et
2689 4225 2931 4295 dignum
2943 4226 3319 4294 habitatione,
3345 4232 3514 4298 atque
3527 4221 3830 4278 habitatorem

2183 4313 2188 4318 ’
2214 4316 2528 4371 beatissimi
2557 4315 2721 4386 regni
2752 4315 2854 4370 tui.
2883 4317 3084 4380 Amen,
3118 4332 3315 4370 amen.

2587 4441 2809 4495 CAPUT
2841 4441 2910 4495 II.
2950 4471 3010 4479 -
3040 4441 3185 4506 Quid
3219 4440 3532 4496 amandum.

2283 4551 2338 4601 7.
2395 4547 2468 4601 A.
2530 4548 2666 4601 Ecce
2716 4547 2871 4601 oravi
2946 4547 3148 4602 Deum.
3217 4551 3281 4604 Β.
3332 4545 3477 4611 Quid
3540 4555 3660 4610 ergo
3722 4530 3824 4587 scire

2214 4634 2340 4688 vis?
2385 4636 2456 4691 A.
2513 4637 2642 4688 Haec
2696 4635 2819 4706 ipsa
2874 4635 3068 4689 omnia
3122 4651 3251 4706 quae
3305 4633 3475 4689 oravi.
3533 4634 3591 4685 Β.
3643 4620 3830 4706 Breviter

2217 4739 2283 4777 ea
2333 4723 2557 4794 collige.
2610 4725 2680 4778 Α.
2722 4705 2926 4778 Deum
2982 4727 3038 4777 et
3086 4723 3339 4777 animam
3394 4719 3530 4774 scire
3581 4712 3740 4784 cupio.
3784 4705 3826 4757 It.

2217 4811 2441 4866 Nihilne
2502 4813 2681 4882 plus?
2724 4813 2796 4866 Α.
2857 4811 3008 4866 Nihil
3052 4811 3334 4866 omnimo.
3385 4813 3454 4864 Β.
3513 4808 3642 4876 Ergo
3695 4794 3830 4882 illcll’e

2219 4881 2510 4970 quaerere.
2550 4900 2658 4954 Sed
2711 4900 2870 4970 prius
2922 4900 3138 4971 explica
3193 4898 3476 4971 quomodo
3534 4892 3626 4948 tibi
3673 4887 3710 4940 si
3754 4881 3826 4974 dt-

2215 4993 2564 5042 monslretur
2595 4989 2762 5050 Deus,
2810 4989 2990 5059 possis
3036 4989 3244 5055 dicere,
3293 4989 3390 5042 Sat
3432 4989 3527 5038 est.
3574 4982 3635 5034 Α.
3685 4974 3830 5059 Nescio

2219 5077 2506 5147 quomodo
2533 5075 2677 5130 mihi
2709 5055 3089 5131 demonstrari
3119 5076 3343 5144 debeat,
3372 5078 3433 5128 ut
3461 5063 3736 5131 dicam,Sat
3756 5055 3827 5151 est:

2214 5181 2333 5220 non
2365 5166 2520 5219 enim
2545 5164 2712 5219 credo
2741 5181 2833 5220 me
2863 5165 3003 5220 scire
3054 5164 3273 5236 aliquid
3302 5164 3397 5229 sic,
3447 5151 3701 5231 quomodo
3729 5153 3829 5198 ξων

2219 5255 2398 5308 Deum
2429 5254 2708 5310 desidero.
2737 5257 2804 5310 Β.
2839 5253 2986 5319 Quid
3015 5270 3152 5326 ergo
3192 5250 3458 5324 agimus?
3486 5248 3662 5300 Nonne
3685 5242 3828 5326 censes

2215 5343 2377 5412 prius
2400 5343 2505 5397 tibi
2536 5359 2656 5397 esse
2685 5343 3000 5409 sciendum,
3035 5325 3319 5414 quomodo
3348 5339 3449 5394 tibi
3470 5325 3825 5414 Deumscil‘fsf‘

2216 5431 2288 5485 tis
2321 5431 2409 5498 sit,
2455 5448 2566 5503 quo
2596 5448 2726 5486 cum
2753 5431 3080 5502 perveneris
3107 5447 3221 5486 non
3253 5428 3490 5500 amplius
3538 5409 3756 5507 quem?
3776 5403 3824 5458 Α⁹

2218 5520 2430 5574 Censeo
2463 5519 2731 5592 quidem;
2767 5521 2863 5576 sed
2883 5537 2996 5592 quo
3027 5526 3188 5592 pacto
3221 5518 3341 5573 ﬁeri
3373 5512 3540 5587 possit
3565 5521 3664 5562 non
3688 5495 3824 5552 video,
