3996 6170
140 260 250 311 873

140 378 293 443 Quid
345 376 497 432 enim
549 378 665 430 Deo
706 376 891 431 simile
938 394 1189 449 unquam
1242 378 1516 447 intellexi,
1545 386 1607 435 ut
1630 381 1845 452 possim

139 468 356 533 dicere,
397 467 698 532 Quomodo
736 467 845 520 hoc
896 467 1176 539 intelligo,
1231 468 1310 523 sic
1352 471 1477 524 volo
1528 470 1845 540 intelligere

142 558 367 611 Deum?
396 559 462 611 Β.
497 554 604 620 Qui
636 556 889 609 nondum
925 558 1101 610 Deum
1134 557 1307 623 nosti,
1339 558 1492 612 unde
1528 558 1675 612 nosti
1702 558 1844 612 nihil

137 650 198 699 te
234 662 400 700 nosse
451 646 565 699 Deo
598 643 821 698 simile?
865 646 937 699 A.
990 644 1135 709 Quia
1162 645 1209 698 si
1250 645 1466 716 aliquid
1514 648 1628 700 Deo
1660 646 1845 701 simile

138 733 368 795 scirem,
395 733 516 786 sine
537 732 710 786 dubio
738 732 791 786 id
817 748 1066 786 amarem
1087 754 1101 800 ;
1122 750 1273 787 nunc
1301 739 1492 789 autem
1517 735 1659 788 nihil
1690 735 1843 788 aliud

134 838 277 876 amo
309 836 482 892 quam
512 822 692 875 Deum
724 826 778 875 et
809 822 1083 889 animam,
1116 838 1363 892 quorum
1394 828 1664 877 neutrum
1694 822 1835 877 seio.

132 912 206 965 Β.
265 911 389 964 Non
419 908 598 979 igitur
625 925 783 963 amas
814 909 1028 963 amicos
1072 910 1239 964 tuos?
1272 911 1344 965 Α.
1393 911 1514 975 Quo
1560 915 1724 981 pacto
1752 927 1845 964 eos

132 1015 398 1070 possum,
443 1013 641 1051 amans
690 988 962 1065 animam,
1011 1014 1128 1052 non
1164 1001 1397 1053 amare?
1434 1002 1496 1054 R.
1537 1001 1651 1054 Hoc
1677 1000 1844 1054 modo

133 1103 281 1157 ergo
304 1090 359 1140 et
378 1085 595 1156 pulices
616 1088 672 1138 et
690 1084 920 1139 cimices
940 1087 1136 1139 amas?
1158 1087 1227 1141 Α.
1251 1086 1515 1141 Animam
1538 1103 1629 1141 me
1651 1103 1843 1141 amare

132 1176 276 1237 dixi,
312 1191 428 1229 non
469 1173 759 1228 animalia.
802 1177 863 1230 R.
911 1177 1024 1228 Aut
1058 1175 1316 1230 homines
1350 1191 1466 1245 non
1506 1180 1638 1230 sunt
1679 1176 1846 1230 amici

132 1264 249 1329 tui,
284 1268 382 1316 aut
409 1279 506 1317 eos
536 1278 651 1317 non
679 1278 864 1316 amas:
898 1263 1081 1317 omnis
1112 1263 1265 1317 enim
1293 1265 1464 1318 homo
1498 1268 1584 1318 est
1610 1265 1844 1333 animal,

132 1357 196 1405 et
222 1351 489 1405 animalia
506 1355 559 1405 te
590 1367 707 1404 non
732 1367 925 1405 amare
958 1351 1165 1405 dixisti.
1198 1352 1266 1405 A.
1302 1353 1365 1405 Et
1396 1350 1658 1405 homines
1687 1355 1843 1419 sunt,

132 1446 195 1495 et
228 1458 327 1494 eos
364 1456 516 1505 amo,
550 1456 666 1493 non
707 1455 773 1493 eo
804 1440 961 1511 quod
1001 1439 1290 1506 animalia,
1325 1440 1422 1494 sed
1460 1456 1525 1494 eo
1556 1439 1711 1509 quod
1740 1439 1842 1492 ho-

132 1529 327 1583 mines
351 1533 510 1593 sunt;
544 1527 599 1581 id
642 1532 746 1595 est,
780 1544 845 1580 ex
880 1542 945 1581 eo
976 1527 1129 1597 quod
1156 1526 1459 1580 rationales
1490 1526 1707 1581 animas
1736 1526 1843 1580 ha—

131 1618 300 1682 bent,
333 1632 475 1689 quas
501 1631 630 1669 amo
661 1616 833 1669 etiam
868 1615 929 1668 in
960 1614 1303 1671 latronibus.
1344 1615 1494 1668 Licet
1519 1614 1675 1669 enim
1705 1614 1845 1668 mihi

132 1706 197 1759 in
231 1705 435 1777 quovis
460 1720 653 1759 amare
674 1705 977 1771 rationem,
1002 1720 1132 1757 cum
1150 1704 1313 1757 illum
1330 1704 1461 1774 jure
1492 1703 1713 1757 oderim
1746 1702 1846 1775 qui

132 1795 292 1850 male
336 1794 517 1849 utitur
563 1810 628 1848 eo
678 1794 831 1865 quod
876 1809 1026 1847 amo.
1075 1795 1271 1864 Itaque
1312 1797 1470 1847 tanto
1503 1792 1688 1863 magis
1715 1809 1845 1847 amo

133 1883 357 1937 amicos
386 1898 563 1949 meos,
596 1885 810 1953 quanto
856 1881 1038 1951 magis
1074 1881 1220 1936 bene
1252 1884 1491 1936 utuntur
1533 1882 1724 1935 anima
1752 1898 1843 1936 ra-

132 1972 362 2034 tionali,
395 1972 485 2026 vel
512 1976 662 2026 certe
690 1975 970 2041 quantum
999 1970 1321 2025 desiderant
1351 1986 1416 2024 ea
1443 1970 1587 2026 bene
1616 1970 1718 2025 uti.

571 2060 793 2113 CAPUT
815 2060 910 2113 III.
939 2090 1008 2098 —
1034 2060 1275 2127 Cognitio
1301 2062 1418 2113 Dei.

213 2152 268 2204 8.
322 2151 388 2204 R.
430 2147 657 2218 Accipio
703 2147 891 2201 istud:
955 2147 1051 2201 sed
1099 2152 1292 2202 tamen
1341 2148 1389 2201 si
1436 2148 1564 2219 quis
1604 2147 1707 2202 tibi
1758 2147 1841 2202 di-

132 2242 318 2305 ceret,
380 2237 602 2291 Faciam
661 2242 716 2291 te
758 2236 837 2291 sic
878 2238 1057 2291 Deum
1103 2252 1290 2304 nosse,
1354 2238 1641 2307 quomodo
1696 2236 1846 2291 nosti

133 2327 446 2398 Alypium;
504 2341 695 2379 nonne
751 2326 961 2396 gratias
1029 2341 1245 2395 ageres,
1300 2330 1354 2379 et
1410 2325 1646 2392 diceres,
1700 2325 1847 2380 Satis

136 2415 362 2469 est?A.
404 2416 651 2484 Agerem
699 2413 933 2484 quidem
978 2413 1211 2483 gratias,
1262 2413 1358 2467 sed
1404 2412 1536 2466 satis
1577 2429 1697 2467 esse
1728 2428 1846 2466 non

135 2503 411 2557 dicerem.
465 2505 528 2558 Β.
565 2503 695 2566 Cur,
726 2500 956 2572 quasso?
1002 2502 1075 2555 Α.
1111 2500 1254 2565 Quia
1284 2502 1464 2555 Deum
1506 2518 1577 2555 ne
1606 2502 1685 2555 sic
1715 2498 1846 2572 qui-

135 2591 279 2645 dem
309 2590 441 2645 novi
481 2589 771 2660 quomodo
806 2588 1096 2659 Alypium,
1128 2593 1184 2643 et
1213 2592 1403 2643 tamen
1434 2589 1703 2660 Alypium
1732 2605 1847 2642 non

138 2679 287 2733 satis
326 2678 477 2732 novi.
528 2681 591 2734 R.
643 2677 781 2732 Vide
837 2692 970 2747 ergo
1027 2693 1099 2731 ne
1149 2676 1517 2747 impudenter
1560 2676 1698 2731 velis
1756 2693 1846 2730 sa-

133 2768 217 2823 tis
251 2769 433 2822 Deum
461 2783 645 2833 nosse,
682 2767 780 2837 qui
808 2758 1075 2837 Alypium
1107 2782 1222 2819 non
1252 2765 1388 2819 satis
1418 2766 1579 2819 nosti.
1617 2766 1688 2820 A.
1723 2766 1847 2819 Non

135 2856 423 2928 sequitur.
448 2857 590 2911 Nam
616 2855 676 2909 in
702 2855 1129 2926 comparatione
1158 2854 1427 2920 siderum,
1450 2854 1589 2924 quid
1617 2860 1700 2907 est
1721 2870 1847 2907 mea

135 2961 309 3001 cana
340 2944 547 2999 vilius?
577 2949 632 2999 et
658 2950 850 2999 tamen
881 2961 1004 2998 eras
1030 2944 1167 3014 quid
1198 2944 1305 2996 sim
1334 2947 1656 2996 cmuaturus
1683 2941 1847 3012 igno-

134 3051 244 3101 ro;
270 3050 385 3105 quo
412 3038 606 3088 autem
638 3032 799 3103 signo
830 3033 967 3085 luna
995 3032 1191 3085 futura
1220 3030 1310 3096 sit,
1345 3046 1459 3083 non
1486 3029 1849 3100 impudenter

137 3139 240 3177 me
282 3122 423 3177 scire
465 3121 761 3192 profiteor.
800 3122 866 3175 Β.
910 3121 1055 3189 Ergo
1097 3119 1184 3172 vel
1221 3119 1301 3171 ita
1334 3119 1513 3171 Deum
1552 3133 1715 3171 nosse
1744 3116 1849 3170 tibi

143 3212 286 3267 satis
332 3216 435 3281 est,
466 3214 531 3264 ut
572 3210 723 3265 nosti
772 3225 887 3280 quo
937 3225 1059 3263 cras
1089 3207 1254 3278 signo
1298 3207 1436 3261 luna
1468 3221 1703 3260 cursura
1736 3204 1849 3260 sit?

143 3303 222 3356 Λ.
261 3300 388 3353 Non
421 3304 504 3353 est
535 3299 669 3352 satis
696 3315 709 3353 :
743 3313 877 3351 nam
905 3297 1012 3351 hoc
1044 3296 1303 3350 sensibus
1332 3295 1605 3365 approbo.
1637 3295 1848 3364 Ignoro

146 3394 347 3444 autem
372 3393 567 3443 utrum
590 3388 674 3441 vel
702 3388 847 3440 Deus
876 3386 959 3439 vel
982 3385 1172 3456 aliqua
1202 3390 1423 3439 natura:
1446 3383 1662 3437 occulta
1682 3399 1852 3436 causa

147 3477 343 3532 subito
375 3478 527 3531 lunae
563 3475 821 3530 ordinem
861 3490 1205 3544 cursumque
1236 3476 1585 3527 commutet:
1619 3472 1774 3543 quod
1804 3471 1851 3525 si

148 3565 445 3631 acciderit,
486 3569 666 3619 totum
712 3564 851 3619 illud
896 3563 1048 3634 quod
1090 3577 1595 3633 prsesumpseram,
1644 3561 1849 3615 falsum

152 3655 286 3710 erit.
322 3657 387 3709 Β.
430 3654 495 3707 Et
518 3652 698 3707 credis
734 3652 842 3706 hoc
880 3650 1006 3705 ﬁeri
1034 3650 1241 3722 posse?
1266 3651 1339 3705 Α.
1370 3651 1495 3705 Non
1524 3648 1713 3703 credo.
1744 3649 1852 3703 Sed

150 3761 263 3815 ego
289 3742 426 3814 quid
441 3740 614 3796 sciam
636 3757 854 3812 quaero,
881 3757 997 3794 non
1016 3739 1151 3811 quid
1174 3739 1421 3794 credam.
1455 3740 1635 3794 Omne
1661 3742 1851 3793 autem

153 3832 315 3904 quod
357 3831 586 3897 scimus,
634 3833 784 3884 recte
826 3829 1065 3883 fortasse
1103 3828 1277 3883 etiam
1315 3828 1544 3882 credere
1572 3827 1852 3895 dicimur;

152 3926 215 3975 at
243 3936 359 3975 non
387 3934 557 3973 omne
596 3919 751 3990 quod
788 3917 1092 3984 credimus,
1124 3916 1298 3971 etiam
1327 3916 1488 3971 scire.
1517 3920 1581 3971 R.
1613 3916 1853 3986 Respuis

151 4010 336 4081 igitur
364 4008 423 4062 in
454 4009 561 4062 hac
590 4024 759 4062 causa
788 4023 959 4061 omne
988 4006 1382 4062 testimonium
1412 4004 1728 4060 sensuum?
1766 4007 1846 4060 A.

154 4101 393 4155 Prorsus
406 4112 635 4169 respuo.
650 4099 713 4153 R.
738 4096 885 4161 Quid
899 4098 929 4150 ?
944 4095 1107 4149 illum
1134 4095 1477 4149 familiarem
1496 4098 1661 4149 tuum
1682 4110 1856 4164 quem

151 4194 211 4245 te
242 4188 427 4243 adhuc
470 4186 734 4258 ignorare
776 4184 991 4254 dixisti,
1041 4200 1209 4238 sensu
1246 4183 1328 4236 vis
1359 4199 1545 4249 nosse,
1584 4198 1655 4237 an
1684 4182 1856 4236 intel-

154 4277 347 4333 lectu?
383 4277 455 4332 Α.
504 4276 679 4331 Sensu
727 4274 959 4345 quidem
1008 4273 1160 4344 quod
1201 4272 1261 4325 in
1297 4288 1365 4326 eo
1406 4271 1555 4339 novi,
1590 4271 1636 4324 si
1664 4275 1857 4324 tamen

153 4382 329 4423 sensu
367 4364 585 4436 aliquid
626 4364 897 4428 noscitur,
932 4365 986 4415 et
1012 4362 1122 4415 vile
1153 4364 1256 4424 est,
1293 4364 1350 4414 et
1379 4358 1513 4413 satis
1543 4363 1662 4415 est.
1700 4359 1859 4412 illam

153 4471 295 4512 vero
335 4457 557 4527 partem
594 4468 707 4523 qua
746 4451 889 4506 mihi
932 4450 1147 4504 amicus
1186 4454 1291 4516 est,
1319 4448 1378 4502 id
1407 4452 1492 4502 est
1513 4448 1703 4518 ipsum
1734 4446 1858 4501 ani-

156 4562 345 4611 mum,
406 4543 699 4597 intellectu
755 4540 980 4610 assequi
1025 4538 1215 4608 cupio.
1267 4543 1331 4592 Β.
1380 4538 1647 4611 Potestne
1696 4536 1861 4589 aliter

155 4634 362 4690 nosci?
389 4634 459 4687 A.
494 4631 661 4686 Nullo
693 4629 884 4683 modo.
912 4631 978 4683 Η.
1010 4627 1269 4682 Amicum
1296 4626 1475 4696 igitur
1498 4610 1659 4680 tuum
1683 4630 1739 4679 et
1764 4641 1863 4678 ve-

156 4725 469 4779 hementer
495 4718 836 4774 familiarem
865 4716 1037 4770 audes
1066 4715 1169 4769 tibi
1200 4714 1384 4769 dicere
1416 4730 1536 4767 esse
1562 4714 1864 4784 ignotum?

158 4814 233 4868 Α.
268 4808 480 4875 Quidni
500 4808 779 4862 audeam?
797 4806 960 4859 Illam
991 4804 1144 4857 enim
1176 4804 1361 4873 legem
1385 4802 1650 4856 amicitiae
1666 4802 1864 4871 justis-

157 4901 371 4955 simam
419 4912 541 4952 esse
587 4895 851 4960 arbitror,
898 4910 1013 4964 qua
1058 4891 1447 4963 praescribitur
1488 4895 1550 4945 ut
1579 4890 1721 4943 sicut
1749 4905 1865 4943 non

156 4988 379 5054 minus,
410 4985 489 5038 ita
524 5000 630 5038 nec
660 4983 788 5053 plus
819 4981 1060 5052 quisque
1104 4979 1351 5034 amicum
1397 4994 1571 5049 quam
1615 4977 1866 5046 seipsum

155 5077 381 5146 diligat.
412 5076 608 5144 Itaque
636 5088 766 5126 cum
796 5070 1202 5141 memetipsum
1229 5068 1514 5137 ignorem,
1542 5082 1655 5137 qua
1680 5070 1871 5136 potest

158 5184 191 5221 a
222 5181 318 5219 me
342 5156 502 5217 affici
531 5159 892 5225 contumelia,
937 5175 1109 5229 quem
1150 5157 1295 5211 mihi
1323 5172 1443 5210 esse
1473 5155 1668 5210 dixero
1700 5155 1868 5225 igno-

158 5261 312 5321 tum,
346 5268 479 5307 cum
508 5249 853 5321 prmsertim,
876 5252 939 5301 ut
962 5247 1154 5313 credo,
1187 5262 1259 5299 ne
1280 5244 1400 5315 ipse
1422 5244 1654 5315 quidem
1686 5259 1742 5297 se
1766 5259 1869 5297 no-

158 5342 353 5399 verit?
384 5343 449 5395 R.
479 5339 537 5394 Si
570 5354 705 5410 ergo
728 5337 833 5392 ista
854 5352 981 5408 qute
1013 5334 1153 5389 scire
1178 5333 1284 5402 vis,
1315 5348 1378 5386 ex
1409 5348 1475 5386 eo
1504 5336 1635 5385 sunt
1662 5346 1870 5402 genere

162 5447 298 5504 quae
328 5429 653 5484 intellectus
686 5425 1027 5497 assequitur,
1068 5439 1196 5478 cum
1227 5421 1475 5476 dicerem
1504 5420 1870 5491 impudenter

162 5527 220 5575 te
250 5518 398 5574 velle
444 5519 628 5573 Deum
672 5515 838 5585 scire,
869 5530 999 5568 cum
1038 5510 1307 5584 Alypium
1345 5509 1581 5579 nescias,
1623 5524 1743 5565 non
1773 5508 1869 5563 de-

488 5604 766 5668 PATROL.
818 5600 1064 5666 XXXII.

1640 259 1850 315 LIBER
1893 259 2177 315 PRIMUS.

3551 273 3655 325 874

1956 381 2129 435 buisti
2186 382 2328 436 mihi
2382 399 2600 437 coenam
2658 386 2814 438 tuam
2863 388 2917 439 et
2974 386 3170 442 lunam
3232 392 3485 458 proferre
3551 410 3655 464 pro

1953 470 2149 538 simili,
2183 472 2229 524 si
2252 473 2391 534 haec,
2426 476 2488 525 ut
2517 473 2725 539 dixisti,
2753 475 2821 527 ad
2850 492 3078 530 sensum
3104 479 3413 547 pertinent.

2275 561 2499 614 CAPUT
2540 563 2626 615 IV.
2660 592 2727 601 —
2759 564 2924 617 Certa
2950 568 3175 619 scientia
3205 583 3337 636 qua}.

2024 649 2074 700 9.
2120 647 2223 701 Sed
2273 648 2410 717 quid
2455 648 2524 702 ad
2563 648 2706 702 nos?
2754 651 2912 705 Nune
2962 652 3105 707 illud
3151 656 3466 725 responde:
3504 657 3551 710 si
3590 675 3655 712 ea

1951 749 2080 804 qua:
2112 734 2179 788 de
2214 736 2328 788 Deo
2361 735 2627 790 dixerunt
2656 738 2813 792 Plato
2848 745 2903 793 et
2935 740 3195 795 Plotinus
3225 759 3357 797 vera
3378 750 3529 815 sunt,
3560 764 3655 800 sa-
3696 738 3715 800 (

1950 823 2097 875 tisne
2125 822 2229 876 tibi
2262 828 2345 876 est
2373 824 2451 877 ita
2483 826 2664 879 Deum
2696 827 2855 894 scire,
2885 834 2951 882 ut
2976 828 3061 882 illi
3102 830 3395 885 sciebant?
3421 835 3492 887 A.
3529 835 3653 888 Non

1952 909 2245 976 continuo,
2278 911 2323 963 si
2355 927 2420 965 ea
2450 929 2576 982 quin
2609 913 2895 979 dixerunt,
2931 933 3066 970 vera
3099 923 3251 981 sunt,
3285 920 3454 974 etiam
3488 924 3653 977 scisse

1952 998 2076 1051 illos
2107 1014 2173 1081 ea
2214 1015 2440 1053 necesse
2476 1005 2576 1053 est.
2620 1002 2763 1056 Nam
2811 1004 2979 1058 multi
3032 1006 3258 1077 copiose
3302 1008 3498 1063 dicunt
3528 1027 3653 1081 quae

1953 1073 2232 1154 nesciunt,
2264 1092 2326 1141 ut
2355 1104 2459 1158 ego
2490 1089 2611 1159 ipse
2643 1092 2835 1144 omnia
2869 1110 3001 1162 quae
3032 1095 3207 1161 oravi,
3244 1113 3333 1150 me
3365 1098 3482 1151 dixi
3512 1073 3653 1151 seire

1953 1190 2179 1245 cupere,
2208 1176 2364 1246 quod
2394 1193 2511 1229 non
2543 1193 2808 1247 cuperem
2836 1180 2879 1231 si
2907 1181 3028 1249 jam
3055 1183 3253 1236 scirem
3280 1201 3292 1237 :
3318 1201 3457 1238 num
3480 1186 3654 1257 igitur

1953 1278 2018 1316 eo
2049 1264 2238 1317 minus
2276 1263 2374 1317 illa
2401 1265 2585 1318 dicere
2612 1266 2811 1335 potui?
2844 1268 2968 1321 Dixi
3000 1270 3153 1323 enim
3183 1261 3300 1324 non
3331 1290 3458 1342 quas
3484 1275 3650 1328 intel—

1952 1351 2099 1404 lectu
2147 1354 2573 1422 comprehendi,
2639 1355 2736 1408 sed
2799 1372 2927 1425 quas
2978 1359 3379 1429 undecumque
3422 1363 3654 1417 collecta

1950 1440 2244 1494 memoria:
2274 1440 2558 1505 mandavi,
2593 1446 2647 1495 et
2681 1441 2890 1512 quibus
2931 1448 3352 1501 accommodavi
3382 1455 3653 1519 quantam

1952 1530 2115 1599 potui
2156 1529 2328 1583 ﬁdem
2362 1547 2374 1584 :
2416 1529 2557 1583 scire
2605 1536 2799 1584 autem
2846 1532 2999 1585 aliud
3042 1538 3143 1587 est.
3182 1536 3243 1589 Η.
3292 1535 3405 1602 Dic,
3439 1554 3651 1606 quwso,

1952 1615 2131 1670 scisne
2166 1617 2367 1670 saltem
2398 1617 2457 1671 in
2496 1618 2840 1689 geometrica
2868 1619 3167 1689 disciplina
3198 1621 3333 1691 quid
3367 1622 3439 1676 sit
3467 1623 3655 1678 linea?

1952 1707 2024 1760 Α.
2057 1708 2209 1761 Istud
2238 1708 2408 1776 plane
2440 1709 2575 1763 scio.
2599 1712 2663 1764 Β.
2692 1710 2803 1763 Nec
2835 1709 2896 1763 in
2926 1709 3035 1762 ista
3065 1711 3413 1780 professione
3444 1714 3655 1766 vereris

1952 1793 2353 1849 Academicos?
2374 1798 2445 1850 A.
2482 1798 2607 1850 Non
2631 1797 2886 1850 omnino.
2917 1798 3003 1850 Illi
3034 1798 3185 1851 enim
3218 1800 3535 1868 sapientem
3566 1817 3657 1853 er-

1953 1900 2079 1938 rare
2120 1885 2465 1950 noluerunt;
2505 1900 2610 1954 ego
2652 1890 2837 1938 autem
2878 1885 3103 1955 sapiens
3134 1902 3248 1939 non
3280 1903 3425 1941 sum.
3460 1890 3654 1960 Itaque

1954 1973 2137 2027 adhuc
2166 1989 2283 2027 non
2314 1988 2515 2027 vereor
2546 1990 2744 2027 earum
2771 1990 2965 2027 rerum
2996 1990 3137 2045 quas
3170 1975 3323 2040 novi,
3357 1976 3654 2031 scientiam

1953 2062 2225 2131 profiteri.
2257 2062 2417 2125 Quod
2445 2061 2512 2128 si,
2547 2068 2609 2116 ut
2629 2061 2818 2133 cupio,
2849 2079 3164 2132 pervenero
3196 2063 3266 2117 ad
3292 2064 3651 2135 sapientiam,

1954 2150 2157 2205 faciam
2202 2150 2358 2221 quod
2408 2151 2506 2203 illa
2538 2150 2850 2204 monuerit.
2882 2153 2947 2205 Β.
2990 2151 3143 2204 Nihil
3184 2168 3400 2207 renuo:
3434 2154 3552 2219 sed,
3597 2160 3657 2209 ut

1955 2256 2211 2310 quaerere
2258 2255 2563 2309 cmperam,
2616 2238 2694 2292 ita
2735 2242 2799 2291 ut
2838 2238 3050 2291 lineam
3100 2238 3270 2305 nosti,
3305 2241 3453 2293 nosti
3484 2242 3653 2296 etiam

1955 2328 2130 2398 pilam
2159 2344 2329 2398 quam
2369 2327 2654 2397 spbmram
2698 2325 3039 2379 nominant?
3076 2327 3150 2381 Λ.
3196 2328 3355 2381 Novi.
3389 2332 3451 2383 Β.
3481 2331 3656 2401 rEque

1956 2420 2265 2487 utrumque
2303 2416 2475 2481 nosti,
2517 2432 2590 2469 an
2625 2414 2778 2469 aliud
2816 2414 2926 2469 alio
2966 2414 3151 2485 magis
3190 2422 3287 2469 aut
3318 2417 3554 2471 minus?
3580 2420 3652 2473 A.

1956 2508 2133 2576 .r’Eque
2160 2521 2408 2575 prorsus.
2450 2504 2592 2558 Nam
2625 2503 2684 2557 in
2720 2507 2963 2574 utroque
3001 2503 3147 2557 nihil
3185 2504 3366 2559 fallor.
3405 2508 3470 2561 Il.
3511 2505 3656 2569 Quid

1957 2593 2096 2659 haec,
2153 2592 2483 2647 sensibusne
2526 2591 2851 2662 percepisti,
2911 2608 2981 2644 an
3038 2590 3367 2645 intellectu?
3413 2594 3485 2646 A.
3538 2593 3657 2645 Imo

1958 2699 2156 2735 sensus
2205 2682 2265 2735 in
2312 2682 2419 2734 hoc
2466 2680 2699 2749 negotio
2747 2678 2911 2750 quasi
2958 2678 3150 2732 navim
3195 2695 3321 2731 sum
3372 2683 3656 2749 expertus.

1960 2771 2101 2823 Nam
2143 2785 2273 2823 cum
2305 2768 2415 2839 ipsi
2444 2784 2537 2822 me
2568 2768 2639 2821 ad
2666 2768 2851 2820 locum
2884 2783 2997 2837 quo
3041 2765 3343 2819 tendebam
3381 2783 3658 2836 pervexe-

1958 2858 2095 2922 rint,
2117 2857 2216 2910 ubi
2239 2873 2333 2910 eos
2356 2856 2567 2922 dimisi,
2592 2856 2781 2925 etjam
2813 2854 3046 2908 velutin
3075 2854 3194 2907 solo
3226 2854 3479 2924 positusi
3514 2855 3659 2924 coepi

1957 2944 2305 3017 cogitatione
2334 2943 2442 2997 ista
2470 2944 2718 3009 volvere,
2750 2943 2843 2996 diu
2877 2941 3020 2996 mihi
3048 2941 3286 3012 vestigia
3316 2942 3654 2999 titubarunt.

1958 3035 2141 3098 Quare
2186 3032 2351 3087 citius
2397 3030 2540 3085 mihi
2586 3030 2810 3085 videtur
2852 3030 2912 3085 in
2964 3034 3116 3085 terra
3160 3046 3324 3100 posse
3375 3028 3654 3100 navigari,

1958 3139 2130 3193 quam
2156 3120 2559 3193 geometricam
2602 3119 2858 3173 sensibus
2897 3118 3137 3189 percipi,
3180 3118 3441 3189 quamvis
3472 3118 3660 3188 primo

1959 3210 2239 3265 discentes
2278 3209 2639 3279 aliquantum
2685 3208 2951 3277 adjuvare
2998 3207 3330 3261 videantur.
3384 3209 3448 3262 R.
3515 3209 3660 3278 Ergo

1957 3297 2196 3351 istarum
2226 3313 2418 3351 rerum
2449 3295 2829 3366 disciplinam,
2864 3296 2912 3349 si
2938 3312 3049 3367 qua
3080 3295 3181 3349 tibi
3208 3299 3313 3361 est,
3350 3312 3459 3349 non
3496 3296 3661 3349 dubi-

1958 3391 2043 3441 tas
2084 3385 2272 3441 vocari
2311 3384 2647 3439 scientiam?
2690 3385 2762 3439 Α.
2814 3385 2957 3451 Νοη,
3003 3384 3049 3437 si
3090 3383 3262 3438 Stoici
3310 3383 3518 3447 sinaut,
3562 3384 3663 3455 qui

1960 3474 2256 3530 scientiam
2286 3474 2548 3528 tribuunt
2577 3472 2739 3539 nulli,
2784 3473 2893 3525 nisi
2934 3471 3196 3543 sapienti.
3232 3472 3659 3536 Perceptionem

1959 3580 2094 3617 sane
2125 3563 2362 3617 istorum
2393 3578 2483 3615 me
2514 3561 2724 3615 habere
2755 3577 2871 3614 non
2902 3576 3070 3630 nego,
3103 3575 3276 3630 quam
3314 3559 3486 3613 etiam
3516 3561 3655 3613 stul-

1959 3652 2099 3707 titiae
2129 3650 2479 3705 concedunt:
2511 3649 2609 3703 sed
2640 3664 2744 3702 nec
2774 3648 2909 3702 istos
2951 3647 3267 3718 quidquam
3299 3646 3657 3717 pertimesco.

1964 3742 2198 3794 Prorsus
2232 3739 2353 3792 huic
2388 3752 2517 3808 qua:
2546 3734 2912 3807 interrogasti
2965 3732 3201 3787 scientia
3235 3738 3401 3788 teneo
3432 3751 3443 3788 :
3485 3749 3664 3805 perge

1963 3828 2165 3895 modo;
2193 3827 2417 3881 videam
2455 3841 2729 3897 quorsum
2760 3824 2867 3878 ista
2896 3822 3125 3895 quieris.
3168 3825 3231 3878 R.
3278 3825 3357 3878 Ne
3397 3838 3658 3893 propera.

1964 3917 2129 3972 otiosi
2160 3932 2375 3970 sumus.
2409 3916 2663 3969 Intentus
2684 3917 2911 3968 tantum
2944 3912 3149 3983 accipe,
3187 3928 3258 3966 ne
3284 3912 3420 3983 quid
3448 3916 3663 3966 temere

1964 4005 2255 4059 concedas.
2290 4004 2640 4059 Gaudentem
2672 4006 2727 4057 te
2759 4001 2959 4055 studeo
2982 4001 3219 4055 reddere
3240 4001 3308 4055 de
3338 4001 3507 4055 rebus
3537 4000 3667 4070 qui-

1963 4094 2069 4149 bus
2098 4094 2321 4149 nullum
2350 4108 2542 4147 casum
2584 4090 2972 4162 pertimescas,
3006 4094 3063 4143 et
3091 4089 3254 4160 quasi
3284 4105 3522 4159 parvum
3557 4104 3665 4142 nc—

1967 4181 2190 4254 gotium
2222 4182 2312 4246 sit,
2344 4180 2703 4251 praecipitare
2747 4179 2953 4249 jubes‘?
2999 4178 3068 4232 A.
3117 4178 3201 4230 Ita
3224 4178 3373 4230 Deus
3410 4176 3567 4239 faxit,
3602 4180 3668 4228 ut

1966 4270 2123 4324 dicis.
2148 4271 2345 4338 Itaque
2370 4268 2603 4321 arbitrio
2628 4271 2725 4319 tuo
2745 4270 2969 4337 rogato,
3000 4269 3056 4319 et
3081 4265 3383 4335 objurgato
3416 4262 3663 4333 gravius,

1968 4355 2013 4409 si
2044 4355 2359 4426 quidquam
2389 4355 2499 4408 tale
2528 4354 2781 4425 posthac.

2043 4446 2126 4497 10.
2183 4445 2250 4497 Β.
2291 4444 2434 4513 Ergo
2492 4444 2702 4497 lineam
2750 4443 2811 4496 in
2857 4442 2996 4497 duas
3043 4441 3223 4495 lineas
3273 4454 3376 4509 per
3428 4438 3666 4509 longum

1970 4531 2171 4600 scindi,
2198 4531 2565 4585 manifestum
2596 4530 2700 4585 tibi
2732 4535 2816 4585 est
2843 4530 3003 4585 nullo
3026 4528 3196 4581 modo
3224 4526 3429 4598 posse?
3456 4528 3525 4581 A.
3554 4528 3668 4581 Ma-

1970 4621 2258 4676 nifestum.
2302 4623 2366 4676 R.
2418 4620 2587 4689 Quid,
2637 4618 3040 4674 transversim?
3076 4620 3149 4671 A.
3194 4616 3362 4682 Quid,
3398 4616 3509 4670 nisi
3538 4616 3667 4670 inli-

1971 4708 2089 4764 nite
2122 4708 2299 4763 secari
2331 4709 2535 4779 posse?
2562 4711 2628 4763 R.
2665 4707 2830 4771 Quid,
2863 4707 3147 4777 sphaeram
3174 4720 3240 4759 ex
3272 4721 3385 4759 una
3419 4705 3673 4776 qualibet

1972 4804 2133 4871 parte
2165 4816 2198 4852 a
2227 4798 2438 4865 medio,
2468 4814 2541 4851 ne
2571 4796 2712 4849 duos
2738 4795 2970 4865 quidem
3000 4809 3164 4864 pares
3193 4792 3431 4848 circulos
3460 4794 3670 4848 habere

1975 4905 2137 4959 posse
2159 4888 2373 4959 pariter
2393 4884 2662 4940 lucet?A.
2679 4884 2898 4938 Pariter
2916 4881 3171 4937 omnino.
3194 4885 3257 4939 Η.
3282 4883 3426 4946 Quid
3449 4882 3599 4937 linea
3619 4886 3674 4935 et

1976 4977 2234 5047 sphaera?
2267 4990 2523 5029 unumne
2563 4972 2780 5043 aliquid
2810 4971 2915 5025 tibi
2940 4971 3208 5025 videntur
3239 4988 3378 5035 esse,
3406 4988 3477 5024 an
3509 4969 3675 5040 quid-

1977 5082 2150 5136 quam
2180 5064 2329 5118 inter
2356 5081 2412 5117 se
2444 5063 2754 5117 differunt?
2788 5061 2860 5115 A.
2903 5060 3038 5124 Quis
3074 5076 3189 5114 non
3225 5059 3415 5114 videat
3450 5058 3673 5112 differre

1975 5153 2335 5225 plurimum?
2363 5155 2428 5207 R.
2455 5153 2527 5204 At
2551 5150 2597 5203 si
2628 5166 2791 5220 {eque
2823 5149 2959 5202 illud
2985 5153 3153 5220 atque
3174 5150 3279 5203 hoc
3309 5148 3477 5212 nosti,
3511 5149 3566 5199 et
3596 5149 3673 5198 ta-

1980 5258 2114 5295 men
2139 5241 2288 5294 inter
2314 5256 2393 5305 se,
2425 5243 2491 5292 ut
2519 5237 2733 5307 fateris,
2763 5237 3079 5309 plurimum
3112 5237 3399 5304 differunt,
3427 5238 3511 5288 est
3540 5249 3674 5303 ergo

1980 5328 2368 5385 differentium
2386 5344 2579 5381 rerum
2602 5326 2837 5381 scientia
2859 5326 3225 5381 indifferens?
3254 5324 3325 5378 Α.
3356 5322 3490 5386 Quis
3521 5320 3675 5375 enim

1981 5416 2250 5488 negavit?
2291 5418 2354 5471 1t.
2398 5417 2481 5470 Tu
2526 5416 2697 5487 paulo
2751 5420 2897 5469 ante.
2953 5416 3093 5469 Nam
3139 5428 3268 5466 cum
3306 5414 3360 5465 te
3390 5426 3675 5482 rogassem

2043 5518 2057 5549 ι
2083 5514 2167 5564 Sic
2195 5512 2324 5562 Edd.
2352 5513 2419 5563 At
2442 5512 2581 5573 Mss,
2615 5515 2669 5563 in
2696 5511 2814 5562 salo
2836 5510 3056 5574 positus.

2980 5591 3002 5669 (
3022 5583 3446 5673 Vz'ngt-lmz'l.)
