4062 6188
470 278 574 330 875

468 399 757 470 quomodo
797 396 937 450 velis
985 397 1163 450 Deum
1208 411 1394 458 nosse,
1447 397 1509 448 ut
1555 393 1739 464 possis
1781 391 1988 460 dicere,
2022 391 2164 445 Satis

468 493 578 553 est;
629 485 972 557 respondisti
1023 489 1076 538 te
1123 485 1247 538 ideo
1295 482 1533 552 nequire
1565 483 1669 536 hoc
1701 481 2000 552 explicare,
2033 479 2170 551 quia

468 576 611 630 nihil
644 576 882 629 haberes
912 578 1268 643 perceptum,
1301 571 1565 626 similiter
1597 575 1765 640 atque
1800 571 1979 623 Deum
2008 569 2168 638 cupis

467 665 783 736 percipere,
831 662 976 716 nihil
1007 661 1162 715 enim
1211 665 1265 714 te
1297 659 1436 712 scire
1475 661 1589 712 Deo
1628 658 1831 712 simile.
1861 658 2006 722 Quid
2034 673 2169 726 ergo

471 756 660 807 nunc?
691 752 839 805 linea
859 749 945 802 vel
979 749 1202 818 sphmra
1234 746 1447 800 similes
1479 749 1646 800 sunt?
1678 748 1750 800 A.
1783 745 1916 810 Quis
1946 747 2050 798 hoc
2084 745 2170 799 di-

470 842 736 896 xerit?R.
771 838 880 892 Sed
917 853 1023 907 ego
1064 835 1464 907 quaesiveram,
1519 851 1631 888 non
1663 834 1800 904 quid
1836 834 1946 887 tale
1977 833 2168 896 scires,

470 930 564 983 sed
597 928 732 999 quid
778 925 948 980 scires
981 926 1080 994 sic,
1112 924 1400 996 quomodo
1451 926 1630 977 Deum
1670 923 1811 976 scire
1859 921 2166 976 desideras.

468 1018 558 1072 Sic
578 1017 733 1070 enim
760 1015 908 1069 nosti
946 1015 1159 1068 lineam
1190 1018 1250 1067 ut
1285 1013 1434 1066 nosti
1466 1014 1773 1082 sphaeram,
1804 1027 1934 1065 cum
1965 1027 2024 1063 se
2053 1026 2169 1064 non

468 1106 548 1160 sic
586 1105 794 1159 habeat
823 1103 973 1156 linea
1008 1107 1070 1156 ut
1099 1118 1155 1155 se
1185 1101 1358 1155 habet
1394 1101 1638 1170 sphaera.
1671 1099 2054 1163 Quamobran
2082 1115 2169 1152 re-

468 1194 684 1265 sponde
726 1196 919 1245 utrum
949 1190 1053 1244 tibi
1086 1189 1220 1243 satis
1251 1189 1324 1242 sit
1355 1189 1433 1241 sic
1467 1191 1646 1242 Deum
1676 1204 1862 1253 nosse,
1898 1191 1959 1240 ut
1991 1186 2169 1256 pilam

469 1284 624 1336 illam
655 1279 1058 1353 geometricam
1086 1278 1264 1346 nosti;
1288 1277 1396 1333 hoc
1424 1282 1530 1347 est,
1553 1277 1633 1332 ita
1662 1277 1732 1332 de
1764 1278 1879 1331 Deo
1910 1275 2077 1342 nihil,
2106 1281 2169 1330 ut

469 1373 540 1426 de
572 1371 688 1436 illa,
722 1369 1002 1424 dubitare.

541 1459 765 1513 CAPUT
807 1459 868 1511 ν.
896 1487 966 1495 -
998 1456 1353 1510 Dissimilium
1384 1453 1567 1507 eadem
1595 1457 1689 1507 aut
1714 1469 1822 1522 par
1850 1455 2098 1506 scientia.

549 1550 630 1600 ll.
661 1546 731 1599 A.
773 1547 976 1608 Quaeso
1016 1548 1090 1612 te,
1127 1542 1384 1613 quamvis
1430 1543 1798 1596 vehementer
1840 1557 2046 1611 urgeas
2089 1545 2169 1594 at-

473 1651 582 1704 que
613 1633 934 1695 convincas,
963 1649 1077 1686 non
1110 1632 1292 1686 audeo
1333 1636 1526 1686 tamen
1557 1631 1741 1685 dicere
1781 1631 1859 1684 ita
1897 1647 1988 1684 me
2030 1630 2172 1684 velle

474 1725 652 1775 Deum
700 1721 861 1782 scire,
895 1725 957 1772 ut
1000 1720 1118 1773 hinc
1170 1720 1301 1774 scio.
1354 1721 1475 1773 Non
1508 1720 1690 1772 solum
1739 1719 1894 1772 enim
1934 1735 2040 1784 res,
2075 1718 2172 1772 sed

473 1811 596 1881 ipsa
617 1809 783 1863 etiam
809 1809 1043 1862 scientia
1059 1809 1231 1862 mihis
1252 1809 1476 1862 videtur
1497 1825 1616 1862 esse
1635 1807 1941 1862 dissimilis.
1961 1807 2168 1873 Primo,

472 1898 609 1969 quia
638 1913 740 1950 nec
771 1897 921 1950 linea
957 1901 1012 1950 et
1041 1896 1153 1966 pila
1176 1900 1398 1949 tantum
1424 1896 1571 1949 inter
1601 1912 1658 1950 se
1685 1895 1977 1963 differunt,
2002 1899 2067 1948 ut
2095 1899 2175 1948 ta-

473 2002 605 2040 men
624 2002 821 2040 eorum
848 1984 1234 2055 cognitionem
1254 2001 1370 2038 una
1402 1984 1702 2055 disciplina
1721 2001 1837 2038 non
1858 1983 2170 2038 contineat:

473 2076 664 2129 nullus
703 2079 898 2128 autem
952 2077 1268 2143 geometres
1320 2075 1500 2127 Deum
1547 2089 1604 2127 se
1643 2073 1845 2128 docere
1888 2071 2174 2143 professus

473 2167 576 2216 est.
613 2163 844 2227 Deinde,
881 2161 926 2214 si
958 2161 1059 2214 Dei
1091 2164 1145 2214 et
1184 2161 1422 2214 istarum
1455 2175 1650 2212 rerum
1689 2158 1925 2212 scientia
1949 2175 2054 2228 par
2086 2176 2172 2213 es-

474 2256 577 2317 set,
615 2255 840 2304 tantum
883 2249 1192 2319 gauderem
1225 2248 1376 2319 quod
1415 2247 1522 2301 ista
1563 2246 1717 2315 novi,
1761 2251 2043 2317 quantum
2082 2264 2172 2302 me

477 2341 590 2392 Deo
641 2337 868 2407 cognito
913 2336 1242 2407 gavisurum
1274 2351 1393 2388 esse
1423 2350 1729 2404 praesumo.
1779 2335 1938 2388 Nunc
1983 2340 2170 2388 autem

473 2427 825 2495 permultum
859 2424 980 2478 haec
1010 2424 1070 2477 in
1105 2423 1256 2477 illius
1294 2422 1719 2492 comparatione
1754 2427 2076 2490 contemno,
2114 2427 2175 2477 ut

478 2528 894 2583 nonnunquam
937 2512 1193 2566 videatur
1232 2510 1376 2564 mihi
1419 2510 1466 2563 si
1506 2510 1669 2564 illum
1717 2509 2074 2580 intellexero,
2117 2516 2176 2565 et

475 2602 645 2656 modo
680 2601 778 2654 illo
815 2617 927 2672 quo
954 2599 1132 2654 videri
1151 2603 1335 2670 potest
1353 2598 1568 2660 videro,
1593 2600 1715 2653 haec
1737 2599 1931 2653 omnia
1961 2601 2029 2654 de
2048 2617 2176 2654 mea

479 2690 674 2744 notitia
696 2706 815 2742 esse
838 2688 1121 2759 peritura;
1154 2686 1436 2758 siquidem
1466 2703 1618 2740 nunc
1643 2703 1763 2757 prae
1796 2687 1948 2740 illius
1980 2704 2174 2742 amore

468 2780 589 2849 jam
622 2778 710 2831 vix
747 2777 889 2831 mihi
920 2778 1159 2831 veniunt
1197 2775 1258 2829 in
1297 2780 1569 2830 mentem.
1602 2779 1665 2830 Β.
1701 2777 1827 2830 Esto
1866 2777 1994 2846 plus
2025 2781 2079 2829 te
2112 2793 2176 2830 ac

476 2869 653 2921 multo
684 2867 811 2938 plus
843 2882 1015 2937 quam
1049 2865 1118 2919 de
1145 2864 1266 2917 istis
1299 2865 1414 2917 Deo
1441 2865 1670 2934 cognito
1706 2863 2060 2934 gavisurum,
2095 2882 2178 2918 re-

472 2972 603 3009 rum
636 2960 825 3009 tamen
852 2971 965 3008 non
1000 2953 1324 3006 intellectus
1357 2952 1820 3006 dissimilitudine
1847 2969 1858 3006 :
1886 2953 2006 3030 nisi.
2025 2953 2173 3007 forte

472 3044 581 3096 alio
601 3044 724 3096 visu
747 3049 979 3104 terram,
1006 3042 1113 3094 alio
1136 3056 1401 3094 serenum
1425 3042 1634 3095 coelum
1656 3040 1920 3108 intueris,
1946 3058 2078 3096 cum
2098 3045 2177 3095 ta-

473 3149 604 3186 men
627 3132 806 3185 multo
836 3132 964 3200 plus
994 3130 1148 3184 illius
1173 3146 1344 3200 quam
1373 3131 1542 3201 hujus
1563 3137 1823 3200 aspectus
1847 3136 1900 3184 te
1920 3132 2173 3202 permul-

471 3227 612 3274 ceat.
660 3219 819 3273 Oculi
851 3223 1042 3273 autem
1071 3217 1116 3270 si
1149 3234 1266 3271 non
1294 3219 1591 3286 falluntur,
1624 3219 1791 3274 credo
1833 3224 1886 3273 te
1926 3219 2174 3273 interro-

472 3313 665 3378 gatum
717 3311 908 3360 utrum
951 3306 1055 3360 tibi
1099 3309 1218 3360 tam
1265 3311 1485 3360 certum
1538 3306 1611 3360 sit
1659 3311 1869 3360 terram
1895 3312 1949 3361 te
1982 3307 2174 3360 videre

472 3414 644 3468 quam
693 3397 918 3463 coelum,
969 3401 1086 3450 tam
1119 3395 1223 3448 tibi
1273 3401 1490 3449 certum
1542 3411 1662 3448 esse
1710 3397 2054 3465 respondere
2083 3396 2175 3450 de-

471 3487 623 3552 bere,
659 3486 917 3556 quamvis
958 3501 1074 3538 non
1115 3489 1231 3538 tam
1272 3489 1439 3538 terrm
1480 3501 1650 3555 quam
1700 3485 1826 3539 caeli
1861 3485 2174 3555 pulchritu-

469 3576 599 3630 dine
641 3581 809 3646 atque
852 3574 1152 3646 splendore
1197 3573 1428 3628 lmteris.
1474 3576 1546 3628 Α.
1589 3574 1772 3628 Movet
1814 3590 1924 3641 me,
1971 3573 2170 3641 fateor,

465 3666 587 3718 haec
622 3665 958 3729 similitudo,
1002 3663 1363 3732 adducorque
1393 3667 1456 3716 ut
1489 3663 1765 3717 assentiar
1803 3667 2080 3734 quantum
2113 3664 2172 3717 in

469 3769 569 3804 suo
603 3768 810 3822 genere
841 3769 872 3805 a
899 3751 1038 3804 caelo
1069 3757 1301 3817 terram,
1331 3754 1555 3803 tantum
1588 3751 1657 3804 ab
1689 3751 2036 3822 intelligibili
2071 3752 2172 3806 Dei

469 3840 760 3908 majestate
802 3837 1154 3908 spectamina
1183 3838 1281 3890 illa
1313 3837 1746 3907 disciplinarum
1772 3855 1907 3893 vera
1937 3844 1992 3894 et
2020 3844 2172 3894 certa

469 3927 500 3979 d
511 3927 718 3979 ill‘errc.

466 4016 690 4069 CAPUT
733 4014 818 4066 Vl.
853 4042 922 4052 -—
954 4014 1150 4067 Sensus
1181 4014 1374 4066 animaD
1402 4014 1458 4066 in
1494 4013 1690 4081 quibus
1717 4016 1953 4084 percipit
1982 4019 2167 4072 Deum.

540 4107 622 4158 1‘2.
661 4106 723 4158 R.
755 4103 900 4156 Bene
933 4101 1198 4156 moveris.
1232 4101 1515 4155 Promittit
1541 4101 1696 4155 enim
1728 4105 1874 4157 ratio
1926 4121 2053 4175 quae
2086 4111 2168 4160 te-

465 4210 594 4247 cum
616 4191 886 4262 loquitur,
910 4190 986 4244 ita
1009 4206 1066 4242 se
1085 4191 1606 4244 demonstraturam
1633 4190 1810 4244 Deum
1833 4195 1944 4245 tua:
1968 4194 2166 4260 menti,

468 4287 528 4336 ut
558 4282 736 4336 oculis
758 4280 840 4334 sol
859 4280 1303 4333 demonstratur.
1340 4279 1478 4332 Nam
1507 4279 1716 4332 mentis
1745 4281 1904 4350 quasi
1928 4281 2016 4334 sui
2037 4287 2170 4336 sunt

463 4373 610 4425 oculi
645 4387 844 4424 sensus
889 4369 1164 4433 animai};
1211 4367 1648 4436 disciplinarum
1691 4374 1882 4423 autem
1922 4387 2165 4442 quaeque

463 4459 774 4514 certissima
802 4457 937 4512 talia
960 4460 1114 4522 sunt,
1138 4455 1334 4527 qualia
1359 4457 1457 4510 illa
1491 4474 1619 4528 qua:
1641 4458 1758 4512 sole
1786 4459 2161 4526 illustrantur,

461 4554 524 4602 ut
552 4549 728 4601 videri
779 4546 1016 4616 possint,
1048 4544 1226 4599 veluti
1258 4549 1409 4598 terra
1454 4551 1538 4598 est
1585 4551 1754 4616 atque
1785 4552 2011 4602 terrena
2040 4565 2162 4602 om-

462 4637 582 4688 nia:
621 4637 765 4689 Deus
793 4640 984 4688 autem
1010 4638 1094 4688 est
1119 4634 1241 4704 ipse
1271 4633 1370 4704 qui
1401 4632 1672 4689 illustrat.
1713 4636 1826 4704 Ego
1852 4641 2041 4690 autem
2075 4653 2160 4690 ra-

462 4724 541 4776 tio
574 4723 653 4775 ita
678 4739 803 4776 sum
829 4722 888 4776 in
912 4722 1217 4788 mentibus,
1248 4726 1308 4775 ut
1331 4721 1388 4776 in
1419 4721 1600 4775 oculis
1631 4727 1713 4775 est
1733 4729 2010 4794 aspectus.
2040 4727 2160 4780 Non

459 4810 613 4863 enim
660 4809 765 4863 hoc
799 4815 886 4863 est
916 4810 1128 4863 habere
1161 4810 1353 4864 oculos
1396 4809 1548 4880 quod
1579 4810 1856 4881 aspicere;
1894 4818 1991 4867 aut
2022 4815 2159 4869 item

459 4899 564 4951 lioc
585 4902 670 4951 est
694 4897 943 4967 aspicere
978 4897 1131 4968 quod
1162 4898 1374 4952 videre.
1412 4899 1554 4967 Ergo
1583 4898 1792 4952 animai
1823 4899 2006 4954 tribus
2035 4902 2160 4972 qui-

461 4987 696 5040 busdam
746 4985 914 5039 rebus
957 5003 1100 5056 opus
1129 4991 1212 5040 est
1245 4991 1307 5040 ut
1335 4987 1526 5040 oculos
1565 4987 1771 5041 haheat
1801 4987 2008 5058 quibus
2034 4990 2154 5058 jam

455 5076 600 5130 bene
622 5075 704 5128 uti
734 5075 931 5145 possit,
960 5081 1022 5128 ut
1042 5075 1298 5144 aspiciat,
1325 5080 1386 5130 ut
1414 5076 1620 5131 videat.
1653 5076 1811 5131 Oculi
1843 5076 1964 5130 sani
1996 5095 2154 5133 mens

454 5168 578 5218 est’
607 5164 679 5217 ab
711 5162 870 5217 omni
898 5162 1025 5216 labe
1057 5164 1308 5233 corporis
1339 5181 1502 5234 pura,
1544 5164 1599 5219 id
1629 5171 1732 5232 est,
1763 5182 1797 5220 a
1825 5166 2150 5237 cupiditati-

451 5255 556 5308 bus
577 5269 770 5307 rerum
788 5251 1249 5320 mortaliumjam
1273 5258 1492 5307 remota
1507 5258 1677 5320 atque
1702 5261 1970 5325 purgata:
1997 5257 2150 5327 quod

516 5345 530 5376 ι
557 5343 676 5390 Lov.
696 5356 706 5389 :
727 5343 862 5389 Nam
883 5341 1255 5402 mentesquasi
1268 5341 1349 5388 sui
1368 5343 1490 5402 sunt
1510 5343 1910 5392 sensusanimis.
1931 5343 2013 5392 Sic
2031 5344 2147 5394 alia:

451 5417 660 5474 quoque
687 5403 964 5461 editiones,
993 5401 1092 5449 nisi
1109 5401 1249 5463 quod
1269 5402 1391 5450 Bad.
1418 5401 1592 5462 habet,
1611 5408 1810 5464 animi;
1831 5406 1945 5455 Am.
1971 5407 2145 5474 etEr.,

450 5468 771 5576 “warm.
794 5527 1045 5590 plerique.
1070 5526 1134 5576 At
1153 5525 1311 5574 Edd.:
1339 5526 1534 5578 Oculus
1561 5531 1753 5579 animae
1783 5542 1930 5582 mens
1948 5532 2044 5582 est.

1668 269 2132 336 SOLILOQUIOB
2142 268 2244 324 UM
2283 267 2340 324 S.
2383 221 2741 325 AUGUSTIN
2747 270 2768 324 Ι
3079 255 3084 260 ’
3825 279 3898 332 8’76

2281 390 2334 445 ei
2362 391 2504 446 nihil
2535 391 2690 446 aliud
2721 394 2954 462 praestat
2988 407 3159 462 quam
3201 391 3336 446 ﬁdes
3371 391 3574 462 primo.
3614 393 3755 458 Quod
3788 398 3900 452 enim

2281 481 2466 534 adhuc
2494 481 2547 534 ei
2581 479 2957 535 demonstrari
2999 497 3116 534 non
3150 485 3336 551 potest
3364 480 3514 534 vitiis
3541 480 3820 553 inquinata:
3845 491 3902 539 at-

2279 585 2390 640 que
2417 569 2738 640 aegrotanti,
2784 569 2919 640 quia
2963 568 3155 624 videre
3207 569 3406 640 nequit
3455 569 3558 624 nisi
3595 587 3738 638 sana,
3758 573 3797 626 si
3823 591 3900 628 non

2280 659 2473 712 credat
2513 659 2676 712 aliter
2716 675 2774 712 se
2817 675 2931 712 non
2966 674 3086 711 esse
3119 658 3389 728 visuram,
3439 675 3549 712 non
3593 659 3680 713 dat
3723 677 3900 730 operam

2281 763 2397 799 suae
2429 747 2679 800 sanitati.
2725 746 2831 800 Sed
2858 746 3014 816 quid,
3049 745 3098 799 si
3127 746 3318 800 credat
3366 746 3592 816 quidem
3629 747 3702 802 ita
3738 767 3789 804 se
3818 767 3899 804 rem

2280 834 2488 888 habere
2509 839 2572 889 ut
2590 834 2815 894 dicitur,
2847 839 3018 906 atque
3049 835 3126 888 ita
3149 850 3230 900 se,
3263 834 3308 888 si
3339 834 3528 889 videre
3549 836 3792 904 potuerit,
3818 855 3900 892 esse

2282 923 2550 989 visuram,
2585 924 2773 977 sanari
2798 940 2856 976 se
2895 929 3086 976 tamen
3135 938 3301 992 posse
3344 923 3630 993 desperet;
3675 940 3837 978 nonne
3863 944 3900 979 se

2280 1027 2512 1082 prorsus
2544 1011 2735 1081 abjicit
2765 1016 2937 1082 atque
2959 1011 3296 1073 contemnit,
3325 1028 3428 1065 nec
3449 1012 3728 1082 praeceptis
3748 1015 3898 1067 medici

2281 1100 2672 1171 obtemperat?
2719 1101 2787 1154 Λ.
2825 1099 3068 1155 Omnino
3114 1100 3194 1154 ita
3221 1103 3324 1166 est,
3372 1101 3678 1171 prmsertim
3719 1102 3830 1172 quia
3857 1120 3898 1156 ea

2280 1195 2567 1259 praecepta
2595 1206 2820 1243 necesse
2841 1194 2926 1243 est
2953 1193 3017 1244 ut
3042 1189 3279 1244 morbus
3310 1188 3454 1242 dura
3475 1191 3684 1243 sentiat.
3715 1192 3768 1244 Η.
3798 1191 3897 1260 Ergo

2282 1278 2415 1332 ﬁdei
2446 1295 2574 1348 spes
2610 1279 2930 1348 adjicienda
2966 1282 3068 1333 est.
3100 1279 3172 1333 Α.
3220 1280 3304 1332 Ita
3337 1279 3520 1334 credo.
3552 1281 3612 1333 Β.
3643 1279 3787 1344 Quid,
3813 1281 3845 1332 si
3864 1288 3897 1333 et

2281 1368 2472 1422 credat
2502 1367 2581 1422 ita
2608 1385 2667 1422 se
2696 1368 2906 1422 habere
2942 1367 3154 1433 omnia,
3191 1372 3248 1422 et
3279 1383 3337 1421 se
3364 1373 3550 1437 speret
3575 1384 3720 1438 posse
3742 1371 3895 1432 sanari,

2278 1455 2462 1524 ipsam
2493 1460 2683 1510 tamen
2713 1472 2843 1527 quae
2883 1455 3235 1527 promittitur
3275 1457 3460 1509 lucem
3506 1472 3617 1510 non
3653 1462 3794 1518 amet,
3822 1474 3895 1510 non

2281 1544 2579 1609 desideret,
2628 1546 2858 1616 suisque
2910 1544 3181 1613 tenebris,
3231 1561 3362 1616 qua:
3401 1545 3522 1615 jam
3567 1547 3895 1600 consuetudine

2275 1632 2546 1701 jucunda:
2576 1638 2725 1699 sunt,
2759 1649 2816 1686 se
2847 1633 3156 1687 arbitretur
3185 1632 3394 1686 debere
3427 1631 3648 1686 interim
3677 1649 3779 1686 esse
3801 1648 3894 1684 con-

2281 1726 2532 1787 tentam;
2564 1737 2756 1776 nonne
2789 1721 3076 1775 medicum
3116 1720 3281 1774 illum
3322 1720 3684 1774 nihilominus
3708 1720 3895 1790 respuit?

2283 1813 2354 1866 Α.
2389 1812 2628 1864 Prorsus
2665 1810 2745 1864 ita
2779 1815 2880 1864 est.
2915 1813 2976 1864 Β.
3023 1811 3168 1880 Ergo
3198 1809 3369 1863 tertia
3398 1809 3633 1863 charitas
3661 1809 3894 1863 necessaria

2284 1905 2384 1954 est.
2417 1899 2489 1954 A.
2527 1899 2674 1953 Nihil
2706 1898 2940 1952 omnino
2972 1903 3086 1952 tam
3115 1898 3523 1952 necessarium.
3553 1901 3612 1953 Β.
3636 1897 3747 1952 Sine
3767 1897 3891 1951 tribus

2282 1988 2406 2041 istis
2433 1987 2605 2058 igitur
2634 1987 2826 2041 anima
2846 1987 3002 2040 nulla
3032 1991 3290 2055 sanatur,
3314 1992 3381 2041 ut
3408 1986 3583 2058 possit
3603 1987 3757 2040 Deum
3777 2001 3889 2039 suum

2285 2076 2497 2144 videre,
2533 2075 2590 2130 id
2615 2081 2698 2130 est
2726 2076 3077 2146 intelligere.

2357 2169 2440 2220 13.
2478 2165 2619 2218 Cum
2650 2181 2785 2235 ergo
2830 2181 2995 2219 sanos
3040 2163 3311 2219 habuerit
3357 2165 3566 2232 oculos,
3601 2163 3720 2236 quid
3745 2165 3888 2217 restat?

2281 2254 2354 2308 A.
2391 2255 2458 2307 Ut
2508 2252 2761 2323 aspiciat.
2803 2256 2866 2308 Β.
2924 2255 3200 2324 Aspectus
3246 2253 3480 2322 animus,
3529 2253 3660 2308 ratio
3702 2252 3883 2306 estzsed

2284 2341 2420 2412 quia
2448 2358 2565 2396 non
2587 2341 2843 2412 sequitur
2861 2345 2924 2396 ut
2945 2342 3132 2396 omnis
3160 2342 3261 2413 qui
3295 2341 3494 2412 aspicit
3519 2341 3690 2396 videat
3706 2343 3883 2410 aspectus

2285 2437 2467 2486 rectus
2515 2435 2685 2502 atque
2727 2433 3028 2502 perfectus,
3082 2431 3140 2485 id
3175 2436 3262 2486 est
3308 2447 3479 2502 quem
3512 2430 3641 2484 visio
3685 2429 3882 2499 sequitur.

2281 2517 2462 2571 virtus
2490 2522 2752 2586 vocatur;
2779 2522 2861 2572 est
2903 2518 3058 2572 enim
3094 2517 3275 2573 virtus
3312 2520 3399 2573 vel
3440 2522 3585 2572 recta
3611 2518 3686 2571 vel
3712 2515 3881 2586 perfecti

2285 2605 2448 2660 ratio.
2484 2605 2590 2660 Sed
2620 2611 2677 2659 et
2709 2606 2828 2676 ipse
2863 2610 3120 2676 aspectus
3151 2606 3416 2676 quamvis
3438 2607 3557 2676 jam
3592 2621 3734 2658 sanos
3758 2601 3883 2656 oculos

2285 2700 2614 2748 convertere
2651 2695 2708 2748 in
2749 2695 2935 2748 lucem
2965 2710 3082 2748 non
3115 2699 3326 2764 potest,
3356 2695 3464 2749 nisi
3491 2695 3594 2750 tria
3620 2694 3705 2747 illa
3727 2706 3882 2762 perma-

2286 2789 2459 2837 neant
2484 2801 2496 2838 :
2537 2783 2697 2849 ﬁdes,
2731 2800 2843 2855 qua
2872 2783 3064 2837 credat
3091 2783 3169 2837 ita
3209 2799 3273 2836 se
3305 2799 3425 2838 rem
3454 2784 3670 2850 habere,
3696 2781 3750 2835 ad
3773 2793 3882 2849 quam

2286 2872 2700 2926 convertendus
2732 2876 2992 2943 aspectus
3023 2875 3124 2936 est,
3152 2876 3216 2926 ut
3237 2872 3365 2927 visa
3395 2872 3884 2934 faciatbeatum;spes

2287 2975 2400 3030 qua
2443 2977 2573 3014 cum
2601 2960 2746 3014 bene
2777 2961 3080 3032 aspexerit,
3115 2977 3174 3015 se
3203 2961 3468 3016 visurum
3498 2977 3609 3015 esse
3639 2959 3882 3030 praesumat,

2286 3049 2549 3114 charitas,
2586 3065 2699 3120 qua
2727 3048 2917 3104 videre
2952 3049 3294 3121 perfruique
3327 3051 3617 3104 desideret.
3649 3047 3750 3102 lam
3777 3057 3880 3110 aspe-

2286 3143 2442 3191 ctum
2489 3137 2747 3208 sequitur
2783 3137 2908 3207 ipsa
2940 3137 3079 3191 visio
3114 3137 3234 3202 Dei,
3279 3139 3380 3210 qui
3417 3143 3500 3192 est
3527 3137 3645 3191 ﬁnis
3670 3139 3877 3204 aspectus;

2286 3243 2403 3280 non
2429 3228 2581 3298 quod
2611 3227 2732 3296 jam
2761 3243 2879 3280 non
2911 3227 3002 3293 sit,
3040 3226 3136 3280 sed
3165 3229 3322 3298 quod
3343 3228 3484 3282 nihil
3513 3225 3724 3297 amplius
3745 3220 3877 3274 habeat

2287 3332 2399 3386 quo
2431 3333 2488 3369 se
2516 3315 2811 3370 intendat:
2846 3320 2904 3370 et
2936 3315 3056 3370 huic
3088 3318 3172 3369 est
3214 3333 3349 3372 vere
3379 3315 3612 3388 perfecta
3634 3313 3789 3370 virtus,
3822 3322 3874 3358 ra-

2286 3405 2364 3457 tio
2393 3404 2728 3474 perveniens
2761 3404 2829 3458 ad
2862 3404 3036 3458 linem
3069 3421 3263 3472 suum,
3302 3421 3475 3476 quam
3511 3404 3660 3458 beata
3683 3399 3772 3452 vita
3791 3409 3873 3448 con-

2284 3492 2560 3562 sequitur.
2593 3493 2720 3563 lpsa
2757 3497 2948 3546 autem
2977 3491 3136 3556 visio,
3185 3493 3506 3547 intellectus
3535 3496 3613 3545 est
3641 3489 3720 3542 ille
3751 3482 3819 3554 qui
3839 3481 3871 3531 in

2285 3581 2475 3634 anima
2503 3585 2607 3647 est,
2641 3580 2740 3652 qui
2781 3581 3080 3635 conﬁcitur
3108 3597 3176 3634 ex
3219 3581 3566 3652 intelligente
3607 3582 3656 3632 et
3691 3591 3743 3629 eo
3776 3567 3870 3640 quod

2283 3669 2658 3739 intelligitur:
2687 3675 2753 3724 ut
2779 3669 2839 3723 in
2869 3669 3046 3723 oculis
3086 3669 3282 3724 videre
3313 3669 3467 3742 quod
3494 3667 3694 3728 dicitur,
3719 3679 3766 3716 ex
3793 3660 3869 3727 ips0

2283 3775 2449 3812 sensu
2480 3762 2702 3812 constat
2731 3763 2900 3830 atque
2925 3758 3198 3826 sensibili,
3235 3774 3480 3831 quorum
3510 3757 3727 3812 detracto
3749 3744 3867 3820 quoli-

2281 3847 2397 3915 bet,
2428 3847 2609 3904 videri
2639 3847 2782 3901 nihil
2810 3852 3013 3919 potest.

2397 3947 2620 4002 CAPUT
2647 3946 2770 4002 VII.
2807 3975 2875 3986 -—
2905 3946 3084 4014 Fides,
3115 3960 3262 4014 spes,
3293 3945 3529 4000 charitas
3556 3956 3648 4011 quo
3672 3948 3798 4004 145W

2960 4037 3300 4090 necessaria.

2355 4124 2444 4180 14.
2483 4124 2626 4193 Ergo
2669 4139 2799 4178 cum
2829 4123 3035 4178 anisz
3083 4124 3269 4177 Deum
3306 4122 3514 4189 videre,
3542 4120 3636 4173 hoc
3663 4117 3730 4168 est
3749 4110 3862 4197 Deutn

2278 4211 2596 4282 intelligere
2634 4212 2954 4282 contigerit,
3007 4211 3302 4267 videamus
3347 4216 3535 4266 utrum
3558 4206 3715 4260 adhuc
3737 4197 3776 4250 ei
3798 4200 3863 4245 tm

2277 4299 2372 4354 illa
2400 4299 2514 4354 sint
2552 4301 2890 4356 necessaria.
2937 4301 3095 4356 Fides
3136 4317 3315 4372 quare
3353 4301 3424 4354 sit
3462 4289 3750 4354 necessaria,
3780 4293 3860 4335 cum

2271 4389 2392 4458 jam
2441 4389 2662 4444 videat?
2703 4390 2841 4460 Spes
2889 4389 3289 4460 nihilominus,
3314 4391 3446 4461 quia
3477 4389 3586 4458 jam
3611 4383 3749 4437 tenet.
3773 4372 3861 4426 Cha-

2273 4477 2432 4532 ritati
2457 4495 2589 4532 vero
2631 4495 2747 4533 non
2786 4479 2972 4533 solum
3018 4479 3164 4533 nihil
3210 4478 3552 4541 detrahetur,
3587 4471 3670 4526 sed
3695 4463 3860 4521 addatur
3950 4541 3951 4551 χ

2274 4565 2447 4620 etiam
2480 4566 2820 4635 plurimum.
2852 4568 2993 4621 Nam
3023 4571 3079 4621 et
3104 4567 3264 4622 illam
3291 4565 3620 4636 singularem
3639 4558 3858 4642 verauiql"3

2270 4654 2756 4723 pulchritudinem
2784 4672 2915 4709 cum
2952 4655 3178 4723 viderit,
3221 4657 3349 4726 plus
3377 4652 3600 4715 amabit;
3632 4651 3679 4700 et
3701 4638 3782 4696 nisi
3804 4638 3857 4687 in-

2271 4743 2430 4812 genti
2463 4760 2657 4798 amore
2689 4745 2922 4798 oculum
2957 4743 3225 4811 inﬁxerit,
3267 4760 3370 4798 nec
3399 4743 3466 4796 ab
3504 4729 3774 4807 aspicieudo
3797 4735 3855 4774 υε·
3948 4771 3949 4795 ι

2269 4830 2424 4899 piam
2471 4831 2856 4900 declinaverit,
2896 4848 3127 4886 manere
3173 4832 3235 4886 in
3270 4831 3366 4886 illa
3392 4826 3683 4884 beatissima
3704 4815 3854 4870 visione

2267 4935 2383 4973 non
2404 4921 2630 4990 poterit.
2655 4921 2766 4975 Sed
2785 4921 2923 4975 dum
2953 4921 3011 4975 in
3032 4921 3140 4975 hoc
3169 4935 3400 4992 corpore
3423 4923 3502 4972 est
3526 4913 3706 4972 anima,
3722 4902 3853 4958 etiam-

2266 5009 2314 5063 si
2343 5010 2674 5079 plenissime
2705 5010 2915 5079 videat,
2946 5011 3051 5065 hoc
3085 5014 3167 5064 est
3195 5009 3474 5079 intelligat
3499 5006 3680 5063 Deum;
3703 4999 3851 5088 ίδξηθῗξ

2265 5098 2400 5168 quia
2429 5099 2600 5153 etiam
2634 5099 2887 5169 corporis
2928 5115 3125 5153 sensus
3160 5102 3393 5153 utuntur
3423 5108 3580 5166 opere
3604 5085 3849 5176 PrOPrif's,‘
3943 5149 3945 5176 ί

2263 5157 2402 5241 nihil
2435 5188 2670 5259 quidem
2691 5157 2880 5242 valent
2899 5189 2969 5242 ad
2991 5188 3327 5253 fallendum,
3351 5157 3478 5240 ῐιοιι⁸
3489 5157 3657 5236 tamen
3681 5157 3848 5259 nihil-td

2260 5291 2375 5330 non
2400 5249 2808 5346 ambigendum
2833 5279 2871 5343 ί,
2896 5280 3083 5347 potest
3111 5275 3293 5331 adhuc
3316 5249 3425 5328 dici
3452 5270 3579 5324 ﬁdes
3605 5279 3662 5318 ea
3691 5269 3774 5327 qua

2258 5365 2560 5432 resistitur,
2584 5371 2640 5420 et
2653 5365 2795 5420 illud
2808 5365 3000 5436 potius
3016 5379 3214 5420 verum
3231 5379 3348 5419 esse
3365 5359 3608 5416 creditur.
3631 5353 3740 5405 [tein
3755 5347 3845 5409 qui“

2319 5473 2334 5504 ι
2369 5469 2453 5518 Sic
2466 5471 2566 5532 Ms.
2581 5470 2646 5519 At
2662 5470 2754 5519 Ed.
2776 5471 3242 5522 habentzrrtunmr
3257 5443 3842 5532 operagrppmg’PV'ffm‘
3941 5471 3943 5529 ἑ

2253 5501 3166 5596 άεὲιιῒᾶιᾘὶῖἇῖἲὲιᾶἒῖἓίἳὶιῖῖιῖἶὶ
3177 5501 3233 5583 ῗᾶ
3240 5501 3691 5585 ὥῗῖίυῖὗιὶῖὗρἷίιρ,
3708 5501 3839 5572 poi“!-
