4062 6188
166 279 271 331 8'77

162 402 224 455 in
255 401 366 457 ista
386 401 522 468 vita,
553 416 885 472 quanquam
902 401 1018 455 Deo
1041 400 1327 455 intellecto
1355 401 1546 455 anima
1560 400 1680 471 jam
1700 402 1870 457 beata

162 490 276 558 sit;
311 494 525 556 tamen,
560 490 695 560 quia
738 490 945 543 multas
976 490 1261 543 molestias
1308 491 1561 560 corporis
1610 491 1869 559 sustinet,

168 578 518 651 sperandum
546 584 631 631 est
652 577 703 631 ei
732 581 862 648 post
888 582 1136 631 mortem
1165 577 1478 631 omniaista
1508 578 1870 633 incommoda

166 685 287 722 non
316 668 531 721 futura.
565 668 710 736 Ergo
741 682 844 719 nec
880 682 1025 736 spes,
1060 666 1197 719 dum
1226 666 1286 719 in
1315 666 1421 720 bac
1465 672 1549 721 est
1578 667 1711 733 vita,
1746 667 1868 721 ani-

166 773 326 811 mam
381 755 616 809 deserit.
658 754 763 808 Sed
792 771 922 807 cum
962 758 1088 824 post
1127 754 1273 809 hanc
1315 754 1492 809 vitam
1528 759 1646 809 tota
1697 772 1754 809 se
1812 756 1869 810 in

167 848 353 900 Deum
375 842 688 913 collegerit,
711 843 956 896 charitas
988 847 1163 896 restat
1186 859 1299 913 qua
1311 842 1389 896 ibi
1414 848 1696 898 teneatur.
1728 845 1868 899 Nam

166 952 359 1007 neque
417 933 657 988 dicenda
710 936 796 987 est
824 932 997 987 ﬁdem
1025 933 1235 987 habere
1268 933 1422 1003 quod
1447 933 1545 987 illa
1575 934 1688 987 sint
1714 950 1867 1000 vera,

165 1025 399 1096 quando
443 1022 601 1076 nulla
652 1021 927 1075 falsorum
985 1020 1442 1091 interpellatione
1494 1022 1866 1087 sollicitatur;

170 1128 364 1183 neque
394 1111 710 1181 quidquam
742 1109 1088 1179 sperandum
1113 1109 1164 1163 ei
1190 1114 1383 1175 restat,
1417 1126 1545 1164 cum
1572 1115 1758 1165 totum
1789 1126 1870 1164 se-

160 1219 305 1256 cura
330 1199 639 1272 possideat.
672 1198 802 1252 Tria
831 1198 1008 1269 igitur
1039 1198 1107 1251 ad
1148 1198 1398 1251 animam
1438 1199 1747 1269 pertinent,
1806 1203 1871 1251 ut

160 1305 306 1342 sana
329 1288 420 1353 sit,
454 1291 518 1340 ut
548 1285 804 1356 aspiciat,
840 1290 901 1339 ut
945 1286 1154 1339 videat.
1189 1286 1314 1339 Alia
1346 1302 1479 1339 vero
1530 1286 1661 1351 tria,
1706 1285 1865 1351 fides,

158 1395 296 1449 spes
326 1381 383 1432 et
408 1376 673 1442 Charitas,
698 1374 886 1445 primo
907 1374 1138 1427 illorum
1160 1374 1336 1427 trium
1367 1378 1421 1427 et
1443 1374 1691 1427 secundo
1724 1390 1865 1427 sem-

158 1482 267 1537 per
298 1469 430 1519 sunt
469 1462 820 1517 necessaria:
855 1461 1021 1515 tertio
1055 1477 1188 1514 vero
1236 1462 1294 1515 in
1325 1462 1430 1515 hac
1475 1462 1601 1521 vita,
1635 1460 1863 1526 omnia;

158 1557 298 1624 post
324 1554 471 1608 hanc
499 1551 696 1616 vitam,
730 1550 849 1604 sola
892 1549 1157 1603 charitas.

237 1642 467 1697 CAPUT
539 1640 682 1695 VIII.
724 1670 793 1679 —
843 1643 969 1710 Quae
1032 1638 1105 1691 ad
1168 1638 1585 1705 cognoscendum
1634 1641 1797 1701 Deum

856 1729 1179 1781 necessaria.

239 1824 328 1873 15.
360 1820 518 1873 Nunc
569 1817 782 1887 accipe,
813 1821 1095 1887 quantum
1147 1831 1397 1885 praesens
1436 1800 1867 1885 tempus'expo-

158 1908 293 1975 scit,
351 1923 416 1960 ex
472 1906 570 1959 illa
626 1903 1000 1958 similitudine
1046 1901 1404 1955 sensibilium
1446 1902 1617 1955 etiam
1651 1902 1719 1955 de
1752 1903 1867 1954 Deo

156 1996 381 2067 aliquid
418 2010 569 2049 nunc
598 2010 690 2048 me
749 1993 987 2047 docente
1011 1989 1048 2046 ί.
1077 1990 1459 2061 Intelligibilis
1484 2006 1690 2059 nempe
1720 1991 1867 2043 Deus

153 2090 271 2150 est,
290 2082 681 2151 intelligibilia
697 2081 870 2136 etiam
900 2080 1001 2134 illa
1020 2079 1454 2149 disciplinarum
1470 2078 1821 2149 spectamina
1847 2095 1860 2144 ;

151 2178 363 2228 tamen
392 2172 706 2243 plurimum
737 2170 1027 2224 differunt.
1059 2170 1199 2223 Nam
1238 2173 1294 2222 et
1335 2172 1488 2221 terra
1515 2167 1771 2233 visibilis,
1807 2172 1865 2221 et

152 2263 262 2316 lux
290 2278 304 2314 ε
340 2261 438 2314 sed
468 2264 637 2325 terra,
670 2258 783 2312 nisi
809 2257 934 2312 luce
964 2257 1264 2322 illustrata,
1295 2255 1475 2309 videri
1506 2273 1623 2310 non
1659 2260 1863 2325 potest.

154 2352 312 2419 Ergo
346 2353 401 2403 et
431 2348 527 2401 illa
555 2363 683 2418 quae
712 2347 771 2400 in
830 2344 1137 2415 disciplinis
1174 2344 1497 2409 traduntur,
1548 2361 1675 2415 qua:
1709 2344 1867 2415 quis-

152 2438 299 2509 quis
331 2436 620 2506 intelligit,
661 2434 957 2489 verissima
1000 2450 1121 2487 esse
1150 2434 1307 2487 nulla
1344 2433 1697 2487 dubitatione
1728 2449 1864 2486 con-

151 2524 333 2588 cedit,
368 2522 714 2576 credendum
748 2524 833 2575 est
884 2536 950 2574 ea
996 2536 1107 2573 non
1144 2536 1311 2590 posse
1341 2518 1606 2589 intelligi,
1654 2517 1764 2572 nisi
1794 2518 1863 2571 ab

148 2612 273 2666 alio
305 2611 471 2681 quasi
502 2626 602 2663 suo
625 2611 740 2663 sole
774 2608 1149 2662 illustrentur.
1185 2609 1330 2677 Ergo
1360 2607 1651 2678 quomodo
1682 2606 1743 2661 in
1758 2605 1862 2659 hoc

150 2701 279 2755 sole
310 2700 422 2754 tria
452 2699 715 2770 quaedam
742 2698 873 2751 licet
894 2696 1339 2751 animadvertere
1365 2712 1378 2761 ;
1403 2696 1555 2766 quod
1585 2700 1689 2762 est,
1712 2696 1863 2766 quod

148 2790 363 2858 fulget,
418 2788 573 2858 quod
625 2786 947 2841 illuminat:
999 2785 1080 2839 ita
1108 2784 1168 2838 in
1199 2785 1297 2838 illo
1339 2784 1714 2838 secretissimo
1750 2786 1861 2838 Deo

149 2894 337 2949 quem
368 2877 452 2930 vis
478 2876 820 2945 intelligere,
873 2873 979 2927 tria
1031 2874 1292 2944 quaedam
1346 2877 1511 2938 sunt;
1556 2873 1711 2943 quod
1757 2876 1861 2941 est,

147 2966 315 3038 quod
343 2964 708 3034 intelligitur,
740 2966 794 3016 et
832 2962 987 3032 quod
1025 2965 1228 3015 caetera
1254 2961 1387 3015 facit
1422 2961 1685 3031 intelligi.
1734 2963 1863 3015 Hrec

144 3057 293 3124 duo,
326 3054 387 3108 id
419 3057 522 3121 est,
553 3052 803 3122 teipsum
826 3055 881 3105 et
911 3052 1111 3116 Deum,
1144 3053 1207 3104 ut
1236 3048 1543 3119 intelligas,
1576 3050 1779 3104 docere
1808 3053 1862 3103 te

148 3144 377 3199 audeo.
406 3142 515 3197 Sed
546 3140 823 3211 responde
854 3140 1145 3210 quomodo
1175 3138 1297 3192 haec
1312 3136 1622 3208 acceperis;
1648 3142 1711 3191 ut
1736 3153 1865 3207 pro-

147 3230 395 3296 babilia,
427 3246 501 3283 an
529 3233 593 3283 ut
620 3246 752 3283 vera
770 3230 798 3282 ?
817 3229 889 3283 A.
920 3228 1094 3282 Plane
1120 3231 1179 3280 ut
1200 3226 1519 3297 probabilia
1541 3229 1596 3280 et
1616 3225 1677 3279 in
1702 3241 1863 3296 spem

148 3321 317 3392 quod
368 3318 665 3373 fatendum
708 3321 811 3383 est,
870 3316 1149 3386 majorem
1189 3314 1407 3369 surrexi
1442 3331 1454 3369 :
1491 3330 1625 3368 nam
1655 3316 1865 3383 praeter

150 3410 256 3463 illa
290 3407 407 3462 duo
438 3406 507 3460 de
539 3406 689 3459 linea
714 3410 770 3459 et
798 3404 936 3476 pila,
970 3404 1113 3458 nihil
1144 3405 1241 3458 abs
1271 3408 1323 3457 te
1352 3403 1567 3457 dictum
1601 3406 1684 3456 est
1710 3401 1861 3471 quod

151 3514 253 3551 me
284 3495 430 3549 scire
460 3494 699 3549 audeam
739 3494 945 3547 dicere.
979 3495 1043 3548 Β.
1079 3493 1202 3546 Non
1233 3495 1316 3546 est
1349 3491 1678 3545 mirandum
1708 3507 1719 3545 :
1745 3506 1864 3543 non

148 3585 317 3639 enim
350 3582 669 3653 quidquam
697 3588 781 3636 est
808 3582 990 3636 adhuc
1018 3580 1097 3634 ita
1118 3579 1458 3651 expositum,
1486 3583 1549 3633 ut
1577 3579 1675 3633 abs
1705 3581 1760 3632 te
1795 3577 1866 3631 sit

152 3672 479 3743 flagitanda
508 3670 816 3741 perceptio.

584 3760 809 3814 CAPUT
839 3760 925 3813 IX.
958 3788 1027 3798 —
1057 3760 1227 3813 Amor
1254 3758 1445 3811 nostri.

233 3852 324 3904 16.
358 3848 470 3903 Sed
499 3848 639 3918 quid
668 3845 1004 3901 moramur?
1034 3844 1439 3917 Aggredienda
1478 3847 1563 3897 est
1600 3842 1725 3897 via:
1776 3842 1867 3897 vi—

149 3940 409 3994 deamus
434 3941 646 4003 tamen,
676 3936 832 4007 quod
861 3934 1130 4006 praecedit
1158 3934 1371 4000 omnia,
1405 3936 1602 3987 utrum
1642 3931 1763 3985 sani
1793 3930 1867 3985 si-

146 4043 318 4083 mus.
351 4027 422 4081 A.
458 4027 575 4080 Hoc
604 4030 667 4079 tu
717 4024 943 4091 videris,
978 4023 1027 4077 si
1057 4023 1143 4076 vel
1192 4022 1251 4076 in
1298 4026 1375 4087 te,
1421 4020 1511 4075 vel
1540 4019 1600 4073 in
1635 4036 1725 4073 me
1757 4019 1867 4074 ali-

148 4120 453 4186 quantum
484 4114 734 4185 aspicere
764 4117 926 4182 potes
951 4125 965 4167 :
998 4127 1103 4181 ego
1124 4108 1426 4181 quaerenti,
1447 4108 1492 4162 si
1512 4108 1647 4179 quid
1667 4108 1867 4175 sentio,

144 4203 547 4274 respondebo.
607 4204 672 4257 R.
718 4202 962 4255 Amasne
1011 4199 1227 4270 aliquid
1268 4201 1478 4269 praeter
1516 4196 1603 4251 tui
1654 4196 1869 4266 Deique

152 4291 517 4348 scientiam?
546 4292 618 4345 A.
654 4292 882 4344 Possem
912 4288 1281 4359 respondere,
1338 4285 1485 4340 nihil
1537 4301 1629 4339 me
1678 4300 1870 4339 amare

148 4381 442 4453 amplius,
473 4396 579 4450 pro
610 4395 675 4433 eo
705 4395 870 4433 sensu
904 4377 1004 4448 qui
1032 4376 1178 4430 mihi
1228 4390 1381 4429 nunc
1410 4377 1496 4428 est
1521 4393 1536 4440 ;
1566 4373 1661 4427 sed
1694 4372 1872 4427 tutius

150 4468 494 4540 respondeo
524 4467 743 4521 nescire
774 4483 884 4520 me.
922 4467 1064 4520 Nam
1123 4480 1273 4534 saepe
1301 4463 1444 4516 mihi
1474 4479 1582 4517 usu
1622 4460 1779 4516 venit
1811 4464 1874 4515 ut

147 4575 301 4614 cum
344 4557 458 4612 alia
501 4558 661 4610 nulla
702 4572 763 4609 re
811 4572 902 4609 me
932 4554 1225 4609 crederem
1255 4550 1625 4620 commoveri,
1657 4550 1875 4605 veniret

144 4655 366 4704 tamen
397 4644 615 4716 aliquid
644 4645 705 4699 in
735 4648 1006 4709 mentem,
1033 4642 1189 4713 quod
1211 4657 1302 4696 me
1316 4642 1496 4695 multo
1516 4641 1678 4695 aliter
1705 4644 1873 4709 atque

144 4749 649 4809 presumpseram
680 4736 977 4804 pungeret.
1011 4733 1153 4785 Item
1202 4745 1373 4797 smpe,
1406 4729 1665 4801 quamvis
1692 4728 1752 4782 in
1782 4744 1873 4781 co-

148 4823 513 4897 gitationem
544 4838 633 4876 res
664 4823 857 4891 aliqua
878 4819 1132 4875 incidens
1157 4836 1274 4873 non
1303 4834 1395 4873 me
1421 4816 1763 4889 pervellerit,
1793 4832 1878 4870 re-

142 4930 303 4969 vera
332 4917 528 4967 tamen
556 4910 793 4965 veniens
823 4908 1178 4981 perturbavit
1208 4908 1336 4979 plus
1366 4923 1537 4978 quam
1568 4906 1873 4977 putabam:

146 5003 271 5059 sed
305 5001 477 5055 modo
506 4999 703 5054 videor
725 4998 868 5053 mihi
887 4998 1069 5052 tribus
1088 5001 1318 5052 tantum
1350 4996 1519 5050 rebus
1540 5010 1701 5065 posse
1732 5009 1880 5047 com-

142 5090 417 5148 moveri:
447 5092 599 5143 metu
622 5087 949 5142 amissionis
980 5102 1179 5140 eorum
1211 5101 1355 5156 quos
1379 5083 1575 5153 diligo,
1599 5086 1751 5136 metu
1777 5080 1878 5135 do-

139 5180 334 5245 loris,
368 5181 527 5232 metu
556 5177 774 5231 mortis.
811 5179 875 5232 R.
899 5178 1071 5230 Amas
1092 5191 1229 5245 ergo
1249 5177 1306 5228 et
1325 5172 1499 5227 vitam
1529 5177 1719 5226 tecum
1748 5170 1881 5223 cha-

140 5269 538 5327 rissimorum
559 5270 815 5333 tuorum,
834 5270 891 5320 et
902 5264 1114 5319 bonam
1131 5261 1517 5317 valetudinem
1532 5265 1711 5328 tuam,
1735 5262 1789 5313 et
1805 5258 1883 5312 vi-

140 5365 292 5415 tam
315 5360 475 5410 tuam
497 5354 681 5425 ipsam
696 5354 754 5408 in
769 5355 878 5408 hoc
889 5366 1125 5422 corpore
1146 5367 1158 5405 :
1181 5366 1366 5420 neque
1380 5348 1533 5402 enim
1546 5347 1710 5401 aliter
1721 5344 1885 5399 amis-

164 5448 414 5503 sionem
440 5442 650 5498 horum
694 5446 983 5497 metueres
1022 5440 1097 5495 A.
1128 5440 1350 5505 Fateor,
1383 5437 1460 5492 ita
1485 5440 1589 5492 est.
1621 5437 1684 5491 Β.
1719 5432 1882 5491 Modo

235 5546 253 5578 ι
298 5542 384 5591 Er.
405 5539 660 5597 Ven.Lov
684 5539 981 5592 docentem.
1012 5538 1080 5589 Μ.

1636 278 1847 335 LIBER
1891 277 2173 337 PRIMUS.

3570 296 3673 347 878

1984 420 2144 475 ergo,
2175 405 2328 476 quod
2358 421 2472 459 non
2503 422 2701 461 omnes
2732 411 2921 463 tecum
2954 414 3085 465 sunt
3105 411 3269 465 amici
3301 411 3409 479 tui,
3435 416 3491 467 et
3520 415 3672 483 quod

1979 498 2078 546 tua
2104 494 2368 547 valetudo
2400 494 2592 549 minus
2624 496 2850 566 integra
2902 503 3002 565 est,
3039 499 3168 552 facit
3202 500 3393 554 animo
3424 503 3672 555 nonnul-

1978 582 2093 635 lam
2124 582 2556 653 aegritudinem:
2601 600 2735 637 nam
2760 589 2815 639 et
2856 586 2911 639 id
2951 603 3070 640 esse
3111 605 3466 658 consequens
3486 589 3671 644 video.

1977 672 2047 724 A.
2080 671 2247 724 Recte
2294 672 2489 737 vides;
2533 688 2741 741 negare
2791 689 2907 726 non
2946 692 3203 744 possum.
3234 679 3297 731 Β.
3338 676 3502 743 Quid,
3535 676 3582 729 si
3619 682 3673 731 te

1977 763 2211 828 repente
2244 776 2380 813 sano
2414 776 2533 813 esse
2566 776 2802 830 corpore
2832 762 3039 815 sentias
3088 766 3143 815 et
3190 763 3415 833 probes,
3456 768 3671 818 tecum-

1977 862 2087 917 que
2117 863 2315 901 omnes
2342 864 2485 918 quos
2517 848 2707 918 diligis
2734 850 3108 909 concorditer,
3143 851 3364 904 liberali
3395 852 3509 905 otio
3562 853 3673 905 frui

1977 934 2187 1002 videas,
2208 952 2395 991 nonne
2410 937 2767 1007 aliquantum
2788 938 3288 1009 tibi‘etiamlaztitia
3311 940 3672 1009 gestiendum

1978 1026 2098 1078 est?
2126 1026 2196 1077 Α.
2212 1026 2352 1078 Vere
2373 1024 2729 1095 aliquantum
2753 1025 2916 1093 ;imo,
2948 1027 2994 1079 si
3015 1028 3135 1081 haec
3158 1028 3497 1097 praesertim,
3521 1034 3579 1081 ut
3597 1030 3672 1081 di-

1976 1110 2072 1178 cis,
2106 1116 2339 1182 repente
2371 1114 2755 1182 provenerint,
2786 1115 3013 1185 quando
3047 1132 3136 1168 me
3168 1116 3408 1185 capiam,
3443 1118 3673 1186 quando

1976 1200 2033 1253 id
2054 1215 2233 1269 genus
2251 1202 2543 1270 gaudiivel
2573 1200 2931 1256 dissimulare
2944 1203 3281 1273 permittar?
3297 1207 3360 1258 Β.
3396 1205 3672 1259 Omnibus

1976 1287 2151 1357 igitur
2181 1288 2365 1342 adhuc
2398 1290 2613 1343 morbis
2642 1290 2819 1343 animi
2850 1296 2906 1344 et
2934 1292 3461 1361 perturbationibus
3492 1294 3672 1364 agita-

1976 1375 2073 1430 ris.
2110 1378 2386 1440 Quasnam
2427 1394 2563 1446 ergo
2597 1378 2799 1432 talium
2832 1380 3129 1433 oculorum
3190 1380 3546 1450 impudentia
3569 1390 3670 1449 est,

1973 1465 2116 1517 velle
2171 1465 2335 1519 illum
2393 1467 2568 1519 solem
2598 1466 2828 1521 videre?
2881 1472 2954 1523 Α.
3016 1469 3097 1521 Ita
3145 1467 3473 1521 conclusisti
3512 1470 3672 1539 quasi

1976 1569 2207 1623 prorsus
2234 1570 2352 1607 non
2384 1554 2625 1607 sentiam
2658 1560 2941 1625 quantum
2967 1556 3178 1609 sanitas
3211 1572 3340 1610 mea
3369 1542 3673 1626 promove-

1975 1641 2071 1707 rit,
2100 1646 2199 1695 aut
2229 1642 2368 1711 quid
2399 1642 2643 1711 pestium
2676 1644 2986 1709 recesserit,
3022 1647 3418 1715 quantumque
3452 1646 3673 1699 restite-

1976 1729 2074 1783 rit.
2109 1730 2213 1782 Fac
2244 1747 2332 1783 me
2362 1728 2512 1784 istud
2543 1731 2871 1785 concedere.

2048 1818 2270 1871 CAPUT
2300 1819 2358 1871 Χ.
2394 1848 2462 1856 —
2489 1819 2659 1871 Amor
2687 1834 2866 1872 rerum
2888 1822 3127 1887 corporis
3156 1824 3207 1873 ct
3230 1824 3594 1876 externarum.

2053 1909 2133 1957 l7.
2168 1907 2237 1960 Η.
2278 1906 2476 1958 Nonne
2507 1905 2665 1959 vides
2678 1906 2780 1959 hos
2808 1907 3059 1976 corporis
3080 1908 3271 1960 oculos
3294 1908 3463 1960 etiam
3485 1924 3669 1975 sanos,

1975 1993 2100 2047 luce
2131 1994 2263 2047 solis
2294 1993 2453 2048 istius
2483 2010 2632 2064 saepe
2664 1994 2948 2064 repercuti
2979 1999 3035 2049 et
3054 1996 3250 2060 averti,
3283 2000 3453 2066 atque
3484 1996 3555 2049 ad
3574 1996 3671 2049 illa

1977 2099 2077 2135 sua
2107 2082 2345 2136 obscura
2387 2083 2740 2153 confugere?
2771 2084 2855 2136 Tu
2897 2087 3092 2137 autem
3134 2084 3271 2154 quid
3320 2085 3672 2153 promoveris

1976 2171 2210 2241 cogitas,
2243 2171 2382 2242 quid
2424 2171 2562 2225 velis
2590 2171 2783 2225 videre
2831 2188 2946 2225 non
2975 2172 3225 2242 cogitas:
3269 2177 3326 2225 et
3365 2176 3558 2226 tamen
3586 2176 3668 2226 te-

1976 2275 2103 2313 cum
2136 2259 2243 2313 hoc
2274 2259 2461 2329 ipsum
2492 2259 2812 2325 discutiam,
2856 2260 2995 2330 quid
3021 2260 3326 2330 profecisse
3350 2276 3454 2314 nos
3484 2265 3666 2330 putas.

1980 2346 2209 2400 Divitias
2240 2347 2428 2401 nullas
2460 2348 2665 2416 cupis?
2694 2349 2765 2401 A.
2801 2349 2915 2401 Hoc
2946 2348 3181 2418 quidem
3226 2364 3340 2401 non
3368 2364 3519 2401 nunc
3548 2350 3671 2419 pri-

1976 2452 2155 2491 mum.
2192 2436 2331 2489 Nam
2362 2452 2492 2489 cum
2524 2436 2757 2506 triginta
2786 2440 2899 2489 tres
2930 2452 3111 2490 annos
3141 2452 3305 2507 agam
3340 2435 3379 2503 ί,
3406 2441 3672 2507 quatuor-

1975 2524 2159 2578 decim
2189 2524 2307 2577 fere
2350 2524 2486 2577 anni
2513 2528 2645 2578 sunt
2683 2541 2747 2578 ex
2782 2541 2895 2595 quo
2928 2525 3034 2578 ista
3088 2541 3293 2595 cupere
3325 2526 3534 2587 destiti,
3568 2542 3671 2579 nec

1974 2613 2128 2667 aliud
2162 2612 2479 2684 quidquam
2506 2613 2564 2666 in
2594 2614 2703 2679 his,
2738 2614 2785 2666 si
2832 2630 2944 2684 quo
2975 2630 3105 2666 casu
3137 2614 3497 2679 offerrentur,
3529 2631 3671 2684 prm-

1974 2705 2061 2754 ter
2090 2701 2473 2755 necessarium
2504 2701 2717 2755 victum
2748 2701 3158 2770 liberalemque
3198 2717 3360 2754 usum
3402 2702 3665 2771 cogitavi.

1973 2791 2211 2844 Prorsus
2240 2789 2383 2843 mihi
2402 2805 2551 2843 unus
2584 2789 2869 2843 Ciceronis
2894 2789 3040 2842 liber
3070 2788 3336 2841 facillime
3366 2790 3665 2859 persuasit,

1968 2878 2128 2933 nullo
2171 2878 2338 2931 modo
2368 2878 2715 2947 appetendas
2762 2893 2883 2931 esse
2914 2876 3156 2941 divitias,
3192 2877 3289 2930 sed
3313 2876 3361 2930 si
3390 2893 3665 2947 provene-

1972 2966 2108 3032 rint,
2144 2964 2560 3035 sapientissime
2603 2968 2773 3035 atque
2813 2964 3135 3018 cautissime
3167 2964 3665 3020 administrandas.

1970 3057 2037 3110 Β.
2068 3054 2214 3118 Quid
2242 3054 2536 3107 honores?
2564 3054 2634 3107 Α.
2670 3054 2892 3118 Fateor,
2929 3067 3023 3106 eos
3054 3052 3246 3117 modo,
3300 3069 3361 3106 ac
3398 3069 3544 3122 pene
3580 3053 3669 3107 his

1973 3142 2172 3196 diebus
2201 3157 2407 3212 cupere
2439 3140 2648 3194 destiti.
2675 3142 2740 3195 R.
2789 3139 2937 3203 Quid
2984 3155 3125 3193 uxor
3149 3141 3177 3193 ?
3209 3140 3405 3193 Nonne
3431 3144 3485 3193 te
3516 3141 3667 3193 dele-

1972 3234 2083 3284 ctat
2124 3229 2415 3285 interdum
2458 3229 2717 3299 pulchra,
2763 3228 2992 3300 pudica,
3044 3227 3355 3298 morigera,
3394 3228 3665 3293 litterata,

1971 3320 2059 3373 vel
2111 3335 2239 3390 quae
2292 3318 2391 3373 abs
2444 3323 2497 3372 te
2545 3317 2709 3371 facile
2742 3317 2917 3387 possit
2945 3316 3179 3381 erudiri,
3225 3316 3466 3370 afferens
3496 3318 3665 3371 etiam

1973 3407 2123 3463 dotis
2153 3412 2400 3474 tantum,
2435 3406 2711 3478 quoniam
2741 3405 3057 3460 contemnis
3095 3399 3339 3477 dﬁitias,
3388 3410 3667 3476 quantum

1974 3513 2099 3551 eam
2128 3513 2362 3567 prorsus
2392 3495 2574 3549 nihilo
2604 3494 2774 3548 faciat
2802 3510 3101 3548 onerosam
3134 3493 3252 3546 otio
3282 3497 3404 3559 tuo,
3436 3507 3671 3562 praeser-

1973 3585 2079 3640 tim
2109 3585 2155 3639 si
2185 3600 2378 3655 speres
2425 3588 2725 3653 certusque
2774 3582 2849 3635 sis
2888 3582 3130 3635 nihilex
3175 3596 3241 3633 ea
3278 3585 3333 3634 te
3388 3580 3669 3634 molestiae

1974 3689 2094 3728 esse
2116 3688 2416 3745 passurum
2441 3672 2549 3725 ?A.
2572 3670 3001 3743 Quantumlibet
3019 3669 3157 3723 velis
3178 3685 3305 3722 eam
3332 3668 3571 3739 pingere
3595 3672 3671 3721 at-

1975 3779 2087 3834 que
2118 3762 2409 3815 cumulare
2438 3759 2603 3814 bonis
2634 3759 2920 3822 omnibus,
2952 3758 3095 3812 nihil
3127 3757 3269 3813 mihi
3296 3761 3413 3811 tam
3442 3757 3672 3827 fugien-

1974 3853 2113 3907 dum
2143 3866 2316 3921 quam
2345 3848 2714 3903 concubitum
2759 3864 2878 3901 esse
2910 3846 3166 3901 decrevi:
3201 3846 3345 3901 nihil
3385 3862 3504 3899 esse
3542 3862 3672 3900 sen-

1976 3939 2056 3994 tio
2085 3939 2236 4010 quod
2261 3937 2446 4008 magis
2473 3954 2541 3990 ex
2555 3952 2680 3991 arce
2694 3936 2922 4007 dejiciat
2950 3936 3208 3990 animum
3233 3934 3483 4003 virilem,
3502 3952 3670 4006 quam

1976 4029 2369 4084 blandimenta
2414 4027 2682 4095 feminea,
2732 4041 3157 4096 corporumque
3213 4024 3309 4079 ille
3359 4028 3672 4090 contactus,

1980 4118 2099 4172 sine
2131 4135 2244 4189 quo
2283 4132 2429 4171 uxor
2471 4115 2671 4169 haberi
2703 4130 2817 4168 non
2860 4118 3066 4184 potest.
3120 4115 3339 4183 Itaque,
3370 4112 3417 4165 si
3452 4113 3521 4166 ad
3550 4111 3674 4165 ofﬁ-

1979 4206 2131 4261 cium
2160 4206 2414 4275 pertinet
2444 4203 2717 4274 sapientis
2753 4203 2925 4273 (quod
2955 4201 3215 4256 nondum
3242 4199 3512 4270 comperi)
3541 4199 3674 4253 dare

1981 4310 2215 4364 operam
2238 4292 2451 4357 liberis,
2486 4290 2745 4362 quisquis
2776 4290 2857 4344 rei
2884 4291 3057 4361 hujus
3079 4292 3302 4343 tantum
3334 4286 3515 4357 gratia
3543 4303 3675 4340 con-

1980 4380 2217 4446 cumbit,
2264 4380 2559 4433 mirandus
2608 4379 2751 4433 mibi
2793 4378 2975 4432 videri
3020 4382 3226 4447 potest,
3282 4379 3338 4428 at
3380 4390 3511 4428 vero
3541 4374 3676 4427 imi-

1980 4470 2187 4525 tandus
2217 4470 2377 4523 nullo
2396 4468 2566 4522 modo
2592 4488 2607 4523 :
2642 4484 2776 4522 nam
2798 4472 3019 4522 tentare
3041 4467 3149 4519 hoc
3178 4463 3550 4534 periculosius
3573 4468 3675 4529 est,

1982 4574 2154 4629 quam
2175 4574 2339 4627 posse
2372 4557 2609 4613 felicius.
2644 4556 3049 4621 Quamobrem,
3096 4553 3250 4620 satis,
3295 4551 3488 4619 credo,
3526 4552 3679 4622 juste

1982 4653 2152 4719 atque
2198 4646 2417 4701 utiliter
2474 4664 2577 4717 pro
2636 4646 2894 4700 libertate
2945 4642 3150 4696 animae
3206 4640 3347 4694 mihi
3403 4642 3679 4711 imperavi

1982 4753 2097 4790 non
2118 4752 2348 4807 cupere,
2377 4752 2494 4789 non
2512 4750 2787 4807 quaarere,
2816 4748 2931 4786 non
2955 4732 3158 4785 ducere
3189 4746 3442 4785 uxorem.
3470 4732 3532 4784 Η.
3560 4732 3679 4784 Non

1986 4841 2092 4896 ego
2144 4842 2297 4879 nunc
2344 4841 2541 4896 quer
2578 4823 2712 4894 quid
2762 4819 3097 4887 decreveris,
3131 4820 3226 4874 sed
3271 4824 3465 4872 utrum
3496 4820 3682 4874 adhuc

1985 4913 2230 4979 lucteris,
2263 4930 2334 4967 an
2366 4929 2496 4966 vero
2523 4912 2642 4982 jam
2674 4910 2854 4980 ipsam
2885 4908 3181 4962 libidinem
3224 4908 3441 4962 viceris.
3482 4908 3684 4976 Agitur

1988 5002 2143 5057 enim
2171 5002 2240 5056 de
2283 5000 2523 5055 sanitate
2566 4999 2859 5052 oculorum
2889 5002 3139 5052 tuorum.
3173 4997 3241 5051 A.
3276 4999 3513 5051 Prorsus
3540 4995 3680 5049 nihil

1986 5090 2321 5161 hujusmodi
2344 5104 2559 5160 quaero,
2595 5086 2734 5140 nihil
2762 5085 3023 5140 desidero
3052 5102 3065 5140 :
3092 5086 3261 5139 etiam
3293 5101 3423 5139 cum
3450 5085 3681 5137 horrore

2052 5219 2067 5252 ¹
2106 5219 2166 5265 In
2187 5215 2364 5265 codice
2394 5212 2845 5276 chio-Montensi
2872 5225 3078 5261 necnon
3107 5211 3160 5259 iu
3182 5211 3348 5260 tribus
3380 5224 3441 5259 ex
3470 5208 3531 5254 iis
3547 5218 3684 5276 quos

1989 5269 2712 5339 Lovaniensesiuspéxerunt,
2736 5275 2976 5339 habetur,
3001 5286 3145 5339 xxxiv
3165 5286 3335 5323 annos
3354 5269 3685 5339 aganhMen-

1990 5342 2136 5397 (lose;
2156 5340 2413 5403 siquidem
2425 5331 2830 5403 Quatuordecim
2844 5340 2955 5403 fere
2969 5337 3099 5386 anni
3112 5340 3271 5403 erant
3287 5349 3351 5382 ex
3369 5331 3471 5395 quo
3486 5331 3687 5403 Qicero-

1991 5404 2074 5453 nis
2099 5392 2654 5463 Hortensium'legerat
2680 5400 3042 5463 Augustinus;
3074 5398 3215 5463 atqui
3253 5392 3451 5463 huncce
3490 5392 3683 5463 librum

1992 5479 2133 5515 anno
2165 5464 2332 5513 aetatis
2350 5453 2747 5515 undevigesimo
2763 5453 2966 5510 lectum
2988 5475 3017 5508 a
3034 5453 3087 5507 se
3106 5453 3266 5506 fuisse
3290 5460 3511 5505 testatur
3550 5453 3639 5502 lib.
3659 5458 3684 5501 3

1994 5479 2133 5515 anno
2165 5476 2332 5513 aetatis
2350 5476 2545 5511 unuevr
2584 5476 2747 5511 esimo
2774 5476 2966 5510 lectum
2988 5476 3017 5508 a
3034 5476 3087 5507 se
3106 5476 3266 5506 misse
3292 5476 3433 5505 tesuu

1994 5526 2165 5587 Couf.,
2203 5540 2313 5589 cap.
2354 5529 2399 5583 4,
2436 5528 2485 5574 et
2511 5476 2607 5573 lig.
2651 5527 2676 5572 3
2708 5529 2891 5573 contra
2924 5521 3188 5580 Academ.,
3211 5533 3324 5582 cap.
3354 5521 3433 5567 20.
