3996 6170
495 306 599 357 879

495 430 666 496 atque
696 421 1091 495 aspernatione
1116 419 1252 474 talia
1281 417 1564 472 recordor.
1597 415 1743 480 Quid
1772 415 1855 468 vis
1894 413 2141 485 amplius
2159 415 2188 467 ?

498 517 563 570 Et
591 516 698 568 hoc
730 512 874 566 mihi
901 512 1119 565 bonum
1151 509 1210 563 in
1242 509 1361 563 dies
1405 506 1639 560 crescit:
1681 521 1815 558 nam
1845 508 2060 575 quanto
2087 520 2188 557 au-

497 611 664 676 getur
694 620 818 674 spes
846 601 1105 656 videnda:
1134 598 1288 652 illius
1319 613 1432 668 qua
1460 596 1829 650 vehementer
1855 599 2029 648 aestuo
2060 593 2189 663 pul-

497 691 856 749 chritudinis,
907 695 1064 743 tanto
1105 688 1173 742 ad
1222 687 1379 740 illam
1421 689 1573 738 totus
1619 699 1778 736 amor
1818 684 2190 752 voluptasque

498 781 864 836 convertitur.
897 781 959 831 Β.
988 776 1132 840 Quid
1163 771 1812 842 ciborumjucunditas‘?
1840 775 2066 842 quanta)
2088 769 2191 822 tibi

497 885 646 922 cura:
679 866 806 920 est?
836 866 910 920 Α.
942 866 1016 918 Ea
1047 881 1176 934 quae
1210 862 1380 916 statui
1406 877 1525 915 non
1552 862 1742 929 edere,
1772 859 1915 913 nihil
1936 875 2028 913 me
2059 874 2192 912 con-

495 959 743 1010 movent.
777 954 850 1007 lis
894 957 1085 1006 autem
1146 969 1274 1022 quae
1305 967 1420 1004 non
1460 947 1775 1020 amputavi,
1807 947 2073 1003 delectari
2103 963 2193 1000 me

494 1042 873 1115 przesentibus
895 1042 1094 1107 fateor,
1128 1041 1204 1093 ita
1236 1045 1429 1093 tamen
1462 1043 1525 1092 ut
1549 1037 1670 1091 sine
1692 1035 1809 1091 ulla
1836 1035 2194 1107 permotione

495 1131 674 1186 animi
706 1132 791 1184 vel
821 1131 938 1183 visa
977 1130 1065 1182 vel
1110 1133 1333 1199 gustata
1364 1127 1793 1181 subtrahantur.
1835 1127 1974 1179 Cum
2005 1128 2194 1177 autem

496 1238 612 1275 non
643 1220 853 1274 adsunt
883 1235 1137 1288 prorsus,
1173 1233 1291 1270 non
1339 1216 1508 1269 audet
1531 1214 1651 1268 hmc
1688 1213 1963 1284 appetitio
2009 1229 2065 1265 se
2106 1211 2192 1263 in-

495 1325 680 1362 serere
729 1309 799 1361 ad
850 1307 1331 1376 impedimentum
1391 1301 1828 1373 cogitationibus
1876 1301 2036 1354 meis.
2087 1300 2196 1354 Sed

497 1396 732 1451 omnino
763 1396 879 1449 sive
909 1396 977 1449 de
1009 1395 1132 1448 cibo
1163 1398 1217 1448 et
1249 1397 1412 1462 potu,
1444 1392 1559 1445 sive
1589 1391 1657 1444 de
1697 1389 1938 1458 balneis,
1971 1394 2196 1442 caetera-

497 1502 608 1556 que
655 1483 912 1553 corporis
953 1483 1242 1551 voluptate
1275 1481 1419 1534 nihil
1441 1479 1759 1548 interroges
1791 1493 1803 1531 :
1838 1481 2062 1531 tantum
2092 1477 2193 1530 ha-

497 1575 630 1627 bere
654 1577 856 1643 appeto
883 1574 922 1638 ¹,
957 1574 1238 1641 quantum
1271 1569 1332 1622 in
1369 1566 1712 1622 valetudinis
1743 1582 1911 1637 opem
1951 1565 2196 1620 conferri

495 1664 704 1729 potest.

497 1749 723 1802 CAPUT
764 1747 846 1800 Χῐ.
889 1777 957 1786 —-
984 1750 1232 1801 Externa
1275 1745 1551 1800 commoda
1579 1760 1685 1798 non
1730 1748 1956 1814 propter
1999 1759 2072 1811 se,
2103 1742 2197 1796 sed

560 1841 788 1906 propter
833 1835 947 1888 alia
983 1851 1112 1889 cera
1143 1835 1279 1888 bona
1319 1839 1548 1903 possunt
1587 1833 1809 1887 admitti
1833 1834 2012 1886 terius
2034 1847 2197 1901 quam

484 1931 506 1952 '
567 1925 749 1993 expeti
759 1965 769 1977 .

571 2014 743 2066 18.11.
775 2011 1012 2065 Multum
1044 2009 1372 2081 profecisti:
1406 2026 1474 2064 ea
1512 2014 1705 2063 tamen
1733 2024 1862 2079 qum
1891 2011 2105 2062 restant
2127 2008 2196 2062 ad

495 2099 796 2154 videndam
828 2100 985 2154 illam
1012 2100 1218 2165 lucem,
1246 2098 1560 2169 plurimum
1588 2096 1931 2167 impediunt.
1955 2097 2060 2151 Sed
2078 2114 2198 2150 mo-

495 2188 607 2243 lior
637 2187 854 2258 aliquid
880 2188 1029 2258 quod
1053 2187 1194 2240 mihi
1224 2188 1448 2240 videtur
1472 2185 1635 2240 facile
1654 2185 1876 2240 ostendi
1900 2201 1913 2251 ;
1937 2189 2035 2239 aut
2055 2185 2196 2238 nihil

499 2276 884 2332 edomandum
933 2277 1098 2330 nobis
1128 2291 1446 2342 remanere,
1499 2279 1598 2328 aut
1626 2274 1770 2328 nihil
1813 2290 1918 2328 nos
1961 2273 2196 2327 omnino

494 2364 821 2436 profecisse,
855 2364 1230 2434 omniumque
1257 2363 1488 2417 illorum
1519 2379 1648 2432 quae
1666 2365 1881 2416 resecta
1910 2363 2195 2416 credimus

495 2453 685 2506 tabem
714 2467 965 2505 manere.
1001 2453 1145 2504 Nam
1184 2467 1380 2522 qurere
1411 2451 1510 2504 abs
1537 2455 1606 2515 te,
1645 2451 1690 2502 si
1721 2450 1824 2504 tibi
1854 2451 2196 2520 persuadea-

496 2544 592 2594 tur
625 2541 788 2594 aliter
819 2555 948 2594 cum
978 2539 1175 2593 multis
1207 2537 1558 2592 charissimis
1587 2537 1699 2592 tuis
1720 2547 1774 2592 te
1801 2538 1862 2591 in
1885 2539 2072 2592 studio
2102 2556 2196 2592 sa-

497 2627 730 2698 pientiae
756 2644 872 2681 non
902 2644 1068 2698 posse
1098 2626 1306 2693 vivere,
1339 2625 1448 2680 nisi
1477 2627 1669 2695 ampla
1700 2643 1789 2679 res
1819 2626 2011 2696 aliqua
2037 2627 2198 2681 fami-

498 2715 654 2769 liaris
683 2715 1046 2769 necessitates
1076 2718 1290 2768 vestras
1322 2713 1601 2768 sustinere
1635 2715 1848 2784 possit;
1880 2732 2070 2769 nonne
2099 2716 2196 2770 de-

500 2803 774 2857 siderabis
804 2803 1027 2857 divitias
1054 2807 1111 2856 et
1149 2801 1372 2872 optabis
1392 2803 1420 2855 ?
1447 2803 1520 2856 A.
1574 2803 1889 2857 Assentior.
1928 2806 1993 2858 Β.
2029 2803 2194 2871 Quid,

499 2892 545 2946 si
577 2892 750 2946 etiam
781 2891 922 2945 illud
949 2895 1241 2962 appareat,
1288 2889 1486 2943 multis
1527 2894 1582 2944 te
1612 2907 2019 2960 persuasurum
2075 2908 2196 2946 esse

498 2979 860 3050 sapientiam,
922 2980 970 3033 si
1022 2979 1126 3032 tibi
1179 2979 1248 3033 de
1303 2979 1522 3033 honore
1577 2979 1884 3034 auctoritas
1935 2980 2195 3046 creverit,

500 3084 710 3138 eosque
738 3067 892 3137 ipsos
916 3067 1224 3121 familiares
1254 3072 1381 3120 tuos
1421 3083 1537 3120 non
1581 3084 1748 3138 posse
1791 3068 2198 3138 cupiditatibus

501 3156 619 3210 suis
675 3156 912 3210 modum
970 3156 1291 3226 imponere,
1336 3172 1508 3227 seque
1551 3161 1704 3211 totos
1744 3163 2072 3212 convertere
2128 3158 2199 3212 ad

504 3244 880 3314 qurerendum
902 3245 1103 3311 Deum,
1129 3243 1237 3299 nisi
1261 3248 1316 3298 et
1332 3245 1443 3315 ipsi
1470 3245 1685 3299 fuerint
1713 3246 1998 3316 honorati,
2025 3247 2198 3317 idque

505 3331 615 3385 nisi
644 3348 747 3402 per
775 3337 903 3386 tuos
931 3332 1177 3386 honores
1207 3332 1660 3403 dignitatemque
1685 3333 1811 3388 fieri
1839 3351 1955 3388 non
1984 3351 2152 3404 posse
2173 3335 2200 3388 ?

502 3436 692 3474 nonne
713 3421 820 3474 ista
849 3421 1019 3475 etiam
1052 3421 1427 3476 desideranda
1456 3426 1642 3489 erunt,
1676 3426 1732 3477 et
1773 3426 1835 3476 ut
1862 3423 2200 3493 proveniant

501 3525 850 3580 magnopere
882 3510 1231 3565 instandum.
1263 3512 1332 3566 A.
1361 3512 1444 3564 Ita
1471 3516 1553 3565 est
1587 3517 1648 3565 ut
1685 3510 1849 3566 dicis.
1880 3514 1944 3567 It.
1973 3513 2097 3566 Jam
2128 3513 2198 3566 de

501 3615 678 3653 uxore
707 3599 850 3653 nihil
883 3599 1110 3669 disputo
1135 3615 1148 3665 ;
1181 3600 1418 3653 fortasse
1447 3599 1601 3653 enim
1631 3616 1747 3654 non
1773 3603 1979 3671 potest,
2004 3605 2064 3655 ut
2093 3601 2196 3654 du-

501 3693 680 3752 catur,
729 3688 969 3743 existere
1017 3688 1143 3742 talis
1187 3688 1526 3754 necessitas;
1593 3705 1945 3760 quanquam,
1987 3689 2033 3742 si
2077 3689 2198 3759 ejus

501 3775 691 3843 amplo
721 3774 1069 3844 patrimonio
1100 3781 1320 3829 certum
1367 3776 1442 3829 sit
1471 3777 1777 3830 sustentari
1805 3793 1968 3846 posse
2000 3793 2198 3830 omnes

501 3879 645 3931 quos
675 3867 862 3915 tecum
893 3863 950 3914 in
973 3879 1083 3915 uno
1115 3864 1235 3916 loco
1261 3863 1448 3916 vivere
1472 3863 1653 3916 otiose
1679 3865 1858 3934 cupis,
1879 3865 2002 3935 ipsa
2023 3865 2198 3919 etiam

500 3949 854 4002 concorditer
911 3949 970 4002 id
1018 3950 1259 4017 sinente,
1309 3951 1632 4019 praesertim
1662 3952 1708 4004 si
1737 3954 1964 4022 generis
1996 3953 2199 4008 nobili-

499 4041 612 4092 tate
646 4041 805 4092 tanta
828 4037 1057 4109 polleat,
1089 4042 1152 4092 ut
1189 4039 1438 4112 honores
1467 4038 1593 4092 illos
1623 4056 1764 4110 quos
1791 4054 1912 4094 esse
1944 4057 2197 4098 necessa-

498 4127 615 4181 rios
639 4127 760 4198 jam
810 4125 1035 4193 dedisti,
1068 4143 1170 4197 per
1217 4142 1282 4180 ea
1310 4126 1473 4181 facile
1503 4128 1739 4198 adipisci
1768 4129 1971 4201 possis,
2001 4132 2194 4188 nescio

497 4219 693 4269 utrum
722 4215 1004 4284 pertineat
1032 4215 1102 4268 ad
1134 4213 1387 4269 officium
1435 4219 1598 4269 tuum
1647 4217 1754 4272 ista
1799 4223 2190 4278 contemnere.

497 4305 571 4360 A.
601 4304 838 4368 Quando
869 4320 976 4373 ego
1008 4303 1159 4357 istud
1188 4319 1415 4374 sperare
1455 4305 1691 4360 audeam
1710 4305 1736 4358 ?

572 4396 661 4446 i9.
701 4395 773 4447 Β.
834 4393 916 4445 Ita
965 4390 1117 4445 istud
1167 4391 1327 4459 dicis,
1361 4394 1523 4463 quasi
1556 4411 1660 4464 ego
1695 4412 1847 4450 nunc
1902 4397 2193 4468 requiram

497 4480 636 4550 quid
685 4497 894 4551 speres.
931 4480 1054 4533 Non
1087 4497 1282 4550 quaero
1315 4482 1456 4552 quid
1486 4488 1757 4554 negatum
1788 4501 1902 4538 non
1932 4485 2188 4554 delectet,

497 4568 592 4621 sed
623 4569 724 4638 qui
768 4569 1010 4622 delectet
1048 4569 1324 4624 oblatum.
1375 4570 1542 4624 Aliud
1587 4576 1672 4626 est
1717 4573 1872 4627 enim
1919 4574 2194 4630 exhausta

496 4655 688 4725 pestis,
721 4655 878 4710 aliud
907 4657 1218 4728 consopita.
1275 4657 1362 4712 Ad
1415 4659 1524 4712 hoc
1570 4660 1723 4713 enim
1769 4661 1920 4716 valet
1973 4663 2127 4733 quod
2159 4681 2192 4718 a

495 4742 838 4814 quibusdam
869 4745 1044 4800 doctis
1069 4745 1206 4800 viris
1235 4746 1448 4800 dictum
1481 4751 1584 4818 est,
1629 4749 1708 4802 ita
1755 4765 1953 4804 omnes
1987 4753 2190 4807 stultos

493 4831 724 4886 insanos
763 4850 903 4902 esse,
957 4839 1022 4889 ut
1050 4835 1190 4889 male
1224 4837 1376 4890 olere
1408 4852 1577 4890 omne
1608 4853 1857 4907 caenum,
1889 4840 2041 4910 quod
2072 4858 2189 4895 non

494 4935 740 4992 semper,
770 4922 868 4976 sed
902 4921 1038 4976 dum
1069 4939 1414 4990 commoves,
1449 4925 1674 4978 sentias.
1723 4926 1960 4981 Multum
2005 4928 2190 4982 inter-

493 5014 578 5064 est
613 5013 811 5063 utrum
839 5009 1017 5062 animi
1046 5010 1440 5081 desperatione
1471 5012 1747 5067 obruatur
1777 5015 2080 5085 cupiditas,
2114 5031 2188 5070 an

492 5098 732 5153 sanitate
765 5098 1027 5169 pellatur.
1059 5101 1130 5153 Α.
1179 5100 1516 5172 Quanquam
1547 5101 1651 5156 tibi
1698 5103 2041 5174 respondere
2072 5121 2188 5159 non

489 5203 746 5259 possum,
778 5202 1074 5257 nunquam
1103 5191 1294 5243 tamen
1323 5190 1463 5244 mihi
1486 5191 1857 5260 persuadebis
1877 5197 1941 5246 ut
1969 5193 2075 5247 hac
2105 5194 2186 5247 af-

489 5276 733 5331 fectione
767 5275 998 5342 mentis,
1035 5293 1148 5348 qua
1187 5295 1338 5332 nunc
1368 5296 1459 5333 me
1497 5297 1618 5334 esse
1667 5281 1871 5348 sentio,
1903 5281 2046 5336 nihil
2094 5299 2186 5336 me

489 5366 796 5435 profecisse
827 5365 1094 5420 arbitrer.
1141 5369 1206 5422 Β.
1257 5368 1434 5421 Credo
1464 5373 1770 5438 propterea
1800 5369 1904 5424 tibi
1956 5371 2064 5424 hoc
2101 5371 2184 5424 vi-

494 5489 1057 5612 [ΑᾎΕὲἓίῥέῗαρειο
1079 5504 1089 5537 :
1118 5489 1306 5540 melius
1328 5491 2181 5558 AnglicaniMss.,habereappelo.

1686 290 2256 357 SOLILOQUIORUM
2298 290 2352 346 S.
2396 287 2780 346 AUGUSTINI
3789 301 3846 350 8a»

2296 413 2439 478 deri,
2490 411 2627 483 quia
2678 408 2940 482 quamvis
2971 408 3078 464 ista
3129 413 3325 480 optare
3379 426 3565 481 posses,
3608 428 3701 467 non
3731 419 3845 473 tamen
3906 477 3907 496 η

2296 506 2532 573 propter
2559 501 2764 571 seipsa,
2796 499 2896 553 sed
2928 502 3160 570 propter
3201 497 3355 552 aliud
3383 501 3656 569 expetenda
3689 503 3846 560 videres
3906 499 3907 504 “

2299 596 2409 645 tur.
2439 591 2511 645 A.
2547 591 2660 643 Hoc
2699 592 2784 642 est
2811 588 2964 659 quod
2996 587 3178 641 dicere
3211 586 3523 658 cupiebam:
3562 605 3674 643 nam
3707 596 3847 661 quand»;

2299 676 2617 733 desideravi
2647 675 2894 742 divitias,
2952 674 3082 729 ideo
3113 674 3418 730 desideravi
3470 681 3527 729 ut
3566 675 3693 731 dives
3729 695 3846 744 essem

2299 773 2662 843 honoresque
2692 772 2865 842 ipsos,
2891 787 3136 842 quorum
3164 769 3519 842 cupiditatem
3545 773 3685 826 modo
3701 789 3770 827 me
3783 793 3848 844 per-

2299 860 2582 914 domuisse
2623 859 2918 930 respondi,
2961 875 3160 913 eorum
3214 858 3400 913 nescio
3455 876 3554 930 quo
3584 860 3732 916 nitore
3769 863 3849 917 dele

2301 953 2481 1003 ctatus
2509 949 2770 1003 volebam
2796 966 2809 1015 ;
2852 947 3111 1019 nihilque
3136 947 3290 1001 aliud
3317 947 3376 1001 in
3403 963 3562 1001 uxore
3605 965 3779 1020 semper
3812 963 3850 1005 al-

2301 1037 2474 1102 tendi,
2529 1053 2658 1090 cum
2711 1037 2951 1099 attendi,
2987 1035 3098 1090 nisi
3154 1051 3329 1107 quam
3384 1035 3517 1089 mihi
3553 1036 3754 1091 elliceret
3785 1055 3850 1092 cna

2300 1125 2445 1180 bona
2467 1125 2618 1179 fama
2648 1125 3014 1195 voluptatem.
3039 1127 3196 1178 Tunc
3226 1127 3345 1177 erat
3372 1123 3590 1178 istorum
3616 1125 3665 1178 in
3688 1141 3758 1179 me
3778 1143 3850 1178 ver-2

2302 1215 2615 1285 cupiditas;
2648 1230 2800 1268 nunc
2821 1231 2889 1268 ea
2912 1213 3104 1269 omnia
3123 1229 3356 1283 prorsus
3377 1228 3627 1282 aspernor
3653 1229 3665 1265 :
3690 1213 3761 1266 sed
3781 1215 3851 1266 sit:

2301 1303 2400 1357 illa
2427 1320 2555 1374 quae
2586 1303 2752 1372 cupio
2781 1319 2898 1356 non
2929 1303 3038 1356 nisi
3065 1318 3170 1373 per
3196 1301 3318 1355 haec
3339 1300 3471 1354 mihi
3496 1300 3725 1354 transitus
3746 1302 3851 1358 datur.

2301 1409 2418 1446 non
2473 1392 2867 1462 amplectenda
2921 1396 3147 1462 appeto,
3206 1390 3304 1444 sed
3346 1390 3510 1444 subeo
3544 1389 3791 1442 toleranda.
3823 1393 3853 1442 ll.

2304 1480 2527 1550 Optime
2557 1481 2828 1535 omnino:
2871 1495 3006 1535 nam
3058 1495 3163 1533 nec
3208 1495 3312 1550 ego
3361 1479 3588 1532 ullarum
3631 1493 3777 1532 rerum
3806 1495 3853 1528 te

2303 1569 2549 1622 candum
2580 1573 2721 1640 puto
2754 1569 3150 1639 cupiditatem,
3178 1583 3309 1639 quae
3353 1572 3573 1639 propter
3603 1567 3724 1620 aliud
3745 1568 3853 1636 requi-

2223 1699 2234 1708 .
2304 1662 2534 1718 runtur.

2305 1747 2528 1801 CAPUT
2557 1747 2668 1800 XII.
2705 1775 2772 1786 —
2797 1747 2952 1802 Nihil
2990 1745 3349 1816 expetendum
3377 1746 3485 1798 nisi
3511 1748 3728 1812 quatenus
3745 1743 3854 1795 conde

2373 1838 2446 1890 cit
2468 1819 2540 1888 ad
2559 1851 2823 1890 summum
2842 1836 3055 1901 bonum,
3073 1834 3220 1889 nihil
3247 1833 3557 1888 horrendum
3579 1834 3671 1886 nisi
3693 1836 3853 1901 quatas

2375 1930 2582 1978 avocat.

2375 2015 2465 2067 20.
2497 2012 2605 2067 Sed
2635 2028 2830 2083 quaero
2861 2012 2960 2066 abs
3000 2016 3077 2078 te,
3130 2027 3234 2065 cur
3276 2027 3370 2064 eos
3414 2008 3651 2064 homines
3671 2006 3855 2077 quosdili

2304 2101 2412 2172 gis,
2445 2102 2533 2155 vel
2561 2101 2769 2167 vivere,
2794 2101 2878 2154 vel
2899 2107 3088 2155 tecum
3109 2101 3301 2154 vivere
3323 2099 3509 2169 cupias
3529 2098 3554 2150 ‘?
3574 2098 3633 2151 Α.
3653 2097 3704 2149 Ut
3725 2094 3852 2147 animas
3906 2159 3907 2162 η

2304 2193 2527 2244 nostras
2564 2194 2621 2243 et
2659 2191 2838 2243 Deum
2885 2188 3055 2242 simul
3112 2186 3463 2241 concorditer
3501 2181 3854 2254 inquiramusdta
3906 2173 3907 2204 ³

2305 2278 2457 2331 enim
2486 2277 2651 2332 facile
2679 2277 2770 2330 cui
2820 2277 2998 2348 priori
3041 2276 3324 2347 contingit
3369 2273 3616 2336 inventio,
3643 2276 3850 2325 caeteroseo

2306 2366 2426 2420 sine
2457 2367 2654 2420 labore
2684 2366 2963 2436 perducit.
2985 2367 3049 2420 Β.
3083 2364 3256 2432 Quid,
3289 2364 3333 2418 si
3363 2364 3552 2417 nolunt
3577 2361 3678 2414 haec
3693 2359 3754 2412 illi
3767 2373 3850 2427 qua-

2306 2471 2428 2508 rere
2449 2455 2476 2509 ?
2501 2455 2572 2509 Α.
2602 2453 2962 2508 Persuadebo
2985 2458 3049 2507 ut
3073 2453 3273 2506 velint.
3299 2455 3362 2506 Β.
3389 2450 3544 2515 Quid,
3562 2449 3604 2502 si
3628 2462 3718 2501 non
3735 2444 3847 2516 posss,

2305 2543 2395 2597 vel
2424 2543 2579 2613 quod
2610 2559 2668 2596 se
2714 2542 2996 2595 invenisse
3044 2542 3183 2611 iam,
3236 2541 3324 2594 vel
3353 2540 3493 2611 quod
3522 2538 3616 2592 ista
3650 2550 3734 2589 non
3760 2547 3848 2602 posse

2306 2632 2552 2685 inveniri
2576 2631 2947 2696 arbitrantur,
2979 2631 3066 2684 vel
3096 2629 3254 2700 quod
3286 2629 3518 2682 aliarum
3544 2640 3701 2679 rerum
3722 2621 3849 2674 curiae:

2307 2719 2587 2774 desiderio
2631 2720 3066 2791 prlepediuntur
3084 2718 3111 2770 ?
3140 2720 3212 2773 Α.
3251 2717 3473 2772 Habebo
3500 2731 3604 2778 eos,
3630 2717 3673 2766 et
3698 2709 3772 2779 ipsi
3790 2723 3848 2759 me.

2306 2807 2450 2861 sicut
2477 2825 2800 2879 possumus.
2833 2811 2896 2862 Β.
2947 2807 3116 2873 Quid,
3155 2806 3202 2860 si
3238 2811 3293 2860 te
3335 2806 3405 2860 ab
3449 2799 3736 2873 inquirendo
3755 2797 3849 2850 etiam

2301 2897 2578 2967 impediat
2626 2912 2827 2951 eorum
2855 2894 3212 2966 prasentia?
3265 2909 3449 2949 nonne
3507 2888 3848 2953 laborabisalque

2307 2985 2552 3056 optabis,
2595 2985 2642 3038 si
2670 2985 2834 3039 aliter
2879 3001 3000 3038 esse
3049 3000 3167 3037 non
3218 2986 3472 3054 possunt,
3504 2995 3603 3033 non
3635 2983 3768 3029 tecum
3787 2986 3849 3024 esse

2306 3073 2496 3144 potius
2543 3089 2713 3145 quam
2771 3073 2851 3127 sic
2889 3075 3059 3128 esse?
3091 3072 3163 3126 Α.
3221 3073 3438 3138 Fateor,
3482 3069 3551 3122 ita
3590 3070 3658 3120 est
3689 3067 3735 3115 ut
3761 3059 3846 3113 dicis.
3906 3119 3907 3124 η

2306 3165 2368 3218 R.
2407 3163 2529 3217 Non
2559 3163 2736 3232 igitur
2765 3177 2965 3216 eorum
2996 3161 3083 3215 vel
3113 3161 3293 3215 vitam
3333 3161 3416 3213 vel
3457 3153 3750 3229 praesentiam
3777 3162 3847 3217 pro-

2305 3255 2434 3321 pter
2469 3250 2732 3322 seipsam,
2781 3250 2881 3304 sed
2929 3255 3162 3321 propter
3209 3246 3588 3303 inveniendam
3633 3236 3846 3311 sapientiam

2307 3339 2511 3409 cupis?
2552 3341 2624 3394 A.
2667 3342 2902 3393 Prorsus
2941 3338 3245 3392 assentior.
3278 3341 3341 3392 Β.
3375 3335 3550 3400 Quid?
3589 3332 3731 3400 ipsam
3751 3324 3846 3376 vitam

2306 3431 2464 3482 tuam
2495 3427 2538 3480 si
2584 3427 2689 3481 tibi
2717 3431 2934 3481 certum
2969 3430 3116 3480 esset
3147 3425 3546 3496 impedimento
3572 3433 3670 3473 esse
3691 3414 3742 3468 ad
3761 3426 3847 3465 com-

2305 3516 2773 3587 prehendendam
2816 3515 3177 3585 sapientiam,
3232 3515 3400 3568 velles
3441 3526 3553 3564 eam
3591 3499 3845 3559 manere‘hl.

2307 3606 2551 3661 Omnino
2579 3622 2705 3659 eam
2729 3606 3004 3676 fugerem.
3039 3607 3104 3659 Β.
3135 3604 3286 3668 Quid
3307 3605 3334 3656 ‘P
3363 3601 3407 3656 si
3445 3595 3703 3659 docereris,
3734 3589 3848 3643 tamli‘

2307 3694 2503 3748 relicto
2533 3693 2637 3747 isto
2668 3709 2924 3764 corpore,
2952 3709 3125 3763 quam
3165 3692 3224 3745 in
3260 3692 3380 3762 ipso
3408 3688 3734 3744 constitutum.
3757 3687 3846 3766 ρῡεξθ

2304 3783 2375 3836 ad
2424 3783 2763 3854 sapientiam
2814 3781 3132 3852 pervenire,
3174 3796 3402 3834 curares
3449 3781 3616 3830 utrum
3643 3770 3727 3827 hic,
3755 3774 3844 3816 eum

2306 3871 2418 3925 alia
2436 3872 2551 3925 vita
2574 3888 2640 3925 eo
2657 3871 2807 3941 quod
2839 3870 3029 3939 diligis
3057 3869 3331 3922 fruereris
3353 3870 3381 3920 ‘8
3407 3868 3478 3922 A.
3513 3864 3564 3917 Si
3588 3857 3703 3914 nihil
3723 3868 3782 3941 ως
3799 3863 3846 3917 ll?

2298 3959 2394 4029 jus
2425 3939 2795 4028 excepturum
2825 3957 3230 4027 intelligerem,
3262 3955 3409 4027 quod
3437 3946 3729 4019 retroageret
3754 3939 3795 3992 ab
3814 3951 3846 3985 eo

2306 4063 2420 4118 quo
2466 4062 2805 4117 progressus
2851 4061 3000 4112 sum,
3040 4062 3159 4099 non
3197 4058 3470 4099 curarem.
3512 4042 3569 4094 Β.
3616 4035 3843 4118 i‘luncgert’l0

2301 4140 2600 4207 propterea
2629 4135 2774 4189 mori
2803 4134 2991 4199 times,
3021 4150 3092 4188 ne
3139 4133 3334 4204 aliquo
3372 4131 3549 4204 pejore
3587 4122 3708 4180 malo
3743 4109 3844 4169 invol-

2303 4224 2472 4294 varis,
2503 4240 2616 4295 quo
2646 4223 2750 4277 tibi
2773 4223 3064 4278 auferatur
3089 4222 3282 4277 divina
3309 4219 3558 4292 cognitio.
3585 4215 3643 4269 A.
3685 4208 3768 4302 Νοξὶ

2301 4312 2423 4366 lum
2453 4283 2539 4367 ne.
2576 4313 2865 4368 auferatur
2904 4312 3101 4378 timeo,
3151 4312 3197 4366 si
3241 4283 3409 4383 quidv
3427 4309 3558 4362 forte
3586 4292 3773 4372 percepi,
3794 4283 3844 4339 Sed

2300 4402 2474 4455 etiam
2507 4418 2577 4456 ne
2608 4401 3018 4456 intercludatur
3034 4401 3178 4455 mihi
3203 4401 3388 4455 aditus
3415 4407 3591 4451 eorum
3606 4385 3844 4459 quibus?”

2300 4490 2578 4561 cipiendis
2625 4490 2822 4556 inhio;
2873 4490 3133 4561 quamvis
3176 4489 3322 4560 quod
3369 4489 3482 4558 jam
3521 4486 3676 4539 teneo,
3713 4474 3844 4523 mecum

2299 4595 2634 4633 mansurum
2664 4583 2882 4649 putem.
2917 4582 2980 4634 R.
3007 4580 3132 4633 Non
3166 4578 3340 4649 igitur
3370 4580 3423 4629 et
3446 4571 3599 4626 vitam
3624 4563 3748 4618 istam
3769 4564 3845 4623 Pr‘l'

2299 4671 2430 4738 pter
2476 4667 2742 4738 seipsam,
2797 4667 2896 4722 sed
2952 4672 3187 4738 propter
3232 4661 3549 4736 sapientiam
3586 4653 3654 4707 vis
3688 4650 3844 4700 manere-

2298 4758 2370 4811 A.
2399 4756 2487 4810 Sic
2511 4761 2614 4810 est.
3752 4819 3758 4827 _

2368 4847 2456 4899 21.
2489 4848 2549 4901 R.
2579 4845 2751 4899 Dolor
2779 4843 3030 4915 corporis
3059 4847 3253 4907 restat,
3284 4840 3382 4914 qui
3425 4843 3476 4892 te
3511 4824 3761 4915 fortassevi

2297 4939 2633 4989 commovet.
2657 4935 2728 4988 A.
2759 4935 2823 4988 Et
2841 4902 3031 5003 ipsum
3061 4949 3180 4987 non
3203 4902 3274 4986 ob
3300 4902 3449 4984 aliud
3476 4913 3766 4977 vehementer
3780 4902 3846 5003 f0:

2295 5023 2473 5085 mido,
2505 5023 2615 5077 nisi
2659 5023 2793 5092 quia
2833 5039 2924 5076 me
2957 5021 3200 5092 impedit
3229 5037 3262 5074 a
3290 5010 3592 5090 quaerendo.
3619 4996 3845 5098 Quanvffff‘

2296 5111 2451 5166 enim
2480 5111 2756 5165 acerrimo
2768 5111 2855 5164 his
2873 5111 3073 5165 diebus
3095 5109 3347 5164 dentium
3363 5103 3538 5160 dolore
3557 5085 3844 5170 torquenti/1"

2296 5215 2413 5252 non
2443 5199 2678 5269 quidem
2711 5198 2938 5252 sinebar
2967 5199 3158 5252 animo
3187 5198 3424 5258 volvere,
3453 5185 3550 5243 nisi
3582 5195 3636 5235 ea
3658 5186 3750 5269 qug‘

2295 5287 2437 5341 forte
2461 5288 2771 5341 didiceram
2797 5309 2812 5354 ;
2833 5305 2865 5340 a
2887 5287 3158 5341 discendo
3171 5291 3352 5341 autem
3365 5277 3568 5352 penitus
3584 5251 3841 5354 imre???

2295 5374 2362 5428 ad
2392 5375 2545 5444 quod
2575 5373 2719 5428 mihi
2748 5378 2863 5428 tota
2893 5373 3208 5428 intentione
3239 5367 3407 5426 animi
3433 5375 3558 5434 opus
3575 5355 3697 5447 erat}

2295 5424 2438 5517 milii
2466 5463 2783 5526 videbatur,
2800 5463 2848 5516 si
2873 5479 2930 5516 se
2950 5463 3045 5516 ille
3064 5462 3349 5517 mentibus
3369 5454 3496 5511 meis
3511 5435 3711 5504 veritatis
3727 5424 3839 5490 tul!"r

2355 5560 2424 5622 (α)
2455 5559 2570 5610 Vid.
2604 5560 2696 5607 lib.
2728 5562 2756 5608 9
2794 5559 2965 5622 Conﬁ,
2991 5574 3111 5623 cap.
3143 5562 3189 5617 4,
3215 5572 3266 5608 n.
3290 5557 3364 5604 t2.
