3996 6170
80 272 142 323 88
158 274 167 321 l
1546 280 1733 337 LIBEI

1921 282 2084 339 MUS.

78 390 333 460 aperiret,
367 394 465 444 aut
492 407 582 445 me
613 407 728 446 non
757 408 1058 448 sensurum
1081 395 1255 451 fuisse
1285 398 1448 453 illum
1482 401 1757 470 dolorem,

76 482 170 531 aut
221 482 369 558 certe
396 494 502 548 pro
544 478 725 534 nihilo
750 481 1151 538 toleraturum.
1184 486 1291 540 Sed
1324 488 1461 558 quia
1489 491 1595 544 etsi
1623 491 1763 545 nihil

76 565 254 635 majus
282 554 589 635 aliquando
620 568 850 637 pertuli,
884 573 1075 625 tamen
1099 590 1248 643 saepe
1270 554 1526 646 cogitans
1547 584 1762 649 quanto

73 653 352 721 graviores
379 654 604 724 possint
632 656 907 724 accidere,
940 676 1115 730 cogor
1160 662 1450 720 interdum
1502 668 1760 723 Cornelio

72 742 226 795 Celso
256 743 537 811 assentiri,
570 746 668 815 qui
700 746 778 799 ait
806 763 1103 802 summum
1129 750 1349 806 bonum
1376 770 1495 808 esse
1526 757 1761 826 sapien-

70 829 225 896 tiam,
259 846 549 885 summum
581 837 770 887 autem
803 836 1021 890 malum
1052 839 1311 895 dolorem
1343 844 1615 913 corporis.
1650 847 1761 899 Nec

68 917 187 987 ejus
213 918 353 972 ratio
382 919 527 973 mihi
555 920 778 976 videtur
806 924 1066 981 absurda.
1124 929 1265 983 Nam
1296 932 1564 1001 quoniam
1619 934 1758 989 dua-

64 1006 191 1069 bus,
223 1007 428 1079 inquit,
458 1008 717 1079 partibus
755 1014 1056 1083 compositi
1085 1032 1303 1085 sumus,
1336 1036 1400 1074 ex
1440 1020 1629 1075 animo
1660 1022 1760 1076 sci-

66 1096 197 1150 licet
224 1101 278 1149 et
320 1113 583 1167 corpore,
617 1115 861 1169 quarum
891 1103 1052 1172 prior
1081 1122 1212 1175 pars
1257 1112 1342 1161 est
1379 1110 1605 1163 animus
1632 1126 1757 1164 me—

64 1186 193 1253 lior,
223 1185 469 1241 deterius
498 1204 707 1259 corpus
736 1195 846 1258 est;
892 1209 1184 1249 summum
1220 1196 1436 1251 bonum
1494 1202 1577 1252 est
1630 1216 1753 1253 me-

64 1273 219 1327 lioris
247 1274 426 1344 partis
454 1276 759 1346 optimum,
791 1297 1083 1336 summum
1116 1290 1309 1339 autem
1336 1286 1554 1341 malum
1572 1287 1755 1357 pessi-

62 1379 220 1416 mum
241 1364 565 1420 deterioris:
586 1371 671 1420 est
697 1371 888 1422 autem
921 1371 1205 1441 optimum
1227 1373 1287 1427 in
1312 1375 1504 1429 animo
1527 1376 1752 1446 sapien-

62 1452 159 1516 tia,
202 1457 284 1507 est
314 1452 376 1506 in
404 1470 642 1524 corpore
673 1456 987 1526 pessimum
1023 1460 1204 1515 dolor.
1238 1461 1541 1517 Summum
1574 1464 1754 1534 igitur

59 1540 273 1594 bonum
301 1541 552 1595 hominis
580 1559 799 1614 sapere,
825 1561 1115 1601 summum
1147 1549 1362 1603 malum
1382 1550 1590 1615 dolere,
1627 1552 1750 1607 sine

60 1631 194 1697 ulla,
233 1634 292 1684 ut
336 1631 564 1700 opinor,
608 1633 849 1688 falsitate
898 1636 1275 1691 concluditur.
1330 1642 1402 1694 It.
1457 1640 1747 1695 Posterius

60 1719 168 1772 ista
208 1719 545 1775 videbimus.
594 1722 765 1777 Aliud
810 1723 965 1778 enim
1012 1726 1250 1780 fortasse
1305 1727 1468 1781 nobis
1508 1727 1633 1799 ipsa
1678 1733 1750 1783 ad

58 1824 227 1877 quam
256 1809 551 1878 pervenire
581 1809 822 1865 nitimur
846 1813 1122 1883 sapientia
1146 1816 1534 1884 persuadebit.
1561 1817 1619 1872 Si
1645 1833 1747 1870 au-

56 1899 173 1949 tem
196 1896 300 1950 hoc
326 1912 443 1950 esse
474 1913 669 1952 verum
700 1894 1033 1970 ostenderit,
1064 1903 1211 1956 hanc
1243 1904 1311 1957 de
1343 1921 1566 1959 summo
1595 1906 1748 1959 bono

57 1989 109 2037 et
129 2001 353 2038 summo
372 1986 521 2040 malo
534 1987 873 2042 sententiam
889 1989 1010 2043 sine
1028 1990 1386 2047 dubitatione
1402 1994 1744 2049 tenebimus.

56 2074 277 2127 CAPUT
313 2074 453 2128 XIII.
486 2104 552 2114 -
586 2075 853 2141 Quomodo
899 2083 948 2131 et
1006 2079 1200 2147 quibus
1237 2082 1500 2148 gradibus
1538 2085 1749 2153 perspi-

440 2164 618 2217 ciatur
644 2167 935 2233 sapientia.
975 2169 1147 2223 Amor
1176 2184 1355 2224 verus.

120 2252 209 2304 22.
244 2252 405 2306 Nunc
432 2250 571 2305 illud
604 2253 936 2323 quaerimus,
960 2256 1144 2326 qualis
1165 2257 1239 2311 sis
1266 2262 1491 2313 amator
1519 2259 1744 2329 sapien-

50 2339 164 2405 tia),
194 2356 367 2409 quam
397 2340 710 2396 castissime
730 2349 1036 2413 conspectu
1067 2350 1238 2417 atque
1261 2349 1549 2417 amplexu,
1582 2349 1743 2405 nullo

48 2427 384 2498 interposito
416 2429 738 2483 velamento
786 2432 949 2501 quasi
980 2432 1194 2487 nudam
1225 2433 1419 2488 videre
1457 2450 1519 2486 ac
1548 2438 1744 2489 tenere

50 2517 358 2583 desideras,
390 2517 620 2588 qualem
663 2534 721 2572 se
765 2518 864 2573 illa
891 2536 1006 2574 non
1039 2520 1194 2589 sinit,
1227 2521 1339 2576 nisi
1386 2521 1743 2591 paucissimis

50 2611 103 2657 et
136 2605 487 2660 electissimis
529 2607 881 2662 amatoribus
917 2609 1059 2664 suis.
1105 2612 1194 2665 An
1229 2627 1363 2666 vero
1408 2610 1457 2663 si
1505 2611 1744 2681 alicujus

48 2693 297 2763 pulchra:
334 2693 563 2748 feminae
614 2711 808 2750 amore
858 2698 1149 2768 ﬂagrares,
1184 2699 1314 2769 jure
1364 2715 1422 2753 se
1470 2699 1579 2753 tibi
1626 2716 1745 2754 non

46 2784 228 2848 daret,
258 2782 305 2836 si
331 2783 482 2837 aliud
514 2783 613 2837 abs
637 2788 693 2838 te
724 2785 1037 2857 quidquam
1067 2793 1275 2857 praeter
1302 2804 1360 2842 sc
1391 2787 1571 2841 amari
1594 2803 1745 2842 com-

45 2873 310 2941 perisset;
345 2872 640 2944 sapientia:
660 2891 719 2929 se
739 2876 843 2929 tibi
867 2877 1180 2931 castissima
1210 2877 1597 2948 pulchritudo,
1630 2877 1743 2931 nisi

44 2963 224 3015 solam
271 2963 492 3029 arseris,
548 2964 999 3020 demonstrabit?
1043 2968 1115 3021 Α.
1174 2966 1319 3030 Quid
1367 2982 1502 3037 ergo
1555 2967 1743 3020 adhuc

44 3052 362 3121 suspendor
388 3052 605 3121 infelix,
628 3058 683 3107 et
701 3054 955 3110 cruciatu
975 3055 1285 3110 miserabili
1316 3055 1589 3110 differor?
1616 3057 1739 3110 Jam

42 3145 196 3193 certe
240 3141 459 3195 ostendi
508 3141 652 3196 nihil
682 3141 838 3197 aliud
888 3159 978 3197 me
1009 3160 1219 3209 amare,
1266 3143 1548 3214 siquidem
1587 3144 1739 3214 quod

44 3246 161 3282 non
184 3234 419 3300 propter
434 3246 491 3282 se
517 3235 761 3297 amatur,
782 3248 900 3285 non
921 3236 1171 3287 amatur.
1204 3234 1318 3303 Ego
1345 3236 1538 3286 autem
1560 3232 1738 3286 solam

40 3321 279 3385 propter
323 3333 383 3370 se
414 3333 543 3371 amo
599 3318 961 3388 sapientiam,
1015 3324 1219 3374 caetera
1248 3336 1382 3375 vero
1412 3321 1499 3375 vel
1542 3321 1737 3375 adesse

39 3403 188 3457 mihi
217 3405 364 3471 volo,
396 3406 483 3459 vel
535 3406 730 3460 deesse
777 3407 951 3462 timeo
1000 3413 1236 3479 propter
1272 3408 1487 3479 ipsam;
1540 3410 1733 3477 vitam,

37 3491 315 3562 quietem,
344 3493 575 3548 amicos.
608 3495 787 3559 Quem
814 3497 1053 3551 modum
1083 3502 1279 3552 autem
1303 3502 1490 3568 potest
1519 3498 1729 3553 habere

36 3579 204 3634 illius
231 3581 669 3651 pulchritudinis
716 3600 897 3652 amor,
915 3584 976 3638 in
1006 3602 1119 3656 qua
1140 3602 1255 3639 non
1285 3587 1470 3639 solum
1500 3602 1613 3639 non
1639 3587 1734 3639 in-

39 3670 212 3723 video
233 3670 472 3736 czeteris,
505 3672 602 3726 sed
631 3672 803 3726 etiam
834 3673 1112 3743 plurimos
1145 3691 1342 3746 quaero
1378 3675 1479 3747 qui
1508 3690 1734 3729 mecum

36 3763 328 3830 appetant,
366 3776 592 3814 mecum
638 3760 882 3827 inhient,
914 3778 1139 3817 mecum
1176 3768 1429 3831 teneant,
1477 3780 1734 3818 mecum-

33 3865 150 3919 que
182 3848 574 3917 perfruantur;
609 3853 765 3903 tanto
794 3849 940 3904 mihi
969 3851 1268 3906 amiciores
1298 3852 1495 3920 futuri,
1523 3856 1736 3924 quanto

32 3936 148 3992 erit
168 3937 334 3990 nobis
363 3943 550 3992 amata
578 3938 954 3993 communior.

105 4028 199 4080 23.
240 4028 304 4080 Β.
334 4028 570 4081 Prorsus
592 4028 731 4081 tales
760 4044 879 4081 esse
909 4032 1190 4083 amatores
1218 4029 1512 4100 sapientia}
1542 4029 1726 4083 decet.

25 4114 193 4167 Tales
233 4114 441 4183 quaerit
484 4114 582 4169 illa
625 4115 785 4185 cujus
830 4132 959 4170 vere
1001 4122 1153 4171 casta
1199 4123 1300 4183 est,
1350 4122 1407 4171 et
1452 4117 1573 4171 sine
1619 4119 1735 4171 ulla

27 4202 522 4257 contaminatione
553 4204 898 4270 conjunctio.
931 4206 1037 4260 Sed
1076 4222 1193 4260 non
1223 4207 1295 4261 ad
1341 4222 1467 4260 eam
1497 4222 1614 4260 una
1644 4207 1734 4259 via

29 4290 371 4360 pervenitur
396 4292 502 4363 (a).
537 4293 756 4363 Quippe
778 4310 881 4364 pro
906 4311 1008 4348 sua
1033 4294 1276 4365 quisque
1298 4294 1536 4348 sanitate
1556 4311 1618 4347 ac
1642 4296 1736 4347 fir-

28 4379 234 4432 mitate
274 4381 704 4450 comprehendit
742 4382 880 4436 illud
928 4383 1216 4453 singulare
1263 4400 1327 4437 ac
1372 4383 1735 4436 verissimum

26 4468 275 4521 bonum.
311 4469 426 4523 Lux
458 4475 541 4523 est
570 4471 833 4540 quazdam
865 4470 1167 4525 ineffabilis
1198 4476 1252 4525 et
1288 4470 1733 4541 incomprehen-

24 4555 216 4610 sibilis
236 4557 536 4612 mentium.
570 4561 686 4613 Lux
706 4558 816 4614 ista
835 4560 1085 4630 vulgaris
1104 4577 1208 4614 nos
1229 4560 1430 4615 doceat
1455 4564 1733 4631 quantum

22 4649 238 4714 potest,
270 4647 560 4716 quomodo
592 4664 649 4701 se
695 4647 841 4702 illud
868 4648 1093 4703 habeat.
1129 4649 1270 4704 Nam
1301 4654 1433 4702 sunt
1475 4647 1734 4702 nonnulli

22 4733 181 4787 oculi
209 4737 327 4788 tam
348 4735 472 4789 sani
501 4739 556 4789 et
581 4737 785 4808 vegeti,
818 4738 919 4809 qui
942 4754 1020 4801 se,
1045 4754 1176 4791 mox
1208 4742 1273 4792 ut
1288 4737 1473 4808 aperti
1494 4737 1729 4802 fuerint,

22 4820 81 4873 in
116 4821 310 4891 ipsum
343 4823 518 4877 solem
552 4823 673 4878 sine
704 4826 823 4879 ulla
848 4825 1225 4897 trepidatione
1251 4829 1600 4880 convertant.
1638 4825 1734 4879 His

22 4909 460 4979 quodammodo
490 4912 614 4983 ipsa
645 4914 744 4968 lux
782 4915 992 4970 sanitas
1039 4919 1141 4981 est,
1176 4932 1280 4969 nec
1310 4915 1542 4969 doctore
1582 4914 1731 4968 indi-

21 5002 168 5067 gent
196 4996 242 5063 ί,
287 5000 386 5054 sed
432 5002 552 5056 sola
592 5002 827 5057 fortasse
874 5003 1286 5058 admonitione.
1334 5002 1428 5057 His
1480 5003 1719 5065 credere,

21 5102 285 5157 sperare,
317 5104 508 5144 amare
538 5090 673 5145 satis
719 5095 819 5146 est.
851 5092 963 5146 Alii
993 5108 1124 5145 vero
1163 5091 1288 5161 ipso
1326 5107 1499 5161 quem
1541 5090 1732 5145 videre

21 5174 404 5230 vehementer
431 5178 775 5245 desiderant,
820 5180 1046 5249 fulgore
1092 5179 1396 5245 feriuntur,
1430 5183 1485 5233 et
1513 5195 1577 5232 eo
1617 5196 1732 5233 non

21 5264 144 5317 viso
163 5280 320 5335 saepe
334 5264 394 5319 in
416 5267 679 5321 tenebras
697 5284 829 5322 cum
850 5268 1221 5323 delectatione
1242 5267 1499 5322 redeunt.
1516 5266 1733 5330 Quibus

81 5418 93 5449 ι
126 5414 289 5464 Edd.:
329 5418 457 5481 Ipsa
480 5419 683 5481 sanitas
717 5418 830 5467 dua:
860 5421 1061 5477 est,nec
1089 5419 1310 5470 ductore
1330 5417 1579 5481 indigent.
1607 5418 1731 5467 Tres

21 5478 168 5533 Mss-3.,
188 5481 323 5538 Ipsa
344 5478 441 5529 tua:
460 5479 662 5528 sanitas
682 5485 774 5535 est.
797 5494 890 5529 nec
912 5482 1137 5532 doctore.

76 5541 160 5600 (α)
188 5545 207 5590 I
242 5541 495 5601 Retract.,
525 5555 639 5604 cap.
677 5544 724 5603 4,
750 5556 801 5591 n.
829 5546 874 5591 3.

3468 297 3574 351 882

1874 405 2260 475 periculosum
2297 411 2397 472 est,
2442 408 2701 478 quamvis
2737 409 2859 479 jam
2903 410 3109 465 talibus
3156 416 3220 468 ut
3262 414 3384 468 sani
3424 421 3573 471 recte

1872 493 1983 547 dici
2020 493 2259 563 possint,
2294 496 2435 548 velle
2484 497 2782 551 ostendere
2816 498 2969 569 quod
3014 500 3197 555 adhuc
3227 501 3419 557 videre
3457 521 3573 559 non

1869 582 2078 638 valent.
2114 585 2259 650 Ergo
2291 583 2384 637 isti
2407 586 2706 639 exercendi
2737 592 2872 640 sunt
2897 587 3075 657 prius,
3102 593 3381 644 eteorum
3413 608 3573 645 amor

1868 671 2088 726 utiliter
2117 671 2466 726 differendus
2487 677 2657 744 atque
2688 674 3027 730 nutriendus
3049 683 3158 733 est.
3190 678 3381 733 Primo
3414 680 3569 735 enim

1869 760 2133 830 quaedam
2149 760 2261 814 illis
2276 761 2720 816 demonstranda
2733 769 2865 818 sunt
2882 781 3010 835 qum
3024 782 3140 819 non
3156 782 3260 836 per
3279 784 3335 822 se
3358 769 3568 836 lucent,

1868 848 1966 902 sed
2003 864 2107 918 per
2147 850 2335 903 lucem
2374 850 2553 904 videri
2587 852 2827 921 possint,
2862 858 2925 906 ut
2971 856 3159 920 vestis,
3214 861 3313 910 aut
3358 857 3563 927 paries,

1866 941 1966 989 aut
2003 936 2219 1007 aliquid
2250 938 2477 991 horum.
2512 938 2728 994 Deinde
2760 941 2913 1011 quod
2940 957 3055 994 non
3085 958 3188 1012 per
3220 960 3277 997 se
3310 945 3564 1015 quidem,

1866 1024 1965 1078 sed
1994 1029 2185 1079 tamen
2230 1041 2333 1095 per
2362 1027 2521 1079 illam
2580 1027 2765 1081 lucem
2820 1028 3119 1097 pulchrius
3160 1031 3449 1101 eifulgeat,
3503 1039 3567 1086 ut

1866 1128 2091 1179 aurum,
2127 1119 2428 1181 argentum
2469 1118 2525 1167 et
2556 1115 2788 1184 Similia,
2820 1132 2926 1170 nec
2956 1122 3149 1171 tamen
3175 1120 3253 1173 ita
3283 1122 3567 1174 radiatum

1864 1205 1927 1254 ut
1948 1202 2138 1255 oculos
2160 1203 2348 1255 laedat.
2390 1204 2546 1256 Tunc
2570 1204 2806 1257 fortasse
2837 1209 3097 1259 terrenus
3126 1207 3231 1262 iste
3253 1209 3402 1278 ignis
3436 1226 3556 1263 mo-

1865 1288 2021 1342 deste
2055 1290 2533 1344 demonstrandus
2560 1296 2661 1357 est,
2696 1293 2901 1346 deinde
2933 1293 3138 1360 sidera,
3172 1296 3373 1350 deinde
3406 1299 3562 1365 luna,

1864 1375 2068 1429 deinde
2110 1392 2330 1429 aurora:
2378 1378 2586 1447 fulgor,
2639 1384 2696 1432 et
2741 1380 3077 1434 albescentis
3108 1383 3232 1436 coeli
3287 1385 3459 1439 nitor.
3502 1388 3562 1440 In

1861 1464 2071 1535 quibus
2103 1481 2200 1518 seu
2223 1465 2388 1519 citius
2419 1482 2518 1520 seu
2537 1467 2775 1537 tardius,
2799 1468 2912 1521 sive
2934 1485 3037 1538 per
3058 1474 3241 1523 totum
3276 1473 3559 1539 ordinem,

1860 1554 1976 1607 sive
2016 1554 2360 1624 quibusdam
2389 1556 2749 1626 contemptis,
2784 1573 2889 1625 pro
2935 1574 3034 1611 sua
3066 1559 3308 1630 quisque
3344 1563 3563 1615 valetu-

1858 1641 1989 1696 dine
2031 1658 2378 1708 assuescens,
2412 1643 2532 1697 sine
2563 1644 2941 1713 trepidatione
2975 1652 3032 1701 et
3062 1664 3190 1701 cum
3222 1665 3434 1719 magna
3462 1668 3559 1705 vo-

1858 1730 2075 1800 luptate
2116 1732 2294 1785 solem
2322 1731 2550 1785 videbit.
2589 1734 2719 1786 Tale
2752 1733 2969 1804 aliquid
3001 1736 3301 1805 sapientia)
3331 1739 3557 1793 studio-

1858 1818 2117 1887 sissimis,
2160 1836 2265 1873 nec
2312 1824 2495 1885 acute,
2524 1820 2643 1890 jam
2678 1824 2871 1876 tamen
2914 1822 3258 1886 videntibus,
3300 1826 3558 1896 magistri

1858 1900 2061 1977 op'timi
2088 1908 2321 1961 faciunt.
2355 1909 2499 1961 Nam
2521 1908 2719 1961 ordine
2742 1910 2993 1979 quodam
3015 1911 3083 1964 ad
3108 1927 3235 1963 eam
3258 1914 3557 1981 pervenire

1855 1994 2021 2048 honre
2051 1995 2368 2064 disciplinae
2412 1995 2663 2049 ofticium
2696 2001 2796 2061 est,
2849 1997 2969 2051 sine
3002 1998 3203 2052 ordine
3235 2011 3427 2054 autem
3464 2004 3555 2056 vix

1856 2082 2143 2137 credibilis
2172 2083 2475 2138 felicitatis.
2526 2085 2636 2139 Sed
2682 2084 2854 2139 hodie
2898 2086 3050 2154 satis,
3099 2091 3165 2140 ut
3210 2093 3372 2158 puto,
3418 2090 3553 2144 scri-

1853 2170 2110 2241 psimus;
2140 2172 2486 2241 parcendum
2519 2176 2600 2227 est
2628 2172 2962 2227 valetudini.

1856 2260 2081 2314 CAPUT
2112 2261 2247 2315 XIV.
2279 2290 2348 2300 —
2376 2263 2513 2330 Ipsa
2542 2264 2815 2331 sapientia
2842 2262 3084 2317 medetur
3102 2265 3269 2319 oculis
3289 2269 3349 2318 ut
3381 2265 3556 2320 videri

2608 2353 2804 2420 possit.

1923 2438 2011 2491 2t.
2045 2439 2119 2492 Α.
2178 2440 2243 2492 Et
2284 2438 2394 2491 alio
2425 2438 2547 2493 die:
2594 2441 2695 2508 Da,
2753 2455 2970 2509 quaeso,
3029 2439 3288 2510 inquam,
3330 2441 3451 2510 jam
3507 2441 3553 2494 si

1855 2529 2033 2595 potes,
2068 2526 2233 2580 illum
2264 2527 2549 2583 ordinem.
2579 2528 2717 2594 Duc,
2749 2544 2853 2598 age
2876 2544 2989 2598 qua
3016 2528 3119 2593 vis,
3152 2545 3254 2599 per
3287 2545 3413 2598 qua:
3444 2529 3547 2599 vis,

1854 2614 2140 2683 quomodo
2172 2615 2272 2669 vis.
2324 2618 2550 2686 Impera
2580 2616 2794 2687 quaevis
2839 2617 3002 2681 dura,
3053 2617 3323 2687 quaelibet
3354 2618 3548 2679 ardua,

1854 2718 1982 2773 quas
2015 2704 2290 2758 tamenin
2320 2720 2448 2758 mea
2500 2708 2783 2773 potestate
2832 2704 2964 2771 sint,
2999 2721 3101 2774 per
3133 2721 3261 2775 qua:
3309 2720 3399 2758 me
3439 2721 3552 2774 quo

1852 2790 2133 2859 desidero,
2187 2798 2598 2862 perventurum
2631 2808 2750 2846 esse
2794 2808 2911 2846 non
2944 2792 3217 2847 dubitem.
3243 2796 3305 2847 Β.
3366 2793 3549 2845 Unum

1850 2883 1935 2933 est
1958 2882 2109 2950 quod
2146 2881 2251 2935 tibi
2297 2897 2531 2951 possum
2581 2881 2891 2950 praecipere
2923 2880 3066 2933 nihil
3097 2881 3226 2949 plus
3257 2880 3406 2933 novi.
3442 2882 3545 2933 Pe-

1850 2967 2002 3021 nitus
2024 2984 2141 3022 esse
2160 2969 2269 3022 ista
2282 2969 2572 3023 sensibilia
2586 2969 2856 3039 fugienda
2871 2968 2971 3039 (a),
2987 2970 3417 3038 cavendumque
3432 2984 3548 3021 ma-

1848 3072 2122 3126 gnopere,
2147 3058 2285 3111 dum
2312 3057 2417 3111 hoc
2442 3074 2645 3128 corpus
2671 3057 2916 3128 agimus,
2942 3073 3014 3112 ne
3043 3074 3156 3127 quo
3178 3072 3377 3111 eorum
3400 3057 3547 3111 visco

1848 3161 2053 3215 pennae
2077 3148 2291 3199 nostrae
2315 3145 2727 3216 impediantur,
2763 3146 2971 3217 quibus
3001 3146 3238 3215 integris
3260 3145 3545 3215 perfectis-

1847 3249 1958 3304 que
1989 3248 2133 3303 opus
2164 3237 2268 3299 est,
2296 3237 2362 3287 ut
2391 3234 2461 3287 ad
2504 3234 2663 3287 illam
2693 3235 2881 3289 lucem
2920 3235 2991 3289 ab
3022 3235 3109 3289 his
3137 3234 3383 3288 tenebris
3413 3251 3545 3290 evo-

1844 3321 2060 3375 lemus:
2096 3337 2223 3391 quas
2255 3338 2313 3375 se
2340 3338 2412 3375 ne
2446 3323 2745 3377 ostendere
2789 3322 3020 3393 quidem
3053 3321 3324 3392 dignatur
3353 3322 3410 3375 in
3440 3324 3546 3378 hac

1845 3425 2014 3464 cavea
2055 3409 2309 3476 inclusis,
2360 3410 2469 3463 nisi
2510 3412 2653 3465 tales
2688 3411 2904 3465 fuerint
2948 3416 3011 3465 ut
3044 3411 3150 3463 ista
3184 3411 3271 3463 vel
3315 3410 3544 3463 eliracta

1844 3498 1931 3550 vel
1958 3496 2234 3551 dissoluta
2272 3498 2494 3568 possint
2520 3498 2582 3551 in
2629 3514 2796 3552 auras
2827 3515 2955 3552 suas
3006 3498 3263 3552 evadere.
3322 3499 3538 3566 Itaque,

1845 3586 2075 3656 quando
2106 3586 2281 3639 fueris
2326 3587 2454 3640 talis
2502 3591 2566 3640 ut
2607 3586 2752 3640 nihil
2795 3592 2850 3640 te
2895 3602 3130 3656 prorsus
3180 3589 3541 3638 terrenorum

1845 3673 2105 3740 delectet,
2138 3674 2282 3727 mihi
2313 3674 2498 3741 crede,
2530 3675 2733 3728 eodem
2757 3679 3069 3739 momento,
3103 3672 3305 3727 eodem
3327 3673 3540 3743 puncto

1844 3762 2117 3832 temporis
2165 3762 2382 3817 videbis
2412 3763 2563 3833 quod
2622 3762 2799 3833 cupis.
2854 3763 2922 3817 A.
2959 3762 3193 3826 Quando
3223 3761 3375 3815 istud
3410 3762 3539 3831 erit,

1843 3866 1943 3904 oro
1976 3853 2072 3905 te?
2106 3852 2232 3905 Non
2278 3851 2433 3905 enim
2455 3856 2595 3922 puto
2624 3868 2789 3922 posse
2819 3850 2963 3905 mihi
2993 3852 3115 3904 haec
3143 3850 3205 3904 in
3245 3866 3537 3904 summum

1844 3939 2036 3993 venire
2085 3944 2500 4010 contemptum,
2558 3939 2667 3993 nisi
2696 3939 2888 3995 videro
2918 3938 3061 3994 illud
3092 3938 3153 3993 in
3195 3939 3355 4010 cujus
3385 3955 3541 3993 com-

1842 4028 2143 4098 paratione
2181 4028 2288 4082 ista
2318 4029 2661 4083 sordescant.

1912 4119 1999 4171 25.
2032 4120 2095 4172 Β.
2136 4119 2251 4171 Hoc
2281 4118 2452 4172 modo
2482 4124 2673 4189 posset
2714 4122 2772 4172 et
2804 4117 2907 4171 iste
2938 4116 3135 4170 oculus
3167 4116 3422 4187 corporis
3454 4118 3539 4171 di-

1843 4221 1997 4260 cere:
2032 4207 2177 4259 Tum
2222 4205 2485 4259 tenebras
2516 4222 2630 4259 non
2673 4206 2900 4274 amabo,
2938 4221 3068 4259 cum
3101 4206 3280 4258 solem
3310 4204 3529 4260 videro.

1842 4294 2077 4348 Videtur
2098 4296 2253 4347 enim
2269 4294 2433 4363 quasi
2457 4297 2513 4347 et
2530 4294 2639 4347 hoc
2658 4295 2725 4347 ad
2756 4294 3015 4347 ordinem
3045 4292 3347 4363 pertinere,
3381 4292 3536 4361 quod

1840 4381 2012 4451 longe
2038 4384 2122 4434 est
2151 4397 2331 4434 secus.
2364 4385 2535 4435 Amat
2565 4381 2721 4435 enim
2750 4382 3034 4445 tenebras,
3068 4396 3135 4434 eo
3167 4381 3321 4450 quod
3365 4396 3537 4433 sanus

1843 4486 1957 4523 non
1984 4474 2099 4537 est;
2142 4470 2321 4523 solem
2352 4474 2542 4523 autem
2576 4469 2687 4524 nisi
2731 4487 2903 4524 sanus
2928 4470 3120 4523 videre
3151 4484 3269 4522 non
3312 4474 3526 4538 potest.

1844 4560 1910 4612 Et
1932 4558 1992 4612 in
2014 4574 2079 4612 eo
2100 4575 2249 4629 saepe
2267 4558 2483 4613 fallitur
2502 4560 2746 4625 animus,
2773 4563 2837 4613 ut
2857 4574 3059 4612 sanum
3086 4573 3143 4610 se
3167 4561 3327 4627 putet
3343 4562 3398 4611 et
3414 4574 3535 4611 sese

1834 4646 2039 4716 jactet;
2062 4651 2117 4701 et
2137 4648 2269 4718 quia
2298 4648 2553 4703 nondum
2577 4648 2750 4713 videt,
2781 4646 2957 4701 veluti
2982 4647 3110 4716 jure
3139 4646 3529 4717 conqueritur.

1839 4736 2003 4791 Novit
2025 4740 2216 4790 autem
2240 4736 2337 4791 illa
2364 4736 2735 4807 pulchritudo
2759 4735 2987 4805 quando
3015 4750 3073 4789 se
3103 4735 3384 4789 ostendat.
3406 4736 3535 4805 Ipsa

1841 4826 1993 4880 enim
2022 4826 2229 4880 medici
2257 4825 2517 4895 fungitur
2536 4840 2793 4889 munere,
2817 4823 3132 4893 meliusque
3147 4823 3416 4893 intelligit
3434 4824 3532 4893 qui

1840 4914 1953 4966 sint
1965 4913 2085 4967 sani
2097 4928 2290 4983 ,quam
2305 4912 2477 4966 iidem
2490 4911 2598 4981 ipsi
2612 4910 2710 4981 qui
2724 4914 2920 4964 sanant
2930 4925 3015 4964 ur.
3034 4911 3145 4965 Nos
3157 4916 3348 4965 autem
3364 4926 3535 4980 quan-

1839 5006 1962 5055 tum
2001 5000 2419 5065 emerserimus,
2471 4999 2732 5053 videmur
2778 4999 2941 5053 nobis
2983 5000 3207 5054 videre:
3253 5004 3531 5071 quantum

1841 5094 2031 5144 autem
2062 5090 2232 5144 mersi
2262 5104 2508 5151 eramus,
2541 5092 2597 5142 et
2628 5104 2741 5158 quo
2768 5088 3057 5158 progressi
3086 5089 3395 5153 fueramus,
3428 5102 3531 5140 nec

1840 5178 2112 5249 cogitare,
2144 5194 2248 5232 nec
2277 5176 2485 5230 sentire
2512 5176 2919 5246 permittimur,
2947 5177 3080 5231 etin
3110 5176 3529 5246 comparatione

1840 5266 2113 5337 gravioris
2130 5266 2317 5320 morbi
2339 5281 2506 5319 sanos
2537 5280 2657 5318 esse
2685 5281 2789 5319 nos
2818 5265 3118 5319 credimus.
3153 5266 3351 5319 Nonne
3377 5262 3530 5315 vides

1841 5373 2015 5426 quam
2043 5355 2219 5409 veluti
2249 5354 2432 5409 securi
2474 5355 2743 5408 hesterno
2792 5354 2882 5408 die
2929 5354 3523 5425 pronuntiaveramus,

1842 5445 1998 5498 nulla
2022 5444 2143 5513 jam
2174 5457 2276 5495 nos
2297 5445 2455 5511 peste
2488 5441 2754 5508 detineri,
2792 5442 3052 5514 nihilque
3083 5456 3271 5495 amare
3301 5436 3409 5493 nisi
3441 5454 3529 5491 sa-

1904 5540 1977 5600 (a)
2012 5540 2143 5589 Ibid.
