4062 6188
459 252 563 304 883

454 371 765 442 pientiam;
791 376 995 428 caetera
1015 390 1146 429 vero
1171 390 1288 429 non
1306 375 1416 429 nisi
1435 378 1674 445 propter
1701 373 1869 428 istam
1898 389 2156 444 quaerere

460 467 561 516 aut
588 463 770 516 velle?
815 463 996 528 Quam
1023 464 1127 519 tibi
1175 464 1456 530 sordidus,
1512 479 1686 534 quam
1732 463 1936 532 foedus,
1984 481 2158 536 quam

461 550 820 606 exsecrabilis
871 568 1042 623 quam
1073 551 1366 607 horribilis
1398 553 1728 623 complexus
1755 551 2038 607 femineus
2074 553 2157 607 vi-

464 640 723 706 debatur,
756 640 985 710 quando
1020 640 1168 693 inter
1197 656 1302 693 nos
1333 640 1403 693 de
1433 640 1631 693 uxoris
1661 639 1970 709 cupiditate
1999 656 2158 712 quae-

465 727 639 782 situm
668 728 780 782 est!
815 728 977 783 Certe
1005 727 1115 782 ista
1145 732 1306 782 nocte
1338 728 1662 799 vigilantes,
1693 744 1823 782 cum
1854 744 2050 783 rursus
2075 744 2162 782 ea-

466 817 594 871 dem
618 816 913 870 nobiscum
933 832 1253 886 ageremus,
1280 817 1503 870 sensisti
1525 833 1696 887 quam
1720 821 1774 870 te
1800 817 1968 872 aliter
1989 832 2162 888 quam

467 921 931 976 praesumpseras,
964 904 1290 974 imaginata:
1307 905 1421 959 illa:
1435 905 1727 959 blanditia
1749 910 1806 960 et
1823 921 2018 960 amara
2036 922 2163 959 sua-

469 993 610 1047 vitas
641 993 978 1060 titillaverit;
1023 993 1194 1063 longe
1252 994 1485 1063 quidem
1526 996 1694 1064 longe
1743 994 1935 1048 minus
1990 1010 2165 1065 quam

472 1086 634 1153 solet,
681 1084 777 1137 sed
822 1083 960 1138 item
991 1084 1164 1152 longe
1195 1083 1362 1137 aliter
1407 1099 1580 1153 quam
1611 1087 1948 1153 putaveras;
1989 1087 2051 1136 ut
2089 1083 2168 1136 sic

472 1173 578 1227 tibi
603 1172 1011 1226 secretissimus
1040 1172 1135 1225 ille
1181 1171 1436 1226 medicus
1469 1176 1777 1242 utrumque
1808 1172 2165 1226 demonstra-

473 1265 580 1328 ret,
604 1265 660 1314 et
697 1261 850 1315 unde
881 1276 1017 1314 cura
1046 1260 1168 1330 ejus
1196 1259 1464 1328 evaseris,
1494 1264 1549 1314 et
1575 1259 1713 1330 quid
1740 1261 2059 1315 curandum
2086 1275 2170 1313 re-

476 1353 722 1404 maneat.

547 1441 636 1492 26.
697 1438 768 1491 Α.
825 1438 987 1501 Tace,
1029 1437 1281 1501 obsecro,
1342 1439 1485 1490 tace.
1539 1435 1687 1500 Quid
1721 1435 1976 1490 crucias?
2033 1435 2171 1507 quid

478 1531 701 1580 tantum
729 1524 873 1578 fodis
902 1525 1129 1595 alteque
1164 1523 1497 1579 descendis?
1523 1525 1647 1578 Jam
1677 1524 1813 1578 flere
1851 1541 1967 1579 non
2005 1526 2171 1594 duro,

474 1613 715 1684 jamjam
742 1612 881 1666 nihil
914 1613 1206 1683 promitto,
1238 1612 1382 1665 nihil
1410 1628 1718 1681 praesumo,
1745 1629 1818 1666 ne
1844 1629 1936 1667 me
1961 1614 2030 1667 de
2051 1613 2173 1667 istis

481 1702 653 1756 rebus
683 1701 1022 1771 interroges.
1059 1702 1219 1754 Certe
1250 1700 1388 1754 dicis
1417 1700 1573 1770 quod
1600 1699 1696 1754 ille
1736 1701 1855 1771 ipse
1888 1717 2061 1772 quem
2088 1702 2172 1755 vi-

483 1791 617 1844 dere
647 1789 840 1856 ardeo,
890 1789 1113 1842 noverit
1151 1789 1380 1859 quando
1414 1788 1522 1841 sim
1573 1805 1772 1856 sanus;
1819 1789 1987 1845 faciat
2025 1790 2176 1862 quod

484 1880 694 1950 placet:
745 1877 975 1948 quando
1016 1877 1202 1946 placet
1229 1893 1347 1930 sese
1379 1877 1671 1943 ostendat;
1697 1878 1818 1947 jam
1856 1893 1949 1932 me
1991 1883 2176 1932 totum

485 1967 608 2036 ejus
627 1966 942 2020 clementia:
970 1981 1234 2036 curaeque
1261 1964 1578 2020 committo.
1612 1966 1801 2020 Semel
1830 1967 1898 2020 de
1927 1967 2024 2020 illo
2051 1983 2175 2021 cre-

485 2055 603 2109 didi
648 2055 804 2126 quod
851 2054 930 2108 sic
959 2071 1095 2125 erga
1133 2071 1191 2108 se
1229 2054 1458 2109 atfectos
1488 2055 1781 2109 sublevare
1815 2072 1933 2110 non
1961 2061 2169 2111 cesset.

484 2146 598 2215 Ego
624 2143 766 2197 nihil
805 2143 874 2198 de
905 2159 1034 2197 mea
1065 2143 1327 2210 sanitate,
1361 2143 1451 2197 nis
1481 2159 1611 2198 eum
1655 2143 1816 2198 illam
1857 2145 2178 2216 pulchritu-

484 2232 676 2286 dinem
708 2231 922 2297 videro,
971 2230 1379 2301 pronuntiabo.
1432 2235 1496 2286 R.
1537 2233 1773 2285 Prorsus
1830 2233 1972 2287 nihil
2028 2233 2179 2287 aliud

482 2320 675 2375 facias.
709 2320 816 2374 Sed
849 2320 969 2390 jam
1001 2319 1198 2373 cohibe
1227 2323 1282 2372 te
1322 2336 1355 2373 a
1385 2319 1666 2390 lacrymis,
1709 2325 1766 2373 et
1809 2321 2024 2392 stringe
2055 2322 2180 2376 ani-

486 2424 668 2463 mum.
701 2408 936 2462 Multum
960 2407 1196 2461 omnino
1227 2407 1453 2474 flevisti,
1481 2409 1664 2462 ethoc
1681 2409 1914 2463 omnino
1944 2410 2181 2464 morbus

489 2497 597 2552 iste
653 2496 898 2568 pectoris
956 2495 1043 2550 tui
1099 2496 1347 2566 graviter
1394 2495 1617 2566 accipit.
1683 2499 1754 2551 A.
1818 2498 2044 2552 Modum
2100 2498 2184 2552 vis

489 2585 699 2641 habere
745 2585 1021 2652 lacrymas
1057 2601 1235 2654 meas,
1282 2601 1414 2639 cum
1450 2584 1699 2639 miseria).
1762 2601 1907 2640 meae
1949 2588 2182 2643 modum

489 2690 608 2728 non
646 2671 906 2727 videam?
951 2677 1049 2727 aut
1088 2674 1476 2728 valetudinem
1523 2673 1774 2744 corporis
1824 2675 2183 2732 considerare

490 2779 582 2816 me
616 2762 802 2833 jubes,
857 2778 987 2816 cum
1036 2777 1141 2831 ego
1182 2761 1304 2832 ipse
1351 2762 1479 2817 tabe
1523 2763 1815 2817 confectus
1857 2764 2005 2819 sim?
2052 2766 2182 2834 Sed,

489 2867 682 2922 quaeso
711 2855 786 2917 te,
820 2851 865 2904 si
887 2850 1027 2921 quid
1054 2850 1116 2904 in
1139 2866 1230 2904 me
1260 2851 1433 2920 vales,
1451 2855 1516 2905 ut
1544 2867 1634 2905 me
1655 2855 1840 2906 tentes
1869 2869 1974 2923 per
1994 2855 2186 2924 aliqua

490 2938 830 3009 compendia
876 2939 1101 3002 ducere,
1154 2942 1219 2992 ut
1257 2939 1344 2992 vel
1392 2938 1679 2994 vicinitate
1721 2941 2001 2995 nonnulla
2045 2940 2186 2994 lucis

490 3028 663 3095 illius,
697 3043 892 3098 quam,
939 3026 986 3080 si
1031 3025 1165 3097 quid
1213 3026 1448 3096 profeci,
1481 3028 1725 3082 tolerare
1753 3029 1876 3099 jam
1930 3044 2182 3100 possum,

490 3117 681 3187 pigeat
711 3117 902 3169 oculos
932 3115 1143 3169 referre
1175 3115 1246 3169 ad
1272 3115 1396 3169 illas
1425 3117 1709 3184 tenebras,
1753 3133 1895 3187 quas
1942 3118 2182 3188 reliqui;

491 3205 539 3259 si
593 3210 785 3258 tamen
829 3203 1041 3258 relictas
1074 3204 1326 3259 dicendae
1366 3209 1516 3273 sunt,
1571 3221 1701 3276 quae
1762 3207 2001 3262 caecitati
2043 3224 2186 3262 mea:

493 3292 680 3347 adhuc
701 3291 947 3347 blandiri
967 3291 1195 3346 audent.

495 3381 716 3435 CAPUT
746 3381 854 3436 XV.
887 3411 956 3421 —
990 3381 1196 3435 Anima
1247 3380 1508 3448 quomodo
1552 3384 1907 3449 cognoscitur.
1960 3383 2189 3438 Fiducia

1165 3484 1296 3536 erga
1323 3472 1508 3526 Deum.

561 3561 652 3613 27.
684 3561 750 3614 Β.
785 3559 1221 3626 Concludamus,
1282 3559 1328 3613 si
1358 3559 1563 3629 placet,
1617 3558 1723 3613 hoc
1777 3560 2030 3630 primum
2087 3577 2188 3615 vo-

494 3647 711 3712 lumen,
758 3652 825 3701 ut
845 3645 966 3715 jam
1013 3646 1072 3700 in
1105 3647 1354 3702 secundo
1399 3646 1674 3718 aliquam,
1720 3664 1850 3718 quae
1889 3650 2192 3704 commoda

495 3733 821 3801 occurrerit,
853 3736 1255 3806 aggrediamur
1296 3735 1466 3789 viam.
1507 3737 1630 3790 Non
1662 3737 1819 3790 enim
1869 3737 2005 3792 huic
2052 3738 2191 3792 affe-

494 3823 671 3877 ctioni
700 3827 813 3876 tuae
860 3840 892 3877 a
937 3824 1232 3878 moderata
1271 3825 1676 3878 exercitatione
1705 3827 2042 3880 cessandum
2073 3831 2183 3882 est.

496 3912 566 3966 A.
602 3911 728 3964 Non
765 3909 946 3964 sinam
997 3912 1231 3965 omnino
1278 3911 1540 3965 concludi
1570 3912 1722 3966 hunc
1756 3913 2033 3981 libellum,
2080 3914 2191 3968 nisi

496 3998 638 4053 mihi
666 3998 956 4052 modicum
984 4015 1096 4069 quo
1125 3999 1376 4052 intentus
1407 3998 1515 4052 sim
1554 3999 1622 4054 de
1651 4000 1857 4054 vicinia
1886 4003 2024 4056 lucis
2056 4019 2190 4072 ape-

493 4087 696 4142 rueris.
728 4090 797 4142 R.
837 4087 991 4143 Gerit
1019 4087 1122 4141 tibi
1144 4087 1240 4141 ille
1270 4087 1524 4143 medicus
1545 4105 1786 4144 morem.
1825 4091 1966 4144 Nam
1997 4093 2189 4146 nescio

497 4177 624 4249 quis
645 4193 737 4232 me
767 4193 881 4248 quo
912 4181 967 4231 te
991 4177 1194 4232 ducam
1223 4177 1413 4248 fulgor
1450 4177 1656 4233 invitat
1685 4184 1740 4233 et
1768 4181 1969 4250 tangit.
1997 4182 2191 4252 Itaque

499 4266 687 4338 accipe
711 4266 982 4322 intentus.
1032 4267 1104 4322 Α.
1132 4267 1269 4334 Duc,
1302 4282 1401 4320 oro
1433 4272 1510 4334 te,
1545 4284 1607 4322 ac
1637 4283 1775 4338 rape
1836 4284 1949 4339 quo
1981 4269 2087 4324 vis.
2125 4273 2188 4326 Β.

495 4357 762 4411 Animam
803 4362 858 4411 te
903 4360 1052 4410 certe
1097 4355 1254 4422 dicis,
1291 4359 1348 4410 et
1386 4358 1567 4410 Deum
1621 4357 1764 4411 velle
1805 4361 2193 4429 cognoscere?

496 4447 545 4500 A
561 4486 574 4499 .
606 4447 719 4500 Hoc
732 4449 1012 4500 esttotum
1030 4445 1326 4516 negotium
1349 4461 1561 4499 meum.
1581 4448 1650 4501 R.
1675 4445 1902 4501 Nihilne
1915 4447 2191 4518 amplius?

391 4545 396 4548 '
496 4536 569 4589 A.
606 4535 756 4589 Nihil
807 4551 1060 4605 prorsus.
1102 4537 1165 4591 R.
1202 4534 1384 4598 Quid?
1435 4534 1730 4588 veritatem
1760 4551 1875 4590 non
1927 4535 2009 4590 vis
2039 4552 2190 4590 com-

495 4623 888 4692 prehendere?
913 4624 984 4678 A.
1017 4622 1189 4687 Quasi
1216 4638 1348 4676 vero
1379 4622 1592 4692 possim
1621 4623 1744 4677 haec
1771 4623 1881 4678 nisi
1901 4641 2005 4696 per
2033 4625 2194 4679 illam

497 4725 855 4778 cognoscere.
890 4713 955 4766 Β.
991 4713 1134 4781 Ergo
1175 4711 1334 4782 prius
1365 4711 1490 4782 ipsa
1519 4713 1913 4781 cognoscenda
1941 4719 2047 4774 est,
2089 4731 2192 4785 per

499 4814 672 4868 quam
701 4804 940 4868 possunt
965 4799 1063 4854 illa
1081 4799 1365 4871 cognosci.
1388 4801 1459 4855 A.
1485 4800 1640 4854 Nihil
1667 4801 1875 4856 abnuo.
1902 4805 1966 4858 R.
1998 4803 2190 4858 Primo

499 4887 690 4957 itaque
732 4887 876 4942 illud
904 4889 1214 4955 videamus,
1273 4905 1404 4944 cum
1433 4890 1547 4944 duo
1575 4890 1748 4945 verba
1775 4891 1888 4946 sint
1907 4891 2113 4946 veritas
2136 4897 2195 4947 et

500 4991 720 5041 verum,
753 4980 948 5031 utrum
975 4977 1081 5033 tibi
1119 4978 1289 5032 etiam
1322 4994 1414 5032 res
1445 4979 1574 5033 duas
1605 4978 1730 5032 istis
1789 4980 1971 5035 verbis
2015 4980 2191 5051 signi-

500 5061 676 5124 ﬁcari,
720 5078 792 5116 an
840 5077 957 5116 una
984 5063 1261 5118 videatur.
1292 5065 1364 5119 Α.
1396 5065 1531 5119 Dum
1578 5079 1666 5119 res
1698 5065 1988 5123 videntur.
2026 5069 2187 5133 Nam,

501 5156 566 5206 ut
594 5151 744 5206 aliud
773 5156 857 5206 est
883 5152 1108 5206 castitas
1157 5153 1311 5208 aliud
1340 5158 1578 5215 castum,
1609 5158 1665 5209 et
1711 5155 1894 5209 multa
1939 5154 2000 5209 in
2038 5155 2192 5211 hunc

499 5240 769 5306 modum;
796 5240 876 5295 ita
903 5241 1072 5295 credo
1102 5241 1257 5296 aliud
1288 5258 1407 5296 esse
1434 5242 1748 5309 veritatem,
1782 5248 1836 5297 et
1853 5243 2007 5298 aliud
2035 5245 2191 5315 quod

499 5345 696 5386 verum
727 5329 952 5384 dicitur.
1002 5332 1066 5385 R.
1118 5329 1279 5393 Quod
1309 5331 1517 5386 horum
1567 5333 1813 5386 duorum
1844 5337 2011 5402 putas
2068 5349 2191 5388 esse

499 5418 893 5489 praestantius!
946 5419 1020 5474 Α.
1073 5419 1384 5474 Veritatem
1435 5421 1663 5491 opinor.
1696 5423 1822 5476 Non
1852 5421 2006 5476 enim
2036 5426 2189 5477 casto

500 5507 747 5575 castitas,
781 5507 881 5563 sed
909 5507 1161 5563 castitate
1200 5507 1266 5562 ﬁt
1302 5512 1554 5576 castum;
1604 5511 1684 5564 ita
1726 5510 1920 5579 etiam,
1973 5510 2020 5565 si
2049 5511 2190 5583 quid

494 5765 648 5855 x

710 5921 926 6071 λι

1651 251 2114 318 SOLlLOQUlOll
2125 250 2225 308 UM
2266 249 2319 305 S.
2364 248 2722 308 AUGUSTIN
2734 249 2751 302 l
3795 260 3866 313 884

2266 389 2465 428 verum
2496 377 2600 439 est,
2627 370 2863 426 veritate
2894 369 3093 442 utique
3122 385 3323 425 verum
3352 375 3448 426 est.

2338 464 2427 515 28.
2472 465 2536 516 R.
2589 459 2771 525 Quid?
2814 475 2946 514 cum
2989 463 3176 513 castus
3216 458 3420 530 aliquis
3455 461 3694 529 moritur,
3727 480 3870 520 censes

2270 550 2418 604 mori
2449 550 2623 604 etiam
2666 547 3022 603 castitatem?
3065 548 3137 602 Α.
3201 548 3364 601 Nullo
3419 548 3592 604 modo.
3635 553 3693 606 Β.
3749 554 3868 624 Ergo,

2272 655 2402 693 cum
2428 638 2627 693 interit
2674 637 2895 708 aliquid
2925 637 3082 708 quod
3111 652 3311 690 verum
3356 641 3455 702 est,
3488 653 3590 692 non
3616 638 3783 694 interit
3809 659 3868 696 ve-

2272 729 2428 782 ritas.
2469 729 2540 782 A.
2565 726 2864 791 Quomodo
2899 731 3089 779 :i-item
3111 724 3309 780 interit
3336 725 3542 796 aliquid
3560 729 3769 783 verum?
3795 731 3873 785 Nisi

2273 815 2430 871 enim
2459 815 2640 868 video.
2695 817 2758 869 B.
2803 814 2970 869 Miror
2999 819 3053 867 te
3083 813 3234 868 istud
3270 830 3543 884 quaerere:
3591 831 3755 871 nonne
3786 825 3875 873 ante

2276 905 2468 958 oculos
2507 907 2733 958 nostros
2763 902 2949 958 millia
2987 918 3183 957 rerum
3231 903 3483 957 videmus
3518 903 3759 960 interire?
3799 908 3875 960 Nisi

2275 993 2418 1047 forte
2434 997 2601 1063 putas
2621 993 2770 1046 hanc
2791 992 3072 1057 arborem,
3095 996 3194 1045 aut
3213 1007 3332 1044 esse
3359 991 3625 1056 arborem,
3643 993 3725 1047 sed
3739 1009 3874 1048 veram

2277 1097 2394 1136 non
2421 1097 2562 1147 esse,
2595 1086 2694 1135 aut
2721 1085 2872 1135 certe
2897 1079 3130 1134 interire
3155 1096 3271 1134 non
3304 1096 3487 1150 posse.
3513 1080 3749 1144 Quamvis
3769 1084 3874 1136 enim

2279 1186 2397 1224 non
2430 1170 2625 1224 credas
2670 1168 2947 1236 sensibus,
2980 1168 3277 1240 possisque
3308 1169 3654 1240 respondere,
3681 1170 3875 1240 ignorare

2279 1264 2334 1313 te
2363 1275 2596 1330 prorsus
2619 1263 2814 1312 utrum
2843 1258 3012 1312 arbor
3040 1257 3144 1324 sit;
3173 1262 3367 1312 tamen
3393 1257 3530 1312 illud
3555 1273 3663 1312 non
3679 1258 3871 1328 negabis,

2281 1353 2347 1402 ut
2387 1347 2616 1417 opinor,
2662 1363 2858 1402 veram
2906 1363 3027 1400 esse
3077 1347 3359 1412 arborem,
3393 1346 3439 1400 si
3491 1346 3646 1400 arbor
3688 1351 3778 1400 est:
3805 1363 3877 1399 non

2283 1435 2437 1490 enim
2469 1437 2578 1490 hoc
2609 1451 2802 1500 sensu,
2843 1435 2941 1490 sed
2969 1434 3349 1505 intelligentia
3382 1434 3668 1505 judicatur.
3695 1434 3742 1488 Si
3775 1434 3877 1487 enim

2283 1525 2422 1579 falsa
2469 1524 2639 1578 arbor
2667 1528 2774 1592 est,
2822 1540 2940 1578 non
2972 1529 3058 1578 est
3097 1524 3294 1590 arbor;
3334 1524 3380 1577 si
3409 1528 3592 1577 autem
3637 1523 3778 1577 arbor
3811 1529 3878 1584 est,

2285 1630 2417 1667 vera
2442 1613 2513 1666 sit
2530 1629 2755 1666 necesse
2799 1616 2901 1666 est.
2934 1612 3006 1666 Α.
3041 1612 3302 1667 Concedo
3334 1611 3500 1666 istud.
3545 1614 3602 1666 Η.
3634 1610 3755 1676 Quid
3788 1611 3878 1664 illud

2285 1702 2569 1756 alterum?
2598 1717 2788 1754 nonne
2819 1700 3080 1754 concedis
3118 1700 3231 1755 hoc
3280 1715 3459 1770 genus
3487 1715 3666 1754 rerum
3690 1715 3788 1753 esse
3825 1715 3882 1750 ar-
3958 1721 3959 1724 η

2286 1791 2504 1857 berem,
2535 1789 2693 1860 quod
2746 1792 3014 1844 nascatur
3055 1793 3113 1842 et
3149 1787 3427 1842 intereat?
3463 1789 3533 1842 Α.
3581 1788 3765 1858 Negare
3803 1802 3878 1839 non

2287 1895 2539 1950 possum.
2573 1881 2637 1934 R.
2673 1877 3041 1933 Concluditur
3065 1893 3201 1947 ergo
3231 1876 3446 1947 aliquid
3469 1875 3611 1947 quod
3644 1891 3802 1929 verum
3824 1876 3880 1938 sit,

2289 1966 2541 2021 interire.
2576 1967 2650 2021 A.
2685 1967 2812 2020 Non
2863 1964 3248 2020 contravenio.
3285 1968 3346 2021 Β.
3376 1965 3518 2029 Quid
3559 1964 3717 2018 illud?
3751 1977 3877 2016 nonne

2288 2053 2393 2108 tibi
2424 2053 2646 2108 videtur
2685 2053 3104 2107 intereuntibus
3134 2052 3308 2106 rebus
3354 2052 3498 2106 veris
3539 2050 3788 2105 veritatem
3810 2064 3882 2101 non

2289 2141 2545 2207 interire,
2597 2145 2805 2195 utnon
2859 2139 3006 2194 mori
3053 2144 3205 2194 casto
3249 2143 3476 2195 mortuo
3503 2138 3806 2193 castitatem?
3836 2137 3878 2188 A.

2289 2232 2413 2285 Jam
2448 2234 2504 2284 et
2547 2229 2654 2284 hoc
2700 2229 2966 2294 concedo,
3015 2233 3072 2283 et
3119 2244 3469 2301 magnopere
3514 2227 3643 2299 quid
3686 2223 3878 2285 moliar'u,

2293 2323 2577 2389 exspecto.
2610 2321 2674 2373 R.
2709 2319 2853 2388 Ergo
2879 2318 3127 2374 attende.
3153 2319 3224 2372 A.
3269 2318 3441 2372 Isthic
3467 2332 3606 2370 sum.

2363 2411 2452 2462 29.
2507 2410 2571 2463 R.
2625 2408 2839 2461 Verane
2888 2406 2993 2460 tibi
3032 2406 3262 2460 videtur
3305 2406 3414 2460 ista
3460 2402 3735 2459 sententia:
3771 2399 3879 2466 Quid-

2295 2496 2432 2567 quid
2461 2500 2564 2561 est,
2617 2495 2825 2549 alicubi
2855 2511 2973 2550 esse
3001 2495 3262 2566 cogitur?
3317 2496 3391 2548 A.
3425 2493 3570 2548 Nihil
3597 2509 3677 2546 me
3702 2492 3764 2545 sic
3783 2490 3880 2543 ducit

2293 2584 2364 2638 ad
2386 2583 2883 2639 consentiendum.
2915 2586 2979 2640 Β.
3023 2584 3235 2638 Fateris
3267 2588 3459 2638 autem
3489 2598 3602 2636 esse
3645 2576 3884 2635 veritatem?

2294 2675 2364 2727 A.
2403 2674 2620 2726 Fateor.
2671 2675 2738 2728 Β.
2791 2674 2934 2744 Ergo
2985 2673 3082 2727 ubi
3113 2673 3205 2739 sit,
3254 2689 3484 2727 necesse
3521 2677 3601 2725 est
3623 2682 3883 2741 quaeramus;

2295 2777 2409 2815 non
2441 2765 2525 2814 est
2549 2761 2703 2815 enim
2756 2760 2817 2814 in
2846 2762 2988 2826 loco,
3024 2760 3133 2815 nisi
3160 2762 3312 2816 forte
3342 2767 3442 2816 aut
3469 2776 3579 2814 esse
3626 2759 3680 2812 in
3703 2759 3796 2811 loco
3827 2753 3884 2806 ali

2297 2849 2434 2920 quid
2467 2849 2620 2904 aliud
2643 2854 2851 2921 praeter
2891 2866 3116 2921 corpus,
3170 2855 3274 2904 aut
3318 2851 3605 2905 veritatem
3631 2862 3792 2916 corpus
3812 2857 3885 2896 esse

2295 2938 2608 2993 arbitraris.
2641 2940 2711 2993 A.
2758 2939 2908 2994 Nihil
2951 2939 3160 2994 horum
3205 2945 3368 3011 puto.
3430 2942 3494 2994 Β.
3529 2938 3734 2992 Ubinam
3770 2931 3885 3002 igitur

2295 3028 2452 3081 illam
2484 3043 2603 3081 esse
2633 3027 2856 3081 credis?
2888 3029 3015 3082 Non
3044 3028 3200 3081 enim
3233 3044 3517 3099 nusquam
3546 3033 3623 3081 est
3646 3039 3783 3096 quam
3809 3034 3884 3073 esse

2297 3115 2680 3169 concedimus.
2732 3116 2803 3169 Α.
2857 3115 2916 3170 Si
2972 3115 3176 3170 scirem
3221 3117 3326 3171 ubi
3357 3122 3518 3183 esset,
3573 3114 3699 3169 nihil
3723 3112 3882 3165 fortasse

2299 3203 2545 3273 amplius
2593 3219 2932 3273 quaererem.
2981 3207 3045 3259 R.
3097 3204 3314 3258 Saltem
3371 3204 3471 3260 ubi
3521 3219 3625 3257 non
3667 3201 3740 3266 sit,
3782 3200 3884 3267 potes

2299 3293 2672 3363 cognoscere?
2725 3293 2796 3346 A.
2859 3291 2917 3346 Si
2963 3307 3405 3362 commemores,
3469 3293 3684 3348 fortasse
3735 3289 3882 3358 potero.

2300 3382 2370 3435 R.
2407 3381 2531 3435 Non
2560 3386 2644 3434 est
2669 3385 2818 3435 certe
2846 3380 2908 3436 in
2936 3382 3105 3436 rebus
3140 3382 3495 3437 mortalibus.
3530 3374 3772 3449 Quidquid
3787 3371 3882 3425 enim

2301 3474 2405 3537 est,
2437 3471 2498 3524 in
2527 3471 2719 3542 aliquo
2750 3485 2865 3524 non
2894 3475 3084 3542 potest
3102 3487 3362 3542 manere,
3393 3471 3440 3525 si
3469 3486 3576 3525 non
3600 3469 3785 3522 maneat
3797 3456 3881 3514 illud

2299 3559 2361 3613 in
2400 3575 2513 3630 quo
2542 3564 2651 3613 est:
2686 3575 2917 3614 manere
2972 3565 3186 3627 autem,
3230 3561 3407 3615 etiam
3448 3559 3608 3614 rebus
3628 3553 3749 3609 veris
3767 3551 3880 3604 inter-

2302 3648 2587 3716 euntibus,
2619 3649 2918 3703 veritatem
2959 3649 3131 3719 paulo
3161 3655 3298 3704 ante
3345 3662 3654 3704 concessum
3687 3646 3772 3696 est.
3806 3636 3880 3690 Non

2299 3736 2478 3808 igitur
2507 3743 2592 3792 est
2643 3737 2852 3792 veritas
2880 3738 2942 3792 in
2967 3738 3136 3793 rebus
3165 3738 3520 3794 mortalibus.
3551 3737 3636 3791 Est
3659 3735 3805 3786 autem
3825 3737 3878 3775 Ve-

2300 3825 2459 3892 ritas,
2492 3830 2548 3880 et
2577 3841 2693 3880 non
2739 3831 2822 3880 est
2849 3843 3154 3899 nusquam.
3188 3827 3336 3883 Sunt
3361 3828 3533 3898 igitur
3559 3841 3639 3878 res
3675 3817 3883 3899 immorit-

2302 3914 2403 3967 les.
2439 3913 2588 3968 Nihil
2617 3918 2812 3968 autem
2849 3896 3048 3969 verum
3077 3914 3135 3969 in
3166 3931 3283 3986 quo
3314 3896 3514 3969 veritas
3537 3927 3640 3966 non
3661 3914 3742 3962 est.
3769 3896 3881 3956 Conti-

2302 4002 2447 4057 citur
2490 4002 2683 4072 itaque
2713 4018 2832 4057 non
2861 4019 2980 4058 esse
3023 4020 3175 4070 vera,
3209 4003 3324 4058 nisi
3349 4020 3478 4076 quae
3522 4005 3643 4055 sunt
3679 3992 3881 4050 immortb

2303 4091 2396 4145 lia.
2439 4092 2506 4145 Et
2558 4091 2744 4145 omnis
2774 4091 2914 4146 falsa
2957 4092 3142 4159 arbor,
3183 4109 3303 4147 non
3334 4098 3418 4146 est
3467 4089 3641 4154 arbor,
3669 4089 3716 4138 et
3749 4080 3882 4134 falsum

2303 4181 2525 4251 lignum
2553 4196 2668 4235 non
2699 4185 2784 4235 est
2808 4180 3055 4251 lignum,
3082 4186 3138 4235 et
3165 4181 3378 4235 falsum
3423 4182 3697 4250 argentum
3720 4183 3805 4225 non
3835 4163 3883 4213 εει

2303 4273 2627 4339 argentum,
2661 4273 2719 4324 et
2748 4269 3004 4324 omnimo
3042 4271 3328 4342 quidquid
3358 4271 3557 4324 falsum
3585 4269 3676 4327 est,
3701 4272 3790 4314 non
3811 4254 3876 4342 esi-

2305 4337 2484 4413 Omne
2510 4337 2702 4412 autem
2733 4361 2886 4430 quod
2917 4337 3117 4414 verum
3164 4337 3284 4414 non
3315 4365 3418 4428 est,
3448 4359 3638 4414 falsum
3660 4355 3741 4405 est.
3782 4337 3884 4398 Nulli

2304 4448 2482 4520 igitur
2518 4453 2670 4503 recte
2697 4449 2966 4504 dicuntur
3013 4466 3155 4517 esse,
3211 4449 3326 4504 nisi
3356 4442 3693 4503 immortalia.
3720 4431 3880 4520 Hanc}?

2303 4511 2491 4593 tacnm
2522 4538 2901 4592 ratiunculam
2930 4511 3236 4610 diligenter
3269 4537 3569 4601 considera,
3607 4547 3668 4587 ne
3692 4523 3796 4600 quid
3821 4511 3883 4570 ubi

2303 4627 2729 4682 concedendum
2773 4643 2888 4683 non
2937 4609 3056 4682 esse
3102 4627 3386 4683 videatur.
3445 4625 3499 4680 Si
3549 4622 3681 4677 enim
3708 4619 3800 4670 τειᾶ
3818 4609 3881 4660 ei
3958 4665 3959 4682 ἦ

2305 4719 2486 4770 totum
2528 4716 2821 4786 negotium
2850 4733 2997 4787 pene
3023 4717 3397 4781 confecimus,
3437 4711 3580 4787 quod
3617 4709 3669 4764 in
3694 4703 3782 4759 alio
3813 4696 3881 4749 ίυτ·
3958 4741 3959 4744 η

2304 4806 2451 4858 tasse
2481 4803 2628 4858 libro
2653 4805 2860 4860 melius
2885 4806 3203 4877 apparebit.

2377 4893 2462 4947 30.
2497 4895 2568 4947 A.
2606 4893 2794 4948 Habeo
2828 4869 3095 4965 grati-am,
3136 4899 3193 4948 et
3234 4895 3342 4949 ista
3380 4905 3592 4950 mecum
3634 4894 3773 4954 atque
3795 4869 3881 4928 ad”

2303 4985 2512 5049 tecum,
2538 4983 2767 5052 quando
2796 4983 2858 5037 in
2880 4983 3106 5038 silentio
3136 4999 3355 5050 sumus,
3387 4982 3670 5051 diligenter
3691 4969 3884 5052 ωυιέίῐυθ
3958 4967 3959 5008 ἶ

2302 5051 2571 5125 tractabo,
2606 5072 2646 5138 ί,
2707 5071 2753 5126 si
2807 5073 2978 5126 nullae
3043 5073 3298 5128 tenebras
3382 5068 3690 5126 immittunt,
3750 5051 3882 5138 suique

2305 5159 2496 5228 etiam,
2531 5136 2684 5232 quod
2713 5161 3084 5216 vehementer
3110 5161 3382 5229 formido,
3432 5157 3565 5213 mihi
3590 5150 3766 5208 faciant
3785 5136 3882 5194 dele-

2304 5249 2634 5304 ctationem.
2667 5253 2731 5306 R.
2774 5251 3113 5305 Constanter
3142 5253 3261 5306 Deo
3305 5249 3486 5315 crede,
3514 5245 3662 5316 εἱίιυθ
3697 5243 3742 5291 ίθ
3761 5233 3881 5329 low?

2302 5338 2591 5392 committe
2622 5344 2901 5410 quantum
2931 5344 3112 5410 potes.
3158 5339 3283 5394 Noli
3314 5354 3435 5395 esse
3478 5335 3606 5389 velle
3651 5326 3880 5410 (λυτιξὶ

2302 5425 2460 5496 prius
2491 5431 2545 5481 et
2591 5401 2659 5481 in
2697 5431 2795 5482 tua
2836 5401 3153 5499 potestate;
3183 5428 3282 5483 sed
3328 5427 3447 5497 ejus
3475 5403 3825 5478 clementissimi
3846 5401 3880 5449 εί

2366 5523 2382 5556 ι
2409 5522 2493 5571 Sic
2521 5522 2757 5587 plerique
2787 5525 2910 5573 Mss.
2936 5525 3002 5574 At
3029 5525 3182 5585 Edd.,
3205 5522 3522 5575 retractum.

3957 269 3959 324 ἲ
