3996 6170
140 298 249 350 885

138 595 459 665 permittet,
512 595 619 649 nisi
668 597 824 667 quod
869 596 974 651 tibi
1022 599 1226 668 prosit,
1276 601 1451 655 etiam
1509 601 1555 655 si
1606 604 1842 659 nescias.

137 687 215 737 Α.
252 683 456 745 Audio,
503 684 693 753 credo,
740 689 796 738 et
843 691 1126 756 quantum
1177 704 1414 758 possum
1469 690 1843 760 obtempero;

140 771 581 843 plurimumque
612 772 798 842 ipsum
830 773 1122 843 deprecor,
1177 781 1240 829 ut
1266 777 1580 847 plurimum
1611 781 1843 850 possim,

1548 281 1785 360 -LIBER
1844 304 2229 361 SECUNDUS.

140 416 433 472 utilissimi
469 416 698 472 Domini
734 421 789 471 te
831 433 1057 474 servum
1088 436 1209 475 esse
1266 424 1548 493 proﬁtere.
1585 427 1664 480 ita
1694 427 1848 482 enim

138 512 196 562 te
230 507 298 561 ad
325 523 383 559 se
415 506 711 561 sublevare
741 524 855 561 non
887 508 1127 577 desinet,
1161 511 1422 583 nihilque
1472 513 1577 568 tibi
1620 514 1847 570 evenire

3550 317 3653 368 886

1959 426 2069 482 nisi
2095 427 2233 498 quid
2264 428 2406 482 forte
2438 428 2683 499 amplius
2714 446 2747 482 a
2776 446 2865 483 me
2900 429 3206 484 desideras.
3254 435 3319 486 Β.
3373 433 3519 486 Bene
3548 434 3655 486 ha—

1961 518 2057 570 bet
2094 517 2345 583 interim,
2397 518 2567 572 facies
2616 524 2812 589 postea
2861 520 3138 591 quidquid
3177 521 3296 591 jam
3347 521 3495 575 visus
3536 522 3654 592 ipse

1958 605 2293 677 praeceperit
2326 607 2370 660 ⁵.

2021 795 2033 827 ι
2068 793 2227 855 Angl.
2260 795 2403 853 Mss.,
2435 794 2689 859 quidquid
2703 796 2823 856 jam
2854 810 2973 845 usus
2999 797 3108 859 ipse
3134 810 3231 860 pra
3250 800 3464 858 caperet.

1135 1060 1650 1184 LIBER
1763 1062 2674 1191 SECUNDUS.

137 1246 205 1295 In
238 1261 299 1294 eo
330 1258 508 1293 secum
546 1244 873 1308 Augustinus
910 1245 972 1293 de
1007 1259 1127 1296 vero
1156 1250 1208 1295 et
1252 1247 1383 1296 falso
1413 1249 1621 1312 c0piose
1669 1250 1919 1313 disputat,
1951 1256 2009 1299 ut
2038 1252 2250 1301 demum
2280 1253 2514 1302 veritatis
2550 1257 2894 1318 perpetuitate
2937 1258 3070 1306 bene
3106 1262 3391 1320 perspecta,
3423 1261 3650 1308 animam

885 1325 1051 1388 ipsam
1082 1325 1328 1384 hominis,
1365 1342 1482 1389 quas
1517 1329 1749 1376 veritatis
1776 1329 1923 1377 sedes
1944 1334 2040 1389 est,
2074 1332 2423 1381 immortalem
2452 1347 2565 1381 esse
2593 1334 2893 1383 concludat.

304 1554 529 1607 CAPUT
559 1552 851 1607 PRIMUM.
886 1556 955 1607 De
986 1555 1392 1608 immortalitate
1420 1556 1672 1609 hominis.

217 1646 259 1696 l.
294 1644 365 1697 Α.
398 1642 546 1696 Satis
594 1641 983 1696 intermissum
1014 1646 1098 1695 est
1127 1658 1270 1711 opus
1314 1646 1599 1709 nostrum,
1642 1648 1699 1697 et
1725 1641 1834 1697 im-

130 1730 359 1801 patiens
388 1734 474 1783 est
504 1746 684 1797 amor,
717 1745 821 1783 nec
859 1730 1123 1801 lacrymis
1150 1731 1356 1784 modus
1395 1732 1477 1797 tit,
1510 1731 1619 1785 nisi
1654 1730 1837 1786 amori

125 1822 300 1874 detur
329 1819 483 1890 quod
513 1821 739 1873 amatur
770 1835 783 1872 :
816 1833 1014 1890 quare,
1047 1818 1455 1889 aggrediamur
1494 1819 1708 1874 librum
1747 1836 1835 1874 se-

126 1909 412 1963 cundum.
444 1911 509 1963 Β.
541 1907 985 1978 Aggrediamur.
1022 1909 1089 1961 A.
1123 1908 1431 1963 Credamus
1463 1909 1642 1963 Deum
1689 1908 1836 1983 affu-

128 2002 356 2051 turum.
390 2000 453 2051 Η.
508 1995 812 2050 Credamus
858 2012 1017 2059 sane,
1079 1995 1126 2049 si
1170 1997 1258 2050 vel
1307 1997 1415 2050 hoc
1442 1996 1502 2051 in
1561 2001 1838 2067 potestate

124 2089 331 2140 nostra
360 2088 461 2139 est.
496 2085 566 2138 Α.
591 2085 845 2138 Potestas
876 2088 1065 2137 nostra
1095 2083 1216 2155 ipse
1247 2089 1351 2142 est.
1407 2088 1466 2140 Β.
1501 2086 1700 2156 Itaque
1734 2101 1835 2139 ora

126 2173 474 2229 brevissime
506 2189 569 2226 ac
597 2173 1028 2244 perfectissime,
1061 2177 1343 2244 quantum
1372 2179 1554 2244 potes.
1589 2176 1661 2230 A.
1696 2176 1841 2228 Deus

127 2279 369 2333 semper
398 2262 571 2325 idem,
604 2260 860 2316 noverim
888 2278 1000 2327 me,
1045 2262 1301 2316 noverim
1333 2266 1410 2317 te.
1467 2264 1701 2318 Oratum
1732 2269 1837 2318 est.

127 2356 205 2408 R.
240 2353 323 2405 Tu
352 2351 451 2422 qui
480 2351 562 2404 vis
592 2355 647 2404 te
674 2366 861 2419 nosse,
894 2351 1000 2404 scis
1029 2367 1149 2405 esse
1178 2355 1234 2405 te
1252 2352 1282 2404 ?
1309 2353 1382 2406 A.
1406 2351 1551 2407 Scio.
1583 2355 1647 2407 Β.
1682 2352 1839 2407 Unde

128 2439 300 2494 scis?
326 2440 395 2494 Α.
430 2438 648 2493 Nescio.
681 2441 755 2494 Β.
791 2439 1118 2510 Simplicem
1145 2444 1201 2493 te
1239 2440 1434 2507 sentis,
1467 2456 1613 2494 anne
1645 2440 1842 2494 multi~

128 2528 396 2600 plicem‘?
442 2530 511 2583 Α.
565 2527 781 2582 Nescio.
830 2531 897 2583 Β.
956 2527 1167 2582 Moveri
1215 2532 1268 2581 te
1317 2527 1469 2584 scis?
1499 2530 1572 2583 A.
1615 2529 1833 2583 Nescio.

128 2621 208 2672 Β.
242 2616 503 2687 Cogitare
534 2619 587 2669 te
619 2616 724 2669 scis
747 2617 776 2669 ?
812 2617 884 2670 A.
917 2615 1064 2671 Scio.
1105 2620 1171 2671 Β.
1202 2618 1347 2687 Ergo
1397 2633 1598 2672 verum
1630 2623 1715 2672 est
1743 2635 1837 2672 co-

127 2705 321 2777 gitare
350 2710 424 2758 te.
478 2706 547 2758 Λ.
578 2706 815 2758 Verum.
878 2707 944 2760 It.
976 2707 1368 2759 Immortalem
1400 2712 1455 2760 te
1509 2723 1630 2761 esse
1682 2706 1789 2761 scis
1810 2708 1840 2760 ?

126 2795 210 2849 Α.
250 2792 462 2847 Nescio.
498 2796 557 2847 It.
591 2794 808 2847 Horum
837 2793 1097 2847 omnium
1128 2810 1258 2863 quas
1304 2799 1358 2848 te
1375 2795 1591 2850 nescire
1623 2794 1837 2863 dixisti,

128 2881 279 2953 quid
311 2881 451 2934 scire
498 2880 657 2951 prius
707 2882 928 2935 mavis?
974 2883 1045 2936 A.
1074 2884 1273 2937 Utrum
1318 2883 1659 2939 immortalis
1708 2885 1834 2939 sim.

128 2974 207 3025 R.
245 2970 441 3023 Vivere
470 2969 647 3041 igitur
677 2986 832 3024 amas
853 2970 882 3026 ‘1’
912 2972 992 3027 Λ.
1034 2973 1249 3026 Fateor.
1309 2976 1373 3027 Β.
1422 2973 1589 3040 Quid,
1620 2989 1751 3027 cum
1780 2979 1836 3027 te

130 3060 523 3113 immortalem
580 3075 698 3113 esse
729 3059 993 3113 didiceris
1014 3062 1043 3113 ?
1072 3060 1279 3113 satisne
1327 3062 1477 3115 erit?
1505 3063 1582 3116 A.
1634 3062 1749 3115 Erit
1778 3062 1836 3116 id

129 3147 375 3218 quidem
408 3163 704 3218 magnum,
736 3148 831 3202 sed
864 3148 921 3203 id
944 3148 1090 3203 mihi
1126 3165 1350 3219 parum,
1406 3153 1467 3204 It.
1503 3152 1617 3204 Hoc
1644 3154 1837 3204 tamen

132 3236 297 3306 quod
328 3250 533 3306 parum
565 3240 651 3290 est
707 3242 987 3306 quantum
1040 3237 1359 3308 gaudebis?
1383 3240 1453 3293 Α.
1494 3239 1834 3293 Plurimum.

134 3328 201 3380 It.
236 3323 386 3378 Nihil
421 3325 542 3394 jam
592 3325 909 3391 llebis‘IA.
970 3326 1123 3381 Nihil
1170 3327 1424 3381 omnino.
1473 3330 1540 3383 Β.
1590 3328 1753 3393 Quid,
1789 3328 1837 3381 si

137 3413 270 3484 ipsa
297 3412 413 3466 vita
439 3413 566 3467 talis
596 3429 716 3467 esse
749 3413 1092 3483 inveniatur,
1125 3419 1191 3467 ut
1217 3414 1279 3468 in
1308 3432 1375 3469 ea
1410 3415 1517 3470 tibi
1542 3414 1683 3469 nihil
1716 3431 1835 3469 am-

131 3502 290 3573 plius
318 3517 491 3572 quam
506 3502 675 3568 nosti,
700 3502 1044 3557 nosseliceat
1064 3504 1092 3558 ξ)
1120 3504 1511 3574 temperabisa
1536 3504 1835 3575 lacrymis?

132 3592 205 3645 Α.
248 3591 369 3643 lmo
400 3594 623 3644 tantum
650 3590 799 3644 ﬂebo
833 3596 894 3645 ut
938 3591 1055 3645 vita
1082 3592 1240 3645 nulla
1280 3592 1371 3646 sit.
1408 3595 1470 3646 Β.
1507 3593 1631 3646 Νοη
1660 3593 1838 3662 igitur

131 3678 328 3731 vivere
358 3684 595 3748 propter
623 3678 815 3748 ipsum
838 3678 1026 3733 vivere
1054 3695 1231 3746 amas,
1264 3679 1361 3733 sed
1406 3684 1641 3750 propter
1670 3680 1832 3734 scire.

129 3768 210 3821 A.
256 3766 404 3820 Cedo
433 3766 801 3821 conelusioni.
851 3770 915 3822 Β.
967 3767 1132 3832 Quid,
1164 3766 1212 3821 si
1265 3768 1461 3822 eadem
1492 3768 1615 3839 ipsa
1644 3784 1837 3823 rerum

133 3855 378 3909 scientia
408 3856 682 3909 miserum
719 3854 938 3910 faciat?
981 3858 1032 3911 A
1084 3857 1252 3910 Nullo
1293 3856 1351 3911 id
1399 3858 1633 3928 quidem
1674 3862 1835 3928 pacto

135 3943 268 3997 ﬁeri
304 3959 472 4013 posse
504 3944 695 3998 credo.
727 3944 835 3998 Sed
885 3944 931 3997 si
979 3943 1057 3998 ita
1099 3949 1200 4011 est,
1250 3961 1419 3999 nemo
1463 3962 1584 4000 esse
1638 3947 1835 4000 beatus

131 4036 359 4102 potest;
396 4048 510 4085 non
528 4033 683 4087 enim
701 4048 855 4087 nunc
882 4032 1107 4087 aliunde
1136 4049 1261 4087 sum
1286 4034 1475 4099 miser,
1502 4034 1613 4088 nisi
1644 4049 1836 4088 rerum

128 4120 483 4191 ignorantia.
516 4121 677 4185 Quod
707 4120 753 4175 si
786 4126 843 4175 et
871 4137 1065 4175 rerum
1096 4121 1333 4175 scientia
1379 4122 1650 4176 miserum
1682 4123 1832 4189 facit,

129 4209 485 4279 sempiterna
512 4208 743 4263 miseria
773 4215 875 4263 est.
908 4213 971 4264 Β.
1005 4212 1131 4264 Jam
1161 4210 1326 4264 video
1348 4216 1535 4265 totum
1560 4211 1710 4281 quod
1741 4227 1835 4265 cu-

126 4297 240 4368 pis.
278 4298 439 4363 Nam,
474 4297 749 4368 quoniam
780 4298 1073 4353 neminem
1130 4298 1363 4353 scientia
1394 4299 1669 4353 miserum
1714 4316 1834 4353 esse

130 4386 342 4452 credis,
374 4402 439 4441 ex
488 4402 601 4457 quo
633 4387 925 4458 probabile
982 4392 1065 4441 est
1110 4393 1175 4443 ut
1222 4387 1598 4458 intelligentia
1629 4387 1836 4442 efﬁciat

128 4476 413 4540 beatum;
447 4475 648 4529 beatus
695 4481 886 4529 autem
934 4492 1106 4529 nemo
1155 4474 1268 4529 nisi
1311 4476 1525 4543 vivens,
1575 4481 1633 4529 et
1663 4492 1832 4531 nemo

128 4563 273 4617 vivit
285 4563 384 4633 qui
412 4579 531 4617 non
563 4568 649 4618 est
678 4581 690 4618 :
723 4580 845 4619 esse
857 4564 958 4631 vis,
972 4564 1697 4634 vivereetintelligere;sed
1713 4581 1835 4620 esse

128 4656 195 4704 ut
221 4650 399 4719 vivas,
432 4652 619 4706 vivere
648 4656 713 4705 ut
739 4652 1041 4723 intelligas.
1072 4653 1216 4722 Ergo
1248 4668 1369 4707 esse
1397 4658 1453 4706 te
1497 4653 1621 4720 scis,
1644 4654 1832 4708 vivere

132 4746 190 4794 te
219 4741 346 4803 scis,
362 4740 685 4812 intelligere
700 4745 754 4795 te
776 4740 903 4795 scis.
929 4741 1036 4796 Sed
1057 4744 1251 4795 utrum
1268 4741 1375 4795 ista
1389 4757 1614 4812 semper
1640 4742 1833 4797 futura

128 4829 263 4894 sint,
281 4845 353 4882 an
367 4829 511 4883 nihil
528 4830 735 4884 horum
747 4830 1006 4884 futurum
1020 4830 1110 4897 sit,
1128 4847 1197 4883 an
1214 4835 1440 4884 maneat
1454 4830 1672 4901 aliquid
1690 4848 1833 4885 sem-

126 4933 252 4987 per,
288 4922 343 4971 et
372 4918 592 4989 aliquid
620 4918 939 4985 intercidat,
964 4935 1035 4972 an
1066 4918 1249 4973 minui
1279 4925 1337 4974 et
1351 4919 1687 4991 augerihaec
1702 4936 1832 4988 pos-

120 5006 259 5073 sint,
277 5022 407 5060 cum
434 5007 629 5061 omnia
642 5008 1055 5074 mansurasint,
1072 5024 1235 5061 nosse
1249 5009 1436 5061 vis.A.
1469 5010 1549 5061 [ta
1570 5012 1669 5061 est.
1691 5012 1755 5062 Il.
1772 5008 1829 5061 Si

123 5094 308 5165 igitur
336 5095 772 5164 probaverimus
801 5111 1028 5165 semper
1057 5112 1158 5150 nos
1187 5111 1307 5150 esse
1329 5095 1594 5161 victuros,
1628 5112 1829 5166 seque-

126 5188 223 5235 tur
252 5181 430 5237 etiam
461 5198 689 5253 semper
734 5184 977 5238 futuros.
1027 5185 1097 5238 A.
1148 5184 1449 5255 Sequetur.
1486 5186 1548 5238 R.
1578 5184 1831 5238 Restabit

122 5286 390 5342 quaerere
424 5272 493 5325 de
517 5272 915 5342 intelligendo.

490 5360 714 5415 CAPUT
745 5362 814 5414 II.
850 5392 918 5399 —
954 5362 1167 5416 Veritas
1189 5366 1471 5429 perpetua.

195 5450 247 5501 2.
280 5452 357 5502 Α.
392 5448 913 5503 Manifestissimum
962 5449 1226 5504 ordinem
1267 5448 1432 5503 video
1483 5452 1655 5520 atque
1700 5450 1827 5503 bre-

126 5534 449 5591 vissimum.
492 5539 558 5591 R.
621 5537 717 5591 llic
770 5553 907 5607 ergo
960 5542 1078 5591 esto
1123 5552 1297 5604 nunc,
1342 5541 1404 5590 ut
1448 5537 1829 5608 interroganti

1949 1562 2110 1611 caute
2137 1558 2413 1628 lirmeque
2445 1558 2808 1627 respondeas.
2842 1559 2911 1611 A.
2950 1557 3113 1611 lsthic
3145 1573 3290 1610 sum.
3328 1559 3397 1611 R.
3432 1558 3487 1611 Si
3528 1575 3650 1610 ma-

1951 1646 2107 1700 nebit
2136 1662 2361 1717 semper
2387 1647 2635 1701 mundus
2664 1647 2789 1713 iste,
2815 1662 3015 1699 verum
3061 1650 3145 1699 est
3174 1647 3460 1700 mundum
3501 1662 3651 1699 sem-

1950 1750 2051 1805 per
2080 1751 2415 1789 mansurum
2448 1752 2565 1789 esse
2594 1737 2623 1787 ‘?
2647 1736 2718 1789 Λ.
2754 1734 2887 1799 Quis
2926 1734 3033 1787 hoc
3079 1734 3348 1789 dubitet?
3378 1736 3449 1788 R.
3484 1734 3649 1799 Quid,

1950 1822 1998 1875 si
2028 1840 2143 1877 non
2175 1823 2475 1878 manebit?
2505 1839 2695 1877 nonne
2726 1823 2804 1877 ita
2830 1839 3029 1877 verum
3071 1828 3156 1876 est
3203 1823 3484 1876 mundum
3534 1839 3650 1876 non

1951 1927 2069 1965 esse
2099 1913 2480 1965 mansurum?
2511 1914 2581 1966 Α.
2620 1912 2767 1965 Nihil
2798 1911 3017 1965 resisto.
3050 1912 3122 1965 R.
3174 1911 3341 1976 Quid,
3387 1927 3517 1964 cum
3561 1911 3650 1964 in-

1949 1999 2188 2065 terierit,
2214 2000 2259 2052 si
2288 1999 2625 2053 interiturus
2658 2005 2741 2053 est
2765 2002 2793 2053 ‘?
2822 2016 3013 2053 nonne
3043 2004 3177 2052 tunc
3207 1999 3264 2052 id
3292 1998 3399 2052 erit
3432 2015 3648 2067 verum,

1951 2089 2233 2141 mundum
2267 2088 2525 2141 interisse
2545 2089 2571 2141 ‘I
2632 2089 2773 2141 Nam
2819 2088 3096 2158 quamdiu
3146 2103 3345 2140 verum
3398 2102 3517 2140 non
3568 2091 3651 2141 est

1953 2176 2233 2231 mundum
2265 2175 2551 2237 occidisse,
2597 2192 2712 2229 non
2755 2176 3006 2241 occidit;
3062 2179 3344 2246 repugnat
3371 2176 3547 2246 igitur
3590 2180 3652 2228 ut

1952 2266 2201 2320 mundus
2232 2264 2522 2333 occiderit,
2554 2269 2610 2318 et
2641 2280 2841 2318 verum
2871 2281 2985 2317 non
3043 2264 3115 2318 sit
3166 2264 3448 2318 mundum
3499 2263 3648 2316 occi-

1949 2356 2115 2409 disse.
2149 2356 2225 2409 Α.
2266 2356 2330 2408 Et
2374 2354 2482 2407 hoc
2520 2353 2787 2407 concedo.
2836 2354 2907 2406 R.
2944 2351 3091 2416 Quid
3120 2350 3310 2406 illud?
3342 2350 3649 2405 Videturne

1949 2444 2054 2498 tibi
2083 2459 2281 2497 verum
2314 2442 2531 2513 aliquid
2564 2458 2682 2495 esse
2740 2457 2924 2512 posse,
2983 2445 3046 2493 ut
3096 2440 3303 2493 veritas
3356 2455 3472 2491 non
3524 2439 3599 2492 sit
3618 2441 3645 2490 τέ

1950 2534 1996 2587 Α
2014 2575 2026 2586 .
2069 2534 2234 2587 Nullo
2253 2533 2439 2587 modo.
2462 2534 2534 2586 R.
2570 2532 2683 2586 Erit
2701 2532 2876 2602 igitur
2901 2530 3125 2593 veritas,
3150 2528 3370 2582 etiamsi
3392 2528 3641 2581 mundus

1950 2619 2211 2675 intereat.
2239 2622 2311 2675 A.
2363 2622 2579 2690 Negare
2636 2636 2751 2673 non
2782 2634 3035 2689 possum.
3072 2619 3143 2671 R.
3202 2618 3371 2685 Quid,
3430 2616 3477 2668 si
3529 2616 3653 2684 ipsa

1951 2709 2155 2763 veritas
2188 2708 2457 2763 occidat?
2494 2724 2686 2762 nonne
2731 2723 2930 2761 verum
2986 2706 3091 2759 erit
3145 2704 3443 2757 veritatem
3499 2704 3645 2757 occi-

1952 2798 2101 2851 disse
2121 2799 2148 2851 ?
2175 2799 2244 2853 A.
2281 2799 2347 2851 Et
2369 2797 2521 2850 istud
2554 2796 2680 2866 quis
2711 2795 2930 2865 negat?
2959 2796 3033 2847 R.
3064 2795 3272 2846 Verum
3316 2795 3504 2845 autem
3534 2807 3649 2844 non

1951 2890 2139 2957 potest
2169 2902 2311 2951 esse,
2346 2885 2393 2938 si
2422 2884 2623 2937 veritas
2650 2900 2765 2937 non
2789 2883 2879 2935 sit.
2912 2884 2989 2936 A.
3028 2883 3152 2935 1am
3182 2882 3287 2933 hoc
3316 2880 3488 2948 paulo
3521 2884 3649 2931 ante

1951 2973 2217 3029 concessi.
2298 2974 2372 3026 R.
2447 2972 2613 3025 Nullo
2687 2971 2855 3024 modo
2923 2969 3099 3039 igitur
3150 2967 3365 3021 occidet
3419 2966 3641 3020 veritas.

1950 3066 2026 3118 Α.
2079 3065 2257 3133 Perge
2285 3068 2351 3115 ut
2398 3059 2635 3132 ccepisti,
2680 3075 2815 3113 nam
2860 3058 2967 3112 ista
3013 3056 3340 3111 collectione
3394 3055 3535 3109 nihil
3567 3060 3652 3109 est

1950 3152 2158 3205 verius.

1951 3241 2175 3295 CAPUT
2208 3240 2299 3293 IlI.
2323 3268 2392 3280 -—
2412 3239 2473 3293 Si
2500 3240 2722 3305 falsitas
2744 3252 2950 3306 semper
2977 3237 3098 3299 erit,
3133 3240 3181 3288 et
3210 3236 3327 3288 sine
3355 3248 3513 3288 sensu
3543 3248 3652 3288 esse

2018 3345 2124 3383 non
2149 3330 2369 3398 poterit,
2401 3329 2647 3395 sequitur
2688 3328 2927 3380 animam
2970 3327 3213 3393 aliquam
3246 3339 3451 3391 semper
3477 3325 3642 3378 exsti-

2022 3423 2217 3471 turam.

2021 3510 2071 3561 3.
2121 3507 2194 3561 R.
2240 3506 2401 3559 Nunc
2451 3502 2801 3573 respondeas
2854 3500 2997 3554 mihi
3047 3499 3238 3565 velim,
3298 3502 3491 3551 utrum
3545 3497 3647 3551 tibi

1948 3592 2157 3646 sentire
2188 3591 2381 3646 anima
2400 3590 2680 3657 videatur,
2709 3604 2781 3642 an
2802 3603 3007 3658 corpus
3022 3586 3048 3638 ‘I
3068 3589 3139 3639 Α.
3171 3584 3377 3638 Anima
3400 3584 3646 3637 videtur.

1949 3682 2023 3737 R.
2054 3680 2248 3745 Quid?
2301 3679 2625 3733 intellectus
2654 3677 2879 3731 videtur
2920 3675 3026 3728 tibi
3065 3675 3136 3727 ad
3169 3673 3420 3727 animam
3469 3673 3645 3744 perti-

1950 3771 2133 3824 nere?
2161 3770 2233 3824 A.
2270 3770 2503 3822 Prorsus
2535 3766 2777 3820 videtur.
2820 3766 2892 3819 R.
2926 3763 3010 3817 Ad
3044 3764 3224 3816 solam
3268 3761 3541 3829 animam,
3575 3778 3647 3815 an

1948 3860 2017 3913 ad
2048 3858 2261 3929 aliquid
2292 3856 2445 3910 aliud
2468 3857 2496 3908 ?
2514 3857 2585 3909 Α.
2609 3854 2759 3909 Nihil
2784 3852 2937 3908 aliud
2959 3852 3123 3907 video
3147 3855 3353 3922 praeter
3374 3851 3647 3917 animam,

1948 3947 2059 4001 nisi
2089 3948 2292 4013 Deum,
2322 3945 2421 3999 ubi
2451 3944 2803 3998 intellectum
2835 3959 2954 3996 esse
2980 3941 3228 3995 credam.
3251 3942 3324 3993 R.
3357 3942 3481 3994 Jam
3503 3940 3649 3994 illud

1946 4037 2259 4091 videamus.
2297 4034 2353 4088 Si
2382 4033 2486 4088 tibi
2517 4032 2804 4104 quispiam
2833 4032 3007 4085 istum
3054 4030 3331 4101 parietem
3363 4045 3481 4082 non
3526 4045 3646 4084 esse

1947 4122 2243 4193 parietem,
2278 4121 2376 4175 sed
2407 4122 2667 4175 arborem
2694 4120 2927 4188 diceret,
2962 4119 3099 4190 quid
3127 4123 3352 4188 putares
3372 4119 3400 4169 ‘?
3430 4119 3499 4171 Α.
3534 4120 3648 4170 Aut

1949 4211 2070 4279 ejus
2098 4225 2351 4275 sensum,
2387 4214 2483 4262 aut
2512 4224 2707 4261 meum
2745 4207 2884 4274 falli,
2935 4211 3035 4261 aut
3081 4206 3185 4258 hoc
3214 4203 3445 4258 nomine
3477 4204 3546 4256 ab
3581 4221 3646 4258 eo

1946 4298 2227 4367 parietem
2257 4296 2464 4349 vocari.
2499 4298 2574 4349 R.
2605 4295 2771 4361 Quid,
2806 4295 2853 4348 si
2883 4300 2941 4349 et
2962 4294 3048 4348 illi
3078 4292 3289 4363 species
3337 4291 3555 4344 arboris
3587 4292 3643 4344 in

1945 4401 2011 4438 eo
2040 4388 2330 4455 appareat,
2364 4390 2421 4437 et
2447 4383 2551 4437 tibi
2578 4382 2853 4453 parietis?
2882 4397 3072 4437 nonne
3103 4380 3313 4450 poterit
3334 4383 3642 4450 utrumque

1946 4489 2145 4527 verum
2171 4488 2291 4527 esse
2310 4473 2339 4525 ?
2365 4474 2435 4527 Α.
2472 4473 2639 4526 Nullo
2661 4472 2856 4537 modo;
2877 4472 3014 4542 quia
3040 4486 3153 4524 una
3184 4468 3499 4536 eademque
3529 4484 3636 4533 res,

1946 4566 2003 4616 et
2030 4562 2202 4616 arbor
2231 4566 2287 4615 et
2317 4561 2505 4631 paries
2532 4577 2652 4615 esse
2680 4577 2797 4615 non
2826 4563 3030 4629 potest.
3064 4556 3329 4621 Quamvis
3357 4556 3513 4609 enim
3534 4556 3647 4610 sin-

1945 4651 2095 4721 gulis
2116 4649 2279 4705 nobis
2307 4649 2531 4720 singula
2578 4665 2697 4704 esse
2726 4649 3041 4712 videantur,
3072 4661 3298 4698 necesse
3351 4650 3433 4698 est
3462 4660 3643 4698 unum

1943 4744 2200 4793 nostrum
2234 4739 2706 4809 imaginationem
2736 4737 2935 4790 falsam
2968 4733 3102 4805 pati.
3133 4733 3207 4786 R.
3249 4732 3416 4799 Quid,
3464 4734 3510 4787 si
3542 4750 3646 4788 nec

1942 4829 2130 4899 paries
2160 4844 2262 4881 nec
2294 4829 2465 4881 arbor
2504 4832 2607 4891 est,
2642 4831 2698 4879 et
2728 4824 2895 4877 ambo
2926 4821 3195 4877 fallimini
3215 4823 3244 4874 ?
3270 4824 3341 4876 A.
3377 4823 3568 4875 Potest
3588 4822 3644 4875 id

1942 4917 2194 4988 quidem.
2231 4918 2304 4971 R.
2343 4919 2454 4971 Hoc
2485 4931 2621 4985 ergo
2651 4928 2835 4968 unum
2874 4910 3139 4981 superius
3170 4910 3641 4979 praetermiseras.

1942 5008 2013 5060 A.
2050 5008 2269 5060 Fateor.
2304 5007 2376 5059 R.
2406 5004 2571 5070 Quid,
2606 5002 2653 5055 si
2692 5000 3007 5071 agnoscatis
3057 4999 3211 5053 aliud
3263 4998 3422 5053 vobis
3467 4998 3643 5052 videri

1941 5111 2113 5165 quam
2148 5096 2269 5148 est?
2294 5092 2711 5163 numquidnam
2732 5089 2999 5143 fallimini
3020 5091 3048 5141 ?
3078 5090 3148 5141 Α.
3176 5089 3318 5141 Non.
3352 5088 3426 5141 R.
3451 5089 3642 5139 Potest

1940 5184 2118 5254 igitur
2147 5188 2201 5237 et
2227 5184 2430 5236 falsum
2463 5196 2582 5234 esse
2613 5180 2763 5251 quod
2815 5179 3059 5243 videtur,
3105 5182 3163 5231 et
3214 5192 3329 5231 non
3378 5175 3497 5228 falli
3551 5174 3642 5227 cui

1939 5273 2180 5327 videtur.
2216 5272 2284 5327 Α.
2314 5273 2520 5324 Potest.
2544 5270 2616 5323 R.
2644 5268 3044 5322 Conﬁtendum
3068 5270 3151 5319 est
3180 5264 3357 5335 igitur
3374 5278 3484 5315 non
3506 5276 3636 5313 eum

1938 5361 2057 5415 falli
2087 5360 2186 5429 qui
2235 5358 2379 5411 falsa
2422 5356 2597 5423 videt,
2652 5356 2749 5410 sed
2799 5371 2931 5408 eum
2976 5352 3077 5425 qui
3120 5349 3425 5406 assentitur
3462 5348 3637 5401 falsis.

1936 5451 2005 5502 A.
2042 5449 2211 5501 Plane
2236 5436 2649 5499 conﬁtendum.
2680 5446 2753 5499 R.
2778 5443 2923 5509 Quid
2950 5442 3141 5512 ipsum
3170 5439 3377 5493 falsum
3397 5438 3426 5489 ?
3457 5451 3634 5507 quare

1939 5538 2145 5591 falsum
2172 5539 2257 5589 est
2276 5536 2304 5588 ?
2334 5536 2402 5589 A.
2440 5534 2598 5599 Quod
2630 5533 2794 5588 aliter
2824 5548 2944 5585 sese
2974 5530 3147 5584 habet
3172 5541 3346 5597 quam
3375 5524 3629 5580 videtur.
