4062 6188
428 257 530 308 887

429 375 507 428 R.
533 373 738 445 Siergo
754 389 868 428 non
894 374 1116 444 possint
1127 371 1334 443 quibus
1351 371 1628 436 videatur,
1645 369 1790 423 nihil
1804 373 1890 422 est
1901 368 2126 425 falsum.

432 464 502 517 A.
537 462 823 533 Sequitur.
855 464 928 517 R.
965 464 1092 517 Non
1121 461 1299 532 igitur
1329 464 1412 514 est
1440 459 1498 512 in
1541 459 1709 512 rebus
1753 457 1989 525 falsitas,
2033 456 2132 510 sed

433 551 494 604 in
520 566 725 604 sensu:
751 567 867 603 non
897 555 1089 604 autem
1106 549 1321 603 fallitur
1349 547 1450 617 qui
1470 545 1624 601 falsis
1656 561 1774 600 non
1803 545 2128 599 assentitur.

434 637 747 692 Conficitur
775 641 838 690 ut
869 637 1026 690 aliud
1046 636 1222 689 simus
1240 651 1364 699 nos,
1389 633 1544 687 aliud
1560 649 1792 699 sensus;
1825 633 2130 704 siquidem,

434 743 565 780 cum
594 725 713 796 ipse
745 724 978 791 fallitur,
1035 739 1339 795 possumus
1381 739 1486 776 nos
1515 737 1634 776 non
1663 721 1803 775 falli.
1866 724 1938 776 A.
1981 721 2132 775 Nihil

434 815 617 869 habeo
631 813 783 883 quod
801 812 1294 866 contradicam.R.
1320 810 1428 865 Sed
1450 810 1754 881 numquid,
1779 826 1908 863 cum
1943 809 2134 864 animo

434 903 668 968 fallitur,
702 901 877 955 audes
927 905 982 954 te
1013 900 1200 954 dicere
1250 915 1367 953 non
1419 915 1539 952 esse
1598 898 1859 952 falsum?
1904 900 1974 952 A.
2010 899 2133 962 Quo

435 995 600 1062 pacto
631 989 783 1044 istud
805 989 1045 1043 audeam
1065 990 1094 1042 ?
1123 989 1198 1043 R.
1222 991 1294 1041 At
1322 988 1512 1041 nullus
1542 1003 1739 1041 sensus
1769 987 1892 1041 sine
1921 987 2132 1053 anima,

436 1079 595 1134 nulla
621 1078 831 1132 falsitas
860 1077 981 1131 sine
1005 1093 1194 1131 sensu.
1240 1079 1350 1130 Aut
1387 1081 1655 1147 operatur
1692 1075 1870 1146 igitur
1919 1075 2134 1142 anima,

437 1171 534 1222 aut
564 1170 899 1238 coeperatur
929 1165 1160 1220 falsitati
1189 1165 1315 1219 LA.
1340 1164 1989 1234 Trabuntpraecedentia
2009 1179 2136 1217 con-

437 1255 782 1311 sensionem.

506 1346 561 1398 4.
592 1345 672 1396 R.
728 1341 874 1395 Illud
926 1357 1080 1395 nunc
1126 1340 1431 1411 responde,
1489 1344 1682 1393 utrum
1721 1339 1825 1394 tibi
1883 1339 2141 1394 videatur

438 1448 600 1503 posse
630 1430 755 1484 fieri
783 1435 842 1483 ut
873 1429 1180 1500 aliquando
1211 1428 1427 1482 falsitas
1453 1444 1572 1482 non
1615 1428 1704 1481 sit.
1734 1430 1804 1482 A.
1839 1428 2138 1492 Quomodo

441 1519 584 1572 mihi
613 1519 723 1572 hoc
750 1517 930 1571 videri
954 1520 1159 1587 potest,
1208 1533 1340 1570 cum
1370 1520 1528 1570 tanta
1557 1515 1630 1570 sit
1659 1516 1960 1571 difficultas
1982 1517 2140 1570 inve-

440 1605 668 1660 niendas
683 1603 954 1671 veritatis,
989 1608 1052 1658 ut
1064 1604 1361 1658 absurdius
1389 1604 1611 1657 dicatur
1639 1604 1944 1658 falsitatem
1966 1621 2139 1676 quam

441 1694 740 1749 veritatem
767 1710 886 1747 esse
906 1709 1024 1747 non
1052 1692 1254 1764 posse?
1283 1694 1358 1747 R.
1391 1693 1815 1762 Numquidnam
1850 1694 2142 1748 arbitraris

443 1800 576 1839 eum
607 1783 708 1854 qui
736 1799 850 1836 non
880 1782 1035 1849 vivit,
1061 1798 1225 1852 posse
1253 1781 1465 1835 sentire
1484 1783 1513 1835 ?
1544 1783 1617 1836 A.
1642 1783 1764 1836 Non
1785 1787 1973 1852 potest
1992 1782 2136 1836 fieri.

441 1874 518 1926 R.
549 1873 880 1928 Confectum
911 1875 995 1925 est
1023 1867 1278 1924 animam
1316 1886 1543 1941 semper
1585 1869 1792 1924 vivere.
1841 1871 1916 1926 A.
1962 1870 2143 1924 Nimis

441 1962 554 2015 cito
582 1976 750 2030 urges
779 1975 871 2013 me
898 1960 958 2012 in
989 1957 1199 2029 gaudia
1232 1974 1246 2012 :
1295 1957 1668 2029 pedetentim,
1701 1974 1912 2029 quaeso.
1945 1959 2018 2014 R.
2049 1961 2144 2012 At-

445 2046 564 2117 qui,
589 2047 637 2101 si
665 2051 817 2100 recte
849 2046 947 2101 illa
978 2062 1247 2101 concessa
1276 2050 1430 2113 sunt,
1464 2045 1606 2100 nihil
1637 2046 1706 2100 de
1752 2047 1860 2101 hac
1888 2064 1948 2101 re
1975 2047 2142 2102 dubi-

443 2135 685 2189 tandum
731 2134 918 2190 video.
963 2136 1034 2189 Λ.
1081 2135 1259 2189 Nimis
1304 2134 1414 2189 cito
1470 2139 1571 2202 est,
1633 2134 1890 2205 inquam.
1948 2137 2144 2207 Itaque

443 2224 668 2278 facilius
695 2224 946 2279 adducor
978 2228 1038 2278 ut
1067 2240 1159 2278 me
1192 2229 1406 2278 temere
1439 2223 1654 2294 aliquid
1680 2224 2021 2279 concessisse
2051 2240 2143 2278 ar-

443 2313 642 2380 bitrer,
668 2328 842 2383 quam
873 2313 1068 2384 utjam
1098 2329 1328 2367 securus
1354 2313 1424 2366 de
1461 2311 1890 2366 immortalitate
1935 2311 2144 2366 animai

445 2402 600 2456 tiam.
641 2403 855 2456 Tamen
884 2402 1078 2456 evolve
1108 2401 1276 2455 istam
1302 2400 1742 2467 conclusionem,
1778 2406 1833 2454 et
1859 2401 2144 2471 quomodo

446 2491 501 2545 id
526 2490 792 2545 effectum
815 2489 887 2544 sit
907 2489 1162 2544 ostende.
1186 2490 1259 2544 R.
1282 2489 1606 2543 Falsitatem
1626 2487 1818 2544 dixisti
1834 2489 1955 2542 sine
1975 2505 2141 2543 sensu

444 2595 564 2633 esse
595 2595 712 2633 non
740 2594 926 2650 posse,
971 2583 1027 2632 et
1069 2594 1195 2632 eam
1238 2594 1356 2631 non
1385 2593 1504 2631 esse
1522 2593 1638 2630 non
1668 2593 1833 2647 posse
1863 2594 1876 2631 :
1920 2593 2146 2647 semper

447 2667 625 2737 ig'rtur
655 2672 740 2721 est
767 2683 984 2722 sensus.
1008 2670 1081 2722 At
1109 2667 1303 2721 nullus
1327 2682 1522 2720 sensus
1545 2665 1668 2718 sine
1700 2665 1922 2732 anima;
1951 2665 2146 2720 anima

447 2756 627 2826 igitur
655 2756 1003 2826 sempiterna
1033 2761 1136 2810 est.
1187 2757 1299 2810 Nec
1346 2756 1494 2809 valet
1540 2755 1772 2818 sentire,
1821 2754 1932 2809 nisi
1961 2755 2135 2810 vivat.

448 2844 683 2913 Semper
712 2844 889 2916 igitur
918 2845 1109 2898 anima
1139 2844 1293 2898 vivit.

448 2934 673 2988 CAPUT
705 2934 791 2986 IV.
823 2963 892 2973 —
921 2937 1008 2988 Eae
1035 2935 1304 3000 falsitatis
1359 2948 1452 2988 seu
1491 2934 1740 2987 veritatis
1784 2933 2145 3001 perpetuitate

746 3023 986 3088 possitne
1013 3023 1197 3087 colligi
1225 3023 1418 3076 anima:
1437 3022 1841 3076 immortalitas.

521 3111 578 3161 5.
616 3109 686 3162 Α.
721 3108 764 3162 Ο
810 3109 1146 3176 plumbeum
1179 3109 1526 3178 pugionem!
1575 3111 1772 3163 Posses
1802 3107 1958 3162 enim
2004 3123 2144 3162 con—

449 3195 677 3248 cludere
709 3195 1000 3249 hominem
1022 3212 1144 3250 esse
1173 3196 1580 3259 immortalem,
1615 3196 1662 3250 si
1685 3197 1792 3250 tibi
1835 3196 2144 3250 concessis-

451 3297 571 3335 sem
601 3298 897 3352 nunquam
928 3282 1100 3336 istum
1124 3285 1406 3337 mundum
1426 3300 1547 3338 esse
1563 3300 1728 3354 posse
1741 3283 1861 3337 sine
1889 3283 2142 3346 homine,

450 3386 698 3440 eumque
727 3371 1008 3424 mundum
1034 3385 1153 3424 esse
1175 3371 1608 3441 sempiternum.
1633 3373 1707 3426 R.
1748 3373 1893 3425 liene
1915 3371 2146 3441 quidem

449 3459 667 3529 vigilas.
703 3459 811 3514 Sed
841 3464 1033 3513 tamen
1062 3475 1179 3513 non
1204 3476 1410 3530 parum
1463 3463 1547 3514 est
1579 3460 1732 3531 quod
1777 3459 2143 3528 confecimus,

450 3565 641 3603 rerum
672 3552 938 3603 naturam
965 3547 1085 3602 sine
1115 3549 1309 3602 anima
1337 3565 1455 3603 esse
1484 3566 1599 3604 non
1626 3565 1812 3619 posse,
1861 3548 1970 3603 nisi
2001 3550 2146 3604 forte

449 3636 510 3691 in
537 3654 733 3691 rerum
762 3642 967 3691 natura
993 3637 1209 3691 falsitas
1239 3637 1547 3707 aliquando
1578 3653 1695 3692 non
1723 3637 1851 3691 erit.
1884 3639 1954 3692 A.
1993 3639 2144 3693 Istud

449 3725 680 3796 quidem
706 3742 1058 3797 consequens
1089 3741 1208 3780 esse
1239 3727 1545 3782 confiteor.
1583 3726 1691 3781 Sed
1737 3727 1859 3797 jam
1895 3727 2147 3798 amplius

449 3814 878 3868 deliberandum
929 3830 1149 3880 censeo,
1195 3821 1390 3868 utrum
1424 3815 1687 3886 superius
1734 3831 2000 3870 concessa
2030 3831 2147 3870 non

450 3907 673 3956 nutent.
710 3904 831 3957 Non
861 3903 1017 3956 enim
1036 3919 1275 3973 parvum
1299 3904 1541 3972 gradum
1572 3904 1645 3958 ad
1675 3904 1879 3958 animae
1907 3904 2146 3958 immor-

450 3991 727 4045 talitatem
758 3991 969 4045 factum
999 4008 1119 4045 esse
1151 3992 1334 4046 video.
1370 3993 1443 4047 R.
1486 3992 1706 4046 Satisne
1749 3992 2143 4060 considerasti,

449 4096 521 4134 ne
560 4080 699 4150 quid
728 4085 943 4134 temere
989 4080 1257 4136 dederis?
1291 4082 1336 4135 A
1384 4080 1530 4135 Satis
1579 4079 1833 4151 quidem,
1876 4081 1972 4135 sed
2004 4080 2147 4134 nihil

447 4169 609 4223 video
640 4185 753 4240 quo
786 4185 878 4223 me
909 4185 1146 4240 arguam
1159 4169 1514 4224 temeritatis.
1547 4171 1620 4224 R.
1647 4171 1792 4240 Ergo
1822 4169 2147 4223 confectum

448 4263 534 4313 est
562 4275 757 4314 rerum
789 4263 1052 4314 naturam
1101 4259 1223 4313 sine
1257 4259 1449 4314 anima
1476 4259 1602 4314 viva
1631 4276 1754 4314 esse
1786 4275 1899 4314 non
1951 4276 2145 4329 posse.

447 4351 515 4404 Α.
553 4349 886 4404 Confectum
916 4349 1211 4417 hactenus,
1234 4351 1296 4401 ut
1310 4348 1529 4418 possint
1547 4348 1795 4403 vicissim
1821 4348 1946 4402 aliae
1970 4348 2145 4406 nasci:

447 4438 574 4491 aliae
605 4437 770 4491 mori.
803 4438 876 4491 R.
910 4436 1080 4501 Quid,
1112 4435 1159 4490 si
1189 4436 1257 4490 de
1288 4441 1494 4490 natura
1523 4452 1716 4490 rerum
1739 4436 1954 4491 falsitas
1984 4437 2146 4491 aufe-

446 4530 605 4580 ratur
632 4524 659 4577 ‘I
689 4541 878 4580 nonne
906 4525 1006 4580 ﬁet
1046 4530 1110 4579 ut
1155 4540 1286 4579 vera
1330 4524 1442 4578 sint
1473 4524 1666 4579 omnia
1687 4527 1715 4579 ?
1741 4525 1812 4580 A.
1863 4526 2146 4596 Consequi

446 4613 639 4667 video.
672 4613 747 4666 R.
779 4611 1078 4682 Responde
1110 4611 1264 4667 unde
1285 4610 1388 4666 tibi
1420 4611 1678 4666 videatur
1706 4611 1891 4682 paries
1920 4612 2024 4667 iste
2055 4630 2147 4667 ve-

450 4715 544 4752 rus
574 4715 713 4753 esse.
743 4701 818 4755 A.
856 4700 1000 4765 Quia
1038 4700 1162 4770 ejus
1215 4715 1333 4754 non
1380 4699 1549 4754 fallor
1604 4705 1858 4768 aspectu.
1890 4702 1964 4755 R.
2000 4702 2144 4772 Ergo

448 4785 584 4858 quia
609 4787 688 4841 ita
717 4793 800 4841 est
829 4793 893 4843 ut
911 4789 1151 4844 videtur.
1173 4789 1246 4843 A.
1272 4787 1482 4842 Etiam.
1522 4789 1592 4842 Β.
1635 4787 1690 4842 Si
1721 4788 1899 4858 igitur
1927 4789 2146 4860 aliquid

447 4875 583 4929 inde
613 4874 819 4929 falsum
848 4881 931 4930 est
955 4877 1107 4947 quod
1149 4877 1316 4932 aliter
1360 4876 1587 4931 videtur
1633 4881 1804 4948 atque
1856 4882 1960 4945 est,
2009 4878 2144 4932 inde

445 4979 646 5019 verum
676 4964 828 5035 quod
852 4965 932 5018 ita
961 4970 1022 5019 ut
1051 4969 1134 5020 est
1158 4966 1418 5031 videtur;
1465 4966 1653 5020 ablato
1684 4981 1751 5020 eo
1781 4965 1871 5020 cui
1899 4966 2141 5033 videtur,

446 5069 552 5108 nec
580 5052 788 5107 falsum
817 5052 1153 5124 quidquam,
1187 5070 1290 5108 nec
1320 5070 1517 5109 verum
1543 5059 1641 5108 est.
1676 5058 1747 5109 At
1767 5054 1815 5109 si
1841 5055 2057 5110 falsitas
2084 5055 2144 5110 in

449 5159 645 5199 rerum
676 5146 881 5197 natura
925 5159 1041 5196 non
1091 5143 1176 5205 sit,
1199 5159 1332 5198 vera
1387 5150 1522 5199 sunt
1548 5145 1759 5199 omnia.
1812 5146 1924 5200 Nec
1965 5145 2146 5200 videri

446 5232 764 5303 quidquam
793 5230 906 5286 nisi
961 5230 1170 5284 viventi
1209 5231 1416 5286 animai
1471 5238 1683 5304 potest.
1740 5234 1926 5288 Manet
1966 5233 2145 5304 igitur

445 5321 638 5375 anima
664 5321 725 5374 in
756 5337 951 5375 rerum
983 5324 1186 5373 natura
1216 5320 1263 5373 si
1295 5321 1506 5375 auferri
1535 5322 1753 5377 falsitas
1783 5338 1900 5377 non
1919 5311 2139 5394 potest;

448 5413 659 5476 manet,
695 5409 742 5463 si
770 5413 981 5481 potest.
1019 5409 1091 5464 Α.
1125 5407 1298 5462 Video
1328 5409 1617 5465 robustius
1646 5410 1882 5482 quidem
1911 5427 2030 5466 esse
2057 5411 2142 5465 fa-

510 5507 522 5539 ¹
557 5505 711 5569 Angl.
743 5507 887 5566 Mss.,
914 5507 1234 5570 cooperatur
1250 5503 1485 5561 [αισαω.

800 5873 1036 6068 γ..

576 5693 708 5783 Ἀ.

1601 246 2175 313 SOLILOQUIORUM
2219 248 2273 302 S.
2316 244 2723 301 AUGUS’I‘INI.
3778 254 3853 306 888

2239 373 2393 424 ctum
2423 368 2577 440 quod
2599 368 2721 439 jam
2751 368 3083 422 conclusum
3113 371 3273 434 erat;
3307 367 3405 422 sed
3447 368 3581 424 nihil
3620 370 3712 425 hac
3741 373 3855 443 adje-

2239 459 2427 513 ctione
2477 455 2886 528 promovimus.
2948 455 3330 510 Nihilominus
3362 455 3508 510 enim
3552 464 3726 513 manet
3747 460 3854 516 illud

2241 546 2394 619 quod
2425 545 2743 616 plurimum
2771 560 2864 599 me
2894 549 3103 610 movet,
3137 544 3289 599 nasci
3320 544 3530 598 animas
3573 551 3624 600 et
3651 546 3856 618 interire,

2240 641 2410 706 atque
2441 639 2506 689 ut
2529 650 2645 688 non
2665 633 2851 689 desint
2866 633 3106 703 mundo,
3134 649 3253 688 non
3275 649 3468 688 earum
3479 633 3857 703 immortalitate,

2241 724 2340 777 sed
2369 722 2722 777 successione
2751 723 3073 792 provenire.

2312 811 2362 863 6.
2399 810 2472 861 R.
2506 808 2853 862 Videnturne
2884 811 2984 862 tibi
3009 823 3252 879 quaeque
3285 823 3568 878 corporea,
3591 807 3644 862 id
3671 815 3745 863 est
3767 827 3858 865 sen~

2243 897 2448 964 sibilia,
2481 897 2777 951 intellectu
2803 913 2970 967 posse
3001 896 3455 967 comprehendi?
3479 897 3547 952 Α.
3583 897 3694 951 Non
3716 897 3861 953 viden-

2243 992 2355 1041 tur.
2386 988 2461 1040 R.
2495 986 2639 1050 Quid
2663 985 2804 1039 illud
2827 987 2857 1040 ?
2886 985 3111 1040 videtur
3147 985 3249 1038 tibi
3279 983 3533 1039 sensibus
3555 985 3633 1038 uti
3660 986 3784 1040 Deus
3812 989 3859 1040 ad

2244 1091 2333 1128 res
2370 1074 2833 1144 cognoscendas?
2862 1073 3105 1128 A.Nihil
3141 1073 3326 1127 audeo
3370 1073 3440 1127 de
3467 1074 3568 1127 hac
3617 1089 3674 1127 re
3698 1079 3860 1129 temere

2246 1163 2530 1218 affirmare
2555 1179 2568 1228 ;
2602 1163 2701 1217 sed
2732 1166 3013 1233 quantum
3042 1161 3323 1232 conjicere
3354 1162 3536 1230 datur,
3562 1162 3706 1215 nullo
3736 1163 3862 1216 modo

2247 1253 2394 1306 Deus
2423 1251 2603 1305 utitur
2632 1250 2910 1304 sensibus.
2945 1251 3016 1304 R.
3052 1251 3195 1320 Ergo
3226 1249 3608 1303 concludimus
3633 1266 3736 1304 non
3776 1267 3862 1304 sen-

2244 1339 2353 1392 tire
2374 1354 2538 1409 posse
2560 1337 2669 1392 nisi
2691 1338 2960 1392 animam.
2987 1338 3058 1392 A.
3090 1338 3372 1393 Conclude
3402 1337 3621 1392 interim
3645 1343 3862 1408 quantum

2247 1427 2619 1498 probabiliter
2654 1427 2807 1480 licet.
2839 1428 2912 1481 R.
2947 1426 3093 1491 Quid
3121 1427 3265 1481 illud
3285 1428 3314 1480 ‘?
3343 1427 3512 1480 dasne
3541 1418 3697 1480 istum
3727 1427 3864 1497 parie-

2247 1521 2387 1581 tem,
2417 1515 2465 1569 si
2489 1531 2656 1570 verus
2683 1515 2871 1585 paries
2899 1531 3017 1570 non
3047 1514 3140 1584 sit,
3181 1530 3298 1568 non
3339 1529 3458 1568 esse
3504 1515 3788 1584 parietem?
3814 1517 3861 1569 Α.

2252 1603 2403 1658 Nihil
2431 1605 2539 1657 hoc
2565 1604 2786 1658 facilius
2815 1603 3090 1658 dederim.
3136 1604 3211 1658 R.
3253 1604 3450 1673 Neque
3507 1602 3797 1673 quidquam,
3833 1602 3866 1654 si
3962 1631 3963 1634 η

2249 1708 2448 1746 verum
2477 1707 2682 1763 corpus
2717 1708 2834 1746 non
2877 1692 2968 1760 sit,
3021 1707 3230 1762 corpus
3276 1692 3446 1746 esse?
3473 1692 3543 1746 A.
3591 1691 3708 1745 Tale
3739 1691 3864 1745 etiam

2249 1780 2356 1834 hoc
2379 1784 2480 1836 est.
2518 1781 2586 1835 P.
2617 1782 2763 1850 Ergo
2818 1780 2867 1834 si
2916 1780 3062 1834 nihil
3089 1795 3291 1834 verum
3335 1783 3440 1844 est,
3485 1778 3593 1832 nisi
3620 1778 3713 1832 ista
3747 1778 3866 1831 situt

2249 1868 2476 1924 videtur
2497 1885 2510 1936 ;
2531 1885 2634 1924 nec
2654 1869 2972 1940 quidquam
2989 1884 3331 1941 corporeum
3349 1866 3529 1922 videri
3551 1866 3654 1921 nisi
3672 1866 3865 1920 sensibus

2251 1963 2478 2029 potest;
2506 1975 2612 2012 nec
2639 1959 2868 2022 sentire,
2895 1956 3005 2011 nisi
3031 1956 3262 2024 anima;
3292 1972 3420 2023 nec,
3449 1956 3495 2010 si
3524 1971 3703 2010 verum
3714 1970 3865 2024 corpus

2252 2063 2368 2100 non
2398 2046 2490 2114 sit,
2521 2063 2726 2118 corpus
2755 2063 2874 2102 esse
2907 2062 2922 2101 :
2953 2050 3128 2100 restat
3143 2051 3207 2100 ut
3221 2061 3432 2115 corpus
3449 2060 3565 2098 esse
3593 2059 3692 2098 non
3719 2041 3864 2113 possit,

2251 2134 2362 2188 nisi
2386 2135 2578 2189 anima
2613 2135 2804 2190 fuerit.
2829 2137 2902 2190 A.
2936 2134 3115 2190 Nimis
3164 2149 3358 2205 urges,
3396 2139 3452 2189 et
3495 2132 3621 2204 quid
3667 2131 3862 2186 resistam

2253 2241 2370 2279 non
2397 2224 2600 2280 habeo.

2635 2313 2860 2369 CAPUT
2889 2315 2944 2366 V.
2984 2344 3052 2353 —
3089 2315 3288 2368 Verum
3308 2312 3447 2383 quid
3472 2315 3562 2368 sit.

2321 2406 2382 2456 7.
2420 2403 2494 2457 R.
2521 2403 2766 2458 Attende
2795 2402 2856 2457 in
2884 2401 2992 2457 ista
3017 2400 3374 2472 diligentius.
3405 2402 3476 2456 A.
3509 2402 3584 2455 En
3611 2398 3792 2453 adsum.
3816 2395 3864 2448 R.

2254 2492 2414 2545 Certe
2442 2491 2533 2545 hic
2563 2491 2707 2562 lapis
2735 2496 2860 2559 est;
2913 2496 2968 2546 et
2997 2491 3080 2545 ita
3108 2507 3274 2545 verus
3323 2495 3432 2553 est.
3465 2490 3511 2544 si
3538 2505 3648 2543 non
3670 2503 3720 2540 se
3747 2484 3865 2538 habet

2253 2580 2417 2634 aliter
2446 2597 2509 2634 ac
2533 2580 2755 2635 videtur
2779 2601 2794 2648 ;
2825 2585 2882 2634 et
2935 2580 3079 2651 lapis
3105 2596 3222 2634 non
3251 2584 3360 2647 est,
3396 2579 3444 2634 si
3473 2594 3627 2633 verus
3661 2591 3756 2630 non
3781 2577 3862 2637 est;

2253 2674 2308 2723 et
2331 2685 2446 2724 non
2474 2669 2585 2723 nisi
2614 2669 2876 2724 sensibus
2917 2669 3098 2724 videri
3127 2673 3337 2740 potest.
3371 2671 3445 2724 A.
3476 2668 3661 2722 Etiam.
3687 2666 3745 2718 Β.
3783 2662 3863 2716 Non

2253 2763 2386 2812 sunt
2413 2758 2590 2829 igitur
2618 2758 2838 2829 lapides
2865 2757 2928 2813 in
2954 2757 3310 2813 abditissimo
3343 2763 3510 2812 teme
3554 2754 3758 2826 gremio,
3796 2765 3866 2803 nec

2255 2846 2490 2900 omnino
2520 2845 2621 2900 ubi
2650 2862 2769 2900 non
2797 2851 2928 2900 sunt
2952 2845 3052 2916 qui
3079 2845 3360 2900 sentiant:
3380 2860 3481 2899 nec
3494 2843 3590 2898 iste
3609 2841 3733 2912 lapis
3747 2841 3862 2895 esset.

2253 2934 2359 2988 nisi
2391 2950 2524 2989 eum
2553 2934 2916 3001 videremus;
2962 2950 3067 2987 nec
3125 2934 3270 3005 lapis
3311 2934 3421 2988 erit
3447 2949 3573 2986 cum
3620 2924 3863 2984 discesseri-

2255 3039 2401 3091 mus,
2442 3039 2727 3094 nemoque
2771 3023 2912 3077 alius
2955 3038 3088 3077 eum
3141 3039 3399 3093 prasens
3449 3020 3667 3076 videbit.
3707 3018 3806 3082 Nec,
3836 3013 3865 3064 si

2255 3112 2469 3166 loculos
2496 3113 2642 3166 bene
2673 3112 2922 3180 claudas,
2956 3111 3214 3182 quamvis
3244 3112 3432 3165 multa
3449 3109 3510 3163 in
3531 3108 3606 3162 eis
3623 3101 3862 3161 incluseris.

2253 3199 2470 3271 aliquid
2495 3200 2806 3255 habebunt.
2850 3201 2961 3254 Nec
2990 3215 3221 3270 prorsus
3251 3199 3445 3269 ipsum
3490 3197 3693 3268 lignum
3715 3190 3862 3246 intrin-

2254 3306 2413 3344 secus
2443 3290 2666 3360 lignum
2697 3292 2796 3344 est.
2833 3289 2998 3359 Fugit
3025 3288 3179 3343 enim
3214 3304 3416 3342 omnes
3443 3301 3630 3341 sensus
3655 3276 3861 3353 quidquid

2255 3378 2313 3432 in
2345 3377 2638 3432 altitudine
2667 3382 2752 3432 est
2791 3378 3045 3448 corporis
3089 3376 3335 3432 minime
3383 3372 3720 3447 perlucentis,
3759 3363 3861 3438 quod

2257 3482 2373 3520 non
2403 3482 2523 3520 esse
2555 3465 2789 3520 omnino
2818 3465 3057 3535 cogitur.
3094 3465 3319 3520 Etenim
3351 3465 3399 3519 si
3422 3469 3582 3528 esset,
3619 3472 3780 3514 verum
3800 3469 3861 3506 es-

2255 3559 2381 3622 set;
2415 3570 2519 3608 nec
2546 3569 2746 3608 verum
2783 3553 3100 3624 quidquam
3147 3558 3254 3620 est,
3306 3554 3420 3608 nisi
3465 3550 3610 3624 quod
3640 3549 3706 3602 ita
3729 3546 3792 3599 est
3823 3543 3862 3592 ul

2254 3643 2480 3698 videtur
2510 3659 2524 3698 :
2557 3643 2699 3697 illud
2730 3648 2923 3697 autem
2951 3658 3068 3696 non
3094 3641 3360 3708 videtur;
3395 3657 3508 3696 non
3537 3643 3616 3694 est
3638 3635 3781 3707 igitur
3797 3643 3861 3679 ve-

2255 3747 2385 3786 rum
2420 3748 2433 3786 :
2459 3731 2571 3785 nisi
2595 3730 2734 3802 quid
2762 3730 2938 3786 habes
2959 3731 3032 3785 ad
3059 3730 3178 3785 haec
3197 3731 3357 3802 quod
3382 3725 3717 3800 respondeas.
3739 3721 3792 3774 Α.

2256 3819 2325 3873 iis
2354 3819 2587 3891 quidem
2613 3836 2744 3889 qua:
2773 3819 3047 3885 concessi,
3081 3819 3188 3872 hoc
3217 3824 3423 3873 natum
3455 3832 3570 3872 esse
3609 3812 3776 3872 video;
3797 3800 3860 3856 59d

2255 3908 2565 3962 absurdum
2597 3907 2677 3962 ita
2705 3912 2810 3970 est,
2836 3911 2898 3962 ut
2927 3906 3208 3978 quidquid
3233 3906 3320 3961 vis
3349 3908 3569 3961 illorum
3597 3898 3778 3956 facilius
3795 3904 3860 3944 ne-

2255 4013 2408 4068 gem,
2441 4012 2615 4067 quam
2644 3997 2754 4051 hoc
2780 4012 2982 4051 verum
3021 4012 3142 4050 esse
3181 3996 3514 4051 concedam.
3545 3994 3611 4047 R.
3645 3984 3770 4044 Nihil
3804 3993 3860 4072 ιξες

2254 4099 2472 4155 pugno.
2532 4083 2667 4139 Vide
2707 4100 2843 4155 ergo
2876 4084 3015 4154 quid
3069 4083 3258 4138 dicere
3313 4084 3449 4137 velis
3481 4098 3495 4136 :
3527 4088 3760 4149 corporea
3789 4078 3860 4120 nisi

2256 4173 2515 4228 sensibus
2539 4173 2720 4227 videri
2743 4189 2925 4244 posse,
2959 4189 3031 4226 an
3063 4173 3274 4228 sentire
3301 4172 3410 4226 nisi
3433 4169 3686 4232 animam,
3703 4176 3762 4216 an
3782 4166 3861 4210 0553

2257 4262 2507 4332 lapidem
2533 4262 2620 4316 vel
2648 4262 2788 4333 quid
2818 4261 2993 4328 aliud,
3018 4261 3113 4316 sed
3143 4277 3345 4316 verum
3361 4277 3475 4315 non
3499 4273 3631 4323 esse,
3650 4267 3714 4307 an
3731 4249 3860 4318 ἱρειιω

2254 4367 2452 4405 verum
2482 4351 2648 4405 aliter
2677 4366 2796 4404 esse
2823 4349 3234 4404 definiendum.
3265 4351 3346 4406 A.
3385 4348 3569 4404 Isthuc
3601 4343 3778 4413 ipsum,
3797 4343 3861 4385 0P0

2254 4444 2331 4506 te,
2364 4439 2633 4494 ultimum
2654 4438 2968 4494 videamus.

2325 4532 2378 4584 8.
2410 4529 2484 4583 R.
2519 4527 2704 4582 Deﬁni
2735 4543 2871 4598 ergo
2901 4543 3118 4582 verum.
3143 4528 3216 4583 A.
3247 4529 3456 4583 Verum
3469 4528 3549 4580 est
3572 4517 3708 4594 quod
3725 4514 3861 4568 istast!

2253 4617 2425 4672 habet
2452 4622 2517 4671 ut
2547 4615 2827 4686 cognitori
2868 4615 3114 4682 videtur,
3161 4615 3210 4670 si
3229 4616 3366 4670 velit
3407 4612 3678 4685 possitque
3713 4610 3858 4669 008³0·

2253 4722 2428 4762 scere.
2455 4707 2530 4761 R.
2559 4706 2685 4760 Non
2713 4704 2824 4759 erit
2853 4705 3030 4776 igitur
3058 4721 3256 4759 verum
3279 4705 3431 4776 quod
3458 4715 3615 4758 nemo
3638 4693 3787 4768 potest
3805 4700 3861 4776 co-

2253 4795 2567 4866 gnoscere?
2599 4792 2832 4860 Deinde,
2863 4774 2911 4847 si
2941 4793 3148 4848 falsum
3177 4797 3262 4848 est
3280 4774 3435 4864 quod
3456 4789 3609 4844 aliter
3633 4774 3860 4866 quam‘eéig

2250 4863 2517 4949 videtur;
2547 4880 2707 4952 quid,
2739 4880 2786 4934 si
2816 4881 2980 4935 alteri
2997 4882 3254 4936 videatur
3275 4863 3538 4950 hiclapis,
3568 4871 3724 4945 lapis;
3749 4863 3860 4919 allen

2252 4972 2475 5042 lignum
2498 4972 2528 5025 ?
2557 4951 2758 5024 eadem
2789 4986 2880 5026 res
2908 4974 2966 5024 et
2991 4969 3134 5024 falsa
3167 4974 3224 5024 et
3247 4985 3381 5024 vera
3409 4963 3557 5023 erit?
3574 4964 3640 5018 A.
3661 4951 3776 5042 Illud
3799 4959 3860 5001 me

2253 5041 2436 5132 magis
2464 5058 2727 5130 superius
2756 5061 2967 5128 movet,
2995 5059 3285 5129 quomodo
3315 5057 3363 5111 si
3385 5054 3522 5127 quid
3546 5041 3767 5132 cognosci
3781 5047 3860 5132 net!

2251 5121 2458 5213 potest,
2486 5121 2554 5194 eo
2583 5139 2685 5196 ﬁat
2710 5144 2772 5194 ut
2795 5121 2995 5193 verum
3011 5121 3139 5193 'non
3165 5139 3257 5194 sit.
3287 5121 3430 5192 Nam
3457 5131 3598 5206 quod
3625 5121 3766 5213 simul
3781 5127 3857 5208 ulla

2250 5210 2361 5299 res,
2394 5235 2452 5284 et
2478 5245 2612 5284 vera
2638 5233 2696 5283 et
2725 5228 2866 5283 falsa
2899 5235 3016 5294 est,
3036 5243 3154 5282 non
3197 5226 3371 5281 nimis
3413 5238 3566 5278 curo.
3600 5210 3783 5272 Etenim
3803 5217 3856 5252 η·

2252 5319 2360 5374 deo
2385 5334 2561 5374 unam
2583 5333 2704 5372 rem
2723 5316 2959 5372 diversis
2979 5320 3382 5388 comparatam,
3413 5310 3574 5367 simul
3592 5299 3855 5388 etmtIJ'0_l‘t‘1l1

2251 5413 2309 5464 et
2335 5408 2620 5463 minorem
2650 5424 2790 5464 esse.
2820 5408 2923 5463 Sed
2955 5424 3024 5462 ex
3055 5383 3128 5462 eo
3151 5405 3299 5461 istud
3339 5397 3619 5470 contingit,
3658 5383 3780 5461 ίῐυοδ

2253 5497 2335 5554 hil
2364 5513 2469 5568 per
2495 5513 2554 5552 se
2589 5497 2776 5568 majus
2816 5501 2914 5551 aut
2941 5495 3135 5551 minus
3180 5498 3282 5550 est.
3315 5478 3722 5561 Comparationis
3744 5479 3853 5526 εωω
