3996 6170
115 264 231 317 889

114 387 259 438 sunt
289 382 394 437 ista
421 381 680 437 nomina.
711 385 792 438 R.
825 384 898 436 At
916 382 964 437 si
993 382 1132 439 dicis
1162 384 1304 440 nihil
1334 402 1455 441 esse
1486 402 1685 442 verum
1719 403 1826 458 per

114 489 206 540 se,
232 488 347 526 non
375 471 546 526 times
574 487 648 525 ne
678 478 951 543 sequatur
981 478 1045 527 ut
1071 474 1214 528 nihil
1266 474 1339 529 sit
1382 492 1487 546 per
1526 492 1582 530 se
1604 477 1632 529 ?
1667 477 1826 531 Unde

116 562 280 616 enim
304 561 530 632 lignum
561 567 647 615 cst
674 562 800 627 hoc,
829 561 963 616 inde
995 562 1171 617 etiam
1218 580 1419 619 verum
1467 565 1687 636 lignum
1720 569 1823 619 est.

115 651 238 705 Nec
257 649 382 703 ﬁeri
406 653 597 719 potest
626 653 689 703 ut
717 665 819 719 per
851 650 1124 719 seipsum,
1177 651 1234 705 id
1266 657 1351 706 est
1377 652 1500 706 sine
1531 653 1826 723 cognitore

114 738 349 809 lignum
378 738 470 805 sit,
503 742 560 791 et
586 754 785 792 verum
826 737 1051 808 lignum
1099 755 1216 793 non
1265 740 1356 794 sit.
1389 742 1468 795 A.
1509 742 1652 812 Ergo
1681 741 1825 795 illud

116 827 249 881 dico
275 831 331 881 et
360 825 439 879 sic
458 825 690 892 definio,
739 841 845 880 nec
870 842 1070 880 vereor
1089 842 1161 881 ne
1192 828 1448 883 deﬁnitio
1467 844 1596 883 mea
1626 830 1697 883 ob
1719 830 1825 883 hoc

116 914 501 985 improbetur,
533 914 691 984 quod
719 914 891 969 nimis
914 914 1096 969 brevis
1126 919 1211 969 est
1245 933 1258 970 :
1296 933 1428 971 nam
1455 932 1654 972 verum
1684 918 1825 971 mihi

115 1003 351 1058 videtur
378 1019 500 1057 esse
528 1002 586 1058 id
611 1003 765 1074 quod
795 1008 894 1057 est.
946 1006 1013 1059 Il.
1066 1004 1219 1059 Nihil
1264 1021 1399 1075 ergo
1451 1006 1558 1060 erit
1599 1006 1823 1070 falsum,

115 1091 261 1163 quia
290 1091 573 1163 quidquid
604 1096 706 1158 est,
727 1108 927 1147 verum
957 1097 1062 1147 est.
1085 1094 1159 1148 Α.
1188 1095 1252 1148 In
1279 1110 1518 1165 magnas
1534 1096 1826 1166 angustias

116 1196 216 1233 me
242 1179 553 1249 conjecisti,
587 1195 691 1233 nec
719 1180 947 1235 invenio
992 1197 1226 1251 prorsus
1257 1182 1393 1254 quid
1425 1184 1820 1255 respondeam.

115 1270 206 1323 Ita
236 1268 304 1322 ﬁt
334 1273 398 1323 ut
427 1284 557 1323 cum
584 1268 752 1323 aliter
780 1269 974 1324 doceri
1016 1270 1197 1325 nolim
1236 1287 1410 1342 quam
1432 1273 1558 1327 istis
1586 1273 1827 1328 interro-

114 1357 469 1428 gationibus,
496 1373 695 1411 verear
714 1358 836 1427 jam
865 1364 1057 1413 tamen
1088 1358 1451 1431 interrogari.

410 1447 634 1501 CAPUT
664 1448 755 1501 VI.
787 1477 854 1486 ——
890 1448 1039 1502 Unde
1062 1449 1308 1515 falsitas,
1338 1454 1387 1503 et
1424 1450 1538 1503 ubi.

193 1539 251 1590 9.
284 1536 360 1590 R.
394 1536 544 1589 Deus
573 1534 665 1590 cui
694 1551 799 1589 nos
847 1534 1262 1607 commisimus,
1320 1536 1441 1591 sine
1471 1536 1826 1592 dubitatione

115 1625 235 1678 fert
263 1640 453 1694 opem,
485 1628 541 1678 et
579 1624 649 1679 de
676 1623 767 1678 his
796 1623 1077 1694 angustiis
1105 1624 1312 1679 liberat
1341 1642 1465 1689 nos,
1497 1627 1670 1681 modo
1704 1643 1825 1680 cre-

116 1714 349 1779 damus,
381 1718 439 1767 et
467 1729 599 1767 eum
626 1728 896 1783 rogemus
935 1713 1312 1770 devotissime.
1364 1716 1439 1770 Α.
1476 1714 1627 1770 Nihil
1658 1716 1827 1787 plane

117 1802 399 1856 libentius
422 1801 532 1855 hoc
562 1801 685 1856 loco
713 1800 945 1856 fecerim
970 1821 983 1867 ;
1018 1817 1153 1855 nam
1183 1818 1469 1874 nusquam
1493 1808 1713 1858 tantam
1740 1820 1827 1859 ca-

115 1890 363 1960 liginem
392 1890 623 1961 pertuli.
674 1891 842 1956 Deus,
892 1891 1060 1945 Pater
1099 1895 1312 1957 noster,
1363 1891 1464 1961 qui
1507 1897 1572 1946 ut
1600 1908 1827 1946 oremus

116 1978 395 2045 hortaris,
435 1979 536 2050 qui
562 1983 619 2032 et
646 1978 753 2033 hoc
778 1978 935 2049 quod
973 1978 1192 2049 rogaris
1235 1984 1506 2050 przestas;
1541 1980 1827 2052 siquidem

116 2084 260 2122 cum
284 2073 338 2122 te
360 2084 648 2139 rogamus,
667 2067 872 2121 melius
900 2067 1162 2133 vivimus,
1197 2068 1577 2140 melioresque
1606 2086 1823 2124 sumus:

118 2157 336 2212 exaudi
363 2172 455 2211 me
485 2156 862 2227 palpitantem
882 2155 941 2210 in
969 2156 1059 2211 his
1076 2156 1347 2224 tenebris,
1383 2163 1440 2212 et
1469 2158 1612 2213 mihi
1642 2158 1829 2213 dexte-

116 2261 253 2298 ram
290 2245 539 2316 porrige.
562 2245 857 2300 Praetende
892 2244 1034 2299 mihi
1064 2247 1260 2300 lumen
1286 2251 1472 2313 tuum,
1504 2263 1706 2302 revoca
1737 2264 1827 2302 me

120 2334 191 2388 ab
232 2334 552 2401 erroribus;
602 2340 658 2389 te
687 2334 829 2388 duce
846 2333 905 2388 in
938 2350 1030 2388 me
1060 2335 1291 2389 redeam
1313 2340 1376 2389 et
1423 2336 1481 2389 in
1512 2340 1587 2391 te.
1620 2338 1823 2390 Amen.

120 2424 194 2476 R.
241 2422 340 2476 Hic
369 2427 487 2476 esto
518 2428 797 2493 quantum
816 2427 998 2492 potes,
1032 2426 1089 2476 et
1115 2422 1547 2493 vigilantissime
1576 2425 1825 2478 attende.

122 2515 191 2566 Α.
229 2511 344 2571 Dic.
378 2528 595 2583 quaeso,
625 2511 686 2565 si'
704 2510 841 2582 quid
866 2510 971 2565 tibi
1002 2516 1335 2582 suggestum
1364 2518 1466 2579 est,
1498 2528 1571 2565 ne
1623 2528 1827 2583 perea-

123 2616 278 2655 mus.
331 2601 405 2655 R.
460 2600 559 2655 Hic
605 2604 745 2655 esto.
793 2600 866 2655 A.
920 2601 1055 2654 Ecce
1100 2600 1275 2655 habes
1325 2616 1417 2655 me
1466 2600 1610 2655 nihil
1668 2601 1825 2656 aliud

122 2693 418 2760 agentem.

197 2780 286 2832 10.
328 2778 402 2832 R.
438 2776 600 2832 Prius
638 2776 778 2847 quid
816 2776 892 2830 sit
937 2776 1167 2841 falsum,
1211 2776 1384 2831 etiam
1436 2781 1607 2848 atque
1655 2778 1826 2831 etiam

120 2866 608 2924 ventilemus.1A.
644 2865 816 2920 Miror
844 2865 891 2919 si
942 2864 1257 2936 quidquam
1300 2865 1451 2920 aliud
1484 2866 1612 2932 erit,
1653 2883 1827 2937 quam

122 2954 277 3025 quod
289 2970 406 3008 non
434 2953 513 3007 ita
534 2958 619 3008 est
649 2959 712 3007 ut
734 2954 977 3008 videtur.
999 2955 1072 3007 R.
1088 2954 1333 3008 Attende
1358 2953 1567 3024 potius,
1593 2960 1650 3009 et
1674 2956 1827 3024 ipsos

123 3058 326 3098 sensus
352 3042 515 3113 prius
543 3042 987 3112 interrogemus.
1024 3044 1164 3096 Nam
1195 3047 1346 3096 certe
1376 3044 1525 3112 quod
1558 3042 1709 3097 oculi
1737 3043 1826 3096 vi-

123 3133 282 3199 dent,
314 3149 430 3187 non
460 3132 669 3187 dicitur
696 3132 923 3199 falsum,
958 3131 1069 3186 nisi
1093 3131 1303 3186 habeat
1330 3132 1583 3204 aliquam
1620 3132 1824 3187 simili-

122 3222 383 3277 tudinem
409 3221 546 3276 veri.
578 3223 645 3276 Ut
672 3221 832 3276 verbi
856 3238 1046 3287 causa,
1078 3221 1253 3275 homo
1280 3237 1455 3292 quem
1480 3222 1735 3277 videmus
1768 3222 1825 3276 in

122 3309 357 3377 somnis,
388 3326 507 3364 non
535 3315 620 3364 est
648 3309 846 3380 utique
872 3326 1034 3363 verus
1046 3310 1242 3374 homo,
1260 3310 1355 3363 sed
1385 3310 1580 3376 falsus,
1614 3326 1681 3364 eo
1702 3310 1824 3379 ipso

123 3398 280 3469 quod
309 3398 480 3452 habet
516 3398 635 3452 veri
664 3398 1127 3452 similitudinem.
1157 3398 1293 3462 Quis
1322 3397 1477 3451 enim
1510 3414 1711 3452 canem
1740 3398 1823 3452 vi-

121 3487 275 3556 deat,
306 3492 362 3542 et
390 3491 539 3541 recte
578 3503 636 3541 se
668 3486 818 3541 dicat
846 3485 1146 3540 hominem
1186 3486 1550 3540 somniasse?
1594 3488 1737 3557 Ergo
1770 3491 1826 3541 ct

121 3576 213 3631 ille
244 3576 422 3631 falsus
451 3575 607 3631 canis
635 3582 741 3639 est,
771 3591 837 3628 ex
863 3591 930 3629 eo
952 3575 1105 3645 quod
1129 3574 1334 3629 similis
1352 3591 1485 3629 vero
1506 3580 1607 3630 est.
1643 3577 1713 3630 Λ.
1743 3578 1825 3631 Ita

122 3669 205 3719 est
232 3670 295 3718 tu
330 3664 489 3719 dicis.
522 3665 596 3717 R.
628 3662 794 3728 Quid,
840 3662 1083 3733 vigilans
1130 3663 1374 3733 quisque
1414 3662 1462 3717 si
1509 3663 1629 3718 viso
1676 3680 1822 3734 equo

122 3757 284 3825 putet
314 3770 372 3808 se
402 3752 698 3808 hominem
728 3751 917 3806 videre
940 3753 969 3805 ?
1027 3767 1221 3805 nonne
1246 3767 1312 3805 eo
1342 3750 1563 3806 fallitur
1593 3754 1746 3823 quod
1771 3752 1824 3806 ei

122 3847 393 3914 appareat
421 3842 615 3913 aliqua
665 3839 916 3895 hominis
950 3839 1265 3895 similitudo
1286 3842 1314 3893 ‘2
1343 3841 1487 3895 Nam
1518 3840 1565 3894 si
1597 3840 1740 3895 nihil
1769 3840 1823 3895 ei

123 3936 412 4003 appareat,
445 3931 554 3985 nisi
584 3929 718 4002 equi
748 3928 983 4001 species,
1016 3945 1132 3983 non
1184 3933 1370 3999 potest
1408 3929 1671 3984 arbitrari
1702 3945 1822 3983 sese

121 4020 417 4074 hominem
445 4019 659 4074 videre.
690 4020 764 4074 A.
800 4020 1039 4072 Prorsus
1069 4017 1227 4072 cedo.
1283 4018 1358 4072 R.
1404 4018 1654 4072 Dicimus
1684 4018 1822 4073 item

121 4108 319 4164 falsam
353 4108 614 4163 arborem
644 4123 817 4178 quam
846 4106 1056 4177 pictam
1099 4106 1378 4175 videmus,
1412 4111 1468 4160 et
1499 4107 1698 4161 falsam
1746 4107 1853 4161 fa-A

121 4196 265 4252 ciem
291 4214 420 4268 quas
449 4198 517 4252 de
548 4197 779 4268 speculo
809 4196 1091 4262 redditur,
1125 4199 1182 4249 et
1200 4196 1403 4249 falsum
1424 4195 1669 4249 turrium
1700 4212 1820 4249 mo-

120 4290 241 4339 tum
272 4285 693 4357 navigantibus,
726 4285 1043 4355 falsamque
1099 4283 1502 4338 infractionem
1549 4284 1715 4351 remi,
1748 4285 1820 4338 ob

120 4375 273 4429 aliud
302 4374 448 4429 nihil
464 4374 573 4428 nisi
591 4372 1096 4445 quodverisimilia
1114 4376 1266 4427 sunt.
1284 4374 1360 4427 Α.
1405 4373 1712 4427 Fateor.R.
1738 4374 1821 4427 Ita

120 4467 173 4517 et
199 4463 263 4517 in
287 4462 531 4532 geminis
561 4463 836 4531 fallimur,
866 4461 946 4516 ita
976 4461 1038 4515 in
1068 4461 1209 4528 ovis,
1243 4461 1321 4514 ita
1373 4460 1433 4515 in
1462 4460 1704 4530 singulis
1746 4462 1820 4515 si-

119 4551 270 4621 gillis
298 4567 412 4605 uno
451 4551 665 4605 annulo
700 4550 1016 4621 impressis,
1062 4554 1119 4604 et
1148 4550 1207 4604 in
1241 4549 1459 4604 caateris
1489 4549 1715 4603 talibus.
1746 4551 1816 4604 Α.

118 4640 334 4712 Sequor
364 4639 598 4695 omnino
626 4643 799 4711 atque
828 4638 1107 4693 concedo.
1162 4639 1238 4693 R.
1288 4638 1614 4693 Similitudo
1644 4638 1823 4709 igitur

115 4743 307 4784 rerum
333 4745 463 4800 qua;
486 4730 555 4783 ad
586 4730 782 4784 oculos
807 4727 1082 4799 pertinet,
1105 4732 1290 4782 mater
1318 4732 1403 4782 est
1428 4727 1710 4783 falsitatis.
1745 4728 1817 4783 Α.

122 4818 338 4889 Negare
366 4834 481 4872 non
504 4833 764 4889 possum.

189 4911 272 4962 11.
307 4908 381 4962 R.
414 4907 521 4962 Sed
548 4908 671 4961 haec
700 4905 887 4960 omnis
920 4905 1081 4971 silva,
1110 4904 1220 4959 nisi
1264 4920 1356 4959 me
1403 4904 1569 4972 fallit,
1602 4905 1663 4959 in
1707 4905 1821 4960 duo

118 5010 324 5064 genera
353 4996 748 5066 dividipotest.
771 4996 915 5049 Nam
945 4993 1156 5065 partim
1187 4993 1506 5064 aequalibus
1536 4993 1597 5047 in
1626 4993 1817 5060 rebus,

118 5085 327 5154 partim
354 5102 486 5140 vero
512 5085 573 5139 in
596 5083 976 5140 deterioribus
1006 5088 1104 5137 est.
1123 5081 1381 5153 Equalia
1410 5086 1561 5147 sunt,
1590 5083 1819 5153 quando

117 5177 233 5227 tam
257 5174 364 5229 hoc
394 5173 479 5227 illi
508 5189 683 5245 quam
713 5172 860 5226 illud
907 5171 1040 5226 huic
1067 5170 1281 5225 similes
1311 5186 1432 5225 esse
1461 5169 1723 5237 dicimus,
1756 5177 1821 5227 ut

119 5261 186 5315 de
214 5264 459 5333 geminis
488 5264 707 5318 dictum
741 5266 844 5328 est,
877 5262 965 5316 vel
994 5260 1567 5332 deﬁimpressionibus
1596 5263 1815 5317 annuli.

117 5350 183 5403 In
212 5352 588 5407 deterioribus
617 5351 1076 5423 autem,quando
1094 5349 1235 5404 illud
1265 5349 1421 5420 quod
1442 5348 1692 5403 deterius
1714 5357 1817 5420 est,

118 5438 299 5494 simile
321 5457 441 5495 esse
470 5440 714 5495 dicimus
752 5438 997 5494 meliori.
1042 5438 1177 5503 Quis
1226 5437 1381 5492 enim
1409 5438 1471 5492 in
1526 5439 1819 5508 speculum

118 5530 393 5595 attendat;
422 5534 478 5584 et
500 5534 651 5585 recte
681 5529 830 5584 dicat
856 5545 917 5583 se
945 5544 1067 5582 esse
1097 5528 1178 5582 illi
1196 5526 1434 5599 imagini
1465 5525 1731 5591 similem,
1755 5545 1819 5584 ac

1554 263 1765 319 LIBER
1816 264 2211 323 SECUNDUS.

3532 279 3637 332 890

1939 406 2056 444 non
2085 390 2275 461 potius
2313 392 2471 446 illam
2502 392 2649 447 sibi?
2672 395 2786 448 Hoc
2811 398 3003 450 autem
3034 404 3215 466 genus
3236 398 3449 467 partim
3471 404 3553 454 est
3573 400 3635 455 in

1936 495 2002 533 eo
2041 480 2196 551 quod
2221 480 2415 535 anima
2443 482 2672 552 patitur,
2705 483 2919 552 partim
2948 500 3080 538 vero
3113 484 3173 539 in
3208 486 3277 539 iis
3306 487 3479 541 rebus
3506 504 3636 559 quae

1936 568 2217 623 videntur.
2242 570 2347 623 Sed
2367 569 2552 640 ipsum
2583 573 2737 641 quod
2768 572 2958 626 anima
2984 573 3222 643 patitur,
3251 580 3349 629 aut
3376 575 3434 628 in
3464 592 3633 629 sensu

1935 657 2168 727 patitur,
2208 664 2272 711 ut
2308 658 2482 712 turris
2514 664 2735 714 motum
2778 660 2876 732 qui
2895 663 3086 717 nullus
3107 668 3190 718 est
3220 668 3357 730 ;aut
3382 665 3531 735 apud
3555 682 3638 719 se-

1935 744 2118 814 ipsam
2149 762 2217 799 ex
2246 762 2313 800 eo
2346 747 2501 817 quod
2530 749 2745 818 accepit
2773 766 2805 802 a
2831 750 3110 816 sensibus,
3135 751 3328 822 qualia
3359 758 3495 806 sunt
3515 753 3636 807 visa

1935 833 2369 901 somniantium,
2398 840 2453 889 et
2481 836 2731 891 fortassis
2763 837 2934 892 etiam
2962 839 3296 894 furentium.
3332 842 3509 895 Porro
3541 841 3640 895 illa

1936 938 2066 993 quae
2095 922 2155 976 in
2182 923 2318 993 ipsis
2349 925 2518 978 rebus
2548 942 2689 996 quas
2720 926 2976 981 videmus
2997 934 3292 999 apparent,
3329 929 3438 983 alia
3469 947 3499 983 a
3530 946 3636 983 na-

1935 1016 2084 1077 tura,
2116 1018 2318 1066 caatera
2346 1014 2416 1067 ab
2447 1014 2835 1069 animantibus
2866 1017 3262 1087 exprimuntur
3317 1024 3489 1089 atque
3518 1020 3633 1072 ﬁn-

1936 1106 2167 1169 guntur.
2202 1102 2413 1155 Natura
2442 1103 2730 1173 gignendo
2764 1106 2847 1159 vel
2875 1107 3201 1161 resultando
3224 1107 3632 1161 similitudines

1936 1189 2241 1243 deteriores
2278 1190 2431 1245 facit.
2479 1192 2791 1261 Gignendo,
2846 1210 2976 1248 cum
3027 1196 3361 1265 parentibus
3421 1196 3637 1250 similes

1935 1283 2246 1331 nascuntur
2275 1295 2288 1343 ;
2323 1280 2668 1347 resultando,
2727 1286 2790 1335 ut
2820 1283 2889 1336 de
2945 1284 3189 1353 speculis
3220 1285 3632 1354 cujuscemodi.

1937 1366 2203 1429 Quamvis
2230 1367 2383 1421 enim
2408 1368 2678 1439 pleraque
2702 1371 2930 1439 specula
2959 1370 3221 1424 homines
3253 1371 3483 1438 faciant,
3516 1389 3633 1426 non

1936 1455 2251 1525 tamenipsi
2283 1456 2567 1527 effingunt
2587 1472 2681 1510 eas
2710 1474 2839 1527 qum
2867 1458 3158 1511 adduntur
3186 1458 3485 1528 imagines.
3509 1462 3534 1513 J
3543 1476 3635 1513 am

1936 1557 2068 1595 vero
2100 1542 2483 1596 animantium
2515 1559 2689 1612 opera
2712 1550 2847 1598 sunt
2874 1545 2935 1597 in
2984 1545 3239 1615 picturis,
3271 1551 3330 1599 et
3358 1546 3637 1616 hujusce-

1937 1629 2094 1683 modi
2130 1630 2453 1702 quibusque
2503 1631 2791 1703 ﬁgmentis
2824 1649 2836 1686 :
2865 1632 2923 1686 in
2986 1650 3099 1704 quo
3160 1650 3370 1705 genere
3422 1634 3641 1689 includi

1937 1718 2111 1772 etiam
2138 1719 2236 1773 illa
2264 1724 2520 1791 possunt,
2553 1721 2601 1774 si
2628 1725 2822 1775 tamen
2848 1722 3017 1789 ﬁunt,
3067 1739 3197 1794 qua:
3228 1724 3517 1778 dmmones
3555 1724 3641 1777 fa-

1937 1807 2112 1862 ciunt.
2151 1809 2376 1863 Umbras
2405 1815 2599 1863 tamen
2629 1826 2952 1881 corporum,
2985 1812 3121 1883 quia
3150 1828 3265 1867 non
3294 1813 3465 1867 nimis
3493 1814 3564 1867 ab
3578 1829 3639 1866 re

1938 1896 2098 1951 abest
2129 1899 2144 1933 ³
2178 1903 2241 1951 ut
2284 1898 2617 1967 corporibus
2662 1899 2877 1953 similes
2912 1906 2978 1953 'et
3028 1901 3191 1971 quasi
3224 1902 3367 1955 falsa
3394 1917 3639 1971 corpora

1937 1985 2216 2052 dicantur,
2249 2001 2353 2040 nec
2382 1987 2451 2041 ad
2473 1988 2771 2042 oculorum
2795 1988 3080 2059 judicium
3103 1989 3394 2058 pertinere
3418 2005 3638 2059 negan-

1939 2075 2025 2129 dae
2060 2081 2233 2143 sunt;
2263 2076 2321 2129 in
2359 2076 2457 2129 illo
2496 2092 2590 2129 eas
2620 2092 2827 2146 genere
2853 2078 2992 2146 poni
3023 2079 3227 2147 placet,
3276 2078 3427 2147 quod
3458 2078 3642 2131 resul-

1936 2165 2111 2219 tando
2135 2181 2168 2217 a
2196 2169 2398 2218 natura
2427 2163 2510 2218 ﬁt.
2537 2166 2794 2219 Resultat
2814 2166 2967 2220 enim
2995 2182 3165 2220 omne
3197 2181 3403 2236 corpus
3431 2165 3641 2219 lumini

1939 2251 2387 2321 objectum,etin
2414 2252 2757 2306 contrariam
2780 2257 3003 2322 partem
3028 2253 3292 2307 umbram
3320 2252 3526 2306 reddit.
3550 2254 3640 2305 An

1936 2340 2039 2393 tibi
2070 2340 2285 2411 aliquid
2314 2340 2822 2395 contradicendum
2843 2340 3071 2395 videtur
3088 2342 3114 2395 ?
3134 2342 3208 2395 A.
3236 2339 3373 2394 Milli
3396 2355 3530 2393 vero
3552 2339 3638 2392 ni-

1935 2427 2035 2482 hil.
2064 2428 2171 2482 Sed
2202 2444 2453 2498 quonam
2481 2427 2591 2481 ista
2612 2429 2867 2496 tendant,
2897 2429 3267 2482 vehementer
3281 2431 3563 2497 exspecto.

2010 2520 2095 2572 l2.
2126 2518 2199 2571 R.
2226 2517 2400 2587 Atqui
2430 2522 2657 2587 oportet
2685 2516 2973 2586 patienter
2996 2517 3265 2585 feramus,
3325 2517 3507 2571 donec
3538 2531 3639 2569 no-

1937 2604 2025 2659 bis
2056 2606 2249 2659 cazteri
2274 2621 2471 2659 sensus
2499 2604 2977 2659 renuntienturin
3004 2604 3514 2659 verisimilitudine
3536 2605 3637 2657 ha-

1936 2693 2118 2749 bitare
2149 2694 2470 2748 falsitatem.
2504 2695 2647 2747 Nam
2677 2698 2732 2746 et
2762 2694 2823 2747 in
2852 2693 2975 2764 ipso
3001 2694 3200 2747 auditu
3252 2693 3491 2746 totidem
3521 2692 3638 2746 fere

1937 2799 2150 2853 genera
2178 2782 2416 2836 veniunt
2445 2781 2891 2836 similitudinum
2920 2798 2934 2835 :
2967 2782 3144 2835 veluti
3175 2797 3305 2834 cum
3348 2780 3638 2851 loquentis

1938 2888 2155 2932 vocem,
2188 2887 2357 2941 quem
2382 2886 2495 2923 non
2526 2870 3141 2933 videmus,audientes,
3160 2874 3430 2947 putamus
3459 2868 3636 2922 alium

1937 2958 2290 3031 quempiam,
2322 2959 2413 3012 cui
2439 2974 2573 3013 voce
2594 2958 2797 3012 similis
2826 2962 2949 3026 est;
2978 2962 3148 3028 atque
3170 2957 3229 3010 in
3256 2956 3637 3011 deterioribus

1936 3050 2023 3102 vel
2052 3049 2191 3102 echo
2224 3047 2381 3102 testis
2412 3051 2515 3112 est,
2548 3048 2635 3100 vel
2664 3046 2908 3101 tinnitus
2940 3046 3035 3100 ille
3084 3046 3340 3116 ipsarum
3385 3044 3637 3112 aurium,

1935 3138 2021 3190 vel
2043 3136 2103 3190 in
2132 3135 2443 3206 horologiis
2473 3135 2708 3189 merulae
2737 3140 2836 3188 aut
2864 3134 3019 3188 corvi
3072 3134 3338 3205 quaedam
3368 3132 3635 3201 imitatio,

1935 3226 2023 3279 vel
2055 3241 2182 3295 quae
2214 3224 2321 3278 sibi
2352 3223 2702 3278 somniantes
2733 3229 2831 3278 aut
2848 3224 3100 3278 furentes
3120 3223 3384 3277 videntur
3414 3222 3631 3276 audire.

1938 3314 2112 3368 Falsa:
2139 3318 2331 3372 autem
2358 3314 2575 3368 voculae
2589 3330 2718 3384 qua:
2748 3313 3021 3367 dicuntur
3048 3328 3080 3365 a
3112 3312 3364 3378 musicis,
3390 3311 3638 3365 incredi—

1936 3402 2049 3456 bile
2079 3408 2163 3456 est
2186 3407 2465 3473 quantum
2496 3407 2838 3456 attestantur
2862 3400 3108 3468 veritati,
3142 3400 3292 3471 quod
3306 3406 3434 3471 post
3456 3416 3633 3470 appa-

1935 3491 2084 3545 rebit
2115 3508 2128 3546 :
2164 3496 2355 3546 tamen
2385 3492 2559 3545 etiam
2610 3491 2769 3561 ipsae,
2826 3491 2978 3560 quod
3013 3495 3097 3543 sat
3155 3493 3239 3542 est
3290 3504 3461 3553 nunc,
3517 3504 3634 3541 non

1935 3581 2140 3635 absunt
2161 3581 2231 3635 ab
2265 3596 2463 3633 earum
2495 3578 2866 3633 similitudine
2896 3595 3037 3649 quas
3078 3594 3239 3631 veras
3277 3582 3499 3631 vocant.
3533 3578 3632 3631 Se-

1935 3669 2126 3740 queris
2157 3669 2324 3723 haec?
2353 3670 2429 3721 Α.
2462 3668 2525 3722 Et
2550 3667 2944 3721 libentissime.
2980 3667 3123 3720 Nam
3169 3665 3310 3719 nihil
3340 3665 3538 3719 laboro
3569 3670 3631 3719 ut

1932 3757 2271 3827 intelligam.
2303 3758 2375 3811 R.
2415 3758 2578 3826 Ergo,
2611 3772 2682 3810 ne
2714 3772 3024 3821 moremur,
3057 3755 3355 3809 videturne
3388 3754 3492 3809 tibi
3534 3760 3636 3808 aut

1930 3845 2116 3900 lilium
2148 3862 2181 3899 a
2210 3845 2330 3899 lilio
2357 3862 2523 3917 posse
2554 3844 2750 3910 odore,
2782 3849 2881 3898 aut
2911 3845 3023 3897 mel
3054 3843 3379 3914 thyminum
3411 3860 3444 3896 a
3464 3843 3634 3897 melle

1932 3935 2195 4005 thymino
2224 3934 2294 3989 de
2322 3934 2555 3989 diversis
2600 3933 2860 3988 alveariis
2908 3949 3131 4003 sapore,
3186 3938 3288 3987 aut
3332 3932 3631 3986 mollitudo

1930 4025 2262 4095 plumarum
2304 4024 2465 4095 cycni
2504 4025 2574 4077 ab
2606 4023 2824 4077 anseris
2880 4028 3038 4077 tactu
3092 4022 3253 4076 facile
3283 4021 3581 4092 dijudicari
3606 4023 3635 4075 ?

1931 4115 2003 4167 A.
2040 4115 2167 4167 Non
2196 4112 2442 4167 videtur.
2478 4116 2551 4166 Β.
2587 4111 2755 4177 Quid,
2789 4127 2922 4165 cum
2951 4111 3090 4166 talia
3112 4128 3215 4165 nos
3245 4112 3331 4164 vel
3367 4111 3633 4179 olfacere,

1932 4203 2018 4256 vel
2051 4207 2302 4274 gustare,
2334 4202 2424 4255 vel
2449 4205 2684 4271 tangere
2711 4199 3110 4254 somniamus?
3141 4214 3332 4252 nonne
3361 4198 3633 4252 similitu-

1932 4292 2064 4345 dine
2096 4290 2413 4361 imaginum
2444 4307 2509 4342 eo
2542 4290 2823 4344 deteriore
2854 4305 2969 4359 quo
3000 4288 3258 4342 inaniore
3286 4286 3634 4357 dicipimur?

1932 4381 2004 4434 A.
2039 4381 2248 4433 Verum
2282 4378 2439 4433 dicis.
2473 4378 2552 4433 R.
2595 4378 2740 4449 Ergo
2764 4381 3003 4448 opparet
3021 4375 3200 4430 nosin
3225 4374 3493 4428 omnibus
3509 4389 3632 4427 sen-

1932 4467 2086 4522 sibus
2115 4467 2231 4521 sive
2271 4467 2608 4537 azqualibus,
2655 4467 2769 4520 sive
2800 4462 3278 4519 in-deterioribus
3307 4462 3498 4527 rebus,
3534 4467 3633 4516 aut

1932 4556 2308 4610 similitudine
2334 4556 2694 4610 lenocinante
2722 4555 2870 4621 falli;
2905 4558 3002 4607 aut
3029 4552 3250 4606 etiamsi
3306 4567 3422 4605 non
3478 4552 3630 4605 falli-

1932 4660 2062 4699 mur
2108 4644 2521 4715 suspendentes
2578 4642 3032 4708 consensionem,
3097 4656 3196 4694 seu
3242 4640 3628 4695 differentiam

1932 4732 2344 4803 dignoscentes,
2377 4737 2571 4787 tamen
2602 4748 2696 4787 eas
2729 4748 2819 4785 res
2848 4730 3018 4784 falsas
3043 4728 3339 4783 nominare
3370 4746 3511 4800 quas
3541 4746 3631 4785 ve-

1930 4820 2197 4875 risimiles
2227 4820 2726 4891 deprehendimus.
2758 4820 2830 4874 Α.
2857 4817 3125 4872 Dubitare
3156 4833 3272 4871 non
3302 4833 3554 4888 possum.

1931 4908 2155 4963 CAPUT
2194 4910 2316 4964 VII.
2354 4938 2421 4949 —
2451 4912 2525 4963 De
2550 4924 2674 4962 vero
2706 4911 2756 4961 et
2784 4907 2971 4961 simili.
3004 4908 3303 4977 Soliloquia
3332 4922 3429 4960 cur
3456 4906 3624 4959 dicta.

2005 5001 2089 5054 13.
2118 4998 2187 5052 R.
2222 4999 2383 5052 Nunc
2408 4996 2658 5065 attende,
2716 4996 2855 5050 dum
2886 4995 3088 5050 eadem
3119 5011 3353 5050 rursum
3381 4994 3626 5049 recurri-

1930 5102 2079 5152 mus,
2112 5102 2226 5157 quo
2257 5086 2357 5140 fiat
2377 5084 2630 5155 apertius
2660 5085 2814 5155 quod
2858 5100 3136 5139 conamur
3191 5084 3509 5139 ostendere.
3550 5084 3623 5136 A.

1932 5177 2155 5241 Eccum,
2176 5176 2412 5245 loquere
2444 5174 2597 5244 quod
2614 5174 2715 5229 vis.
2764 5175 2906 5229 Nam
2929 5190 3034 5245 ego
3060 5173 3429 5228 ciroumitum
3452 5170 3625 5224 istum

1930 5264 2105 5320 semel
2134 5262 2304 5317 statui
2333 5262 2597 5331 tolerare,
2628 5279 2817 5335 neque
2846 5264 2906 5318 in
2936 5280 3002 5317 eo
3036 5263 3332 5319 defetiscar
3359 5276 3456 5331 spe
3468 5263 3628 5313 tanta

1930 5352 2299 5423 perveniendi
2347 5368 2461 5421 quo
2510 5368 2612 5404 nos
2643 5353 2875 5407 tendere
2906 5352 3105 5405 sentio.
3142 5353 3213 5404 R.
3267 5352 3412 5402 Bene
3460 5348 3615 5401 facis.

1929 5442 2037 5496 Sed
2067 5440 2292 5494 attende
2322 5446 2515 5493 utrum
2552 5440 2655 5495 tibi
2684 5441 2960 5507 videatur,
2992 5455 3121 5494 cum
3156 5454 3262 5492 ova
3291 5435 3501 5491 similia
3530 5434 3617 5491 vi-

1994 5541 2005 5571 ¹
2046 5536 2245 5585 Absunt
2269 5535 2422 5599 juxta
2448 5538 2571 5585 Lov.
2600 5538 2664 5585 Μ.
