4062 6188
401 241 495 290 891

403 358 626 423 demus,
659 356 891 428 aliquod
929 373 1131 412 eorum
1177 358 1386 412 falsum
1417 373 1536 411 esse
1575 361 1726 410 recte
1774 372 1879 410 nos
1933 371 2101 426 posse

400 445 613 501 dicere.
653 449 732 500 Α.
766 447 932 501 Nullo
965 447 1134 502 modo
1172 445 1415 500 videtur.
1462 444 1666 500 Omnia
1713 444 1868 498 enim
1899 443 1948 497 si
2000 461 2104 498 ova

402 539 556 601 sunt,
581 551 714 590 vera
743 551 850 589 ova
879 540 1031 590 sunt.
1064 537 1137 590 R.
1185 534 1353 599 Quid,
1385 550 1516 587 cum
1547 534 1617 588 de
1667 534 1895 605 speculo
1923 535 2102 588 resul-

404 629 525 678 tare
557 623 870 694 imaginem
900 623 1208 678 videmus?
1256 623 1464 693 quibus
1516 622 1693 694 signis
1739 623 1940 676 falsam
1983 638 2104 676 esse

403 711 990 782 comprehendimus?
1019 713 1092 766 Α.
1125 710 1349 766 Scilicet
1375 711 1529 782 quod
1559 727 1678 765 non
1707 716 1957 780 tenetur,
1987 727 2105 766 non

403 805 589 866 sonat,
621 815 737 854 non
769 816 875 870 per
902 817 960 854 se
984 805 1265 866 movetur,
1293 817 1407 854 non
1428 800 1583 866 vivit,
1617 805 1672 855 et
1697 801 1913 854 caeteris
1941 800 2107 854 innu-

403 886 797 955 merabilibus,
837 901 969 955 quae
996 884 1266 956 prosequi
1298 885 1538 954 longum
1566 889 1669 938 est.
1719 887 1793 939 R.
1832 885 2005 939 Video
2050 888 2104 938 te

409 976 559 1030 nolle
589 974 905 1040 immorari,
925 979 982 1028 et
1011 973 1403 1044 properationi
1424 977 1537 1026 tua;
1558 989 1684 1026 mos
1704 973 1985 1043 gerendus
1999 977 2100 1026 est.

411 1066 626 1135 Itaque,
661 1079 731 1117 ne
763 1063 988 1134 singula
1031 1067 1309 1132 repetam,
1359 1061 1404 1115 si
1436 1067 1492 1115 et
1537 1061 1620 1115 illi
1667 1061 1931 1115 homines
1964 1077 2106 1132 quos

411 1153 670 1206 videmus
697 1153 756 1206 in
781 1151 1017 1218 somnis,
1042 1151 1251 1217 vivere,
1271 1150 1449 1222 loqui,
1475 1151 1658 1205 teneri
1678 1167 1710 1204 a
1738 1150 2106 1221 vigilantibus

404 1247 665 1312 possent,
698 1241 960 1312 nihilque
987 1240 1136 1294 inter
1155 1240 1306 1310 ipsos
1333 1240 1607 1306 dill'erret,
1631 1244 1687 1293 et
1717 1256 1814 1293 eos
1841 1256 1984 1310 quos
2010 1255 2104 1293 ex-

402 1330 712 1401 pergefacti
763 1345 825 1383 ac
846 1329 969 1383 sani
1001 1327 1354 1399 alloquimur
1384 1332 1439 1381 et
1467 1327 1746 1394 videmus,
1780 1327 2094 1398 numquid-

403 1433 537 1472 nam
568 1434 664 1470 eos
691 1417 859 1472 falsos
894 1417 1213 1470 diceremus
1233 1418 1260 1470 ?
1288 1417 1360 1471 A.
1395 1416 1515 1480 Quo
1553 1421 1718 1487 pacto
1768 1416 1922 1471 istud
1952 1420 2104 1470 recte

401 1507 686 1560 diceretur
705 1507 733 1558 ?
757 1507 830 1572 R,
865 1507 1008 1575 Ergo
1039 1505 1085 1559 si
1115 1521 1180 1558 eo
1202 1503 1320 1557 veri
1351 1509 1559 1570 essent,
1589 1521 1702 1576 quo
1733 1505 1852 1559 veri
1881 1505 2102 1559 similli-

409 1595 486 1648 mi
519 1598 882 1665 apparerent,
927 1594 1186 1664 nihilque
1222 1593 1372 1647 inter
1410 1609 1504 1647 eos
1553 1597 1609 1647 et
1654 1610 1816 1647 veros
1869 1593 2106 1648 omnino

406 1683 658 1748 distaret,
691 1698 871 1752 eoque
900 1682 1027 1736 falsi
1059 1697 1172 1753 quo
1202 1697 1306 1752 per
1332 1681 1460 1735 illas
1480 1682 1567 1735 vel
1590 1681 1727 1735 alias
1757 1681 2106 1736 differentias

403 1771 708 1826 dissimiles
739 1770 1252 1836 convincerentur;
1293 1785 1485 1824 nonne
1499 1769 1932 1825 similitudinem
1963 1769 2104 1824 veri-

403 1859 536 1913 tatis
557 1863 819 1925 matrem,
855 1863 911 1912 et
936 1858 1459 1913 dissimilitudinem
1490 1859 1748 1913 falsitatis
1775 1875 1895 1913 esse
1924 1859 2105 1913 faten-

404 1947 544 2002 dum
575 1952 659 2002 est
677 1949 703 2002 ?
732 1949 806 2001 Α.
838 1948 962 2002 Non
988 1948 1169 2001 habeo
1195 1948 1331 2018 quid
1361 1947 1566 2015 dicam,
1590 1953 1647 2002 et
1666 1949 1840 2018 pudet
1868 1965 1960 2003 me
1989 1953 2107 2002 tam

405 2036 725 2090 temerariae
755 2036 1147 2090 consensionis
1175 2053 1319 2091 mem
1349 2037 1677 2108 superioris.

480 2127 564 2179 14.
599 2127 675 2180 R.
710 2125 1037 2180 Ridiculum
1068 2130 1155 2178 est
1218 2124 1264 2178 si
1318 2129 1374 2179 te
1427 2125 1625 2196 pudet,
1675 2124 1839 2196 quasi
1881 2140 1998 2179 non
2036 2125 2106 2179 ob

405 2213 661 2283 idipsum
691 2213 1378 2283 elegerimushujusmodi
1408 2213 1950 2268 sermocinationes:
1979 2229 2108 2283 quae

413 2302 686 2372 quoniam
717 2317 847 2355 cum
878 2301 1013 2355 solis
1043 2301 1204 2356 nobis
1234 2301 1547 2372 loquimur,
1581 2301 1891 2373 Soliloquia
1920 2302 2110 2356 vocari

409 2396 468 2444 et
495 2389 728 2444 inscribi
756 2390 883 2444 volo
907 2406 921 2456 ;
950 2405 1098 2444 novo
1140 2390 1374 2460 quidem
1402 2395 1458 2444 et
1478 2390 1714 2444 fortasse
1747 2390 1890 2444 duro
1919 2390 2109 2444 nomi-

414 2495 506 2544 ne,
535 2478 632 2532 sed
687 2478 759 2532 ad
805 2493 929 2532 rem
975 2477 1482 2533 demonstrandam
1535 2478 1670 2532 satis
1707 2478 1930 2533 idoneo.
1971 2480 2111 2534 Cum

409 2566 567 2621 enim
594 2582 780 2637 neque
807 2566 1014 2621 melius
1042 2567 1222 2637 quaeri
1247 2566 1450 2621 veritas
1484 2567 1680 2635 possit,
1733 2583 1905 2638 quam
1935 2566 2112 2621 inter-

412 2656 666 2726 rogando
698 2660 757 2710 et
785 2655 1209 2726 respondendo,
1242 2660 1297 2709 et
1342 2655 1431 2709 vix
1460 2654 1766 2726 quisquam
1794 2656 2116 2710 inveniatur

420 2761 592 2815 quem
622 2760 740 2798 non
768 2745 978 2815 pudeat
1008 2744 1270 2798 convinci
1309 2745 1718 2815 disputantem,
1757 2761 1938 2816 eoque
1969 2761 2115 2816 pene

419 2848 649 2904 semper
672 2832 898 2887 eveniat
923 2837 986 2887 ut
1012 2849 1133 2887 rem
1174 2834 1321 2888 bene
1361 2833 1652 2888 inductam
1702 2834 1771 2888 ad
1801 2833 2116 2888 discutien-

417 2921 556 2975 dum
585 2920 916 2975 inconditus
967 2920 1298 2992 pervicacia:
1346 2921 1562 2976 clamor
1615 2922 1900 2992 explodet,
1943 2921 2117 2976 etiam

419 3027 548 3066 cum
579 3011 926 3065 laceratione
967 3011 1315 3078 animorum,
1359 3013 1700 3082 plerumque
1741 3012 2114 3078 dissimulata,

420 3098 709 3154 interdum
742 3104 797 3153 et
816 3104 1052 3169 aperta;
1083 3099 1466 3170 pacatissime,
1493 3105 1558 3154 ut
1589 3101 1814 3170 opinor,
1870 3106 1926 3155 et
1960 3117 2116 3155 com-

423 3186 750 3242 modissime
780 3186 1013 3257 placuit,
1056 3205 1088 3242 a
1119 3188 1339 3258 meipso
1397 3189 1810 3258 interrogatum
1859 3189 2120 3260 mihique

423 3273 883 3342 respondentem,
910 3274 1022 3327 Deo
1053 3273 1376 3338 adiuvante,
1401 3289 1599 3328 verum
1623 3291 1914 3344 quaerere:
1944 3291 2121 3346 quare

425 3360 568 3415 nihil
599 3365 682 3415 est
705 3361 860 3432 quod
889 3377 1141 3426 vereare,
1176 3361 1358 3415 sicubi
1409 3366 1464 3415 te
1491 3366 1704 3416 temere
1743 3362 1999 3432 illigasti,
2031 3379 2119 3416 re-

421 3450 544 3505 dire
575 3455 746 3521 atque
771 3451 1085 3518 resolvere;
1105 3450 1271 3504 aliter
1295 3450 1428 3504 hinc
1440 3450 1594 3506 enim
1615 3450 1902 3505 evadinon
1915 3455 2118 3522 potest.

627 3537 852 3591 CAPUT
890 3538 1032 3592 VIII.
1058 3567 1127 3578 —-
1161 3537 1309 3593 Unde
1334 3554 1519 3592 verunt
1545 3544 1641 3593 aut
1666 3541 1900 3606 falsum.

495 3629 577 3680 15.
610 3630 688 3680 Α.
724 3627 893 3680 Recte
925 3625 1063 3680 dicis
1091 3643 1104 3692 ;
1136 3626 1233 3680 sed
1263 3625 1401 3697 quid
1433 3627 1580 3681 male
1609 3628 1984 3683 concesserim
2002 3645 2122 3684 non

416 3715 591 3784 plane
624 3716 790 3769 video
824 3731 836 3769 :
871 3715 979 3769 nisi
1008 3715 1152 3769 forte
1174 3715 1232 3769 id
1259 3720 1410 3770 recte
1437 3716 1547 3770 dici
1575 3717 1782 3772 falsum
1835 3719 1988 3789 quod
2018 3720 2121 3773 ha-

418 3802 545 3856 beat
577 3802 830 3872 aliquam
868 3803 987 3856 veri
1032 3803 1486 3868 similitudinem,
1529 3820 1659 3859 cum
1689 3822 1925 3875 prorsus
1979 3807 2122 3862 mihi

417 3890 562 3944 nihil
590 3891 742 3946 aliud
787 3890 1027 3960 dignum
1068 3891 1195 3945 falsi
1237 3892 1470 3946 nomine
1515 3899 1772 3948 occurrat
1809 3901 1908 3962 ;et
1925 3912 2123 3950 rursus

421 3983 613 4032 tamen
644 3994 819 4048 cogor
845 3979 1011 4033 fateri
1042 3995 1108 4034 eo
1137 3979 1281 4034 falsa
1311 3979 1498 4034 vocari
1520 3997 1649 4052 quae
1679 3988 1971 4053 vocantur,
2001 4000 2117 4055 quo

421 4083 451 4120 a
484 4065 632 4120 veris
660 4066 950 4122 differunt.
972 4069 1067 4133 ;Ex
1091 4083 1205 4138 quo
1261 4069 1559 4124 conﬁcitur
1587 4086 1713 4124 eam
1745 4071 1928 4143 ipsam
1959 4072 2122 4127 dissi-

419 4156 810 4210 militudinem
836 4172 1064 4211 causam
1091 4172 1212 4211 esse
1241 4157 1519 4213 falsitatis.
1552 4160 1749 4230 Itaque
1775 4162 2118 4228 conturbor;

421 4260 538 4299 non
573 4245 730 4299 enim
771 4245 917 4300 mihi
972 4245 1136 4300 facile
1178 4246 1495 4318 quidquam
1533 4249 1690 4304 venit
1726 4249 1786 4303 in
1843 4255 2120 4318 mentem,

422 4335 574 4406 quod
605 4334 905 4388 contrariis
925 4334 1108 4389 causis
1136 4335 1425 4406 gignatur.
1447 4338 1523 4391 R.
1548 4338 1716 4405 Quid,
1751 4339 1798 4393 si
1816 4340 1922 4394 hoc
1939 4356 2122 4394 unum

423 4427 506 4476 est
534 4421 596 4476 in
625 4437 820 4476 rerum
851 4427 1050 4476 natura
1075 4438 1273 4493 genus,
1301 4429 1355 4488 et
1379 4425 1565 4478 solum
1599 4426 1752 4496 quod
1783 4426 1861 4480 ita
1889 4426 2007 4481 sit?
2034 4432 2123 4481 An

423 4510 676 4581 ignoras,
710 4527 841 4565 cum
885 4528 990 4582 per
1037 4511 1374 4567 animalium
1424 4513 1870 4569 innumerabilia
1911 4531 2122 4585 genera

425 4599 761 4665 cucurreris,
794 4601 980 4655 solum
1009 4601 1359 4655 crocodilum
1378 4601 1623 4656 inveniri
1639 4603 1740 4673 qui
1766 4605 2122 4674 superiorem

423 4686 483 4740 in
512 4687 834 4742 mandendo
858 4695 1080 4759 partem
1133 4695 1394 4758 moveat;
1424 4691 1744 4762 praesertim
1791 4707 1920 4746 cum
1972 4709 2120 4763 pene

421 4774 661 4845 reperiri
684 4775 825 4831 nihil
852 4784 1024 4848 queat
1060 4780 1140 4834 ita
1185 4779 1391 4851 cuique
1446 4779 1530 4834 rei
1566 4779 1773 4846 simile,
1806 4786 1870 4834 ut
1897 4797 2013 4836 non
2061 4781 2121 4836 in

421 4863 612 4934 aliquo
644 4863 813 4918 etiam
845 4866 1120 4922 dissimile
1141 4869 1260 4923 sit?
1291 4871 1367 4924 Α.
1399 4868 1575 4924 Video
1597 4868 1831 4940 quidem
1861 4869 1965 4924 ista
1993 4872 2122 4936 ;sed

418 4969 551 5007 cum
581 4952 882 5007 considero
914 4955 1053 5009 illud
1088 4958 1243 5027 quod
1281 4958 1487 5012 falsum
1520 4975 1809 5022 vocamus,
1845 4963 1902 5012 et
1933 4959 2120 5014 simile

417 5041 638 5113 aliquid
670 5041 880 5097 habere
913 5043 1032 5098 veri
1062 5053 1117 5098 et
1139 5045 1434 5114 dissimile,
1467 5064 1534 5101 ex
1568 5063 1682 5117 qua
1710 5047 1903 5117 potius
1961 5053 2120 5118 parte

423 5131 700 5188 meruerit
726 5131 856 5185 falsi
882 5147 1116 5199 nomen,
1150 5151 1265 5189 non
1291 5136 1448 5190 valeo
1481 5136 1823 5191 discernere.
1869 5135 1926 5190 Si
1965 5137 2119 5191 enim

420 5237 484 5276 ex
524 5237 592 5276 eo
650 5222 804 5292 quod
849 5221 1126 5277 dissimile
1173 5228 1276 5290 est,
1337 5225 1571 5294 dixero;
1620 5226 1766 5280 nihil
1805 5227 1914 5281 erit
1965 5227 2120 5298 quod

420 5327 537 5366 non
585 5312 792 5367 falsum
845 5311 956 5366 dici
1000 5313 1218 5383 possit:
1266 5314 1410 5370 nihil
1462 5316 1619 5370 enim
1671 5321 1754 5371 est
1797 5317 1954 5388 quod
2006 5332 2120 5370 non

426 5400 595 5454 alicui
644 5402 725 5456 rei
781 5401 1058 5457 dissimile
1108 5402 1199 5470 sit,
1245 5420 1419 5474 quam
1477 5420 1671 5460 veram
1727 5422 1851 5461 esse
1914 5421 2117 5460 conce-

424 5489 634 5547 dimus.
672 5493 834 5559 Item,
857 5491 904 5545 si
933 5491 1131 5546 dixero
1165 5507 1231 5546 eo
1265 5493 1417 5563 quod
1451 5492 1634 5548 simile
1656 5500 1763 5566 est,
1788 5495 1994 5550 falsum
2026 5511 2117 5566 ap-

1587 232 2106 299 SOLILOQUIORU

2225 232 2258 286 5.
2303 228 2657 285 AUGUSTIN
2665 228 2685 282 Ι
3761 234 3839 285 891³¹

2209 352 2540 424 pellendum
2567 367 2580 418 ;
2615 366 2732 404 non
2764 349 2948 404 solum
2969 365 3073 403 ova
3099 348 3197 403 illa
3216 349 3597 405 reclamabunt
3612 367 3725 421 qua:
3744 370 3846 407 vera

2213 459 2277 496 eo
2311 442 2432 512 ipso
2459 444 2593 494 sunt
2616 456 2729 511 quo
2779 438 3092 503 simillima,
3148 439 3248 493 sed
3282 439 3452 493 etiam
3489 439 3560 493 sic
3595 456 3701 494 non
3735 443 3846 496 ellu-
3948 438 3949 520 ξ

2212 531 2365 601 giam
2398 545 2531 583 eum
2564 529 2664 600 qui
2697 545 2792 583 me
2821 527 3071 598 coegerit
3094 528 3235 582 falsa
3262 544 3381 583 esse
3412 529 3592 583 omnia
3616 532 3847 594 confiteri,

2213 620 2366 691 quod
2395 619 2593 673 omnia
2621 617 2730 672 sibi
2765 635 2833 672 ex
2858 618 3050 688 aliqua
3076 621 3239 688 parte
3282 617 3490 672 similia
3527 634 3637 672 esse
3681 634 3848 690 negare
3948 617 3949 660 ἐ

2212 725 2328 763 non
2359 724 2611 779 possum.
2648 707 2758 762 Sed
2791 707 2879 761 fac
2907 722 2999 759 me
3050 721 3167 759 non
3217 711 3470 760 metuere
3502 706 3632 760 illud
3657 723 3849 778 resp0n~
3948 703 3949 706 “

2213 797 2368 863 dere,
2397 795 2831 851 similitudinem
2857 810 2921 847 ac
2948 792 3469 848 dissimilitudinem
3492 795 3647 848 simul
3673 795 3850 848 efﬁcere
3948 831 3949 834 η

2213 891 2276 941 ut
2312 885 2530 957 aliquid
2565 884 2775 940 falsum
2811 887 2963 937 recte
2990 882 3350 950 nominetur;
3385 897 3553 953 quam
3593 882 3721 937 mihi
3752 901 3847 937 eva-
3948 891 3949 936 1

2215 975 2389 1029 dendi
2417 974 2566 1028 viam
2630 972 2836 1027 dabis?
2887 971 3201 1026 Instabitur
3245 970 3398 1024 enim
3433 971 3771 1025 nihilominus
3805 979 3850 1025 ut
3948 995 3949 1000 η

2213 1063 2409 1118 omnia
2427 1063 2568 1116 falsa
2588 1078 2709 1117 esse
2735 1059 3063 1115 renuntiem
3087 1079 3103 1122 ;
3135 1059 3349 1131 quippe
3371 1060 3560 1114 omnia
3579 1060 3792 1125 sibimet,
3807 1067 3850 1114 ut

2213 1168 2387 1222 supra
2411 1151 2627 1206 dictum
2653 1154 2758 1216 est,
2789 1153 2848 1203 et
2871 1149 3082 1202 similia
3110 1149 3358 1219 quadam
3387 1165 3454 1203 ex
3479 1153 3649 1220 parte,
3678 1155 3727 1202 et
3761 1149 3846 1203 dis-

2213 1241 2422 1295 similia
2445 1239 2829 1311 reperiuntur.
2859 1239 3118 1292 Restaret
3135 1242 3202 1292 ut
3218 1237 3360 1291 nihil
3387 1237 3536 1292 aliud
3558 1237 3740 1291 falsum
3762 1253 3848 1292 esse

2213 1329 2483 1396 dicerem,
2511 1328 2618 1382 nisi
2657 1327 2811 1399 quod
2844 1327 3010 1380 aliter
3044 1342 3103 1381 se
3130 1326 3369 1380 haberet
3403 1332 3568 1397 atque
3598 1327 3846 1391 videretur,

2212 1418 2274 1473 ni
2302 1434 2528 1472 vererer
2558 1417 2655 1471 illa
2685 1421 2772 1471 tot
2801 1420 3058 1470 monstra
3079 1432 3208 1486 quae
3229 1431 3318 1469 me
3341 1415 3554 1469 dudum
3582 1402 3847 1484 enavigasse

2213 1507 2549 1562 arbitrabar.
2599 1507 2749 1560 Nam
2793 1521 2860 1559 eo
2891 1520 3120 1559 rursum
3151 1505 3398 1575 repellor
3427 1503 3684 1574 vertigine
3709 1504 3848 1574 inopi-

2213 1601 2368 1665 nata,
2400 1601 2467 1650 ut
2490 1610 2692 1649 verum
2727 1593 2784 1648 id
2812 1609 2931 1647 esse
2981 1593 3168 1647 dicam
3216 1593 3370 1662 quod
3417 1592 3492 1646 ita
3534 1608 3588 1645 se
3634 1592 3776 1646 habet
3806 1599 3848 1644 ut

2213 1685 2456 1740 videtur.
2494 1686 2571 1739 Ex
2604 1699 2718 1755 quo
2751 1683 2928 1736 contit
2949 1681 3070 1735 sine
3085 1680 3378 1751 cognitore
3406 1681 3547 1734 nihil
3568 1695 3741 1734 verum
3762 1696 3847 1733 esse
3948 1675 3949 1750 ἢ

2211 1789 2380 1844 posse
2408 1771 2542 1826 :ubi
2566 1771 2709 1825 mihi
2738 1770 3104 1841 naufragium
3145 1770 3204 1822 in
3252 1768 3498 1839 scopulis
3526 1767 3846 1828 occultissimis
3948 1759 3949 1782 ‘

2213 1860 2643 1916 formidandum
2677 1863 2780 1926 est,
2816 1859 2917 1930 qui
2949 1858 3068 1912 veri
3099 1863 3254 1925 sunt,
3299 1856 3519 1910 etiamsi
3569 1857 3842 1910 nesciantur.

2214 1953 2344 2017 Aut,
2383 1951 2429 2004 si
2458 1965 2654 2004 verum
2692 1965 2813 2003 esse
2844 1948 2903 2002 id
2935 1947 3088 2018 quod
3145 1951 3231 2000 est
3280 1946 3493 2012 dixero,
3547 1946 3728 1999 falsum
3766 1959 3846 1997 non

2214 2055 2334 2093 esse
2364 2037 2588 2108 uspiam
2619 2037 3005 2103 concludetur,
3041 2036 3239 2106 quovis
3292 2039 3663 2105 repugnante.
3696 2034 3845 2102 Itaque

2217 2128 2462 2182 redeunt
2492 2127 2577 2181 illi
2602 2131 2794 2192 aestus,
2831 2141 2938 2179 nec
2969 2124 3288 2196 quidquam
3311 2128 3468 2178 tanta
3487 2121 3733 2195 patientia
3756 2135 3844 2175 mo-

2216 2232 2413 2272 rarum
2444 2221 2672 2270 tuarum
2693 2213 3034 2285 processisse
3066 2228 3159 2266 me
3186 2212 3370 2266 video.

2313 2306 2537 2361 CAPUT
2567 2306 2654 2360 IX.
2696 2335 2764 2342 —
2807 2303 2949 2370 Quid
2971 2304 3196 2369 falsum,
3233 2301 3374 2371 quid
3407 2301 3582 2367 fallar
3607 2297 3780 2367 etquid

2921 2391 3193 2447 ‘mendam.

2291 2487 2374 2538 16.
2409 2485 2482 2537 R.
2519 2483 2760 2537 Attende
2784 2481 2976 2553 potius
3003 2501 3019 2546 ;
3045 2497 3181 2534 nam
3208 2480 3369 2534 nullo
3387 2479 3551 2533 modo
3571 2476 3626 2530 in
3648 2473 3840 2530 animum

2226 2572 2520 2637 inducam,
2552 2571 2762 2625 frustra
2815 2586 2922 2624 nos
2969 2569 3249 2624 auxilium
3283 2568 3536 2624 divinum
3564 2565 3840 2636 implorasse.

2223 2661 2397 2716 Video
2424 2660 2600 2725 enim,
2635 2659 2870 2713 tentatis
2895 2663 3174 2730 quantum
3205 2657 3501 2728 potuimus
3529 2654 3757 2710 omnibus
3779 2665 3840 2703 re-

2221 2749 2348 2816 bus,
2363 2764 2480 2802 non
2495 2747 2839 2802 remansisse
2852 2747 3006 2818 quod
3021 2746 3225 2799 falsum
3240 2747 3374 2815 jure
3397 2744 3622 2807 dicatur,
3637 2735 3841 2808 nisiquod

2224 2841 2322 2891 aut
2346 2853 2405 2890 se
2431 2836 2599 2908 ﬁngit
2627 2852 2749 2890 esse
2779 2836 2935 2907 quod
2967 2851 3085 2889 non
3117 2839 3222 2903 est,
3254 2839 3356 2889 aut
3380 2832 3605 2887 omnino
3635 2844 3734 2884 esse
3762 2832 3841 2879 ten-

2223 2927 2307 2981 dit
2336 2929 2392 2980 et
2423 2943 2541 2979 non
2571 2930 2673 2979 est.
2701 2925 2807 2980 Sed
2833 2924 2974 2979 illud
2992 2923 3254 2994 superius
3284 2923 3411 2978 falsi
3428 2937 3613 2992 genus,
3635 2918 3708 2970 vel
3727 2914 3840 2969 fallax

2225 3011 2418 3075 etiam,
2452 3011 2538 3064 vel
2581 3011 2823 3065 mendax
2871 3014 2974 3064 est.
3032 3011 3177 3064 Nam
3219 3009 3388 3063 fallax
3433 3008 3484 3062 id
3527 3009 3661 3060 recte
3696 2999 3842 3056 dicitur

2227 3100 2383 3172 quod
2415 3099 2587 3153 habet
2619 3099 2929 3168 quemdam
2971 3097 3208 3152 fallendi
3252 3095 3602 3168 appetitum:
3640 3090 3722 3162 qui
3759 3089 3840 3140 sine

2227 3188 2422 3243 anima
2451 3186 2698 3257 intelligi
2747 3203 2865 3240 non
2896 3190 3088 3256 potest
3119 3203 3132 3239 :
3169 3185 3270 3240 sed
3319 3184 3524 3256 partim
3570 3181 3752 3237 ratione
3784 3175 3838 3236 ﬁt,

2228 3276 2438 3348 partim
2463 3279 2700 3342 natura;
2730 3274 2973 3340 ratione,
3002 3274 3062 3327 in
3081 3274 3432 3329 animalibus
3454 3269 3784 3329 rationalibus,
3801 3267 3839 3313 ut

2229 3366 2292 3420 in
2319 3364 2591 3430 homine;
2626 3367 2851 3429 natura,
2885 3362 2946 3417 in
2972 3362 3190 3429 bestiis,
3220 3368 3495 3434 tanquam
3528 3361 3585 3415 in
3622 3351 3840 3427 vulpecula

2231 3453 2378 3508 Illud
2405 3458 2598 3507 autem
2637 3452 2791 3523 quod
2820 3452 3068 3506 mendax
3118 3467 3283 3517 voco,
3325 3468 3358 3504 a
3389 3446 3752 3505 mentientibus
3783 3439 3836 3492 lit.

2231 3542 2339 3607 Qui
2375 3543 2485 3596 hoc
2513 3540 2785 3595 differunt
2807 3557 2841 3593 a
2872 3539 3188 3607 fallacibus,
3223 3540 3379 3610 quod
3409 3537 3585 3593 omnis
3613 3533 3750 3589 fallax
3779 3540 3838 3595 ηρ·

2229 3630 2374 3701 petit
2395 3630 2622 3696 fallere;
2647 3645 2765 3683 non
2795 3632 2988 3683 autem
3015 3627 3202 3681 omnis
3240 3627 3367 3682 vult
3406 3627 3592 3682 fallere
3619 3620 3701 3693 qui
3724 3629 3834 3671 men-

2231 3719 2370 3774 titur
2402 3735 2415 3773 :
2453 3735 2587 3773 nam
2621 3721 2676 3771 et
2699 3717 2863 3771 mimi
2895 3721 2951 3772 et
2997 3717 3301 3771 comoedia
3350 3720 3403 3770 et
3459 3715 3624 3769 multa
3648 3706 3837 3781 poemata

2232 3807 2658 3862 mendaciorum
2717 3807 2889 3877 plena
2929 3810 3080 3872 sunt,
3142 3803 3464 3860 delectandi
3513 3800 3680 3874 potius
3719 3803 3835 3865 quam

2231 3896 2466 3950 fallendi
2494 3896 2802 3962 voluntate,
2833 3899 2891 3950 et
2922 3910 3121 3949 omnes
3149 3895 3271 3949 fere
3301 3894 3401 3966 qui
3437 3893 3692 3964 jocantur,
3729 3894 3833 3936 men-

2190 3973 2196 3979 ’
2229 3985 2469 4040 tiuntur.
2505 3985 2612 4039 Sed
2637 3984 2804 4038 fallax
2830 3985 2919 4038 vel
2944 3984 3143 4038 fallens
3193 3984 3244 4037 is
3301 3987 3451 4038 recte
3497 3980 3692 4040 dicitur,
3727 3968 3834 4037 cujI15

2230 4073 2530 4145 negotium
2561 4077 2645 4127 est
2672 4076 2738 4126 ut
2756 4070 3000 4143 quisque
3026 4072 3276 4126 fallatur.
3300 4071 3388 4124 Illi
3403 4072 3584 4123 autem
3603 4062 3686 4134 qui
3706 4051 3832 4145 ΠοπιΞᾴ

2231 4140 2413 4236 agunt
2443 4169 2510 4217 ut
2538 4140 2845 4232 decipiant,
2881 4140 2981 4216 sed
3026 4166 3222 4215 tamen
3273 4159 3488 4231 aliquid
3541 4154 3748 4224 ﬁngunt,
3777 4140 3833 4194 vel

2230 4252 2533 4306 mendaces
2560 4255 2808 4316 tantum,
2842 4251 2930 4304 vel
2957 4249 3005 4303 si
3034 4265 3106 4303 ne
3139 4250 3248 4304 hoc
3303 4247 3548 4319 quidem,
3579 4236 3834 4296 mentientes

2229 4345 2424 4396 tamen
2451 4338 2641 4394 vocari
2661 4355 2831 4394 nemo
2863 4337 3107 4408 ambigit
3130 4353 3144 4392 :
3174 4337 3287 4392 nisi
3302 4335 3439 4409 quid
3456 4333 3617 4390 habes
3641 4327 3833 4382 adversus

2228 4429 2338 4484 ista
2367 4429 2524 4500 quod
2555 4429 2724 4483 dicas.
3735 4499 3745 4502 _
3770 4498 3778 4502 _
3805 4493 3812 4502 _

2303 4498 2497 4572 t7._A.
2533 4519 2732 4586 Perge,
2767 4531 2965 4586 quaeso
2993 4533 3008 4583 ;
3044 4531 3197 4569 nunc
3228 4513 3382 4568 enim
3403 4512 3622 4568 fortasse
3648 4504 3705 4559 de
3726 4498 3832 4554 falsis

2228 4622 2348 4660 non
2377 4606 2517 4659 falsa
2545 4605 2752 4660 docere
2783 4603 3003 4675 cmpisti
3038 4620 3050 4658 ε
3081 4603 3179 4658 sed
3201 4603 3324 4673 jam
3357 4599 3491 4655 illud
3515 4608 3671 4669 genus
3695 4595 3832 4675 θιερξο

2228 4699 2314 4749 cto
2345 4694 2514 4766 quale
2544 4693 2614 4748 sit
2635 4693 2788 4765 quod
2824 4668 3031 4755 dixisti,
3067 4668 3220 4746 esse-
3240 4689 3422 4746 tendit
3449 4693 3504 4742 et
3531 4668 3638 4740 non
3662 4680 3747 4732 est.
3774 4668 3827 4722 R-

2229 4783 2437 4848 Quidni
2449 4787 2738 4852 exspectas
2750 4783 2780 4835 ?
2797 4781 3003 4836 Eadem
3015 4780 3112 4834 illa
3131 4784 3285 4848 sunt,
3305 4791 3540 4850 quorum
3551 4770 3703 4827 multa
3712 4769 3832 4828 suiJra

2229 4871 2692 4926 memoravimus.
2735 4873 2942 4925 Annon
2966 4868 3075 4924 tibi
3102 4869 3326 4923 videtur
3356 4868 3537 4934 imago
3565 4865 3648 4915 tua
3672 4853 3725 4908 de
3746 4858 3832 4934 εΡθζ

2227 4962 2355 5015 culo
2385 4960 2551 5032 quasi
2576 4965 2640 5015 tu
2672 4959 2794 5030 ipse
2813 4959 2957 5014 velle
2979 4975 3122 5024 esse,
3153 4959 3253 5012 sed
3284 4957 3410 5011 ideo
3437 4928 3548 5009 esse
3573 4928 3830 5036 “158.300?

2227 5066 2342 5104 non
2376 5030 2461 5103 est
2479 5052 2507 5103 ‘?
2533 5051 2610 5103 Α.
2629 5049 2802 5103 Valde
2832 5048 2941 5102 hoc
2954 5047 3199 5102 videtur.
3230 5049 3303 5101 R.
3329 5043 3471 5110 Quid
3497 5035 3658 5094 omnis
3670 5030 3830 5117 ΡίείΨ

2226 5139 2311 5193 vel
2335 5136 2720 5209 cujuscemodi
2753 5137 3143 5201 simulacrum,
3175 5140 3234 5190 et
3259 5135 3316 5188 id
3348 5146 3518 5203 genus
3541 5111 3830 5213 omniaO‘P‘l‘:

2227 5243 2357 5281 cum
2377 5202 2626 5282 ?vnonne
2657 5227 2778 5280 ilud
2810 5242 2930 5280 esse
2956 5225 3324 5289 contendunt,
3355 5202 3425 5275 ad
3453 5217 3598 5287 enjus
3643 5202 3828 5289 (Ῐαίδίῖῗθ

2227 5316 2662 5372 similitudinem
2703 5317 2916 5371 factum
2948 5318 3075 5370 est?
3119 5317 3197 5369 Α.
3238 5283 3466 5368 Prorsus
3510 5283 3735 5359 adducor.
3774 5283 3826 5338 R-

2225 5407 2352 5460 Jam
2383 5423 2452 5460 ea
2483 5405 2692 5476 quibus
2721 5407 2808 5460 vel
2841 5404 3190 5460 dormientes
3215 5403 3299 5456 vel
3329 5401 3564 5454 furentes
3599 5383 3823 5476 fallen“?

2230 5494 2515 5564 concedis,
2552 5499 2618 5549 ut
2651 5494 2875 5566 opinor,
2907 5495 2969 5548 in
2999 5510 3066 5548 eo
3089 5508 3208 5549 esse
3254 5502 3474 5562 genere.
3516 5485 3584 5536 A.
3626 5476 3679 5531 Et
3713 5459 3824 5522 ηιιΠι
