4062 6188
208 275 316 331 893

206 392 430 463 magis:
455 406 591 445 nam
620 390 781 444 nulla
799 388 982 458 magis
1013 388 1257 445 tendunt
1274 390 1410 445 talia
1439 406 1581 459 esse,
1610 391 1802 462 qualia
1823 392 1908 447 vel

206 480 508 552 vigilantes
540 479 625 532 vel
665 477 787 531 sani
832 482 1106 544 cernunt;
1141 483 1197 532 et
1243 494 1310 533 eo
1339 484 1529 533 tamen
1570 480 1712 533 falsa
1755 484 1907 546 sunt,

206 586 325 640 quo
354 568 414 622 id
443 566 598 638 quod
625 566 870 620 tendunt
898 582 1017 619 esse
1066 582 1180 621 non
1226 572 1483 637 possunt.
1519 570 1583 623 Β.
1618 569 1766 633 Quid
1790 569 1910 639 jam

205 658 277 713 de
305 656 555 711 turrium
586 658 767 717 motu,
800 654 888 707 vel
927 654 996 708 de
1027 670 1213 709 merso
1244 672 1424 719 remo,
1455 656 1542 710 vel
1574 656 1643 710 de
1692 658 1911 711 umbris

206 761 513 817 corporum
546 744 710 815 plura
755 743 940 797 dicam
962 743 989 799 ?
1034 745 1275 798 Planum
1304 750 1409 811 est,
1443 750 1505 799 ut
1546 746 1810 811 arbitror,
1845 763 1911 801 ex

206 837 317 890 hac
344 834 544 904 regula
566 849 686 887 esse
719 832 1023 887 metienda.
1056 835 1133 888 Α.
1167 833 1589 890 Planissimum.
1626 838 1686 890 Β.
1730 837 1909 897 Taceo

209 927 280 978 de
310 922 531 977 caeteris
562 922 854 988 sensibus;
884 938 1015 976 nam
1044 938 1214 977 nemo
1263 922 1630 977 considerans
1659 940 1777 978 non
1805 925 1912 979 hoc

208 1011 484 1077 inveniet,
529 1010 735 1064 falsum
778 1010 1055 1080 appellari
1092 1010 1152 1064 in
1201 1010 1373 1065 rebus
1416 1011 1554 1082 ipsis
1600 1028 1741 1084 quas
1789 1000 1943 1068 sen-°

209 1101 407 1167 timus,
440 1100 590 1170 quod
620 1114 739 1151 esse
770 1098 986 1169 aliquid
1010 1099 1194 1153 tendit
1225 1104 1281 1153 et
1311 1116 1429 1154 non
1452 1105 1554 1154 est.

425 1189 649 1243 CAPUT
676 1190 737 1242 Χ.
766 1219 834 1226 -
866 1188 1121 1254 Quaedam
1150 1204 1206 1242 eo
1236 1205 1363 1244 vera
1383 1205 1487 1258 quo
1514 1191 1689 1256 falsa.

290 1280 372 1332 l8.
412 1278 486 1333 Α.
517 1278 687 1331 Recte
730 1274 905 1330 dicis:
940 1276 1036 1330 sed
1075 1277 1254 1330 miror
1301 1293 1401 1331 cur
1439 1278 1509 1331 ab
1555 1278 1663 1332 hoc
1706 1294 1913 1349 genere

210 1365 318 1421 tibi
346 1365 697 1420 secernenda
726 1363 826 1418 illa
855 1370 1121 1434 poemata
1149 1370 1205 1419 et
1227 1366 1354 1436 joca
1392 1366 1512 1419 visa
1553 1372 1703 1429 sunt,
1744 1371 1910 1421 caete-

211 1471 409 1525 rzeque
438 1453 694 1508 fallaciae.
730 1455 791 1508 lt.
834 1452 979 1516 Quia
1011 1453 1223 1507 scilicet
1250 1454 1405 1507 aliud
1435 1458 1518 1508 est
1544 1455 1750 1509 falsum
1791 1472 1912 1510 esse

210 1543 380 1610 velle,
410 1542 568 1596 aliud
597 1555 796 1595 verum
823 1556 942 1594 esse
978 1557 1094 1594 non
1120 1558 1305 1612 posse.
1342 1544 1537 1613 Itaque
1562 1542 1687 1613 ipsa
1740 1560 1913 1614 opera

212 1631 520 1686 hominum
550 1631 705 1684 velut
732 1630 1038 1684 comcedias
1064 1635 1161 1684 aut
1190 1631 1516 1701 tragcedias,
1549 1637 1647 1686 aut
1685 1632 1910 1700 mimos,

210 1725 268 1775 et
294 1721 353 1775 id
378 1735 559 1791 genus
586 1718 695 1773 alia
715 1734 1016 1789 possumus
1033 1719 1304 1789 operibus
1324 1720 1608 1791 pictorum
1622 1722 1911 1775 ﬁctorum-

213 1825 327 1881 que
377 1809 750 1879 conjungere.
780 1810 917 1863 Tam
965 1807 1121 1862 enim
1167 1825 1333 1863 verus
1372 1826 1493 1864 esse
1521 1811 1710 1880 pictus
1738 1811 1912 1865 homo

214 1916 333 1954 non
354 1904 561 1971 potest,
592 1898 850 1969 quamvis
867 1898 928 1951 in
948 1898 1197 1969 speciem
1213 1898 1462 1952 hominis
1493 1901 1708 1966 tendat,
1741 1917 1914 1971 quam

215 1990 313 2044 illa
338 2004 469 2059 quae
489 1987 695 2058 scripta
724 1992 857 2041 sunt
876 1986 1113 2041 inlibris
1144 1986 1513 2042 comicorum.
1552 1990 1745 2059 Neque
1760 1989 1913 2043 enim

215 2077 359 2132 falsa
389 2092 511 2131 esse
542 2077 759 2142 volunt,
792 2080 892 2129 aut
920 2075 1037 2129 ullo
1069 2075 1441 2146 appetitusuo
1464 2076 1605 2130 falsa
1624 2081 1791 2143 sunt;
1819 2077 1915 2131 sed

216 2166 466 2238 quadam
498 2163 855 2232 necessitate,
886 2167 1167 2233 quantum
1196 2164 1465 2234 ﬁngentis
1496 2165 1797 2219 arbitrium
1828 2182 1914 2219 se-

218 2254 320 2326 qui
350 2257 687 2325 potuerunt.
742 2254 817 2305 At
858 2268 991 2305 vero
1038 2250 1100 2305 in
1149 2268 1316 2306 scena
1356 2252 1588 2307 Roscius
1627 2255 1916 2307 voluntate

217 2345 363 2398 falsa
391 2341 617 2397 Hecuba
646 2344 787 2407 erat,
817 2343 1022 2394 natura
1042 2356 1207 2395 verus
1237 2340 1437 2407 homo;
1463 2342 1560 2395 sed
1590 2341 1688 2395 illa
1716 2343 1916 2395 volun-

220 2436 335 2486 tate
367 2430 538 2485 etiam
562 2445 759 2484 versus
781 2429 1091 2498 tragoedus,
1117 2444 1183 2482 eo
1213 2427 1470 2483 videlicet
1485 2446 1596 2500 quo
1617 2430 1912 2500 implebat,

221 2520 584 2575 institutum:
618 2518 790 2572 falsus
821 2522 1013 2571 autem
1037 2518 1315 2584 Priamus,
1351 2534 1417 2571 eo
1441 2519 1590 2589 quod
1623 2519 1915 2573 Priamum

214 2608 585 2673 assimilabat,
637 2606 735 2660 sed
774 2606 895 2676 ipse
926 2622 1043 2659 non
1088 2609 1224 2659 erat.
1258 2607 1332 2659 Ex
1360 2622 1473 2677 quo
1504 2606 1627 2677 jam
1668 2608 1916 2662 nascitur

213 2697 491 2769 quiddam
520 2695 798 2761 mirabile,
850 2695 1004 2766 quod
1036 2699 1228 2749 tamen
1259 2694 1338 2748 ita
1392 2711 1450 2747 se
1494 2695 1704 2749 habere
1745 2712 1913 2749 nemo

212 2784 472 2855 ambigit.
506 2786 577 2839 Α.
603 2784 888 2847 Quidnam
918 2783 978 2837 id
1010 2788 1092 2836 est
1122 2786 1150 2837 ?
1178 2786 1244 2838 Β.
1278 2783 1424 2846 Quid
1452 2788 1639 2853 putas,
1663 2784 1771 2838 nisi
1792 2786 1915 2839 hinc

213 2874 411 2928 omnia
448 2873 580 2928 inde
611 2872 813 2927 essein
844 2872 1187 2943 quibusdam
1220 2888 1369 2937 vera,
1400 2872 1549 2926 unde
1593 2872 1652 2925 in
1684 2873 1915 2943 quibus-

212 2964 345 3017 dam
376 2963 518 3016 falsa
548 2965 702 3029 sunt,
723 2966 779 3015 et
802 2961 873 3015 ad
902 2976 1070 3014 suum
1091 2975 1290 3013 verum
1321 2959 1426 3013 hoc
1447 2960 1630 3014 solum
1649 2960 1728 3014 eis
1749 2962 1915 3031 prod-

212 3068 361 3119 esse,
394 3050 546 3121 quod
577 3051 649 3104 ad
680 3049 837 3104 aliud
867 3050 1007 3104 falsa
1035 3053 1169 3102 sunt
1187 3048 1380 3102 ?Unde
1413 3049 1481 3103 ad
1513 3049 1570 3102 id
1600 3050 1753 3120 quod
1794 3066 1914 3104 esse

208 3146 315 3194 aut
344 3140 543 3194 volunt
572 3143 670 3192 aut
700 3139 927 3205 debent,
945 3138 1105 3191 nullo
1128 3137 1300 3191 modo
1322 3137 1681 3207 perveniunt,
1709 3139 1755 3192 si
1776 3140 1917 3194 falsa

209 3246 337 3285 esse
366 3228 616 3299 fugiunt.
646 3228 767 3292 Quo
798 3232 963 3297 pacto
1014 3227 1168 3281 enim
1217 3226 1323 3280 iste
1364 3242 1537 3297 quem
1566 3243 1913 3282 commemo-

208 3317 356 3383 ravi,
385 3334 579 3371 versus
608 3317 899 3387 tragoedus
937 3319 1103 3381 esset,
1136 3314 1184 3368 si
1214 3315 1393 3369 nollet
1426 3331 1547 3369 esse
1576 3316 1751 3369 falsus
1800 3318 1913 3371 He-

208 3414 355 3473 ctor,
400 3406 541 3461 falsa
588 3405 1009 3471 Andromache,
1042 3404 1217 3458 falsus
1265 3404 1553 3473 Hercules,
1589 3409 1647 3459 et
1690 3404 1800 3459 alia
1827 3405 1912 3459 in-

209 3512 457 3552 numera
477 3496 505 3550 ‘I
535 3500 635 3549 aut
663 3495 817 3548 unde
849 3510 980 3547 vera
1006 3493 1229 3564 pictura
1259 3497 1425 3562 esset,
1456 3493 1504 3547 si
1530 3493 1706 3547 falsus
1736 3508 1915 3564 equus

208 3602 333 3640 non
362 3584 553 3638 esset?
592 3584 744 3637 unde
776 3583 836 3636 in
879 3583 1109 3652 speculo
1158 3598 1292 3635 vera
1328 3581 1577 3635 hominis
1616 3581 1826 3651 imago,
1868 3580 1915 3634 si

209 3689 335 3728 non
364 3673 536 3727 falsus
565 3672 740 3726 homo
761 3675 788 3725 ‘2
817 3671 1021 3737 Quare,
1050 3670 1097 3724 si
1113 3669 1477 3742 quibusdam,
1504 3674 1565 3724 ut
1581 3685 1778 3723 verum
1810 3669 1913 3723 ali-

207 3762 357 3835 quid
388 3762 521 3830 sint,
556 3762 787 3831 prodest
811 3766 875 3814 ut
903 3759 1016 3814 sint
1046 3759 1261 3830 aliquid
1289 3760 1497 3813 falsum
1522 3776 1535 3825 ;
1585 3775 1686 3813 cur
1727 3763 1912 3812 tanto-

204 3868 353 3924 pere
375 3851 643 3905 falsitates
675 3850 1073 3916 formidamus,
1105 3853 1163 3903 et
1190 3864 1293 3918 pro
1325 3864 1533 3919 magno
1563 3848 1712 3902 bono
1747 3864 1914 3919 appe-

206 3941 390 3995 timus
435 3940 769 3994 veritatem?
816 3941 893 3993 Α.
941 3938 1157 4006 Nescio,
1208 3942 1263 3991 et
1292 3938 1541 3992 multum
1570 3937 1768 4003 miror,
1804 3936 1916 3991 nisi

207 4030 352 4101 quia
379 4029 439 4083 in
459 4028 735 4099 exemplis
765 4027 886 4081 istis
911 4026 1057 4080 nihil
1088 4025 1407 4080 imitatione
1439 4026 1677 4096 dignum
1725 4026 1909 4081 video.

209 4121 346 4174 Non
375 4117 529 4171 enim
558 4122 833 4188 tanquam
856 4115 1178 4181 histriones,
1202 4119 1300 4167 aut
1325 4114 1393 4168 de
1411 4114 1652 4184 speculis
1671 4130 1914 4184 quaeque

204 4208 548 4274 relucentia,
582 4211 681 4260 aut
725 4210 1000 4275 tanquam
1039 4202 1286 4273 Myronis
1325 4203 1546 4256 buculae
1576 4219 1640 4255 ex
1671 4219 1803 4271 mre,
1836 4203 1914 4256 ita

206 4296 389 4351 etiam
415 4312 519 4349 nos
547 4299 611 4350 ut
638 4295 699 4349 in
730 4299 925 4349 nostro
956 4292 1209 4364 quodam
1244 4291 1443 4345 habitu
1473 4290 1591 4343 veri
1617 4290 1812 4356 simus,
1844 4291 1915 4344 ad

207 4385 469 4440 alienum
498 4383 759 4438 habitum
806 4381 1131 4436 adumbrati
1174 4385 1345 4451 atque
1377 4379 1693 4441 assimilati,
1749 4383 1804 4432 et
1841 4380 1912 4433 ob

204 4475 320 4529 hoc
353 4473 477 4527 falsi
524 4488 645 4527 esse
697 4471 1011 4537 debemus;
1061 4469 1160 4524 sed
1204 4468 1348 4523 illud
1392 4484 1593 4522 verum
1633 4483 1909 4538 quaerere,

207 4562 372 4635 quod
401 4577 517 4615 non
549 4560 713 4633 quasi
742 4560 990 4615 bifronte
1029 4558 1249 4613 ratione
1298 4557 1519 4628 sibique
1568 4556 1911 4623 adversanti,

206 4655 275 4705 ut
304 4666 375 4704 ex
422 4650 612 4721 aliqua
639 4654 803 4719 parte
849 4663 1048 4702 verum
1079 4647 1173 4714 sit,
1206 4663 1274 4701 ex
1305 4645 1497 4718 aliqua
1526 4645 1734 4700 falsum
1758 4645 1829 4700 sit
1857 4643 1905 4701 ί.

205 4743 276 4795 Β.
321 4738 524 4807 Magna
552 4741 609 4791 et
655 4736 847 4791 divina
877 4736 1143 4807 quaedam
1174 4736 1437 4807 requiris.
1479 4736 1615 4801 Qua:
1645 4739 1836 4789 tamen
1868 4735 1913 4789 si

206 4826 622 4894 invenerimus,
661 4842 852 4881 nonne
895 4826 1203 4880 fatebimur
1247 4826 1333 4880 his
1372 4825 1557 4896 ipsam
1587 4824 1805 4890 conﬁci,
1860 4829 1915 4880 et

206 4914 378 4987 quasi
430 4914 665 4970 conﬂari
707 4914 1027 4984 veritatem,
1056 4931 1089 4967 a
1135 4931 1248 4985 qua
1301 4913 1703 4968 denominatur
1741 4930 1912 4968 omne

205 5006 367 5078 quod
395 5021 592 5059 verum
618 5020 850 5076 quoquo
870 5004 1040 5059 modo
1071 5003 1403 5058 nominatur
1421 5003 1447 5057 ‘l
1465 5007 1541 5058 Α.
1564 5006 1687 5057 Non
1701 5002 1913 5057 invitus

205 5095 514 5149 assentior.

204 5184 441 5239 CAPUT
492 5184 585 5239 ΧΙ.
639 5213 707 5223 --
752 5185 1179 5253 Disciplinarum
1233 5184 1455 5238 vetitas.
1498 5181 1707 5236 Fabula
1756 5181 1908 5251 quid.

740 5272 888 5337 Quid
916 5274 989 5325 sit
1007 5273 1389 5339 grammatica.

288 5365 373 5416 19.
429 5363 492 5415 R.
527 5360 672 5425 Quid
730 5360 833 5415 tibi
882 5377 1016 5432 ergo
1070 5361 1332 5416 videtur?
1372 5358 1672 5429 disciplina
1712 5357 1908 5431 dispu-

207 5449 371 5505 tandi
420 5465 653 5518 verane,
701 5466 773 5504 an
803 5450 943 5504 falsa
969 5453 1100 5505 est?
1144 5452 1215 5505 A.
1247 5448 1383 5515 Quis
1426 5448 1647 5503 dubitet
1671 5463 1863 5503 veram
1883 5450 1911 5501 ?

276 5550 290 5581 ¹
327 5548 439 5606 Est,
465 5546 621 5610 juxta
642 5547 733 5596 Er.
766 5547 891 5596 Lov.
920 5547 993 5595 M.

1642 269 1853 325 LIBER
1896 269 2284 326 SECUNDUS.
3616 271 3719 324 894

2022 392 2117 446 sed
2147 408 2280 446 vera
2308 395 2393 445 est
2413 391 2586 445 etiam
2615 390 3007 462 grammatica.
3042 394 3103 447 Β.
3149 392 3302 445 Itane
3349 395 3413 446 ut
3441 391 3540 446 illa
3559 392 3586 445 ?
3634 396 3713 447 Α.

2022 479 2145 534 Non
2176 478 2340 533 video
2370 478 2510 549 quid
2541 478 2613 531 sit
2635 493 2767 532 vero
2784 478 2997 534 verius.
3025 482 3090 534 Β.
3116 478 3261 533 lllud
3282 478 3536 549 profecto
3563 480 3711 549 quod

2025 568 2164 623 nihil
2195 568 2321 622 falsi
2350 568 2553 622 habet:
2584 568 2733 637 quod
2750 567 2975 621 intuens
3003 568 3175 637 paulo
3199 572 3327 622 ante
3350 568 3715 623 otl‘endebare

2024 672 2088 710 ex
2117 656 2184 711 iis
2216 656 2384 710 rebus
2429 672 2556 725 qua).
2605 655 2793 709 nescio
2838 655 3121 725 quomodo
3152 655 3263 709 nisi
3314 656 3467 710 falsae
3508 662 3714 717 essent,

2022 762 2167 799 verae
2199 761 2317 799 esse
2348 761 2466 798 non
2497 748 2751 814 possent.
2785 746 2873 797 An
2904 744 3135 814 ignoras
3185 745 3379 797 omnia
3425 744 3520 798 illa
3558 744 3716 798 fabu~

2024 835 2142 888 losa
2154 839 2212 889 et
2225 838 2416 904 aperte
2437 834 2576 887 falsa
2598 833 2668 887 ad
2682 832 3112 901 grammaticam
3127 832 3410 902 pertinere
3433 836 3459 886 ‘?
3487 836 3563 887 A.
3594 835 3715 887 Non

2022 922 2221 994 ignoro
2252 923 2401 976 istud
2431 922 2663 993 quidem
2689 938 2701 987 ;
2737 922 2854 986 sed,
2888 925 2951 975 ut
2980 920 3206 991 opinor,
3239 937 3351 974 non
3390 938 3493 990 per
3522 938 3715 992 gram-

2023 1011 2287 1067 maticam
2317 1011 2456 1065 falsa
2487 1015 2638 1075 sunt,
2680 1010 2775 1063 sed
2805 1025 2909 1079 per
2933 1026 3059 1064 eam
3091 1010 3529 1080 qualiacumque
3562 1016 3715 1078 sunt,

2023 1102 2505 1155 demonstrantur.
2542 1098 2836 1169 Siquidem
2881 1103 2964 1152 est
2994 1098 3186 1152 fabula
3214 1098 3596 1168 compositum
3646 1100 3713 1152 ad

2023 1190 2329 1244 utilitatem
2379 1189 2878 1243 delectationemve
2935 1187 3321 1241 mendacium.
3385 1188 3478 1240 Est
3524 1191 3715 1240 autem

2024 1278 2395 1350 grammatica
2426 1278 2574 1331 vocis
2601 1276 2911 1330 articulate:
2942 1281 3128 1330 custos
3159 1281 3214 1329 et
3239 1275 3587 1329 moderatrix
3632 1275 3716 1328 di-

2025 1367 2264 1438 sciplina
2289 1384 2300 1420 :
2334 1366 2493 1436 cujus
2525 1365 2893 1435 professionis
2919 1364 3250 1418 necessitate
3279 1364 3500 1435 cogitur
3519 1364 3721 1418 huma-

2023 1474 2112 1511 na:
2142 1456 2357 1526 linguae
2388 1455 2582 1509 omnia
2609 1454 2783 1508 etiam
2814 1454 3090 1524 ﬁgmenta
3118 1452 3403 1522 colligere,
3438 1469 3567 1523 qua:
3598 1469 3718 1506 me-

2026 1544 2225 1599 moria:
2257 1544 2569 1614 litterisque
2598 1543 2866 1596 mandata
2897 1546 3048 1609 sunt,
3081 1558 3199 1595 non
3230 1558 3297 1595 ea
3320 1542 3457 1595 falsa
3488 1541 3718 1605 faciens,

2026 1634 2124 1688 sed
2153 1634 2221 1688 de
2248 1633 2335 1687 bis
2364 1649 2555 1687 veram
2584 1632 2893 1703 quamdam
2917 1632 3125 1685 docens
3142 1645 3514 1700 asserensque
3545 1632 3721 1683 ratiu-

2024 1739 2180 1776 nem.
2208 1726 2272 1778 R.
2302 1724 2469 1776 Recte
2496 1738 2629 1776 sane
2656 1738 2669 1775 :
2712 1721 2855 1774 nihil
2908 1737 3059 1774 nunc
3088 1736 3245 1789 curo,
3296 1723 3486 1774 utrum
3531 1719 3629 1773 abs
3666 1724 3721 1772 te

2025 1811 2134 1865 ista
2162 1812 2305 1865 bene
2336 1810 2569 1865 deﬁnita
2586 1814 2754 1881 atque
2776 1809 3039 1864 distincta
3055 1809 3169 1862 sint
3194 1808 3475 1875 ;sedillud
3502 1824 3722 1877 quaero,

2026 1905 2222 1954 utrum
2251 1900 2358 1953 hoc
2383 1900 2463 1953 ita
2493 1915 2612 1952 esse
2652 1899 2774 1969 ipsa
2802 1897 3192 1968 grammatica,
3226 1912 3299 1950 an
3346 1912 3480 1951 vero
3505 1897 3601 1949 illa
3630 1896 3723 1949 di-

2027 1988 2265 2058 sciplina
2291 1988 2693 2058 disputationis
2724 1987 3004 2040 ostendat.
3038 1987 3109 2041 Α.
3146 1987 3265 2039 Non
3295 2001 3442 2055 nego
3473 1984 3586 2038 vim
3617 2000 3720 2054 pe-

2028 2077 2333 2149 ritiamque
2364 2076 2695 2141 definiendi,
2728 2092 2842 2145 qua
2871 2092 3022 2129 nunc
3052 2090 3157 2145 ego
3187 2074 3295 2127 ista
3334 2088 3596 2139 separare
3627 2089 3721 2126 co-

2028 2172 2196 2221 natus
2225 2184 2375 2235 sum,
2406 2164 2796 2237 disputatorie:
2819 2164 2927 2218 arti
2956 2163 3153 2219 tribui.

2098 2260 2186 2311 20.
2224 2259 2286 2311 R.
2321 2255 2465 2320 Quid
2505 2255 2628 2325 ipsa
2675 2253 3047 2325 grammatica
3066 2256 3095 2306 Ὺ
3136 2267 3326 2306 nonne
3370 2251 3418 2305 si
3455 2267 3586 2305 vera
3618 2256 3723 2317 est,

2027 2361 2093 2399 eo
2121 2362 2254 2399 vera
2284 2350 2369 2398 est
2387 2360 2501 2415 quo
2535 2343 2836 2413 disciplina
2862 2345 2944 2396 est
2963 2344 2991 2395 ‘2
3022 2340 3331 2410 Disciplina
3370 2339 3527 2393 enim
3569 2356 3602 2393 a
3633 2341 3721 2394 di-

2028 2434 2230 2488 scendo
2266 2433 2413 2487 dicta
2444 2437 2566 2487 est:
2599 2444 2771 2486 nemo
2821 2435 3014 2484 autem
3053 2445 3183 2500 qua:
3226 2428 3423 2483 didicit
3453 2444 3518 2481 ac
3547 2433 3721 2492 tenet,

2026 2524 2243 2578 nescire
2262 2522 2370 2577 dici
2401 2526 2583 2593 potest
2609 2539 2622 2587 ;
2646 2526 2701 2575 et
2723 2536 2892 2575 nemo
2912 2518 3189 2573 scitfalsa.
3220 2518 3418 2573 Omnis
3439 2533 3575 2588 ergo
3592 2534 3725 2572 vera

2027 2616 2109 2665 est
2142 2610 2459 2681 disciplina.
2494 2612 2571 2663 Α.
2602 2612 2726 2663 Non
2756 2609 2919 2662 video
2950 2607 3181 2678 quidem
3210 2607 3350 2677 quid
3386 2606 3448 2659 in
3483 2607 3591 2660 ista
3632 2624 3723 2660 ra-

2028 2700 2281 2755 tiuncula
2303 2704 2516 2753 temere
2546 2698 2910 2751 concedatur.
2948 2698 3127 2750 Movet
3154 2711 3247 2748 me
3278 2700 3467 2748 tamen
3511 2712 3581 2749 ne
3624 2712 3726 2765 per

2027 2788 2194 2843 istam
2223 2786 2471 2858 cuipiam
2502 2786 2760 2840 videatur
2789 2784 2963 2838 etiam
2987 2783 3114 2837 illas
3128 2782 3347 2836 fabulas
3383 2798 3542 2835 veras
3572 2799 3720 2849 esse;

2026 2893 2160 2930 nam
2189 2878 2244 2930 et
2289 2876 2390 2929 has
2437 2874 2706 2928 discimus
2756 2878 2811 2926 et
2855 2878 3135 2926 tenemus.
3184 2873 3247 2926 Β.
3298 2869 3721 2940 Numquidnam

2028 2965 2299 3034 magister
2320 2968 2515 3017 noster
2542 2962 2767 3017 nolebat
2798 2977 2901 3014 nos
2930 2960 3159 3014 credere
3200 2974 3331 3030 quas
3378 2958 3637 3023 docebat,
3671 2964 3727 3011 et

2028 3054 2233 3106 nosse?
2270 3055 2346 3106 Α.
2386 3053 2506 3105 Imo
2539 3052 2908 3105 vehementer
2933 3052 2997 3103 ut
3025 3063 3323 3102 nossemus
3353 3045 3621 3102 instabat.
3655 3050 3720 3102 1t.

2030 3141 2320 3211 Numquid
2354 3140 2660 3211 aliquando
2690 3137 2894 3192 institit
2926 3142 2989 3191 ut
3019 3136 3311 3190 Daedalum
3343 3136 3559 3189 volasse
3606 3152 3725 3188 cre-

2028 3231 2292 3285 deremus
2312 3230 2338 3284 ?
2386 3233 2463 3285 A.
2511 3231 2626 3283 Hoc
2665 3227 2899 3299 quidem
2926 3241 3247 3296 nunquam.
3278 3224 3387 3279 Sed
3417 3224 3585 3295 plane
3616 3223 3727 3278 nisi

2026 3323 2352 3373 teneremus
2395 3318 2666 3383 fabulam,
2716 3317 2808 3370 vix
2859 3332 2963 3370 nos
2992 3331 3159 3386 posse
3202 3313 3418 3385 aliquid
3458 3312 3724 3367 manibus

2026 3412 2348 3461 teneremus
2374 3406 2631 3460 faciebat.
2660 3408 2725 3461 R.
2757 3406 2840 3458 Tu
2869 3420 3003 3474 ergo
3034 3419 3209 3473 negas
3222 3418 3418 3456 verum
3431 3417 3551 3454 esse
3572 3401 3725 3471 quod

2026 3495 2133 3550 ista
2159 3496 2351 3550 fabula
2378 3495 2469 3561 sit,
2502 3500 2558 3550 et
2577 3494 2726 3565 quod
2752 3493 2831 3547 ita
2860 3492 2931 3546 sit
2963 3492 3223 3546 Daedalus
3245 3490 3570 3544 diffamatus
3590 3492 3617 3542 ?
3650 3492 3721 3542 Α.

2028 3587 2140 3639 Hoc
2171 3601 2285 3639 non
2316 3600 2463 3654 nego
2495 3599 2694 3638 verum
2725 3598 2865 3637 esse.
2898 3584 2962 3636 It.
2997 3581 3121 3634 Non
3153 3595 3329 3649 negas
3359 3594 3495 3647 ergo
3530 3582 3585 3631 te
3634 3576 3719 3631 di-

2028 3673 2229 3728 dicisse
2254 3688 2475 3739 verum,
2501 3688 2630 3725 cum
2658 3671 2764 3724 ista
2788 3669 3070 3724 didiceris.
3103 3670 3244 3722 Nam
3273 3668 3320 3721 si
3348 3668 3565 3721 volasse
3601 3668 3723 3719 Da}-

2027 3762 2218 3815 dalum
2246 3776 2444 3815 verum
2472 3764 2576 3825 est,
2605 3764 2662 3813 et
2689 3759 2795 3812 hoc
2824 3758 2988 3828 pueri
3007 3773 3109 3827 pro
3138 3756 3268 3809 ﬁcta
3292 3755 3484 3810 fabula
3510 3754 3725 3824 accipe-

2026 3854 2152 3903 rent
2171 3855 2341 3920 atque
2368 3848 2690 3914 redderent,
2717 3863 2785 3901 eo
2806 3848 2930 3917 ipso
2955 3845 3093 3899 falsa
3106 3844 3439 3910 retinerent,
3464 3859 3578 3915 quo
3597 3859 3728 3896 vera

2025 3939 2319 3993 essentilla
2333 3954 2461 4009 quas
2493 3937 2813 3991 redderent.
2844 3935 2984 3989 Hinc
3004 3934 3159 3989 enim
3174 3932 3548 3989 exstititillud
3572 3932 3723 4003 quod

2026 4026 2676 4097 superiusmirabamur,
2706 4024 2777 4079 de
2798 4024 2989 4077 volatu
3016 4023 3231 4077 Dmdali
3256 4038 3448 4076 veram
3476 4020 3724 4075 fabulam

2026 4132 2146 4170 esse
2179 4132 2296 4170 non
2321 4115 2595 4187 potuisse,
2622 4113 2732 4167 nisi
2766 4114 3059 4167 Daedalum
3078 4114 3292 4166 volasse
3322 4112 3529 4164 falsum
3558 4114 3722 4164 esset.

2025 4208 2101 4259 A.
2132 4206 2257 4259 Jam
2298 4210 2465 4259 teneo
2496 4204 2645 4257 istud
2672 4220 2684 4267 ;
2720 4203 2814 4256 sed
2855 4202 2993 4273 quid
3025 4218 3090 4255 ex
3138 4217 3203 4254 eo
3231 4199 3596 4270 proficiamus
3636 4215 3727 4251 ex-

2027 4298 2243 4363 specto.
2282 4298 2346 4349 R.
2373 4292 2541 4358 Quid,
2576 4292 2683 4345 nisi
2703 4307 2818 4345 non
2848 4308 2969 4345 esse
2999 4292 3202 4344 falsam
3230 4289 3389 4342 illam
3418 4287 3724 4355 rationem,

2026 4397 2139 4451 qua
2167 4381 2498 4450 collegimus
2531 4379 2915 4450 disciplinam,
2938 4378 3048 4432 nisi
3068 4393 3199 4431 vera
3225 4376 3445 4437 doceat,
3480 4374 3724 4444 discipli-

2026 4486 2160 4524 nam
2173 4486 2293 4524 esse
2318 4486 2434 4523 non
2454 4484 2618 4539 posse
2640 4470 2668 4522 ?
2693 4472 2771 4523 Α.
2804 4469 2868 4523 Et
2894 4468 2999 4522 hoc
3028 4465 3169 4537 quid
3197 4465 3266 4518 ad
3298 4480 3416 4517 rem
3438 4462 3465 4515 ?
3493 4466 3557 4518 Β.
3582 4462 3725 4527 Quia

2027 4560 2149 4613 volo
2183 4558 2336 4613 dicas
2365 4558 2507 4613 mihi
2538 4558 2690 4613 unde
2730 4558 2803 4612 sit
2832 4555 3131 4627 disciplina
3156 4551 3561 4624 grammatica:
3593 4551 3724 4607 inde

2027 4647 2182 4702 enim
2208 4664 2341 4702 vera
2366 4653 2469 4714 est,
2502 4649 2654 4703 unde
2683 4646 2984 4717 disciplina
3011 4648 3115 4697 est.
3140 4646 3215 4697 Α.
3252 4642 3448 4696 Nescio
3471 4641 3726 4712 quidlibi

2025 4737 2422 4808 respondeam.
2454 4740 2519 4793 Η.
2554 4739 2753 4791 Nonne
2783 4733 2887 4788 tibi
2915 4732 3159 4798 videtur,
3195 4730 3241 4785 si
3271 4730 3413 4784 nihil
3446 4730 3508 4784 in
3537 4747 3603 4784 ea
3626 4731 3724 4785 de-

2024 4826 2249 4881 finitum
2281 4831 2446 4893 esset,
2476 4830 2531 4879 et
2560 4825 2704 4879 nihil
2725 4824 2783 4877 in
2814 4837 3026 4893 genera
3058 4824 3113 4874 et
3143 4824 3330 4891 partes
3357 4819 3723 4874 distributum

2026 4922 2197 4987 atque
2228 4915 2581 4980 distinctum,
2635 4929 2762 4966 eam
2791 4912 2949 4965 nullo
2991 4910 3160 4964 modo
3200 4908 3563 4979 disciplinam
3605 4925 3724 4962 esse

2024 5005 2278 5076 potuisse
2298 5008 2326 5058 '?
2352 5008 2427 5059 Α.
2452 5006 2575 5057 Jam
2606 5001 2865 5071 intelligo
2893 5000 3033 5071 quid
3062 4999 3247 5053 dicas:
3278 5015 3381 5053 nec
3426 5000 3539 5052 ulla
3582 4996 3724 5050 mihi

2026 5093 2270 5148 occurrit
2299 5093 2546 5163 cujusvis
2572 5092 2739 5145 facies
2774 5089 3110 5160 disciplinas,
3141 5088 3202 5143 in
3240 5105 3353 5159 qua
3377 5102 3496 5141 non
3520 5084 3722 5139 deﬁni-

2022 5181 2208 5236 tiones
2231 5198 2293 5235 ac
2322 5180 2627 5234 divisiones
2646 5183 2703 5233 et
2727 5178 3211 5244 ratiocinationes,
3234 5178 3372 5232 dum
3398 5174 3534 5246 quid
3557 5172 3723 5244 quid-

2025 5287 2135 5342 que
2165 5269 2237 5324 sit
2279 5268 2615 5333 declaratur,
2651 5268 2789 5322 dum
2819 5267 2940 5321 sine
2970 5267 3298 5322 confusione
3324 5264 3573 5333 partium
3605 5278 3725 5315 sua-

2024 5360 2229 5430 cuique
2241 5358 2577 5425 redduntur,
2597 5358 2732 5411 dum
2752 5357 2895 5411 nihil
2916 5355 3375 5428 praetermittitur
3396 5350 3720 5422 proprium,

2023 5447 2167 5502 nihil
2199 5450 2610 5500 annumeratur
2630 5446 2901 5511 alienum,
2935 5450 3121 5499 totum
3151 5445 3261 5497 hoc
3289 5442 3479 5512 ipsum
3508 5456 3621 5513 quo
3644 5441 3722 5495 di-

2025 5535 2261 5607 sciplina
2292 5533 2499 5590 dicitur
2528 5536 2767 5607 egerint.
2799 5538 2865 5591 R.
2901 5536 3048 5606 Ergo
3076 5537 3131 5587 et
3160 5536 3346 5587 totum
3376 5528 3567 5602 ipsum
3604 5547 3718 5606 quo
