4062 6188
375 253 477 305 895

371 387 508 426 vera
538 370 763 426 dicitur.
793 374 870 426 Α.
906 370 1078 426 Video
1104 370 1397 442 consequi.

443 463 531 514 21.
565 463 628 516 R.
663 461 958 530 Responde
989 476 1143 514 nunc
1172 477 1300 531 quae
1330 457 1628 528 disciplina
1655 455 1946 511 contineat
1975 455 2074 510 de-

373 548 729 616 finitionum,
763 549 1131 616 divisionum,
1164 547 1652 620 partitionumque
1690 543 1959 601 rationes.
1995 547 2045 598 Α
2057 583 2071 600 .

371 640 495 692 Jam
523 637 784 708 superius
811 638 1022 691 dictum
1055 642 1138 691 est
1187 639 1308 691 haec
1338 635 1669 706 disputandi
1699 633 1913 705 regulis
1938 650 2072 688 con-

372 726 571 781 tineri.
607 730 671 782 R.
706 726 1087 780 Grammatice
1124 726 1304 796 igitur
1334 725 1532 779 eadem
1573 729 1692 778 arte
1733 728 1922 778 creata
1968 728 2071 786 est,

375 820 439 870 ut
471 815 791 884 disciplina,
821 819 876 868 et
906 819 966 867 ut
989 831 1119 868 vera
1148 818 1316 882 esset,
1339 830 1468 885 qua:
1490 818 1574 868 est
1601 814 1699 867 abs
1729 816 1783 866 te
1813 813 2076 883 superius

376 921 409 956 a
431 903 671 957 falsitate
693 903 944 962 defensa.
969 901 1130 966 Quod
1158 919 1274 956 non
1297 902 1367 956 de
1395 919 1510 956 una
1539 902 1911 972 grammatica
1933 901 2077 955 mihi

373 991 505 1046 licet
534 991 896 1058 concludere,
929 991 1025 1046 sed
1053 1007 1285 1061 prorsus
1334 991 1403 1045 de
1436 992 1705 1046 omnibus
1735 990 2070 1061 disciplinis.

381 1082 520 1135 Nam
553 1079 763 1146 dixisti,
795 1096 1041 1150 vereque
1089 1080 1300 1144 dixisti,
1333 1081 1552 1135 nullam
1582 1079 1940 1149 disciplinam
1970 1079 2075 1133 tibi

374 1184 693 1236 occurrere,
710 1169 768 1222 in
782 1185 894 1239 qua
913 1185 1027 1222 non
1049 1168 1361 1224 deﬁniendi
1383 1170 1478 1239 jus
1500 1174 1669 1240 atque
1700 1168 2074 1222 distribuendi

375 1258 648 1327 idipsum,
675 1263 738 1312 ut
785 1256 1086 1327 disciplina
1106 1257 1198 1323 sit,
1226 1257 1439 1312 fecerit.
1468 1260 1557 1323 At,
1598 1257 1645 1310 si
1674 1274 1740 1310 eo
1769 1274 1916 1311 verae
1946 1262 2078 1311 sunt

380 1363 495 1416 quo
545 1351 681 1399 sunt
723 1345 1039 1416 disciplinae
1083 1345 1388 1414 negabitne
1429 1345 1735 1417 quispiam,
1777 1346 2074 1400 veritatem

376 1436 560 1505 ipsam
588 1450 707 1488 esse
728 1450 832 1504 per
857 1450 1033 1504 quam
1049 1449 1248 1487 omnes
1277 1450 1425 1488 verae
1457 1439 1588 1488 sunt
1615 1434 1926 1506 disciplina:
1946 1438 1974 1489 τί
1999 1437 2069 1490 Α.

377 1525 560 1593 Prope
591 1526 676 1576 est
704 1522 938 1575 omnino
973 1527 1038 1576 ut
1068 1522 1379 1577 assentiar:
1423 1524 1519 1578 sed
1549 1523 1689 1578 illud
1729 1539 1818 1577 me
1861 1529 2073 1592 movet,

381 1611 536 1682 quod
586 1609 758 1663 etiam
789 1609 1069 1664 rationem
1100 1610 1428 1680 disputandi
1457 1612 1606 1665 inter
1641 1611 1870 1666 easdem
1908 1612 2072 1666 disci-

376 1699 563 1770 plinas
591 1713 987 1754 numeramus.
1026 1698 1210 1763 Quare
1239 1699 1394 1754 illam
1423 1700 1616 1771 potius
1660 1700 1919 1754 existimo
1953 1716 2073 1754 esse

374 1787 694 1852 veritatem,
728 1803 901 1858 quam
927 1791 983 1841 et
1011 1787 1118 1842 ista
1145 1788 1272 1859 ipsa
1298 1789 1442 1842 ratio
1473 1805 1605 1842 vera
1634 1793 1733 1843 est.
1757 1792 1821 1844 Β.
1848 1789 2072 1860 Optime

376 1876 613 1930 omnino
645 1891 709 1928 ac
738 1875 1204 1947 vigilantissime:
1239 1878 1336 1932 sed
1366 1894 1484 1931 non
1511 1893 1705 1947 negas,
1739 1881 1803 1931 ut
1845 1878 2069 1948 opinor,

375 1980 444 2020 eo
473 1979 668 2018 veram
689 1980 810 2019 esse
842 1981 956 2035 quo
989 1965 1288 2036 disciplina
1319 1971 1418 2020 est.
1450 1968 1524 2020 Α.
1565 1968 1683 2020 Imo
1712 1966 1964 2037 idipsum
1988 1971 2073 2020 est

376 2054 528 2126 quod
548 2069 641 2108 me
662 2058 874 2108 movet.
904 2053 1132 2108 Adverti
1164 2055 1317 2109 enim
1349 2055 1521 2109 etiam
1545 2055 1906 2126 disciplinam
1929 2071 2070 2124 esse,

377 2149 432 2197 et
453 2143 525 2198 ob
555 2143 664 2197 hoc
688 2159 879 2196 veram
904 2143 1034 2197 dici.
1066 2146 1138 2198 R.
1164 2144 1311 2209 Quid
1334 2160 1469 2214 ergo
1490 2144 1517 2198 ‘2
1541 2143 1707 2198 istam
1729 2149 1895 2214 putas
1909 2144 2074 2199 aliter

377 2231 738 2301 disciplinam
771 2247 891 2284 esse
913 2231 1184 2302 potuisse,
1215 2232 1326 2286 nisi
1356 2231 1551 2286 omnia
1570 2232 1631 2286 in
1649 2249 1713 2286 ea
1735 2233 1972 2288 detinita
1992 2250 2074 2287 es-

378 2324 505 2373 sent
535 2323 591 2372 et
612 2318 960 2374 distributa?
987 2323 1065 2373 Α.
1098 2320 1249 2374 Nihil
1279 2320 1433 2374 aliud
1459 2320 1640 2374 habeo
1669 2321 1822 2392 quod
1865 2321 2069 2376 dicam.

380 2411 446 2463 R.
478 2411 571 2474 At,
602 2407 650 2460 si
676 2408 747 2461 ad
775 2423 904 2461 eam
946 2408 1194 2478 pertinet
1225 2409 1331 2462 hoc
1360 2408 1630 2475 officium,
1681 2425 1788 2479 per
1827 2410 2073 2481 seipsam

379 2495 677 2566 disciplina
704 2511 838 2548 vera
855 2499 955 2549 est.
980 2495 1368 2566 Quisquamne
1388 2497 1566 2565 igitur
1585 2497 1797 2552 mirum
1827 2499 2068 2569 putabit,

378 2584 426 2638 si
452 2600 520 2638 ea
543 2600 656 2655 qua
668 2599 800 2637 vera
821 2589 954 2638 sunt
971 2585 1184 2651 omnia,
1217 2601 1320 2655 per
1347 2602 1405 2639 se
1425 2586 1550 2656 ipsa
1567 2591 1622 2640 et
1651 2587 1713 2640 in
1742 2587 1927 2658 seipsa
1940 2605 2072 2642 vera

375 2671 450 2726 sit
480 2671 684 2726 veritas
699 2673 716 2708 ¹
736 2674 765 2726 ‘?
784 2675 838 2727 Α
853 2714 866 2728 .
899 2673 1049 2727 Nihil
1080 2673 1222 2728 mihi
1245 2674 1431 2729 obstat
1451 2675 1757 2746 quominus
1777 2681 1929 2731 recta
1942 2692 2072 2746 per-

377 2775 510 2830 gam
540 2760 598 2813 in
630 2759 797 2814 istam
828 2761 1190 2816 sententiam.

483 2849 708 2903 CAPUT
739 2850 849 2903 XII.
882 2879 951 2889 —-
981 2851 1116 2916 Quot
1145 2851 1317 2905 modis
1347 2852 1594 2920 quadam
1614 2855 1724 2907 sint
1751 2855 1811 2907 in
1834 2854 1963 2908 alio.

450 2939 535 3015 l2.
583 2940 645 2993 Β.
695 2939 840 3008 Ergo
869 2939 1095 2992 attende
1124 2955 1306 3010 pauca
1335 2955 1464 3010 quas
1494 2945 1733 2995 restant.
1767 2944 1844 2994 Α.
1878 2942 2074 2996 Profer

379 3025 426 3079 si
453 3025 590 3096 quid
621 3026 817 3092 habes,
849 3028 1018 3081 modo
1036 3029 1146 3081 tale
1166 3027 1239 3081 sit
1258 3029 1412 3099 quod
1429 3029 1766 3100 intelligam,
1799 3030 2070 3085 libenter-

379 3131 490 3185 que
534 3115 866 3170 concedam.
916 3119 980 3170 R.
1032 3117 1161 3169 Esse
1213 3116 1428 3187 aliquid
1456 3117 1517 3170 in
1560 3118 1774 3189 aliquo,
1818 3135 1932 3173 non
1968 3136 2072 3173 nos

378 3201 529 3272 fugit
561 3201 782 3256 duobus
797 3202 983 3256 modis
1002 3203 1132 3257 dici.
1161 3205 1280 3258 Uno
1311 3221 1424 3276 quo
1443 3205 1524 3259 ita
1554 3210 1658 3270 est,
1689 3211 1754 3259 ut
1783 3206 1954 3261 etiam
1984 3223 2070 3261 se-

377 3289 549 3360 jungi
577 3295 748 3362 atque
798 3291 932 3345 alibi
957 3307 1076 3346 esse
1107 3293 1302 3363 possit,
1341 3298 1406 3348 ut
1453 3294 1560 3348 hoc
1598 3295 1818 3365 lignum
1867 3296 1928 3351 in
1960 3297 2072 3350 hoc

377 3380 523 3446 loco,
555 3383 620 3434 ut
657 3381 742 3433 sol
769 3379 831 3433 in
859 3379 1116 3437 oriente:
1158 3382 1334 3436 altero
1365 3387 1558 3437 autem
1591 3400 1704 3454 quo
1734 3385 1813 3438 ita
1853 3395 1936 3438 est
1965 3385 2068 3438 ali-

373 3468 510 3538 quid
541 3468 600 3522 iii
631 3469 904 3539 subjecto,
940 3473 1001 3523 ut
1029 3469 1098 3524 ab
1129 3486 1195 3524 eo
1227 3476 1477 3542 nequeat
1503 3473 1846 3542 separari,ut
1875 3472 1933 3527 in
1962 3474 2072 3527 hoc

373 3557 532 3629 ligno
562 3558 748 3612 forma
777 3564 832 3613 et
861 3558 1076 3630 species
1106 3576 1278 3631 quam
1309 3559 1587 3628 videmus,
1615 3566 1679 3615 ut
1709 3561 1769 3615 in
1797 3563 1912 3616 sole
1949 3563 2067 3630 lux,

376 3651 441 3700 ut
471 3646 530 3700 in
561 3647 693 3717 igne
721 3648 895 3713 calor,
926 3652 989 3702 ut
1016 3648 1076 3702 in
1102 3649 1293 3702 animo
1317 3648 1636 3720 disciplina,
1655 3654 1711 3703 et
1735 3650 1781 3703 si
1805 3667 1918 3721 qua
1939 3656 2072 3705 sunt

375 3735 485 3789 alia
500 3735 729 3790 similia.
761 3739 848 3790 An
874 3737 979 3791 tibi
1011 3738 1174 3792 aliter
1202 3738 1426 3792 videtur
1443 3741 1473 3793 ?
1490 3743 1565 3793 Α.
1593 3740 1704 3793 Ista
1720 3740 1955 3810 quidem
1982 3757 2070 3794 ve-

373 3823 689 3877 tustissima
721 3829 854 3878 sunt
883 3825 1060 3886 nobis,
1093 3830 1150 3880 et
1178 3825 1247 3879 ab
1279 3826 1512 3880 ineunte
1542 3826 1924 3881 adolescentia
1953 3833 2070 3880 stu-

376 3910 696 3964 diosissime
725 3916 993 3982 percepta
1014 3919 1070 3967 et
1093 3913 1320 3984 cognita
1344 3931 1356 3968 :
1387 3931 1562 3984 quare
1593 3931 1710 3969 non
1741 3932 1972 3985 possum
2001 3917 2070 3971 de

374 3999 464 4053 his
492 3999 894 4070 interrogatus,
925 4001 1063 4072 quin
1097 4018 1164 4056 ea
1194 4002 1316 4057 sine
1343 4003 1460 4056 ulla
1504 4003 1908 4058 deliberatione
1944 4021 2074 4059 con-

373 4087 590 4142 cedam.
624 4091 688 4143 Β.
721 4088 865 4152 Quid
896 4089 1036 4144 illud
1059 4093 1087 4144 ?
1116 4107 1307 4145 nonne
1337 4091 1614 4159 concedis,
1659 4093 1811 4164 quod
1840 4091 1902 4146 in
1934 4093 2074 4148 sub-

367 4177 524 4247 jecto
555 4182 641 4230 est
667 4178 1143 4248 inseparabiliter,
1174 4179 1222 4233 si
1251 4180 1567 4249 subjectum
1593 4179 1782 4251 ipsum
1814 4196 1931 4234 non
1951 4197 2071 4234 ma-

374 4269 527 4327 neat,
563 4280 796 4319 manere
836 4282 954 4320 non
976 4269 1184 4337 posse?
1200 4272 1275 4322 Α.
1315 4271 1424 4324 Hoc
1453 4285 1682 4342 quoque
1703 4268 1868 4324 video
1892 4286 2075 4324 neces.

378 4353 631 4420 sarium;
689 4354 826 4408 nam
875 4361 1144 4410 manente
1199 4359 1472 4428 subjecto,
1522 4374 1689 4429 posse
1732 4357 1789 4412 id
1831 4359 1983 4429 quod
2013 4358 2074 4412 in

376 4440 631 4511 subjecto
677 4447 762 4497 est
791 4459 908 4496 non
942 4460 1193 4512 manere,
1227 4445 1484 4516 quisquis
1523 4445 1826 4515 diligenter
1855 4462 1944 4499 res
1973 4447 2071 4501 ad-

378 4531 566 4598 vertit,
601 4532 890 4604 intelligit.
914 4534 1209 4606 Siquidem
1229 4535 1399 4606 hujus
1420 4535 1674 4606 corporis
1706 4537 1864 4590 color
1887 4541 2074 4606 potest

376 4618 464 4672 vel
491 4621 830 4676 valetudinis
859 4624 1077 4678 ratione
1095 4625 1181 4678 vel
1203 4628 1368 4678 (etate
1385 4624 1702 4694 immutari,
1731 4640 1862 4678 cum
1882 4624 2072 4696 ipsum

377 4721 583 4778 corpus
632 4710 878 4766 necdum
929 4712 1230 4768 interierit.
1283 4715 1346 4768 Et
1394 4713 1501 4769 hoc
1547 4729 1663 4768 non
1706 4730 1975 4786 peraeque
2012 4715 2073 4769 in

379 4795 650 4850 omnibus
678 4798 844 4866 valet,
877 4801 973 4855 sed
1005 4802 1064 4856 in
1094 4803 1184 4857 his
1221 4802 1280 4856 in
1309 4803 1537 4874 quibus,
1568 4819 1687 4857 non
1714 4808 1780 4858 ut
1807 4803 1922 4858 sint
1951 4805 2075 4874 ipsa

377 4885 654 4956 subjecta,
699 4903 765 4940 ea
808 4905 935 4959 quae
983 4890 1043 4944 in
1089 4891 1356 4962 subjectis
1403 4896 1536 4946 sunt
1583 4891 1915 4947 coexistunt.
1953 4895 2075 4947 Non

379 4974 536 5029 enim
565 4979 631 5030 ut
659 4975 732 5030 sit
759 4975 865 5031 iste
895 4978 1101 5049 paries,
1133 4979 1318 5050 paries
1357 4982 1462 5035 hoc
1481 4981 1672 5034 colore
1697 4981 1782 5047 fit,
1810 4997 1983 5052 quem
2012 4981 2072 5035 in

376 5081 446 5118 eo
477 5064 768 5133 videmus;
797 5081 928 5120 cum
959 5067 1131 5122 etiam
1157 5068 1202 5122 si
1229 5085 1342 5140 quo
1368 5086 1501 5124 casu
1544 5070 1825 5141 nigrescat
1851 5075 1950 5124 aut
1991 5071 2073 5124 al-

379 5155 592 5223 bescat,
613 5155 702 5210 vel
723 5155 972 5227 aliquem
997 5157 1173 5212 alium
1195 5164 1378 5213 mutet
1398 5161 1668 5226 colorem,
1701 5159 2074 5214 nihilominus

381 5248 577 5300 tamen
607 5249 838 5300 maneat
865 5246 1054 5318 paries
1082 5262 1146 5301 ac
1173 5247 1418 5303 dicatur.
1452 5252 1525 5304 At
1549 5265 1682 5304 vero
1725 5248 1875 5320 ignis
1903 5248 1950 5303 si
1980 5265 2075 5303 ca-

443 5402 459 5435 ι
494 5399 579 5474 Sic
762 5401 828 5452 At
856 5400 979 5450 Lov.
1010 5415 1020 5448 :
1052 5400 1251 5475 ιζίνᾳηε
1280 5401 1639 5475 ρυῑαὺᾴζμςὶςᾳ
1661 5407 2072 5475 quazvgg'asum.

380 5465 562 5574 (£111.:an
571 5462 799 5575 ὗιὸῃίρίἶι
827 5477 956 5514 vera
972 5467 1117 5525 sunt,
1144 5466 1187 5512 si
1201 5466 1252 5512 et
1271 5462 1387 5527 ipsa
1409 5467 1476 5513 sit
1495 5462 1708 5515 vetitas.
1735 5493 1791 5502 —
1812 5465 1898 5515 Sic
1917 5465 2073 5514 etiam

458 5560 470 5571 .
617 5538 644 5574 e
690 5561 700 5573 .
792 5562 804 5574 .

1566 243 2138 311 SOLILOQUIORUM
2179 244 2231 299 S.
2277 240 2663 300 AUGUSTINI
3737 248 3816 300 896

2186 367 2306 421 lore
2337 369 2544 431 careat,
2576 380 2649 419 ne
2678 362 2829 435 ignis
2860 361 3097 435 quidem
3130 363 3272 429 erit;
3309 378 3412 417 nec
3439 363 3616 419 nivem
3641 381 3820 434 vocare,

2185 456 2294 511 nisi
2324 455 2644 519 candidam,
2676 467 3002 525 possumus.

2289 545 2516 600 CAPUT
2547 544 2687 599 XIII.
2723 573 2794 583 -
2832 543 3223 597 Immortalitas
3257 544 3449 596 animm
3475 544 3736 609 colligitur.

2253 638 2341 689 23.
2375 634 2521 689 Illud
2565 648 2699 687 vero
2729 632 2881 702 quod
2910 631 3302 701 interrogasti,
3346 631 3468 701 quis
3508 633 3819 698 concesserit,

2183 728 2281 778 aut
2305 725 2396 777 cui
2427 738 2598 792 posse
2646 719 2773 776 ﬁeri
2821 720 3103 787 videatur,
3137 724 3199 773 ut
3227 720 3282 774 id
3329 721 3477 790 quod
3503 719 3574 794 .in
3608 721 3821 789 subjecto

2182 817 2286 881 est,
2321 815 2551 866 maneat
2581 811 2705 880 ipso
2751 810 3076 863 intereunte
3110 809 3407 878 subjecto?
3453 809 3818 862 Monstruosum

2177 901 2337 978 enim
2366 904 2422 953 et
2450 916 2482 952 a
2510 899 2744 953 veritate
2787 897 3202 951 alienissimum
3233 901 3334 959 est,
3374 902 3438 950 ut
3479 897 3529 951 id
3570 898 3702 968 quod
3731 915 3820 951 non

2183 993 2328 1044 esset
2363 988 2474 1042 nisi
2505 988 2567 1042 in
2597 987 2719 1058 ipso
2751 992 2918 1053 esset,
2952 985 3124 1039 etiam
3155 1002 3287 1039 cum
3314 985 3497 1056 ipsum
3534 1002 3642 1039 non
3681 987 3821 1041 fuerit

2182 1077 2360 1148 possit
2392 1093 2532 1131 esse.
2579 1079 2646 1131 Β.
2685 1075 2832 1129 Illud
2860 1075 3038 1145 igitur
3075 1074 3227 1144 quod
3259 1074 3822 1145 qumrebamusinren-

2182 1172 2306 1220 tum
2337 1170 2439 1220 est.
2473 1168 2552 1219 Α.
2582 1164 2727 1228 Quid
2750 1179 2948 1217 narras
2967 1165 3079 1218 ?R.
3111 1163 3173 1217 Id
3195 1163 3347 1233 quod
3370 1163 3542 1217 audis.
3566 1165 3636 1218 Α.
3661 1165 3822 1217 Iamne

2183 1271 2319 1327 ergo
2350 1254 2566 1326 liquido
2595 1257 2812 1308 constat
2840 1253 3096 1305 animum
3123 1268 3242 1305 esse
3273 1251 3675 1306 immortalem?
3692 1255 3747 1307 It.
3779 1252 3821 1305 Si

2183 1362 2250 1399 ea
2278 1361 2407 1416 quae
2437 1341 2761 1398 concessisti
2792 1357 2922 1395 vera
2964 1341 3098 1407 sint,
3129 1340 3541 1412 liquidissime:
3572 1341 3673 1393 nisi
3706 1341 3823 1394 forte

2184 1433 2442 1488 animum
2463 1432 2622 1498 dicis,
2644 1431 2868 1486 etiamsi
2883 1430 3184 1495 moriatur,
3200 1429 3457 1483 animum
3475 1445 3605 1482 esse.
3622 1431 3667 1481 A
3683 1476 3689 1482 .
3704 1429 3823 1482 Nun-

2182 1538 2356 1592 quam
2386 1521 2653 1593 equidem
2675 1521 2783 1573 hoc
2812 1519 3052 1573 dixerim
3079 1539 3094 1586 ;
3125 1519 3225 1572 sed
3259 1535 3328 1571 eo
3358 1518 3478 1588 ipso
3508 1533 3614 1588 quo
3648 1517 3819 1581 interit,

2182 1612 2308 1666 fieri
2335 1617 2402 1665 ut
2430 1611 2656 1664 animus
2688 1625 2807 1662 non
2829 1608 2922 1676 sit,
2945 1608 3088 1662 dico.
3117 1609 3229 1662 Nec
3250 1623 3343 1661 me
3364 1608 3433 1661 ab
3458 1607 3558 1660 hac
3584 1606 3820 1660 sententia

2181 1702 2422 1762 revocat,
2455 1698 2609 1770 quod
2643 1715 2673 1751 a
2703 1697 2926 1768 magnis
2956 1695 3309 1767 philosophis
3356 1694 3567 1750 dictum
3604 1698 3696 1760 est,
3724 1710 3821 1747 eam

2181 1805 2302 1843 rem
2333 1801 2862 1859 quaa,quocumque
2881 1785 3118 1852 venerit,
3145 1785 3320 1838 vitam
3346 1788 3591 1854 praestat.
3621 1787 3820 1836 mortem

2181 1878 2241 1931 in
2272 1893 2331 1931 se
2362 1875 2664 1930 admittere
2684 1891 2802 1928 non
2823 1890 3004 1945 posse.
3037 1873 3306 1937 Quamvis
3336 1872 3488 1927 enim
3517 1874 3692 1926 lumen
3717 1886 3822 1941 quo-

2181 1981 2425 2037 cumque
2456 1965 2668 2018 intrare
2688 1963 2963 2035 potuerit,
2989 1962 3158 2016 faciat
3176 1961 3236 2016 id
3266 1963 3474 2028 lucere,
3497 1960 3821 2029 tenebrasque

2180 2056 2242 2110 in
2271 2073 2329 2110 se
2377 2058 2612 2126 propter
2647 2052 3083 2107 memorabilem
3121 2051 3278 2105 illam
3312 2051 3427 2104 vim
3464 2049 3820 2104 contrariorum

2182 2161 2301 2199 non
2334 2143 2514 2214 possit
2557 2142 2893 2208 admittere;
2935 2145 3128 2194 tamen
3170 2139 3569 2210 exstinguitur,
3600 2139 3821 2206 locusque

2180 2233 2277 2288 ille
2307 2233 2580 2287 exstincto
2614 2230 2831 2285 lumine
2859 2229 3214 2284 tenebratur.
3247 2230 3333 2282 Ita
3363 2227 3504 2282 illud
3531 2225 3672 2298 quod
3694 2231 3818 2279 tene-

2181 2322 2299 2377 bris
2326 2321 2644 2386 resistebat,
2692 2333 2879 2390 neque
2918 2319 3036 2372 ullo
3068 2316 3239 2371 modo
3291 2316 3354 2370 in
3397 2332 3455 2370 se
3494 2315 3726 2369 tenebras
3748 2312 3820 2365 ad-

2183 2410 2356 2477 misit,
2395 2413 2451 2463 et
2479 2408 2558 2462 sic
2611 2407 2692 2461 eis
2743 2405 3082 2460 intereundo
3114 2405 3306 2458 locum
3344 2403 3491 2468 fecit,
3543 2406 3602 2455 ut
3646 2402 3823 2470 poterat

2182 2501 2353 2555 etiam
2382 2497 2746 2554 discedendo.
2775 2497 2971 2566 Itaque
2999 2494 3173 2548 timeo
3204 2510 3280 2548 ne
3313 2509 3466 2548 mors
3483 2492 3557 2546 ita
3583 2490 3822 2558 contingat

2181 2589 2429 2660 corpori,
2461 2592 2526 2642 ut
2553 2586 2806 2642 tenebrae
2828 2586 2973 2651 loco,
3005 2584 3317 2655 aliquando
3343 2583 3650 2639 discedente
3671 2578 3820 2633 animo

2181 2684 2244 2734 ut
2275 2678 2514 2744 lumine,
2547 2675 2858 2746 aliquando
2889 2678 3080 2727 autem
3110 2672 3325 2727 ibidem
3353 2672 3643 2736 exstincto;
3668 2668 3820 2737 utjam

2181 2784 2297 2822 non
2322 2767 2392 2821 de
2409 2765 2567 2820 omni
2587 2769 2774 2818 morte
2806 2762 3060 2833 corporis
3091 2762 3368 2816 securitas
3397 2761 3488 2826 sit,
3523 2759 3614 2813 sed
3637 2753 3819 2826 aliquod

2181 2871 2363 2928 genus
2393 2853 2597 2908 mortis
2623 2853 2698 2907 sit
2722 2852 3061 2922 optandum,
3095 2867 3209 2921 quo
3229 2851 3425 2905 anima
3444 2866 3507 2904 ex
3528 2861 3737 2917 corpore
3760 2844 3820 2896 in-

2180 2943 2420 2999 columis
2449 2943 2744 3008 educatur,
2780 2941 3241 3013 perducaturque
3272 2940 3345 2994 ad
3374 2941 3575 2994 locum.
3601 2937 3643 2990 si
3669 2939 3738 2988 est
3761 2932 3819 2985 nl-

2180 3034 2268 3087 lus
2296 3031 2426 3086 talis
2447 3031 2628 3095 locus,
2659 3029 2757 3083 ubi
2787 3045 2898 3082 non
2919 3027 3100 3098 possit
3121 3027 3431 3098 exstingui.
3452 3030 3577 3092 Aut,
3605 3024 3644 3078 si
3666 3039 3723 3077 ne
3739 3022 3818 3075 hoc

2180 3121 2411 3193 quidem
2441 3122 2647 3189 potest,
2672 3121 2842 3188 atque
2866 3116 2928 3170 in
2958 3115 3081 3187 ipso
3114 3132 3355 3187 corpore
3387 3115 3573 3169 anima
3598 3110 3734 3184 quasi
3759 3110 3817 3161 lu-

2181 3226 2314 3264 men
2344 3207 2689 3273 accenditur,
2741 3222 2846 3259 nec
2893 3205 3027 3259 alibi
3070 3209 3264 3276 potest
3305 3206 3530 3274 durare,
3573 3199 3817 3268 omnisque

2181 3314 2332 3352 mors
2372 3301 2456 3351 est
2494 3294 2788 3350 exstinctio
2829 3293 3095 3365 quaedam
3146 3293 3360 3347 animas
3412 3293 3472 3346 in
3500 3305 3712 3360 corpore
3755 3284 3816 3337 vel

2179 3386 2309 3439 vitae
2333 3401 2347 3452 ;
2379 3384 2609 3456 aliquod
2638 3399 2818 3454 genus
2841 3382 3171 3452 eligendum
3203 3386 3292 3435 est
3321 3385 3592 3453 quantum
3604 3379 3748 3432 homo
3764 3371 3816 3426 si-

2179 3475 2355 3541 nitur,
2386 3490 2500 3544 quo
2541 3472 2794 3542 idipsum
2843 3471 2997 3542 quod
3033 3469 3266 3537 vivitur,
3313 3486 3443 3524 cum
3488 3467 3752 3523 securitate
3773 3475 3819 3512 ac

2178 3563 2590 3634 tranquillitate
2640 3561 2881 3628 vivatur,
2940 3575 3298 3630 quamquam
3358 3557 3544 3614 nescio
3589 3549 3818 3626 quomodo

2179 3651 2329 3706 istud
2359 3651 2540 3722 possit
2566 3650 2693 3704 ﬁeri
2723 3649 2769 3702 si
2800 3649 2993 3703 anima
3022 3648 3292 3703 moritur.
3316 3649 3360 3704 Ο
3389 3647 3620 3702 multum
3649 3644 3815 3699 beatos.

2181 3739 2391 3812 quibus
2435 3739 2551 3793 sive
2581 3741 2651 3794 ab
2680 3737 2838 3810 ipsis,
2871 3737 2984 3791 sive
3017 3738 3115 3792 abs
3146 3737 3427 3808 quolibet,
3462 3750 3571 3789 non
3606 3745 3707 3785 esse
3731 3740 3816 3780 me-

2179 3829 2451 3884 tuendam
2482 3832 2745 3895 mortem,
2779 3825 3004 3881 etiamsi
3028 3825 3223 3880 anima
3255 3825 3517 3892 intereat,
3542 3828 3814 3893 persuasum

2180 3922 2264 3972 est
2289 3924 2300 3972 !
2354 3920 2427 3972 At
2462 3917 2605 3972 mihi
2635 3916 2844 3971 misero
2872 3916 3048 3971 nullae
3079 3915 3270 3970 adhuc
3306 3914 3550 3969 rationes
3577 3907 3700 3965 nulli
3722 3899 3816 3959 libri

2179 4007 2524 4078 persuadere
2559 4009 2888 4076 potuerunt.

2252 4097 2340 4150 24.
2372 4098 2438 4150 R.
2478 4095 2604 4149 Noli
2634 4110 2883 4165 gemere,
2918 4093 3263 4148 immortalis
3294 4097 3381 4148 est
3425 4090 3637 4146 animus
3660 4087 3814 4140 huma-

2181 4201 2308 4238 nus.
2342 4187 2420 4238 A.
2448 4185 2612 4238 Unde
2639 4183 2747 4237 hoc
2775 4182 2985 4254 probas
3012 4181 3039 4235 ‘?
3068 4185 3132 4238 Β.
3167 4183 3246 4236 Ex
3276 4183 3345 4236 iis
3365 4198 3492 4253 quae
3516 4194 3634 4234 cum
3656 4185 3817 4241 magml

2180 4273 2466 4340 cautione,
2517 4278 2580 4328 ut
2623 4273 2889 4341 arbitror,
2938 4271 3202 4344 superius
3247 4269 3579 4326 concessisti.
3608 4255 3814 4355 A.Nil1il

2181 4363 2418 4434 quidem
2447 4378 2540 4417 me
2570 4362 2762 4416 minus
2780 4361 3082 4433 vigilanter
3101 4358 3482 4430 interroganti
3507 4354 3605 4410 tibi
3631 4354 3817 4406 memmi

2180 4450 2439 4505 dedisse:
2488 4451 2584 4505 sed
2632 4449 2834 4521 collige
2889 4450 3010 4520 jam
3061 4448 3249 4519 ipsam
3299 4460 3594 4510 summam,
3627 4455 3712 4495 oro
3753 4440 3813 4490 te:

2180 4527 2473 4594 videamus
2501 4556 2614 4610 quo
2636 4539 2809 4593 tantis
2829 4537 3163 4608 ambagibus
3193 4535 3626 4608 pervenerimus,
3649 4543 3735 4584 nec
3751 4537 3815 4576 me

2174 4630 2298 4701 jam
2326 4630 2646 4700 interroges
2675 4629 2824 4683 volo.
2861 4628 2919 4683 Si
2949 4628 3102 4682 enim
3133 4643 3200 4681 ea
3229 4627 3477 4682 breviter
3510 4619 3814 4678 enumeratu-

2182 4735 2277 4772 rus
2308 4733 2368 4772 es
2399 4733 2530 4788 quae
2571 4717 2840 4783 concessi,
2891 4733 3142 4788 quonam
3173 4733 3374 4771 rursus
3415 4709 3686 4785 responsio
3719 4716 3815 4759 mea

2183 4806 2540 4862 desideratur
2557 4808 2587 4861 ?
2605 4809 2694 4860 An
2712 4811 2776 4861 ut
2804 4822 2995 4860 moras
3027 4805 3372 4877 gaudiorum
3393 4803 3529 4859 mihi
3554 4801 3732 4855 frustra
3754 4792 3815 4877 inf

2182 4896 2354 4963 feras,
2387 4894 2435 4948 si
2465 4895 2604 4966 quid
2630 4895 2770 4949 boni
2799 4895 2942 4950 forte
2965 4876 3314 4949 confecimus
3333 4897 3363 4949 ‘?
3389 4896 3454 4949 It.
3483 4888 3680 4947 Faciam
3699 4876 3814 4953 q00d

2181 4990 2236 5040 te
2261 4985 2404 5039 velle
2430 4983 2617 5051 video,
2642 4984 2741 5039 sed
2771 4984 3000 5038 attende
3024 4982 3480 5055 diligentissime.
3511 4981 3582 5034 Α.
3613 4977 3813 5043 Loqui?!"3

2177 5074 2320 5145 jam,
2353 5074 2447 5128 hic
2470 5089 2597 5126 sum
2621 5090 2634 5140 ;
2655 5073 2795 5144 quid
2817 5088 3018 5127 enecas
3035 5074 3063 5126 ?
3090 5075 3155 5128 It.
3180 5073 3364 5128 Omne
3383 5067 3595 5142 quodin
3610 5059 3812 5131 subjecto

2185 5169 2285 5228 est,
2330 5164 2376 5217 si
2406 5179 2631 5234 semper
2657 5167 2870 5227 manet,
2896 5161 3088 5233 ipsum
3105 5161 3279 5216 etiam
3312 5160 3610 5230 subjectum
3633 5145 3814 5205 maneat

2183 5267 2410 5322 semper
2450 5233 2674 5306 necesse
2705 5257 2809 5305 est.
2841 5251 2908 5306 Et
2947 5250 3135 5304 omnis
3162 5250 3224 5304 in
3265 5250 3510 5320 subjecto
3550 5247 3627 5298 est
3660 5233 3810 5291 animo

2185 5340 2506 5412 disciplina.
2539 5342 2771 5394 Necesse
2801 5343 2886 5395 est
2907 5341 3085 5412 igitur
3114 5355 3340 5410 semper
3371 5342 3432 5392 ut
3477 5335 3678 5390 animus
3702 5337 3810 5416 In“:

2185 5434 2338 5497 neat,
2371 5430 2419 5484 si
2469 5445 2696 5502 semper
2732 5434 2928 5485 manet
2971 5429 3292 5501 disciplina.
3337 5429 3427 5482 Est
3477 5427 3650 5478 autem
3686 5413 3810 5504 dissi-

2189 5519 2347 5591 plina
2377 5520 2604 5589 veritas,
2636 5523 2691 5575 et
2719 5535 2964 5591 semper,
2997 5523 3061 5574 ut
3089 5519 3147 5573 in
3177 5516 3344 5571 initio
3373 5513 3496 5570 libri
3526 5509 3673 5579 hujus
3697 5503 3806 5555 ratio
