3996 6170
160 278 270 332 901

159 414 319 463 rum,
353 396 409 450 id
440 400 525 450 est
547 412 664 448 non
702 394 763 449 in
792 411 859 447 eo
891 393 963 448 sit
996 393 1221 463 veritas,
1265 395 1362 449 sed
1403 395 1567 465 quasi
1604 396 1869 466 quaedam

155 485 358 556 imago
389 484 657 538 veritatis.
694 484 835 537 Nam
866 482 911 536 si
942 488 997 537 et
1026 483 1086 537 in
1116 500 1375 553 corpore.
1401 484 1553 554 quod
1587 485 1721 538 satis
1750 501 1871 538 cer-

158 578 293 628 tum
326 579 410 627 est
446 572 700 643 recipere
741 572 1055 635 interitum,
1091 573 1203 626 tale
1234 589 1429 626 verum
1460 573 1869 640 invenerimus,

158 664 337 732 quale
370 668 454 715 est
492 661 552 715 in
585 661 916 731 disciplinis,
961 678 1074 715 non
1101 662 1373 715 continuo
1404 662 1511 715 erit
1542 662 1872 732 disputandi

160 750 473 821 disciplina
516 749 740 815 veritas,
783 767 896 821 qua
939 766 1137 803 omnes
1181 764 1329 803 verae
1370 754 1502 803 sunt
1537 750 1868 819 disciplina).

159 839 380 893 Verum
404 844 491 893 est
507 839 661 892 enim
682 843 737 892 et
757 854 964 908 corpus
987 838 1140 909 quod
1163 854 1276 891 non
1298 838 1523 892 videtur
1545 839 1873 908 disputandi

162 927 388 980 ratione
428 942 548 979 esse
592 926 920 980 formatum.
954 927 1011 980 Si
1040 943 1174 979 vero
1207 929 1261 979 et
1308 942 1515 996 corpus
1554 927 1873 982 imitatione

158 1016 365 1086 aliqua
394 1031 589 1068 verum
625 1019 724 1077 est,
759 1020 816 1068 et
843 1014 914 1069 ob
948 1015 1055 1069 hoc
1085 1031 1202 1067 non
1233 1015 1304 1069 ad
1335 1014 1621 1086 liquidum
1651 1032 1870 1083 verum,

161 1104 314 1156 nihil
346 1103 453 1156 erit
479 1102 711 1157 fortasse
737 1103 893 1173 quod
912 1102 1189 1173 impediat
1210 1102 1539 1172 disputandi
1570 1104 1872 1170 rationem,

160 1191 482 1261 quominus
508 1191 629 1261 ipsa
659 1193 863 1245 veritas
885 1207 1004 1245 esse
1034 1192 1320 1244 doceatur.
1350 1192 1420 1244 Α.
1452 1191 1685 1245 Interim
1717 1208 1875 1261 quaa-

161 1296 365 1334 ramus
403 1280 471 1334 de
509 1296 778 1349 corpore;
820 1296 953 1333 nam
985 1296 1057 1334 ne
1094 1280 1201 1333 hoc
1238 1279 1468 1349 quidem
1501 1296 1633 1333 cum
1664 1281 1874 1333 consti-

162 1369 327 1432 terit,
349 1368 511 1422 video
534 1368 703 1422 istam
725 1368 1176 1422 controversiam
1203 1368 1587 1423 terminatam.
1619 1372 1681 1424 R.
1720 1368 1875 1423 Unde

90 1510 103 1513 _
160 1456 279 1510 scis
329 1456 467 1527 quid
506 1456 638 1509 velit
684 1457 872 1509 Deus?
904 1457 1101 1526 Itaque
1140 1455 1401 1509 attende:
1436 1472 1567 1508 nam
1603 1471 1709 1526 ego
1736 1461 1875 1526 puto

161 1561 381 1615 corpus
402 1545 595 1614 aliqua
628 1545 812 1598 forma
843 1549 898 1597 et
927 1545 1111 1615 specie
1141 1544 1443 1609 contineri,
1476 1561 1649 1615 quam
1680 1546 1727 1598 si
1760 1562 1877 1600 non

164 1635 410 1688 haberet
433 1650 639 1703 corpus
683 1650 795 1686 non
838 1640 1019 1699 esset;
1056 1633 1102 1686 si
1141 1648 1334 1686 veram
1366 1634 1621 1701 haberet,
1653 1633 1879 1688 animus

163 1727 342 1777 esset.
377 1726 463 1777 An
487 1721 652 1775 aliter
680 1722 995 1791 putandum
1030 1721 1152 1775 est?
1180 1722 1250 1775 A.
1285 1722 1578 1775 Assentior
1606 1722 1665 1776 in
1695 1728 1875 1791 parte,

163 1813 240 1865 de
277 1816 483 1864 catero
529 1810 755 1876 dubito;
788 1826 942 1875 nam,
979 1809 1086 1863 nisi
1130 1813 1392 1863 teneatur
1431 1809 1625 1880 aliqua
1671 1812 1876 1881 figura,

162 1917 383 1971 corpus
426 1916 544 1954 non
592 1916 711 1953 esse
757 1899 1023 1953 concedo.
1074 1898 1370 1962 Quomodo
1419 1904 1628 1965 autem,
1669 1899 1717 1953 si
1751 1917 1879 1954 eam

161 2004 369 2041 veram
398 1987 652 2053 haberet,
710 1987 934 2041 animus
980 1991 1142 2051 esset,
1193 2004 1309 2041 non
1341 1987 1476 2041 satis
1504 1988 1778 2058 intelligo.
1812 1992 1875 2044 Β.

170 2076 407 2131 Nihilne
436 2076 661 2130 tandem
693 2077 760 2130 de
799 2076 972 2146 primi
1004 2075 1133 2129 libri
1186 2076 1442 2142 exordio,
1472 2081 1528 2130 et
1558 2077 1625 2130 de
1662 2078 1759 2131 illa
1781 2082 1881 2133 tua

164 2164 527 2234 geometrica
565 2165 918 2219 recordaris?
956 2167 1023 2219 A.
1070 2166 1217 2218 Bene
1257 2166 1754 2233 commemorasti;
1790 2183 1878 2221 re-

164 2253 381 2307 cordor
408 2270 661 2325 prorsus,
695 2270 758 2307 ac
789 2253 1183 2308 libentissime.
1220 2255 1281 2307 Η.
1320 2254 1555 2307 Talesne
1586 2254 1643 2307 in
1674 2271 1880 2325 corpo-

167 2342 340 2395 ribus
360 2342 558 2412 ﬁguraa
580 2342 974 2409 inveniuntur,
1001 2342 1197 2412 quales
1220 2341 1317 2395 illa
1336 2342 1633 2412 disciplina
1650 2343 1881 2398 demon-

167 2429 362 2485 strat?
398 2432 467 2484 A.
516 2432 636 2485 Imo
680 2431 1011 2484 incredibile
1052 2435 1135 2484 est
1181 2435 1393 2501 quanto
1423 2430 1731 2485 deteriores
1761 2448 1882 2485 esse

164 2518 608 2574 convincuntur.
653 2522 715 2573 Β.
750 2519 897 2582 Quas
938 2534 1073 2589 ergo
1099 2518 1338 2572 istarum
1368 2535 1527 2573 veras
1557 2522 1768 2589 putas?
1795 2523 1873 2576 A.

170 2611 257 2661 .\'e
294 2623 507 2678 quasso,
542 2607 714 2661 etiam
744 2607 889 2661 istuc
910 2623 1000 2660 me
1033 2607 1506 2677 interrogandum
1528 2612 1712 2677 putes.
1747 2609 1882 2672 Quis

164 2697 333 2750 enim
365 2700 555 2750 mente
590 2700 707 2749 tam
751 2712 930 2749 cmcus
963 2700 1046 2749 est
1076 2696 1173 2766 qui
1205 2713 1321 2749 non
1351 2697 1559 2761 videat,
1590 2697 1723 2750 istas
1753 2714 1881 2768 quae

168 2788 231 2839 in
264 2784 610 2855 geometrica
638 2785 935 2850 docentur,
967 2782 1223 2838 habitare
1256 2783 1316 2837 in
1342 2785 1467 2854 ipsa
1494 2786 1752 2855 veritate,
1786 2792 1884 2840 aut

168 2874 231 2926 in
266 2873 356 2926 his
385 2872 554 2926 etiam
585 2873 911 2939 veritatem;
945 2873 1069 2925 illas
1097 2888 1227 2927 vero
1264 2873 1515 2944 corporis
1542 2874 1774 2945 figuras,
1808 2875 1881 2928 si-

162 2961 404 3033 quidem
450 2961 611 3032 quasi
656 2961 722 3014 ad
764 2961 899 3014 istas
937 2961 1171 3014 tendere
1209 2961 1495 3029 videntur,
1541 2964 1751 3016 habere
1784 2980 1881 3016 ne-

160 3052 289 3104 scio
313 3066 485 3121 quam
526 3049 907 3103 imitationem
945 3049 1217 3113 veritatis,
1255 3054 1311 3104 et
1352 3050 1480 3104 ideo
1520 3051 1687 3104 falsas
1715 3054 1880 3106 esse?

160 3141 295 3194 Jam
326 3139 481 3193 enim
513 3143 699 3205 totum
745 3138 884 3193 illud
912 3139 1066 3209 quod
1097 3138 1399 3193 ostendere
1430 3139 1759 3194 moliebaris
1790 3140 1877 3195 in-

163 3228 391 3297 telligo.

263 3316 489 3371 CAPUT
528 3316 656 3371 XIX.
693 3344 762 3355 —
793 3317 1007 3371 Veritas
1037 3316 1362 3369 immortalis
1384 3315 1570 3382 arguit
1599 3316 1793 3367 anima:

776 3406 1242 3458 immortalitatem
1256 3444 1269 3457 .

244 3496 331 3563 33.
364 3492 585 3556 R.Quid
615 3508 749 3562 ergo
772 3493 893 3562 jam
936 3510 1078 3563 opus
1113 3497 1198 3546 est
1229 3496 1291 3546 ut
1324 3493 1393 3546 de
1433 3491 1732 3563 disciplina
1761 3492 1878 3546 dis-

164 3581 487 3652 putationis
528 3582 926 3651 requiramus?
964 3582 1090 3635 Sive
1135 3582 1290 3635 enim
1328 3582 1528 3651 ﬁgurae
1574 3582 1877 3649 geometri-

166 3687 250 3723 cze
280 3670 342 3722 in
370 3669 627 3735 veritate,
662 3670 777 3724 sive
824 3670 883 3724 in
932 3670 1013 3724 eis
1044 3671 1247 3724 veritas
1296 3670 1389 3737 sit,
1441 3670 1632 3724 anima
1662 3674 1878 3739 nostra,

169 3760 229 3814 id
260 3763 348 3813 est
374 3758 755 3829 intelligentia
788 3764 999 3821 nostra,
1031 3758 1311 3812 contineri
1336 3775 1505 3812 nemo
1532 3757 1791 3827 ambigit,
1817 3775 1880 3812 ac

168 3865 273 3919 per
293 3849 401 3902 hoc
442 3847 502 3902 in
540 3851 736 3901 nostro
778 3847 973 3901 animo
1016 3848 1187 3901 etiam
1234 3847 1440 3901 veritas
1481 3863 1601 3901 esse
1634 3846 1875 3917 cogitur.

166 3936 334 4000 Quod
366 3936 411 3989 si
455 3935 727 4005 quaelibet
771 3936 1071 4007 disciplina
1116 3936 1195 3990 ita
1243 3941 1325 3990 est
1371 3936 1433 3989 in
1488 3935 1701 4001 animo,
1737 3934 1877 3991 utin

166 4025 427 4095 subjecto
467 4024 952 4095 inseparabiliter,
995 4042 1100 4079 nec
1128 4025 1363 4079 interire
1399 4024 1605 4078 veritas
1647 4028 1879 4094 potest;

166 4115 328 4185 quid,
355 4131 567 4184 quasso,
598 4115 668 4169 de
703 4115 881 4169 animi
914 4120 1191 4185 perpetua
1210 4114 1341 4179 vita,
1363 4114 1556 4167 nescio
1587 4130 1701 4185 qua
1724 4129 1877 4167 mor-

130 4266 131 4269 η
167 4205 241 4257 tis
270 4203 654 4256 familiaritate
686 4203 1058 4257 dubitamus?
1088 4206 1175 4256 An
1206 4202 1304 4255 illa
1332 4202 1486 4254 linea
1514 4202 1604 4255 vel
1636 4201 1877 4272 quadra-

165 4296 298 4345 tura
327 4290 414 4343 vel
443 4290 760 4344 rotunditas
792 4289 1002 4343 habent
1031 4290 1141 4343 alia
1170 4306 1297 4359 qua:
1327 4288 1628 4341 imitentur
1658 4292 1719 4341 ut
1748 4304 1878 4341 vera

164 4377 321 4431 sint?
373 4377 659 4431 A..Nullo
696 4376 866 4429 modo
900 4376 960 4430 id
1009 4392 1243 4446 possum
1287 4375 1536 4437 credere,
1581 4374 1693 4427 [ιίή
1733 4374 1879 4428 forte

165 4466 327 4519 aliud
354 4466 425 4519 sit
450 4465 600 4519 linea
622 4481 797 4535 quam
816 4464 1115 4535 longitudo
1140 4464 1261 4517 sine
1292 4463 1615 4529 latitudine,
1638 4467 1696 4517 et
1724 4462 1878 4517 aliud

164 4556 413 4607 circulus
441 4571 613 4624 quam
649 4554 801 4607 linea
831 4552 1219 4607 circumducta
1246 4552 1501 4623 undique
1527 4553 1597 4606 ad
1621 4552 1876 4606 medium

164 4642 469 4712 aequaliter
509 4658 769 4711 vergens.
802 4645 866 4697 Β.
909 4642 1055 4705 Quid
1102 4656 1239 4710 ergo
1269 4640 1640 4695 cunctamur?
1664 4644 1754 4695 An
1776 4641 1881 4695 ubi

164 4732 279 4785 ista
302 4734 451 4797 sunt,
482 4731 692 4784 veritas
717 4746 833 4784 non
863 4733 984 4784 est?
1005 4732 1074 4785 A.
1101 4732 1333 4784 Avertat
1366 4732 1510 4785 Deus
1540 4730 1873 4784 amentiam.

166 4822 233 4872 R.
258 4819 345 4871 An
369 4818 668 4887 disciplina
685 4834 803 4872 non
822 4822 906 4872 est
924 4819 982 4871 in
1003 4818 1236 4872 animo?
1254 4820 1327 4873 A.
1351 4819 1486 4883 Quis
1503 4820 1611 4873 hoc
1635 4819 1877 4873 dixerit?

166 4909 233 4960 Β.
259 4907 367 4961 Sed
392 4908 535 4961 forte
560 4911 762 4978 potest,
778 4908 1103 4961 intereunte
1118 4907 1393 4977 subjecto,
1412 4907 1469 4961 id
1492 4908 1646 4978 quod
1668 4907 1727 4960 in
1750 4907 1876 4961 sub-

156 4997 317 5067 jecto
340 5002 423 5050 est
446 4998 821 5067 permanere?
835 4998 904 5051 Λ.
923 4996 1160 5060 Quando
1178 4995 1320 5049 mihi
1340 4996 1445 5049 hoc
1463 4996 1877 5065 persuadetur?

166 5089 229 5139 Η.
270 5086 461 5139 Restat
492 5090 554 5139 ut
588 5086 807 5140 occidat
838 5085 1063 5139 veritas.
1096 5086 1168 5140 A.
1204 5084 1359 5138 Unde
1400 5083 1523 5137 ﬁeri
1556 5084 1780 5154 potest?
1807 5087 1871 5139 Β.

162 5175 513 5228 Immortalis
543 5180 627 5230 est
651 5174 828 5246 igitur
848 5174 1076 5228 anima:
1101 5173 1337 5244 jamjam
1358 5172 1524 5226 crede
1556 5171 1873 5225 rationibus

162 5263 305 5331 tuis,
327 5262 495 5317 crede
516 5263 771 5331 veritati;
795 5264 1001 5317 clamat
1022 5266 1079 5316 et
1099 5262 1158 5314 in
1175 5266 1229 5315 te
1247 5277 1368 5315 esse
1388 5259 1668 5325 habitare,
1692 5265 1748 5314 et
1768 5260 1873 5315 im-

164 5352 472 5406 mortalem
494 5367 637 5417 esse,
660 5368 764 5405 nec
781 5350 888 5405 sibi
906 5365 1066 5403 suam
1086 5349 1279 5404 sedem
1295 5364 1655 5420 quacumque
1676 5364 1874 5419 θοι-ρο-

162 5441 244 5493 ris
268 5443 456 5494 morte
477 5455 640 5509 posse
662 5438 923 5493 subduci.
950 5439 1217 5492 Avertere
1238 5437 1309 5492 ab
1331 5438 1534 5492 umbra
1552 5442 1669 5498 tua,
1689 5453 1871 5491 rever-

161 5534 290 5584 tere
320 5527 378 5582 in
404 5532 490 5599 te;
522 5528 713 5583 nullus
762 5532 847 5583 est
894 5526 1156 5583 interitus
1196 5530 1346 5591 tuus,
1378 5525 1489 5582 nisi
1529 5525 1770 5582 oblitum
1814 5529 1868 5580 te

1602 272 1815 330 LIBER
1856 270 2227 329 SECUNDUS
2239 314 2251 327 .

3574 284 3677 336 902

1979 413 2099 451 sese
2120 398 2273 467 quod
2302 397 2533 451 interire
2558 414 2674 451 non
2693 399 2895 469 possis.
2930 402 2997 454 Α.
3035 402 3242 471 Audio,
3274 403 3562 475 resipisco,
3586 425 3677 462 re-

1978 486 2163 539 colere
2193 486 2422 556 incipio.
2447 486 2572 550 Sed,
2605 503 2818 556 queeso,
2852 489 2949 542 illa
2979 506 3107 560 quae
3144 496 3359 546 restant
3388 497 3675 564 expedias,

1981 575 2269 644 quomodo
2292 575 2351 627 in
2376 574 2567 629 animo
2592 576 2876 646 imperito,
2909 594 3027 631 non
3050 579 3202 633 enim
3222 597 3355 634 eum
3379 585 3678 640 mortalem

1979 663 2165 717 dicere
2196 680 2519 733 possumus,
2554 664 2853 734 disciplina
2884 672 2940 719 et
2960 667 3166 721 veritas
3201 685 3320 722 esse
3352 670 3678 742 intelligan-

1978 755 2091 805 tur.
2124 754 2187 805 Η.
2216 752 2383 805 Aliud
2421 752 2529 806 ista
2572 754 2809 823 quaestio
2839 755 3107 807 volumen
3140 756 3442 825 desiderat,
3472 760 3516 813 si
3550 777 3675 815 eam

1982 838 2063 891 vis
2095 839 2320 892 tractari
2351 840 2689 909 diligenter:
2718 841 2887 895 simul
2906 842 3074 895 etilla
3098 858 3246 912 quas,
3280 850 3339 897 ut
3360 847 3677 915 potuimus,

1982 925 2317 997 investigata
2347 934 2497 995 sunt,
2542 930 2890 984 recensenda
2937 931 3042 985 tibi
3070 947 3189 984 esse
3227 933 3417 999 video;
3468 937 3603 1005 quia
3634 938 3680 990 si

1982 1013 2125 1066 nihil
2157 1030 2357 1069 eorum
2399 1032 2525 1085 quae
2557 1033 2822 1071 concessa
2866 1023 3000 1072 sunt
3025 1019 3264 1073 dubium
3289 1026 3395 1085 est,
3430 1025 3675 1077 multum

1984 1118 2085 1155 nos
2115 1104 2296 1172 egisse
2335 1104 2601 1167 arbitror,
2647 1122 2749 1159 nec
2787 1122 2915 1160 cum
2948 1123 3123 1177 parva
3152 1110 3450 1165 securitate
3475 1116 3681 1166 caetera

1985 1206 2264 1260 quaerere.

1986 1279 2211 1332 CAPUT
2251 1280 2353 1332 XX.
2400 1309 2467 1319 —
2516 1280 2771 1344 Quasdam
2815 1298 2943 1335 vera
2989 1283 3273 1349 credimus,
3318 1289 3564 1353 quadam
3594 1306 3676 1344 re-

2056 1368 2371 1433 cordamur;
2423 1368 2669 1435 quaedam
2714 1385 2805 1423 nec
2848 1384 3025 1437 sensu,
3076 1388 3166 1425 nec
3220 1374 3535 1443 phantasia,
3590 1378 3683 1431 sed

2058 1459 2267 1508 tantum
2294 1457 2501 1509 ratione
2526 1456 3017 1524 deprehenduntur.

2060 1544 2145 1597 34.
2176 1545 2247 1597 Λ.
2283 1546 2364 1597 Ita
2394 1548 2480 1597 est
2518 1550 2581 1598 ut
2612 1545 2769 1611 dicis,
2800 1551 2854 1599 et
2883 1547 3212 1618 obtempero
3243 1554 3543 1623 praeceptis
3573 1556 3683 1608 tuis

1986 1631 2184 1685 libens.
2221 1632 2331 1686 Sed
2368 1632 2509 1687 illud
2547 1634 2747 1686 saltem
2776 1634 3101 1704 impetrem,
3142 1642 3453 1709 antequam
3487 1644 3682 1696 termi-

1987 1737 2128 1774 num
2173 1720 2452 1773 volumini
2504 1726 2736 1787 statuas,
2786 1728 2849 1775 ut
2887 1723 3025 1793 quid
3064 1724 3287 1779 intersit
3314 1727 3463 1781 inter
3490 1746 3681 1785 veram

1988 1808 2252 1877 ﬁguram,
2301 1824 2430 1878 quae
2467 1808 2845 1879 intelligentia
2883 1811 3227 1880 continetur,
3260 1819 3316 1867 et
3354 1832 3480 1870 eam
3510 1835 3683 1889 quam

1988 1895 2096 1948 sibi
2134 1896 2301 1967 fingit
2338 1896 2627 1965 cogitatio,
2678 1914 2807 1967 quae
2848 1915 3031 1967 graece
3076 1899 3191 1953 sive
3234 1903 3534 1971 phantasia
3572 1908 3687 1962 sive

1986 1984 2387 2054 phantasmata
2415 1984 2640 2049 dicitur,
2669 1986 2915 2040 breviter
2944 2004 3209 2057 exponas.
3244 1993 3305 2044 Il.
3343 1993 3453 2045 Hoc
3479 1996 3689 2065 quaeris

1990 2074 2143 2143 quod
2173 2073 2363 2126 videre
2394 2073 2504 2126 nisi
2530 2074 2941 2128 mundissimus
2966 2092 3084 2129 non
3111 2082 3311 2147 potest,
3344 2085 3399 2133 et
3425 2082 3497 2135 ad
3529 2084 3688 2153 cujus

1989 2162 2074 2216 rei
2104 2161 2379 2215 visionem
2426 2178 2629 2233 parum
2669 2179 2725 2217 es
2765 2164 3131 2230 exercitatus;
3177 2183 3362 2237 neque
3404 2186 3557 2225 nunc
3584 2189 3690 2242 per

1991 2250 2127 2304 istos
2157 2250 2423 2305 circuitus
2446 2252 2599 2305 aliud
2620 2267 2795 2321 quam
2825 2252 3291 2307 exercitationem
3324 2261 3501 2323 tuam,
3528 2264 3593 2312 ut
3624 2260 3688 2312 il-

1990 2338 2091 2393 lud
2110 2339 2302 2392 videre
2325 2339 2398 2392 sis
2420 2339 2680 2404 idoneus,
2704 2357 3008 2411 operamur
3027 2359 3041 2395 :
3062 2347 3256 2396 tamen
3276 2344 3547 2400 interesse
3568 2349 3691 2417 plu-

1992 2428 2204 2481 rimum
2236 2428 2526 2498 quomodo
2566 2429 2742 2499 possit
2771 2430 2978 2496 doceri,
3028 2430 3263 2485 fortasse
3292 2432 3540 2489 breviter
3566 2437 3689 2506 pla-

1992 2532 2131 2570 num
2159 2518 2321 2571 facio.
2350 2519 2456 2572 Fac
2486 2518 2640 2572 enim
2672 2523 2726 2573 te
2750 2519 2966 2589 aliquid
2998 2536 3118 2573 esse
3141 2521 3405 2587 oblitum,
3436 2524 3689 2595 aliosque

1992 2610 2045 2659 te
2077 2606 2218 2659 velle
2263 2606 2425 2677 quasi
2476 2607 2535 2659 in
2583 2608 2923 2661 memoriam
2968 2624 3254 2665 revocare.
3313 2611 3515 2666 Dicunt
3556 2631 3691 2684 ergo

1994 2693 2076 2746 illi
2102 2710 2112 2747 :
2152 2694 2579 2764 Numquidnam
2602 2695 2711 2748 hoc
2730 2700 2834 2763 est,
2857 2701 2955 2749 aut
2976 2695 3155 2750 illud?
3182 2697 3401 2752 diversa
3429 2702 3583 2755 velut
3613 2703 3692 2755 si-

1992 2781 2152 2835 milia
2182 2784 2552 2853 proferentes.
2582 2784 2661 2836 Tu
2691 2800 2823 2836 vero
2846 2800 2949 2837 nec
2970 2784 3113 2838 illud
3145 2784 3297 2838 vides
3320 2788 3473 2856 quad
3502 2806 3691 2845 recor-

1994 2868 2117 2922 dari
2149 2869 2327 2938 cupis,
2364 2873 2420 2921 et
2442 2874 2634 2922 tamen
2666 2869 2821 2923 vides
2848 2886 2966 2923 non
2995 2872 3103 2924 hoc
3137 2887 3256 2924 esse
3288 2876 3438 2942 quod
3464 2874 3686 2931 dicitur.

1992 2957 2419 3026 Numquidnam
2450 2956 2554 3010 tibi
2580 2973 2711 3011 cum
2731 2958 2835 3011 hoc
2859 2958 3063 3025 evenit,
3090 2960 3247 3012 omni
3269 2961 3439 3015 modo
3469 2962 3692 3019 videtur

1992 3044 2241 3099 oblivio?
2274 3047 2413 3098 Nam
2444 3045 2565 3115 ipsa
2595 3046 2877 3113 discretio,
2900 3063 3014 3117 qua
3044 3064 3159 3101 non
3189 3048 3509 3105 admittitur
3537 3055 3686 3123 quod

1991 3135 2131 3189 falso
2174 3133 2522 3202 admoneris,
2563 3150 2693 3205 pars
2733 3135 2999 3205 quaedam
3028 3138 3436 3192 recordationis
3478 3146 3581 3195 est.
3617 3144 3685 3197 Α.

1991 3224 2075 3276 Ita
2103 3222 2345 3276 videtur.
2371 3224 2433 3276 Β.
2467 3222 2627 3276 Tales
2651 3238 2784 3293 ergo
2811 3224 3069 3278 nondum
3089 3241 3289 3280 verum
3312 3227 3539 3295 vident;
3571 3230 3693 3284 falli

1990 3316 2183 3366 tamen
2205 3310 2503 3381 decipique
2534 3327 2651 3364 non
2683 3316 2952 3381 possunt;
2986 3315 3040 3365 et
3070 3312 3208 3383 quid
3245 3322 3525 3384 quaerant,
3557 3318 3691 3372 satis

1990 3405 2219 3455 norunt.
2252 3402 2324 3453 At
2352 3398 2399 3452 si
2431 3399 2535 3471 tibi
2575 3399 2881 3469 quisquam
2918 3400 3069 3454 dicat
3093 3406 3145 3453 te
3176 3408 3306 3471 post
3334 3420 3542 3472 paucos
3571 3406 3691 3461 dies

1989 3490 2177 3543 risisse
2207 3504 2379 3560 quam
2412 3492 2576 3542 natus
2609 3504 2685 3553 es,
2721 3504 2835 3542 non
2877 3489 3049 3542 audes
3081 3489 3267 3543 dicere
3296 3492 3502 3545 falsum
3534 3510 3687 3548 esse:

1990 3583 2044 3631 et
2075 3578 2122 3631 si
2146 3582 2346 3631 auctor
2382 3576 2454 3630 sit
2483 3577 2575 3631 cui
2614 3577 2753 3630 ﬁdes
2792 3577 3053 3631 habenda
3080 3586 3183 3643 est,
3216 3595 3331 3632 non
3362 3581 3689 3635 recordatu-

1991 3683 2105 3732 rus,
2141 3666 2240 3719 sed
2268 3665 2590 3719 crediturus
2619 3681 2703 3731 es;
2733 3668 2919 3719 totum
2950 3665 3103 3719 enim
3120 3671 3348 3736 tempus
3376 3668 3519 3723 illud
3550 3670 3689 3724 vali-

1989 3754 2219 3809 dissima
2250 3754 2533 3808 oblivione
2566 3753 2669 3807 tibi
2710 3754 3000 3823 sepultum
3040 3760 3152 3808 est:
3186 3771 3259 3808 an
3292 3756 3456 3811 aliter
3486 3762 3689 3829 putas?

1989 3844 2061 3896 A.
2094 3845 2333 3897 Prorsus
2362 3841 2677 3895 consentio.
2707 3844 2771 3897 R.
2808 3844 2935 3895 Hmc
2966 3842 3145 3912 igitur
3174 3843 3244 3897 ab
3280 3844 3377 3898 illa
3404 3846 3690 3901 oblivione

1988 3931 2304 4001 plurimum
2336 3930 2543 3996 differt,
2568 3931 2666 3985 sed
2695 3930 2792 3984 illa
2823 3931 3010 3985 media
3039 3936 3137 3985 est.
3172 3933 3313 3987 Nam
3347 3939 3430 3988 est
3459 3936 3572 3990 alia
3604 3953 3695 3991 re-

1990 4020 2305 4075 cordationi
2354 4020 2777 4091 revisendzeque
2812 4020 3037 4075 veritati
3078 4023 3315 4091 propior
3353 4030 3524 4095 atque
3558 4027 3692 4079 vici-

1989 4110 2118 4162 nior
2141 4126 2153 4163 :
2189 4109 2281 4163 cui
2309 4109 2493 4162 simile
2516 4113 2601 4163 est
2627 4110 2857 4179 quando
2876 4110 3134 4165 videmus
3156 4112 3392 4181 aliquid,
3425 4119 3693 4184 certoque

1990 4198 2452 4268 recognoscimus
2485 4198 2540 4252 id
2571 4214 2673 4251 nos
2700 4198 2908 4253 vidisse
2938 4199 3264 4269 aliquando,
3307 4206 3478 4271 atque
3528 4218 3689 4255 nosse

1989 4287 2371 4353 afﬁrmamus;
2408 4286 2507 4339 sed
2538 4286 2657 4353 ubi,
2704 4291 2802 4339 aut
2840 4289 3094 4357 quando,
3126 4293 3224 4342 aut
3253 4290 3562 4359 quomodo,
3594 4296 3692 4344 aut

1987 4374 2138 4444 apud
2173 4389 2344 4444 quem
2384 4372 2547 4426 nobis
2585 4372 2646 4426 in
2674 4374 2939 4428 notitiam
2984 4375 3224 4440 venerit,
3257 4377 3567 4445 satagimus
3599 4395 3688 4434 re-

1988 4468 2177 4532 petere
2208 4466 2377 4532 atque
2404 4462 2672 4517 recolere.
2711 4465 2776 4517 Ut
2805 4463 2853 4517 si
2886 4464 2954 4518 de
2984 4463 3218 4517 homine
3250 4465 3410 4517 nobis
3440 4467 3691 4538 contige-

1988 4551 2077 4615 rit,
2104 4551 2277 4604 etiam
2308 4550 2621 4621 quaerimus
2662 4553 2760 4605 ubi
2798 4568 2929 4605 eum
2969 4551 3330 4605 noverimus:
3377 4554 3530 4624 quod
3559 4571 3687 4611 cum

1985 4639 2080 4693 ille
2110 4640 2602 4705 commemoravit,
2648 4645 2884 4710 repente
2913 4644 3029 4693 tota
3072 4656 3161 4693 res
3206 4642 3496 4697 memorias
3526 4648 3690 4715 quasi

1985 4729 2181 4782 lumen
2200 4728 2543 4795 infunditur,
2576 4729 2834 4799 nihilque
2856 4728 3124 4798 amplius,
3149 4734 3210 4783 ut
3229 4732 3687 4800 reminiscamur,

1985 4818 2294 4871 laboratur.
2326 4822 2415 4871 An
2446 4819 2554 4871 hoc
2584 4832 2763 4887 genus
2797 4816 3058 4887 ignotum
3084 4817 3187 4871 tibi
3217 4822 3319 4887 est,
3363 4825 3460 4874 aut
3486 4823 3686 4878 obscu-

1988 4904 2156 4958 rum?
2184 4908 2257 4960 Α.
2292 4905 2440 4970 Quid
2461 4906 2570 4960 hoc
2588 4904 2813 4975 planius
2830 4906 2858 4958 ?
2877 4910 2975 4960 aut
3003 4906 3141 4976 quid
3161 4908 3413 4963 crebrius
3444 4912 3583 4965 mihi
3606 4928 3691 4965 ac-

1986 4995 2174 5049 cidere
2201 4995 2378 5049 solet?
3386 4986 3399 4989 ’

2056 5087 2143 5138 35.
2183 5087 2249 5139 It.
2287 5084 2448 5137 Tales
2496 5086 2627 5135 sunt
2661 5082 2759 5153 qui
2804 5083 2946 5137 bene
2993 5085 3308 5157 disciplinis
3356 5087 3688 5143 liberalibus

1985 5172 2219 5237 eruditi;
2261 5172 2540 5241 siquidem
2583 5171 2709 5225 illas
2738 5172 2859 5227 sine
2886 5174 3059 5229 dubio
3091 5176 3151 5230 in
3182 5192 3238 5231 se
3270 5176 3555 5231 oblivione
3584 5177 3688 5231 ob-

1984 5266 2138 5314 rutas
2170 5264 2383 5314 eruunt
2404 5260 2693 5327 discendo,
2726 5266 2783 5315 et
2809 5264 3230 5333 quodammodo
3260 5264 3550 5319 refodiunt
3579 5266 3684 5334 (a):

1981 5365 2089 5403 nec
2118 5354 2313 5402 tamen
2351 5348 2601 5402 contenti
2641 5354 2794 5420 sunt,
2833 5368 2936 5406 nec
2965 5368 3025 5407 se
3060 5358 3258 5407 tenent
3297 5353 3478 5406 donec
3508 5357 3686 5408 totam

1988 5437 2189 5491 faciem
2230 5436 2505 5504 veritatis,
2541 5437 2699 5509 cujus
2739 5439 2973 5511 quidam
3017 5440 3076 5496 in
3115 5440 3226 5495 illis
3253 5440 3467 5497 artibus
3498 5443 3687 5513 splen-

2044 5532 2119 5596 (a)
2148 5537 2165 5583 1
2202 5534 2450 5593 Retract.,
2479 5549 2589 5598 cap.
2620 5538 2667 5596 4,
2691 5549 2743 5584 n.
2775 5539 2822 5585 4.
