3996 6170
436 279 538 331 903

433 399 537 454 dor
549 398 668 468 jam
690 396 1016 464 subrutilat,
1036 396 1304 450 latissime
1327 401 1497 466 atque
1519 395 1850 466 plenissime
1870 395 2128 450 intuean-

430 493 543 541 tur.
567 487 676 541 Sed
697 502 762 540 ex
785 485 872 540 his
893 485 1127 555 quidam
1148 485 1269 538 falsi
1286 485 1504 538 colores
1525 487 1695 554 atque
1721 484 1942 548 formas,
1975 485 2130 539 velut

431 575 491 629 in
521 575 814 645 speculum
846 573 1204 644 cogitationis
1230 589 1286 625 se
1311 573 1576 636 fundunt,
1601 573 1921 643 falluntque
1946 572 2129 642 inqui-

345 717 348 722 _
433 669 621 718 rentes
650 680 817 734 saepe,
850 680 910 716 ac
961 662 1249 731 decipiunt
1286 665 1552 730 putantes
1598 659 1740 714 illud
1778 665 1961 714 totum
2009 678 2127 714 esse

433 753 586 824 quod
618 757 831 806 norunt
859 751 946 804 vel
977 751 1130 820 quod
1159 748 1478 820 inquirunt.
1510 749 1651 819 Ipsa:
1685 754 1813 803 sunt
1845 749 1957 803 illa:
1987 750 2128 803 ima-

432 841 752 911 ginationes
790 854 1000 908 magna
1031 838 1292 891 cautione
1331 837 1604 905 vitandae;
1649 854 1776 909 quas
1808 838 2127 908 deprehen-

429 931 645 984 duntur
672 928 913 990 fallaces,
940 943 1069 980 cum
1092 927 1450 997 cogitationis
1470 925 1686 980 variato
1712 926 1875 997 quasi
1897 927 2126 997 speculo

434 1016 742 1082 variantur,
765 1032 895 1069 cum
923 1015 1022 1068 illa
1052 1015 1222 1068 facies
1253 1014 1504 1069 veritatis
1535 1031 1649 1068 una
1679 1019 1734 1068 et
1756 1015 2128 1069 immutabilis

431 1109 678 1159 maneat.
703 1105 846 1158 Tum
881 1102 1034 1157 enim
1066 1103 1297 1157 alterius
1328 1108 1497 1174 atque
1529 1102 1762 1157 alterius
1786 1103 2130 1173 magnitudi-

430 1195 516 1248 nis
549 1195 893 1264 quadratum
937 1192 1043 1246 sibi
1082 1191 1347 1260 cogitatio
1386 1190 1665 1261 depingit,
1708 1196 1764 1245 et
1804 1190 1965 1261 quasi
1995 1195 2127 1244 ante

430 1285 624 1338 oculos
654 1282 912 1353 praefert;
947 1282 1041 1334 sed
1077 1297 1238 1334 mens
1258 1279 1498 1333 interior
1519 1296 1647 1350 qua:
1677 1279 1795 1333 vult
1817 1294 2012 1332 verum
2045 1277 2127 1330 vi-

430 1373 585 1436 dere,
619 1372 686 1424 ad
719 1369 856 1423 illud
889 1385 946 1421 se
973 1369 1162 1438 potius
1180 1371 1488 1433 convertat,
1513 1368 1556 1420 si
1581 1371 1785 1437 potest,
1814 1367 2125 1420 secundum

429 1461 584 1530 quod
619 1459 835 1529 judicat
879 1457 977 1510 illa
1019 1457 1212 1510 omnia
1250 1473 1369 1510 esse
1413 1457 1708 1526 quadrata.
1759 1458 1837 1510 Α.
1877 1455 2045 1520 Quid,
2080 1455 2126 1508 si

426 1548 594 1602 nobis
624 1547 909 1618 quispiam
934 1545 1083 1598 dicat
1110 1544 1424 1598 secundum
1448 1543 1504 1599 id
1528 1561 1654 1599 eam
1671 1544 1948 1614 judicare,
1974 1543 2125 1613 quod

429 1636 622 1690 videre
656 1633 833 1689 oculis
873 1634 1050 1687 solet?
1087 1635 1150 1687 Β.
1197 1634 1381 1696 Quare
1419 1648 1555 1703 ergo
1594 1632 1823 1703 iudicat,
1857 1632 1902 1685 si
1933 1635 2125 1685 tamen

429 1725 575 1779 bene
609 1723 833 1777 erudita
870 1727 971 1788 est,
1010 1721 1368 1792 quantamvis
1405 1721 1582 1792 pilam
1614 1737 1804 1776 veram
1840 1736 1974 1774 vera
2003 1720 2122 1790 pla-

427 1813 567 1868 nitie
611 1816 822 1883 puncto
853 1811 1050 1880 tangi?
1095 1810 1240 1874 Quid
1278 1810 1390 1864 tale
1420 1826 1674 1880 unquam
1715 1811 1912 1863 oculus
1959 1809 2120 1874 vidit,

427 1907 528 1956 aut
557 1902 746 1956 videre
766 1899 1123 1970 potest,§cum
1157 1899 1281 1969 ipsa
1328 1898 1736 1968 imaginatione
1760 1898 2124 1968 cogitationis

425 1990 568 2060 ﬁngi
613 1988 926 2060 quidquam
963 1986 1294 2057 hujusmodi
1334 2003 1450 2040 non
1497 1989 1723 2058 potest?
1767 1990 1975 2040 Annon
2019 1987 2123 2041 hoc

427 2078 760 2149 probamus,
785 2094 914 2131 cum
937 2076 1110 2131 etiam
1131 2075 1437 2130 minimum
1453 2075 1728 2130 circulum
1751 2075 2121 2146 imaginando

425 2167 618 2222 animo
657 2166 1052 2229 describimus,
1089 2170 1148 2219 et
1176 2165 1245 2219 ab
1269 2180 1336 2218 eo
1365 2164 1544 2218 lineas
1574 2164 1644 2218 ad
1671 2169 1928 2219 centrum
1962 2165 2120 2219 duci-

427 2255 593 2307 mus?
613 2254 755 2306 Nam
775 2269 904 2306 cum
927 2253 1068 2306 duas
1087 2253 1436 2316 duxerimus,
1471 2253 1621 2307 inter
1653 2269 1794 2323 quas
1825 2253 1987 2324 quasi
2016 2270 2118 2307 acu

895 272 1292 330 ADMONITIO
1331 273 1425 328 DE
1465 271 1955 339 SEQUENTIBUS
1991 271 2251 329 TBIBUS
2287 271 2569 330 CONTRA
2610 271 3066 330 ACADEMICOS
3107 274 3354 331 LlBRlS.
3763 290 3829 341 90$
3905 271 3915 334 Ι

2237 397 2355 450 ulla
2379 395 2782 450 commixtione
2813 396 3185 467 perveniant;
3211 413 3340 452 cum
3366 397 3558 454 clamet
3582 402 3703 455 ratio
3721 404 3832 460 innu-

2237 484 2542 540 merabiles
2583 500 2750 555 posse
2800 483 2953 551 duci,
2992 500 3064 539 ne
3096 501 3217 538 sese
3257 485 3319 538 in
3363 485 3469 540 illis
3494 488 3834 548 incredibilibus

2237 574 2513 644 angustiis
2545 573 2652 626 nisi
2682 578 2876 628 centro
2907 589 3075 643 posse
3104 575 3452 645 contingere,
3483 576 3553 631 ita
3579 584 3636 632 ut
3661 579 3707 632 in
3733 598 3834 636 omn:

2238 679 2436 717 earum
2467 663 2768 716 intervallo
2793 662 2962 716 scribi
2986 662 3159 717 etiam
3180 662 3423 717 circulus
3441 666 3616 735 possit.
3639 669 3732 721 Hoc
3753 685 3836 723 cum

2236 749 2336 804 illa
2365 750 2665 819 phantasia
2685 750 2924 821 implere
2949 767 3066 805 non
3087 752 3282 822 possit,
3308 753 3589 824 magisque
3609 771 3750 826 quam
3770 760 3837 828 ipsi

2237 837 2406 902 oculi,
2439 837 2684 905 deﬁciat,
2718 837 3001 908 siquidem
3040 854 3143 908 per
3171 839 3324 909 ipsos
3353 846 3437 893 est
3471 841 3645 895 animo
3671 844 3838 900 inﬂicta.

2237 926 2601 980 manifestum
2631 931 2718 981 est
2745 930 2801 980 et
2829 927 3079 981 multum
3108 943 3236 981 eam
3263 927 3488 983 diﬁ'erre
3516 945 3546 982 a
3573 931 3782 1000 veritate,
3805 943 3837 987 et

2236 1012 2414 1079 illam,
2447 1013 2585 1066 dum
2614 1013 2736 1067 haec
2760 1013 3004 1082 videtur,
3036 1029 3152 1067 non
3181 1013 3384 1068 videri.
3669 1028 3676 1033 '

2309 1105 2395 1157 36.
2427 1103 2555 1156 Hinc
2582 1101 2844 1156 dicentur
2869 1101 3164 1172 operosius
3183 1107 3356 1174 atque
3387 1103 3655 1174 subtilius,
3681 1122 3780 1161 cum
3800 1109 3840 1162 de

2237 1189 2612 1261 intelligendo
2662 1190 2942 1246 disserere
2997 1191 3363 1262 casperimus,
3419 1209 3545 1263 qua!
3581 1194 3722 1247 nobis
3758 1212 3840 1264 pars

2237 1279 2529 1350 proposita
2557 1283 2664 1346 est,
2696 1295 2826 1333 cum
2856 1280 2925 1334 de
2965 1280 3171 1334 animae
3199 1280 3314 1335 vita
3346 1281 3614 1352 quidquid
3637 1283 3838 1348 sollicitat,

2236 1367 2407 1421 fuerit
2435 1372 2712 1438 quantum
2735 1369 2990 1422 valemus
3010 1369 3370 1423 enucleatum
3403 1375 3564 1440 atque
3589 1371 3838 1424 discussum.

2237 1457 2357 1510 Non
2390 1457 2554 1510 enim-
2572 1457 2739 1511 credo
2769 1462 2824 1512 te
2843 1473 3049 1527 parum
3065 1458 3374 1513 formidare
3395 1475 3467 1513 ne
3487 1474 3628 1512 mors
3643 1460 3839 1518 humana,

2236 1545 2457 1599 etiamsi
2473 1562 2588 1599 non
2608 1546 2910 1600 interﬁciat
2925 1546 3198 1612 animam,
3224 1563 3418 1601 rerum
3439 1551 3617 1601 tamen
3639 1548 3839 1608 omnium,

2235 1639 2293 1688 et
2321 1633 2519 1704 ipsius,
2550 1633 2597 1688 si
2626 1651 2739 1705 qua
2769 1639 3060 1706 comperta
3089 1635 3278 1701 fuerit,
3303 1635 3552 1689 veritatis
3582 1635 3842 1688 oblivionem

2233 1721 2458 1776 inferat.
2491 1723 2564 1777 A.
2598 1723 2721 1776 Non
2749 1728 2936 1792 potest
2963 1724 3100 1777 satis
3131 1723 3243 1778 dici
3273 1727 3551 1795 quantum
3575 1723 3670 1777 hoc
3692 1724 3838 1776 malum

2234 1811 2606 1866 metuendum
2635 1811 2726 1868 sit.
2767 1811 2960 1876 Qualis
2999 1812 3154 1866 enim
3185 1812 3294 1867 erit
3317 1812 3419 1866 illa
3446 1817 3641 1866 mter-na
3664 1812 3765 1875 vita,
3787 1812 3838 1863 vel

2233 1915 2362 1969 quae
2391 1915 2544 1954 mors
2571 1916 2688 1954 non
2717 1901 2770 1954 ei
2806 1901 3195 1972 praeponenda
3222 1906 3330 1968 est,
3366 1905 3425 1955 et
3449 1900 3525 1955 sic
3551 1900 3670 1955 vivit
3688 1902 3835 1958 anima.

2231 1994 2295 2042 ut
2321 1988 2580 2042 videmus
2612 2005 2738 2043 eam
2766 1990 2953 2044 vivere
2982 1989 3043 2043 in
3070 2005 3249 2061 puero
3281 2005 3413 2043 mox
3444 1992 3610 2044 nato?
3634 1993 3685 2042 ut
3707 1988 3758 2042 de
3779 1989 3836 2040 illa

2232 2077 2345 2131 vita
2377 2076 2522 2130 nihil
2556 2077 2740 2131 dicam
2769 2093 2898 2148 quas
2937 2077 2996 2131 in
3026 2084 3188 2131 utero
3217 2078 3438 2146 agitur;
3463 2093 3572 2131 non
3599 2076 3726 2130 enim
3746 2082 3835 2146 puto

2233 2181 2353 2220 esse
2380 2165 2618 2219 nullam.
2651 2167 2716 2220 Β.
2751 2166 2903 2219 Bono
2933 2165 3124 2220 animo
3150 2169 3302 2234 esto;
3331 2167 3481 2220 Deus
3504 2165 3682 2232 aderit,
3698 2170 3746 2217 ut
3761 2167 3835 2232 jam

2232 2254 2527 2320 sentimus,
2561 2255 2951 2325 quaerentibus
2981 2255 3166 2321 nobis,
3203 2255 3307 2327 qui
3338 2254 3703 2310 beatissimum
3726 2252 3833 2323 quid-

2230 2343 2361 2397 dam
2386 2347 2514 2412 post
2532 2342 2638 2396 hoc
2656 2358 2882 2412 corpus,
2902 2348 2960 2396 et
2978 2343 3231 2397 veritatis
3249 2342 3637 2414 plenissimum
3653 2343 3746 2395 sine
3761 2341 3832 2393 ullo

2230 2431 2529 2486 mendacio
2555 2431 2873 2502 pollicetur.
2904 2433 2977 2486 A.
3012 2431 3133 2486 Fiat
3160 2437 3223 2486 ut
3245 2448 3559 2502 speramus.

424 2339 514 2393 vix
547 2339 729 2410 pungi
774 2339 975 2410 possit,
1025 2341 1164 2394 alias
1184 2341 1305 2410 jam
1353 2341 1414 2394 in
1443 2341 1631 2395 medio
1673 2358 1790 2395 non
1816 2359 2122 2412 possumus

423 2429 548 2498 ipsa
579 2427 920 2498 cogitatione
944 2427 1285 2498 imaginaria
1300 2429 1525 2494 ducere,
1547 2434 1612 2482 ut
1627 2429 1699 2483 ad
1721 2435 1983 2484 centrum
2004 2431 2120 2486 sine

1561 2657 2793 2824 ADMONITIO

1048 2889 1154 2953 DE
1203 2888 1741 2968 SEQUENTIBUS
1790 2890 2068 2956 TRlBUS
2117 2888 2432 2956 CONTRA
2478 2889 2993 2956 ACADEMICOS
3043 2891 3320 2956 LIBRIS.

489 3139 699 3193 Rectus
729 3137 868 3192 ordo
897 3136 1166 3207 postulat,
1199 3140 1264 3191 ut
1289 3137 1420 3192 libri
1445 3141 1642 3192 contra
1667 3137 2049 3205 Academicos,
2083 3137 2182 3208 qui
2211 3137 2384 3208 primi
2406 3136 2667 3192 omnium
2691 3137 2761 3192 ab
2786 3138 3104 3210 Augustino
3137 3139 3426 3204 recensiti,
3445 3142 3513 3205 .et
3538 3140 3654 3192 ante
3675 3139 3830 3190 ceteros

415 3227 677 3295 (excepto
708 3242 877 3295 opere
909 3225 978 3278 de
1009 3225 1253 3278 Pulchro
1285 3230 1341 3279 et
1368 3227 1535 3294 Apto,
1569 3225 1666 3294 qui
1696 3225 1844 3279 fetus
1875 3243 1942 3280 eo
1981 3227 2210 3296 juniore
2253 3227 2441 3282 editus
2478 3227 2672 3282 statim
2715 3227 3021 3298 intercidit)
3053 3228 3124 3282 ab
3165 3244 3232 3281 eo
3263 3228 3511 3297 profecti
3538 3230 3668 3288 sunt,
3696 3225 3774 3278 huc
3797 3219 3828 3272 in

416 3313 722 3384 proprium
755 3313 942 3366 locum
972 3312 1362 3367 restituantur.
1400 3314 1614 3383 Nempe
1636 3329 1765 3366 cum
1789 3313 2253 3369 Academicorum
2277 3320 2476 3369 contra
2498 3315 2616 3369 veri
2646 3314 3073 3386 perceptionem
3101 3321 3450 3386 argumenta
3472 3318 3676 3369 sanctus
3697 3312 3827 3364 Doctor

417 3402 633 3457 dudum
663 3401 1016 3467 imbibisset;
1049 3417 1115 3455 ea
1144 3405 1265 3454 tum
1297 3400 1490 3467 etiam,
1523 3417 1653 3454 cum
1683 3401 1976 3456 veritatem
2006 3402 2104 3456 Dei
2124 3404 2306 3473 gratia
2325 3404 2524 3458 fuisset
2550 3408 2857 3470 assecutus,
2881 3405 3219 3458 nonnullam
3249 3404 3365 3474 ipsi
3399 3403 3691 3459 molestiam
3712 3400 3825 3452 taces-

411 3490 642 3545 sebant:
678 3489 886 3561 quibus
916 3489 1222 3552 diluendis,
1254 3506 1370 3544 non
1401 3490 1573 3544 modo
1605 3490 1870 3561 privatim
1900 3491 2111 3545 sedulis
2141 3492 2609 3547 meditationibus
2639 3491 2920 3558 insistere,
2955 3493 3049 3548 sed
3083 3493 3257 3548 etiam
3285 3509 3423 3548 cum
3454 3491 3634 3548 amicis
3658 3489 3825 3558 disputa-

411 3578 627 3633 tionem
658 3579 866 3632 habere
899 3578 1090 3632 animo
1120 3577 1440 3632 destinavit.
1477 3581 1628 3632 Hauc
1652 3595 1826 3647 porro
1855 3580 2216 3636 collationem
2244 3597 2348 3651 per
2375 3581 2598 3653 aliquot
2621 3581 2739 3635 dies
2768 3582 3023 3636 habitam
3045 3586 3159 3636 tres
3183 3582 3242 3636 in
3262 3583 3446 3638 libros
3476 3580 3690 3653 partitus
3710 3581 3782 3642 est,
3797 3577 3826 3624 et

417 3668 774 3723 ltomaniano
803 3685 905 3722 suo
935 3667 1148 3722 concivi
1180 3683 1240 3721 ac
1270 3668 1578 3733 Maecenati,
1611 3683 1740 3721 eum
1773 3667 1841 3722 ad
1872 3668 2252 3739 philosophiae
2281 3671 2532 3724 studium
2562 3670 2942 3736 adhortando,
2971 3670 3312 3726 transmisit.

482 3758 646 3810 Liber
669 3757 889 3826 primus
927 3757 1360 3826 congredientes
1405 3757 1552 3811 inter
1579 3773 1636 3810 se
1671 3756 1984 3810 Licentium
2015 3761 2071 3810 et
2097 3758 2428 3829 'l‘rygctium
2468 3759 2715 3822 exhibet,
2749 3760 2900 3812 hunc
2939 3765 3138 3814 contra
3171 3759 3572 3824 Academicos,
3609 3758 3737 3811 illum
3761 3765 3823 3820 pra

411 3845 760 3899 Academicis
805 3845 1230 3914 disputantem:
1263 3859 1336 3897 an
1366 3845 1531 3898 beata
1573 3845 1688 3897 vita
1720 3845 1779 3898 in
1827 3845 2152 3915 cognitione
2199 3847 2351 3913 veri;
2400 3863 2474 3901 an
2513 3851 2709 3902 contra
2738 3847 2797 3901 in
2825 3849 2946 3902 sola
2978 3848 3131 3902 illius
3163 3849 3598 3921 investigatione
3630 3844 3690 3898 sit
3710 3841 3823 3896 collo—

416 3932 620 3987 cauda.
653 3933 756 3986 Ubi
790 3932 928 4002 quid
960 3932 1031 3984 sit
1059 3949 1234 3996 error,
1265 3932 1404 4002 quid
1435 3932 1715 4001 sapientia
1745 3933 1868 3986 fuse
1899 3933 2233 4003 explicatur.

487 4022 550 4074 ln
580 4020 724 4075 libro
755 4020 1003 4075 secundo
1035 4020 1088 4075 S.
1117 4021 1469 4090 Augustinus
1497 4025 1754 4074 recenset
1789 4021 1996 4090 placita
2032 4021 2532 4088 Academicorum;
2565 4021 2931 4093 prosequitur
2958 4023 3200 4094 Alypius
3231 4027 3485 4079 veterem
3512 4023 3647 4077 inter
3670 4027 3823 4072 novam-

416 4125 529 4181 que
558 4109 921 4164 Academiam
943 4108 1288 4163 discrimina.
1321 4108 1656 4180 Exploditur
1675 4109 1958 4163 sententia
1977 4111 2184 4165 horum
2203 4110 2698 4182 philosophorum,
2724 4111 2825 4181 qui
2846 4127 2979 4166 eum
3006 4127 3206 4166 verum
3224 4111 3381 4166 haud
3398 4126 3555 4183 posse
3572 4098 3823 4177 deprehendi

413 4201 700 4268 putarent,
732 4201 928 4251 tamen
957 4196 1074 4252 veri
1102 4196 1284 4251 simile
1311 4197 1471 4267 sequi
1504 4213 1562 4250 se
1592 4196 2019 4267 proﬁterentur.

487 4288 550 4341 In
580 4285 750 4341 tertio
791 4286 938 4340 libro
976 4302 1176 4341 verum
1214 4285 1459 4340 inveniri
1496 4302 1600 4357 pro
1641 4285 1914 4356 susceptis
1953 4286 2209 4358 partibus
2247 4287 2526 4342 difﬁtetur
2561 4287 2831 4359 Alypius;
2872 4287 3080 4358 probat
3111 4291 3464 4361 Augustinus
3492 4305 3522 4343 a
3547 4285 3822 4353 sapientem

411 4376 626 4446 gnosci,
658 4380 724 4431 ut
749 4379 882 4446 pote
909 4375 1009 4446 qui
1036 4376 1232 4430 saltem
1264 4375 1598 4445 sapientiam
1631 4375 1871 4430 noverit.
1908 4377 2008 4431 Hic
2034 4376 2154 4446 ipse
2184 4376 2389 4430 deinde
2419 4377 2659 4430 Zenonis
2695 4375 3094 4430 deﬁnitionem
3126 4377 3379 4445 discutit,
3405 4381 3460 4432 et
3483 4376 3586 4431 duo
3603 4373 3685 4426 illa
3702 4365 3824 4422 redar-

413 4464 540 4534 guit
568 4465 1032 4520 Academicorum
1082 4465 1285 4518 effata:
1319 4465 1473 4519 Nihil
1502 4466 1717 4533 percipi
1743 4480 1918 4533 posse,
1960 4469 2034 4531 et,
2081 4465 2234 4522 Nulli
2259 4467 2340 4519 rei
2375 4464 2563 4520 debere
2591 4468 2866 4521 assentiri.
2898 4465 3047 4520 Dicit
3073 4466 3310 4522 demum
3339 4466 3514 4522 videri
3540 4461 3652 4530 sibi,
3677 4453 3821 4513 Acade-

415 4553 590 4606 micos
620 4570 736 4608 non
766 4554 845 4607 ita
874 4553 1113 4608 sensisse
1143 4552 1228 4607 uti
1257 4553 1424 4622 vulgo
1451 4552 1862 4608 existimantur.

487 4640 722 4711 Scripsit
749 4643 855 4697 hos
883 4644 1057 4698 libros
1086 4643 1251 4698 initio
1282 4659 1399 4696 suae
1428 4641 1815 4696 conversionis
1844 4642 1903 4697 in
1937 4659 2071 4714 agro
2103 4641 2430 4708 Cassiciaco,
2459 4644 2733 4714 pauculis,
2768 4647 2834 4699 ut
2865 4643 2968 4712 ait,
2998 4644 3185 4700 diebus
3207 4644 3512 4708 transactis,
3540 4641 3821 4712 posteaquam

413 4727 493 4782 ibi
522 4727 706 4783 vivere
737 4731 908 4801 erepit
937 4732 1073 4799 (Lib.
1111 4736 1160 4797 t,
1189 4749 1233 4787 c.
1273 4736 1293 4786 t
1328 4748 1386 4787 η.
1418 4733 1502 4803 4);
1536 4731 1792 4803 adeoque
1826 4731 1928 4786 sub
1963 4733 2138 4786 tinem
2169 4732 2302 4786 anni
2337 4736 2469 4799 386;
2513 4749 2628 4804 quo
2663 4733 2925 4789 abdicata
2954 4734 3253 4790 rhetorica:
3283 4731 3614 4806 professione
3641 4725 3745 4780 illuc
3767 4733 3821 4770 se-

413 4815 601 4882 cessit,
631 4821 695 4870 ut
715 4821 866 4872 totus
894 4821 1192 4890 purgando
1223 4820 1416 4876 animo
1444 4825 1689 4887 vacaret,
1717 4836 1955 4892 seseque
1985 4821 2058 4875 ad
2087 4837 2308 4875 sacrum
2349 4821 2639 4893 Baptisma
2682 4822 2859 4895 digne
2889 4829 3270 4896 compararet.
3318 4821 3549 4878 Consule
3584 4806 3820 4872 annotatio-

415 4921 552 4960 nem
582 4903 641 4959 in
669 4904 769 4960 lib.
806 4909 856 4973 3,
890 4923 936 4960 c.
965 4910 1054 4962 20.

1475 5017 1519 5054 8.
1562 5013 1920 5058 AUGUSTINUS,
1963 5014 2125 5053 EPIST.
2174 5002 2221 5068 ί,
2261 5016 2329 5053 AD
2369 5017 2856 5056 HERMOGENIANUI.

488 5084 838 5140 Academicos
866 5100 959 5152 ego
987 5101 1052 5139 ne
1078 5087 1220 5141 inter
1241 5088 1538 5157 jocandum
1567 5088 1785 5157 quidem
1813 5103 2055 5156 unquam
2085 5089 2338 5142 lacessere
2366 5089 2646 5155 auderem;
2691 5090 2911 5158 quando
2947 5091 3088 5145 enim
3127 5105 3209 5144 me
3246 5093 3509 5144 tantorum
3533 5078 3819 5164 triremem."

413 5179 646 5230 moveret
675 5176 993 5240 auctoritas,
1022 5177 1134 5229 nisi
1157 5192 1239 5230 eos
1265 5183 1513 5246 putarem
1535 5180 1687 5247 longe
1714 5179 1771 5232 in
1801 5178 1934 5243 alia,
1960 5193 2124 5245 quam
2153 5179 2311 5244 vulgo
2341 5177 2604 5232 creditum
2633 5183 2732 5245 est,
2755 5181 2931 5244 fuisse
2952 5181 3258 5233 sententia?
3281 5179 3453 5244 Quare
3469 5173 3626 5244 potius
3648 5176 3715 5219 eos
3734 5160 3816 5211 ἱηιίο

411 5269 558 5320 tatus
588 5281 708 5321 sum
740 5269 1002 5333 quantum
1028 5265 1197 5332 valui,
1223 5282 1386 5333 quam
1405 5270 1736 5336 expugnavi,
1763 5266 1908 5337 quod
1931 5268 2143 5320 omnino
2165 5281 2270 5320 non
2297 5267 2467 5320 valeo.
2496 5267 2728 5322 Videtur
2747 5269 2888 5320 enim
2914 5267 3056 5321 mihi
3077 5268 3210 5321 satis
3238 5267 3532 5332 congruisse
3553 5248 3814 5322 temporibusv

408 5358 469 5407 ut
498 5356 549 5409 si
573 5354 711 5424 quid
739 5355 1009 5409 sincerum
1035 5353 1100 5408 de
1127 5356 1277 5420 fonte
1304 5357 1577 5411 Platonico
1606 5361 1812 5426 ﬂueret,
1834 5359 1976 5410 inter
2004 5354 2255 5409 umbrosa
2279 5357 2330 5407 et
2357 5355 2580 5422 spinosa
2603 5352 2822 5407 dumeta
2848 5355 3033 5421 potius
3059 5355 3116 5407 in
3143 5355 3436 5422 pastionem
3458 5341 3815 5418 paucissimorwn

417 5440 689 5499 hominum
717 5443 1020 5510 duceretur,
1057 5459 1221 5512 quam
1246 5459 1345 5512 per
1373 5451 1564 5514 aperta
1591 5461 1840 5511 manans,
1868 5444 2198 5499 irruentibus
2226 5443 2432 5512 passim
2455 5442 2732 5510 pecoribus
2761 5443 2908 5495 nullo
2933 5441 3088 5495 modo
3111 5446 3292 5510 posset
3319 5438 3565 5508 liquidum
3588 5428 3813 5514 pIMT‘f

411 5534 737 5587 servari.....
771 5535 881 5589 Hoc
911 5537 1091 5588 autem
1117 5533 1307 5588 saeculo
1331 5499 1451 5589 cum
1467 5535 1590 5602 jam
1613 5534 1788 5589 nullos
1811 5531 2091 5588 videamus
2114 5530 2482 5601 philosophos,
2503 5531 2616 5585 nisi
2640 5531 2783 5596 forte
2808 5529 3038 5585 amiculo
3069 5532 3327 5600 corporis,
3361 5540 3482 5598 quos
3508 5517 3686 5592 quidem
3710 5499 3812 5562 itin

3905 227 3916 278 ἆ
