3996 6170
101 646 212 696 mis
231 643 504 696 erroribus
527 658 630 711 pro
664 649 894 713 tempore
925 648 1384 702 accommodatum
1418 652 1549 716 fuit,
1574 653 1694 720 jam
1726 654 1954 719 incipiat
1984 655 2278 709 inserenda
2325 659 2559 710 scientiae
2601 656 2980 726 impedi-mento
3013 678 3262 718 esse......

902 346 1185 403 CONTRA
1225 348 1705 418 ACADEMICOS,
1747 351 1801 407 S.
1846 351 2231 410 AUGUSTINI
2275 354 2487 411 LIBER
2527 358 2814 416 PRIMUS.
3503 370 3604 421 906

3282 708 3292 718 .
3346 668 3610 734 Equidem

103 727 321 800 (juoquo
345 732 502 786 modo
532 747 587 786 se
613 733 846 787 habeant
874 736 982 789 illze
1012 737 1223 802 litterae,
1253 753 1358 792 non
1390 743 1499 792 tam
1529 755 1610 792 me
1639 741 1885 807 delectat,
1915 741 2080 808 quod,
2113 745 2170 793 ut
2189 742 2400 808 scribis,
2433 744 2786 798 Academicos
2824 749 3044 802 vicerim
3072 750 3308 817 (scribis,
3341 727 3481 806 enim
3515 755 3610 807 hoc

101 821 382 874 amantius
402 821 544 886 forte
571 837 736 890 quam
766 824 965 892 verius)
989 842 1003 891 ;
1035 840 1197 892 quam
1229 827 1373 893 quod
1403 828 1541 880 mihi
1569 828 1879 897 abruperim
1911 828 2305 883 odiosissimum
2325 832 2703 902 retinaculum,
2727 849 2830 902 quo
2859 835 2927 888 ab
2942 837 3298 907 philosophia
3323 839 3480 893 ubere
3509 841 3607 894 de-

97 910 410 978 speratione
429 912 566 979 veri,
595 909 740 979 quod
766 915 844 964 est
865 915 1039 966 animi
1062 914 1342 982 pabulum,
1373 915 1715 980 refrenabar.

1337 1019 1406 1054 EX
1431 1018 1535 1056 LIB.
1565 1019 1634 1056 XV
1669 1020 1738 1058 DE
1761 1020 2062 1072 TRINITATE,
2097 1021 2219 1060 CAP.
2250 1023 2352 1060 XII.

172 1083 465 1138 Adversus
494 1084 915 1140 Academicos...
943 1090 1041 1156 qui
1066 1090 1208 1142 nihil
1235 1090 1302 1143 ab
1326 1091 1536 1144 homine
1555 1094 1687 1146 sciri
1701 1107 1856 1161 posse
1884 1095 2232 1148 contendunt.
2249 1134 2284 1148 ..
2317 1100 2444 1148 sunt
2475 1096 2603 1150 libri
2632 1101 2738 1150 tres
2760 1101 2952 1165 nostri,
2973 1102 3147 1167 primo
3175 1106 3369 1156 nostrae
3397 1117 3606 1157 conver-

107 1173 282 1259 sionis
311 1177 541 1241 tempore
565 1176 888 1242 conscripti:
947 1191 1078 1243 quos
1127 1179 1224 1244 qui
1247 1181 1486 1245 potuerit
1513 1184 1564 1233 et
1591 1182 1817 1234 voluerit
1871 1181 2058 1246 legere,
2107 1183 2369 1249 lectosque
2399 1183 2744 1249 intellcmerit,
2776 1187 2920 1238 nihil
2948 1201 3067 1240 eum
3093 1190 3332 1255 profecto
3379 1207 3496 1259 qua:
3539 1191 3607 1244 ab

96 1258 176 1312 eis
204 1265 394 1313 contra
420 1265 815 1330 perceptionem
842 1265 1094 1318 veritatis
1122 1271 1443 1331 argumenta
1471 1269 1642 1322 multa
1667 1271 1888 1324 inventa
1916 1272 2059 1333 sunt,
2088 1268 2495 1335 permovebant.
2541 1269 2677 1323 Vide
2709 1271 2806 1323 lib.
2843 1272 3124 1327 Enchirid.
3158 1292 3205 1328 c.
3229 1279 3318 1331 20.

203 1347 363 1412 Vide
384 1361 708 1436 praeterea
731 1350 972 1417 librum
1010 1360 1070 1432 1,
1103 1375 1249 1441 cap.
1289 1361 1350 1433 1,
1377 1357 1974 1435 Retractationum,
2007 1355 2128 1420 col.
2166 1363 2490 1437 585-587,
2535 1380 2576 1422 a
2608 1357 2845 1440 verbis,
2892 1362 3054 1427 Cum
3083 1383 3249 1445 ergo
3290 1369 3603 1451 reliquis-

95 1474 276 1533 sem,
310 1477 377 1519 n.
419 1465 480 1536 4,
516 1477 723 1542 usque
752 1456 846 1522 ad
865 1456 1064 1523 verba
1095 1480 1160 1523 η.
1195 1467 1260 1540 4,
1296 1462 1655 1526 Hominem
1697 1465 1826 1527 sibi
1856 1468 2111 1545 aptum.
2345 1463 2430 1526 Μ.

643 1596 982 1607 ———-c

936 1597 1771 1784 ὲῖἷῦιῖἔῄξ

1978 1601 2768 1786 inﬁmi}

1359 1832 1908 1882 HIPPONENSIS
1975 1834 2345 1882 EPISCOPI

427 1835 3279 2134 ΟΟΝΤΗΚἚῨΞΚἨῈΜΙΟΟΞ

1411 2190 1779 2276 LIBRI
1855 2192 2292 2276 TBES‘“).

1191 2335 2481 2540 LIBER—P-BIMUS.

150 2587 521 2654 Romanianus
545 2585 609 2654 ad
636 2584 1022 2654 philosophiam
1053 2584 1304 2654 incitatur
1325 2583 1733 2654 prommiolibri
1750 2584 1938 2654 .hujus,
1970 2584 2028 2654 in
2057 2597 2160 2654 quo
2182 2583 2296 2646 ejus
2320 2583 2459 2654 filius
2487 2585 2749 2654 Licentius
2771 2588 3154 2654 cum_Tr3*getio
3180 2603 3272 2652 per
3299 2594 3403 2654 tres
3427 2591 3606 2654 dispu-

90 2651 324 2698 tationes
345 2646 700 2710 congreditur.
719 2646 818 2713 _l_lle
835 2646 943 2713 pro
978 2646 1301 2713 Academicis
1325 2646 1532 2713 beatam
1553 2646 1720 2713 vitam
1747 2646 1860 2713 ipsa
1883 2646 2380 2713 inquisitioneveri,
2407 2646 2493 2694 hic
2513 2652 2711 2713 contra
2741 2649 2953 2713 nonnisi
2980 2646 3098 2713 ’σννρτὶ
3135 2646 3605 2713 comprehensione

92 2715 340 2760 constare
374 2707 685 2772 prdpugnat.
719 2707 872 2759 Venit
895 2709 951 2756 iu
981 2708 1371 2757 contentionem
1407 2707 1643 2756 deﬁnitio
1672 2707 1883 2767 errbris,
1911 2721 2121 2756 necnon
2146 2707 2381 2756 deﬁnitio
2413 2708 2704 2769 sapientiae,
2742 2722 2858 2770 quze
2887 2710 3185 2760 luculenter
3209 2707 3513 2775 eiplicatur.

1691 2804 2006 2814 ._——_

93 2870 324 2923 CAPUT
356 2869 646 2923 PRIMUM.
685 2897 754 2907 -—
805 2869 1200 2922 Romanianum
1245 2865 1319 2919 ad
1345 2881 1526 2919 veram
1550 2867 1794 2935 philoso-

672 2957 864 3025 phiam
883 2956 1214 3009 cohortatur.

164 3051 209 3099 l.
267 3046 312 3100 0
360 3044 606 3111 utinam,
657 3043 1035 3110 Romaniane,
1085 3041 1382 3096 hominem
1435 3042 1544 3096 sibi
1595 3046 1793 3112 aptum

94 3136 170 3190 ita
198 3133 454 3188 vicissim
483 3133 662 3187 virtus
690 3133 935 3187 fortuna;
957 3131 1303 3202 repugnanti
1330 3135 1520 3201 posset
1548 3131 1791 3198 auferre,

99 3228 159 3277 ut
189 3223 263 3276 ab
297 3238 364 3276 ea
392 3221 500 3275 sibi
530 3221 742 3276 auferri
771 3221 1062 3274 neminem
1078 3220 1320 3290 patitur!
1340 3219 1462 3289 jam
1493 3218 1595 3272 tibi
1615 3219 1798 3288 profe-

92 3317 180 3365 cto
214 3310 501 3380 injecisset
520 3325 780 3377 manum,
803 3308 1003 3378 suique
1021 3307 1169 3378 juris
1191 3312 1244 3361 te
1266 3323 1384 3360 esse
1412 3307 1793 3377 proclamans,

93 3404 148 3452 et
172 3398 236 3451 in
266 3396 554 3450 bonorum
569 3394 1015 3449 certissimorum
1031 3393 1449 3465 possessionem
1473 3393 1794 3458 traducens,

92 3500 164 3538 ne
192 3483 490 3555 prosperis
509 3483 744 3554 quidem
777 3483 998 3536 casibus
1025 3482 1235 3536 servire
1263 3481 1640 3552 permitteret.
1688 3481 1796 3535 Sed

93 3572 372 3643 quoniam
398 3571 479 3626 ita
509 3577 900 3640 comparatum
921 3575 1024 3638 est,
1055 3569 1171 3624 sive
1197 3587 1302 3640 pro
1320 3569 1538 3623 meritis
1565 3568 1793 3629 nostris,

95 3662 209 3716 sive
225 3677 332 3731 pro
363 3661 699 3714 necessitate
721 3665 941 3714 natura
971 3660 1114 3728 (Lib.
1153 3663 1172 3712 l
1205 3661 1462 3723 Retract.,
1491 3674 1536 3711 c.
1575 3661 1624 3724 l,
1646 3658 1794 3724 n.‘2),

95 3755 158 3803 ut
197 3749 460 3803 divinum
491 3748 750 3802 animum
777 3748 1114 3802 mortalibus
1142 3747 1541 3811 inhrerentem,
1574 3761 1794 3815 nequa-

98 3853 276 3908 quam
301 3836 596 3907 sapientite
622 3841 823 3906 portus
854 3835 1111 3905 accipiat,
1138 3834 1234 3888 ubi
1259 3850 1446 3904 neque
1467 3834 1795 3887 adversante

97 3928 344 3980 fortunae
375 3925 537 3990 ﬂatu,
568 3941 756 3996 neque
787 3923 1132 3978 secundante
1161 3927 1484 3988 moveatur;
1510 3921 1621 3975 nisi
1639 3937 1706 3975 eo
1735 3921 1798 3974 il-

95 4016 217 4068 lum
248 4014 480 4068 fortuna
511 4013 654 4083 ipsa,
686 4013 775 4068 vel
805 4011 1073 4072 secunda,
1097 4011 1184 4066 vel
1218 4010 1381 4082 quasi
1411 4010 1646 4064 adversa
1675 4025 1800 4080 per-

98 4103 295 4156 ducat:
339 4101 483 4155 nihil
541 4117 644 4172 pro
693 4105 752 4156 te
790 4100 952 4155 nobis
990 4099 1146 4153 aliud
1177 4114 1350 4169 quam
1395 4101 1521 4152 vota
1561 4102 1796 4163 restant,

100 4190 314 4260 quibus
339 4189 410 4243 ab
441 4189 539 4250 illo
585 4190 677 4243 cui
720 4190 844 4244 hazc
877 4204 1027 4243 cura:
1067 4191 1198 4241 sunt
1230 4187 1360 4247 Deo,
1393 4185 1439 4238 si
1469 4201 1794 4254 possumus,

97 4277 478 4347 impetremus
512 4282 574 4331 ut
592 4282 646 4331 te
679 4277 781 4331 tibi
802 4276 1033 4341 reddat;
1065 4274 1146 4328 ita
1175 4273 1325 4326 enim
1344 4271 1508 4325 facile
1526 4271 1726 4324 reddet
1746 4276 1800 4324 et

97 4367 300 4432 nobis;
331 4365 595 4435 sinatque
624 4369 874 4418 mentem
908 4363 1067 4417 illam
1099 4365 1282 4426 tuam,
1313 4374 1443 4430 quae
1474 4357 1797 4428 respiratio-

100 4465 234 4502 nem
261 4448 487 4517 jamdiu
512 4446 777 4518 parturit,
797 4444 1104 4515 aliquando
1132 4442 1192 4496 in
1212 4457 1378 4496 auras
1397 4456 1546 4494 verae
1571 4439 1800 4494 liberta-

96 4535 168 4590 tis
210 4551 528 4606 emergere.
563 4534 784 4590 Etenim
809 4534 1046 4588 fortasse
1081 4548 1210 4604 quae
1240 4530 1410 4600 vulgo
1441 4528 1668 4583 fortuna
1695 4545 1799 4581 no-

97 4626 372 4690 minatur,
433 4625 650 4678 occulto
697 4623 948 4694 quodam
994 4621 1194 4676 ordine
1243 4618 1486 4689 regitur;
1542 4616 1802 4687 nihilque

101 4712 263 4766 aliud
293 4713 353 4766 in
382 4713 550 4766 rebus
567 4727 761 4766 casum
781 4727 1069 4776 vocamus,
1089 4709 1198 4764 nisi
1226 4708 1387 4778 cujus
1407 4705 1553 4759 ratio
1582 4710 1639 4759 et
1668 4721 1800 4759 cau-

103 4817 164 4854 sa
195 4805 413 4855 secreta
455 4806 541 4855 est
580 4801 802 4869 (Ibid.):
836 4800 1094 4870 nihilque
1127 4815 1223 4853 seu
1250 4795 1538 4852 commodi
1568 4811 1668 4849 seu
1706 4794 1800 4848 in-

164 4897 244 4958 (a)
283 4896 470 4960 Scripti
502 4897 600 4946 sub
629 4895 786 4944 ﬁnem
817 4895 944 4943 anni
977 4897 1085 4944 386.

1902 2863 2189 2919 commodi
2218 2863 2498 2934 contingit
2555 2865 2615 2919 in
2659 2869 2842 2934 parte,
2875 2867 3026 2936 quod
3083 2883 3196 2921 non
3227 2869 3523 2923 conveniat
3550 2875 3607 2924 et

1902 2956 2181 3022 congruat
2197 2952 2477 3007 universo.
2507 2953 2689 3016 Quam
2705 2953 3050 3008 sententiam
3062 2954 3483 3010 uberrimarum
3508 2957 3606 3010 do-

1903 3042 2217 3095 ctrinarum
2239 3040 2484 3094 oraculis
2504 3041 2744 3108 editam,
2763 3046 3160 3113 remotamque
3182 3044 3512 3115 longissime
3533 3047 3604 3099 ab

1901 3129 2197 3185 intellectu
2220 3129 2623 3201 profanarum,
2657 3147 2716 3183 se
2740 3131 3253 3186 demonstraturam
3277 3132 3422 3185 veris
3445 3149 3602 3187 ama-

1902 3217 2122 3272 toribus
2151 3218 2288 3285 suis,
2314 3218 2386 3272 ad
2433 3233 2605 3289 quam
2639 3223 2692 3272 te
2724 3218 2923 3285 invito,
2978 3219 3343 3290 philosophia
3370 3221 3602 3290 pollice-

1902 3311 2014 3361 tur.
2050 3307 2454 3370 Quamobrem,
2489 3323 2618 3361 cum
2650 3307 2753 3361 tibi
2782 3311 2880 3362 tuo
2925 3307 3117 3362 animo
3161 3308 3396 3378 indigna
3427 3310 3606 3363 multa

1905 3394 2193 3461 accidunt;
2227 3411 2299 3449 ne
2329 3400 2384 3449 te
2412 3395 2534 3465 ipse
2565 3401 2916 3450 contemnas.
2951 3396 3088 3450 Nam
3121 3395 3166 3450 si
3195 3396 3382 3451 divina
3411 3398 3603 3467 provi-

1905 3482 2099 3537 dentia
2126 3483 2488 3553 pertenditur
2516 3500 2700 3554 usque
2728 3484 2800 3538 ad
2828 3500 2951 3551 nos,
2993 3485 3150 3554 quod
3178 3484 3416 3538 minime
3444 3484 3605 3539 dubi-

1903 3571 2141 3625 tandum
2173 3576 2291 3637 est;
2321 3571 2466 3624 mihi
2492 3572 2676 3636 crede,
2707 3571 2784 3625 sic
2815 3576 3004 3626 tecum
3022 3571 3115 3642 agi
3137 3576 3365 3641 oportet
3391 3577 3456 3626 ut
3481 3573 3603 3642 agi-

1861 3691 1866 3696 -
1904 3663 2017 3712 tur.
2043 3659 2184 3712 Nam
2205 3674 2335 3712 cum
2365 3661 2544 3724 tanta,
2569 3663 2845 3728 quantam
2872 3674 3100 3728 semper
3121 3659 3394 3727 admiror,
3413 3659 3603 3713 indole

1905 3749 2022 3812 tua,
2069 3743 2138 3798 ab
2186 3744 2421 3798 ineunte
2477 3744 2862 3798 adolescentia
2912 3745 3095 3798 adhuc
3153 3743 3384 3799 inﬁrmo
3430 3745 3602 3799 ratio-

1906 3835 1995 3888 nis
2036 3839 2207 3905 atque
2238 3835 2493 3904 lapsante
2525 3834 2764 3904 vestigio
2792 3834 3109 3888 humanam
3138 3836 3312 3889 vitam
3345 3851 3604 3890 errorum

1907 3922 2167 3976 omnium
2187 3921 2581 3992 plenissimam
2604 3922 3020 3993 ingredereris;
3049 3922 3272 3994 excepit
3291 3927 3347 3977 te
3369 3923 3607 3978 circum-

1907 4009 2143 4064 ﬂuentia
2172 4009 2524 4076 divitiarum,
2549 4026 2678 4081 quae
2696 4011 2853 4064 illam
2876 4015 3100 4065 aetatem
3127 4014 3297 4082 atque
3321 4012 3603 4076 animum,

1907 4114 2036 4168 qua:
2064 4098 2305 4168 pulchra
2333 4101 2389 4150 et
2419 4098 2658 4152 honesta
2687 4098 3028 4152 videbantur
3057 4099 3216 4152 avide
3244 4103 3604 4169 sequentem,

1906 4186 2254 4240 illecebrosis
2283 4189 2532 4256 cmperat
2562 4186 2865 4240 absorbere
2897 4186 3239 4257 gurgitibus,
3257 4186 3368 4240 nisi
3396 4186 3530 4238 inde
3551 4189 3605 4238 te

1908 4273 2152 4326 fortunae
2181 4272 2267 4325 illi
2291 4272 2480 4337 ﬂatus,
2529 4272 2630 4342 qui
2662 4277 2940 4342 putantur
2969 4272 3209 4339 adversi,
3244 4271 3608 4343 erupuissent

1909 4376 2056 4430 pene
2085 4363 2459 4429 mergentem.

1978 4450 2032 4500 2.
2064 4450 2150 4500 An
2178 4463 2310 4500 vero
2337 4447 2386 4500 si
2415 4447 2682 4503 edentem
2701 4451 2764 4513 te
2791 4463 3035 4502 munera
3058 4461 3318 4501 ursorum
3340 4445 3357 4478 ¹
3382 4451 3437 4501 et
3464 4462 3607 4502 nun-

1909 4551 2084 4606 quam
2114 4535 2194 4589 ibi
2234 4540 2403 4590 antea
2431 4536 2548 4590 visa
2578 4536 2900 4607 spectacula
2927 4535 3143 4589 civibus
3181 4535 3411 4603 nostris,
3445 4537 3606 4590 thea-

1909 4623 2085 4677 tricus
2141 4624 2375 4693 plausus
2434 4641 2662 4696 semper
2708 4623 3130 4695 prosperrimus
3176 4623 3511 4694 accepisset;
3561 4625 3607 4678 si

1911 4712 2215 4765 stultorum
2239 4711 2562 4780 hominum,
2589 4727 2836 4783 quorum
2858 4710 3138 4764 immensa
3154 4710 3320 4764 turba
3342 4717 3446 4778 est,
3478 4728 3610 4766 con-

1909 4799 2061 4853 ﬂatis
2090 4803 2144 4853 et
2174 4800 2660 4854 consentientibus
2676 4799 2905 4853 vocibus
2936 4799 3163 4854 ferreris
3193 4800 3259 4854 ad
3291 4801 3528 4870 coelum;
3562 4801 3608 4854 si

1909 4903 2079 4942 nemo
2109 4888 2216 4943 tibi
2259 4890 2492 4944 auderet
2519 4905 2638 4943 esse
2690 4887 2987 4955 inimicus;
3021 4888 3069 4942 si
3109 4887 3484 4959 municipales
3522 4893 3607 4942 ta-

1425 4983 1692 5020 ADIONITIO
1730 4985 1784 5019 PP
1793 5009 1804 5020 .
1837 4987 2290 5027 BENEDXCTINOBUI.

166 5059 261 5106 His
277 5056 598 5119 castigandis
609 5055 800 5119 (libris)
809 5055 1035 5119 adhibiti
1055 5057 1180 5119 sunt
1194 5054 1314 5119 Mss.
1330 5053 1616 5119 Germanae
1625 5050 1712 5108 sis,
1728 5052 2071 5104 Michaelinus
2083 5056 2535 5119 Theodericensis,
2550 5056 2870 5114 Albinensis,
2885 5055 3200 5116 Casalensis,
3213 5056 3468 5105 Victorini
3483 5055 3606 5115 duo,

103 5119 383 5169 Sorbonici
409 5110 535 5179 ‘t'res,
567 5110 792 5180 Regius;
805 5117 1108 5175 Vaticanus,
1139 5114 1407 5163 Lectiones
1443 5110 1771 5172 Belgicorum
1810 5122 2036 5178 quatuor
2055 5118 2194 5182 apud
2228 5121 2352 5170 Lov.
2385 5110 2592 5167 necnon
2622 5110 2882 5168 editiones
2913 5119 3039 5168 Bad.
3067 5110 3198 5167 Am;
3225 5119 3310 5167 Er.
3333 5119 3457 5166 Lov.

200 5197 759 5287 Comparavimus
795 5207 1117 5285 praeterea
1170 5214 1279 5258 eas
1331 5211 1551 5257 omnes
1593 5188 1905 5263 editiones
1950 5198 2140 5264 initio
2182 5201 2756 5266 Retractationum
2795 5206 2861 5264 et
2907 5201 3429 5266 Confessionum
3474 5217 3607 5261 me-

99 5308 420 5362 moratas.
875 5295 960 5358 M.

170 5403 187 5434 ¹
224 5399 370 5460 Bad.,
402 5412 632 5450 munera
657 5409 962 5462 cursorum.
986 5394 1085 5462 Sed
1105 5395 1193 5462 alii
1215 5393 1341 5442 Cdd.
1370 5403 1577 5462 summo
1596 5390 1733 5462 inter
1751 5409 1806 5444 se

112 5451 377 5511 consensu
398 5462 598 5511 habent
617 5473 898 5511 ursorum.
917 5456 1230 5506 Inusitatum
1257 5454 1543 5517 quodpiam
1556 5451 1806 5506 ludorum

111 5524 390 5591 genushic
407 5525 681 5591 nominare
701 5523 870 5572 voluit
887 5517 1418 5591 Augustinuszliud-os
1433 5527 1642 5591 nempe,
1683 5519 1807 5580 quia

105 5579 400 5636 liberaliter
432 5585 628 5650 pepulo
667 5595 947 5634 munerum
968 5579 1135 5631 instar
1157 5579 1562 5644 exhibebantur,
1589 5579 1806 5631 munera

468 5684 743 5750 PATBOL.
794 5681 1042 5750 XXXII.

1913 5401 2210 5463 vocabant:
2235 5399 2367 5463 Hinc
2415 5399 2481 5463 de
2526 5399 2666 5449 ludis
2699 5400 2946 5463 praestitis
2979 5413 3088 5449 non
3125 5398 3261 5463 male
3301 5395 3613 5463 intelligitur

1915 5461 2125 5511 concilii
2157 5461 2460 5511 Eliberitani
2497 5475 2619 5511 can.
2655 5458 2716 5510 3:"
2743 5481 2768 5506 α
2816 5462 3076 5511 Flamines
3101 5461 3190 5522 qui
3219 5472 3328 5509 non
3371 5458 3611 5507 immola-

1915 5524 2114 5573 verint:
2148 5523 2237 5573 sed
2269 5537 2508 5574 «munus
2527 5527 2734 5573 tantum
2761 5522 3018 5584 dederint,
3049 5540 3076 5567 ››
3099 5526 3198 5571 etc.

2757 5685 2778 5764 (
2796 5679 3234 5765 Vingt-neuf.)
