  <div class='ocr_page' id='page_1' title='image "/cluster/home/n/w/nwhite01/storage/ocr_20150623/32/hvd.32044096580550/473.png"; bbox 0 0 3996 6170; ppageno 0'>
   <div class='ocr_carea' id='block_1_1' title="bbox 459 319 559 373">
    <p class='ocr_par' dir='ltr' id='par_1_1' title="bbox 459 319 559 373">
     <span class='ocr_line' id='line_1_1' title="bbox 459 319 559 373; baseline -0.01 0"><span class='ocrx_word' id='word_1_1' title='bbox 459 319 559 373; x_wconf 86' lang='grc'>907</span> 
     </span>
    </p>
   </div>
   <div class='ocr_carea' id='block_1_2' title="bbox 458 447 2150 519">
    <p class='ocr_par' dir='ltr' id='par_1_2' title="bbox 458 447 2150 519">
     <span class='ocr_line' id='line_1_2' title="bbox 458 447 2150 519; baseline -0.006 -8"><span class='ocrx_word' id='word_1_2' title='bbox 458 456 608 511; x_wconf 66' lang='lat' dir='ltr'>bula:</span> <span class='ocrx_word' id='word_1_3' title='bbox 628 459 683 509; x_wconf 92' lang='lat' dir='ltr'>te</span> <span class='ocrx_word' id='word_1_4' title='bbox 714 470 829 509; x_wconf 91' lang='lat' dir='ltr'>non</span> <span class='ocrx_word' id='word_1_5' title='bbox 848 453 1036 509; x_wconf 90' lang='lat' dir='ltr'>solum</span> <span class='ocrx_word' id='word_1_6' title='bbox 1059 451 1289 519; x_wconf 81' lang='lat' dir='ltr'>civium,</span> <span class='ocrx_word' id='word_1_7' title='bbox 1308 450 1405 505; x_wconf 91' lang='lat' dir='ltr'>sed</span> <span class='ocrx_word' id='word_1_8' title='bbox 1423 450 1598 505; x_wconf 89' lang='lat' dir='ltr'>etiam</span> <span class='ocrx_word' id='word_1_9' title='bbox 1620 447 1937 503; x_wconf 89' lang='lat' dir='ltr'>vicinorum</span> <span class='ocrx_word' id='word_1_10' title='bbox 1957 451 2150 519; x_wconf 88' lang='lat' dir='ltr'>patro-</span> 
     </span>
    </p>
   </div>
   <div class='ocr_carea' id='block_1_3' title="bbox 460 536 2155 613">
    <p class='ocr_par' dir='ltr' id='par_1_3' title="bbox 460 536 2155 613">
     <span class='ocr_line' id='line_1_3' title="bbox 460 536 2155 613; baseline -0.005 -15"><span class='ocrx_word' id='word_1_11' title='bbox 460 560 601 598; x_wconf 90' lang='lat' dir='ltr'>num</span> <span class='ocrx_word' id='word_1_12' title='bbox 632 559 743 597; x_wconf 72' lang='lat' dir='ltr'>tere</span> <span class='ocrx_word' id='word_1_13' title='bbox 782 542 1104 613; x_wconf 80' lang='lat' dir='ltr'>signarent;</span> <span class='ocrx_word' id='word_1_14' title='bbox 1152 540 1566 595; x_wconf 80' lang='lat' dir='ltr'>collocarentur</span> <span class='ocrx_word' id='word_1_15' title='bbox 1590 540 1815 600; x_wconf 83' lang='lat' dir='ltr'>statuae,</span> <span class='ocrx_word' id='word_1_16' title='bbox 1842 536 2155 591; x_wconf 85' lang='lat' dir='ltr'>influerent</span> 
     </span>
    </p>
   </div>
   <div class='ocr_carea' id='block_1_4' title="bbox 459 625 2154 699">
    <p class='ocr_par' dir='ltr' id='par_1_4' title="bbox 459 625 2154 699">
     <span class='ocr_line' id='line_1_4' title="bbox 459 625 2154 699; baseline -0.005 -12"><span class='ocrx_word' id='word_1_17' title='bbox 459 634 728 698; x_wconf 83' lang='lat' dir='ltr'>honores,</span> <span class='ocrx_word' id='word_1_18' title='bbox 744 631 1091 685; x_wconf 79' lang='lat' dir='ltr'>adderentur</span> <span class='ocrx_word' id='word_1_19' title='bbox 1102 629 1273 683; x_wconf 91' lang='lat' dir='ltr'>etiam</span> <span class='ocrx_word' id='word_1_20' title='bbox 1287 630 1587 699; x_wconf 89' lang='lat' dir='ltr'>potetates,</span> <span class='ocrx_word' id='word_1_21' title='bbox 1605 642 1732 697; x_wconf 65' lang='lat' dir='ltr'>quae</span> <span class='ocrx_word' id='word_1_22' title='bbox 1745 625 2154 697; x_wconf 82' lang='lat' dir='ltr'>municipalem</span> 
     </span>
    </p>
   </div>
   <div class='ocr_carea' id='block_1_5' title="bbox 460 713 2154 789">
    <p class='ocr_par' dir='ltr' id='par_1_5' title="bbox 460 713 2154 789">
     <span class='ocr_line' id='line_1_5' title="bbox 460 713 2154 789; baseline -0.005 -13"><span class='ocrx_word' id='word_1_23' title='bbox 460 722 718 776; x_wconf 86' lang='lat' dir='ltr'>habitum</span> <span class='ocrx_word' id='word_1_24' title='bbox 735 720 1221 789; x_wconf 89' lang='lat' dir='ltr'>supercrescerent</span> <span class='ocrx_word' id='word_1_25' title='bbox 1240 733 1253 783; x_wconf 91' lang='lat'>;</span> <span class='ocrx_word' id='word_1_26' title='bbox 1280 714 1550 769; x_wconf 85' lang='lat' dir='ltr'>conviviis</span> <span class='ocrx_word' id='word_1_27' title='bbox 1564 713 1918 786; x_wconf 90' lang='lat' dir='ltr'>quotidianis</span> <span class='ocrx_word' id='word_1_28' title='bbox 1939 730 2154 768; x_wconf 75' lang='lat' dir='ltr'>mensae</span> 
     </span>
    </p>
   </div>
   <div class='ocr_carea' id='block_1_6' title="bbox 463 801 2157 881">
    <p class='ocr_par' dir='ltr' id='par_1_6' title="bbox 463 801 2157 881">
     <span class='ocr_line' id='line_1_6' title="bbox 463 801 2157 881; baseline -0.005 -17"><span class='ocrx_word' id='word_1_29' title='bbox 463 811 670 881; x_wconf 71' lang='lat' dir='ltr'>cpimzu</span> <span class='ocrx_word' id='word_1_30' title='bbox 700 810 1089 870; x_wconf 81' lang='lat' dir='ltr'>struerentur;</span> <span class='ocrx_word' id='word_1_31' title='bbox 1124 805 1279 875; x_wconf 89' lang='lat' dir='ltr'>quod</span> <span class='ocrx_word' id='word_1_32' title='bbox 1308 804 1515 875; x_wconf 89' lang='lat' dir='ltr'>cuique</span> <span class='ocrx_word' id='word_1_33' title='bbox 1549 807 1695 857; x_wconf 87' lang='lat' dir='ltr'>esset</span> <span class='ocrx_word' id='word_1_34' title='bbox 1722 818 1972 871; x_wconf 89' lang='lat' dir='ltr'>necesse,</span> <span class='ocrx_word' id='word_1_35' title='bbox 2002 801 2157 873; x_wconf 90' lang='lat' dir='ltr'>quod</span> 
     </span>
    </p>
   </div>
   <div class='ocr_carea' id='block_1_7' title="bbox 463 890 2158 966">
    <p class='ocr_par' dir='ltr' id='par_1_7' title="bbox 463 890 2158 966">
     <span class='ocr_line' id='line_1_7' title="bbox 463 890 2158 966; baseline -0.004 -16"><span class='ocrx_word' id='word_1_36' title='bbox 463 898 550 965; x_wconf 88' lang='lat' dir='ltr'>cuj</span> <span class='ocrx_word' id='word_1_37' title='bbox 560 912 736 966; x_wconf 88' lang='lat' dir='ltr'>usque</span> <span class='ocrx_word' id='word_1_38' title='bbox 749 895 918 948; x_wconf 88' lang='lat' dir='ltr'>etiam</span> <span class='ocrx_word' id='word_1_39' title='bbox 934 893 1148 948; x_wconf 63' lang='lat' dir='ltr'>deliciae</span> <span class='ocrx_word' id='word_1_40' title='bbox 1163 893 1405 955; x_wconf 82' lang='lat' dir='ltr'>sitirent,</span> <span class='ocrx_word' id='word_1_41' title='bbox 1422 892 1811 946; x_wconf 84' lang='lat' dir='ltr'>indubitanter</span> <span class='ocrx_word' id='word_1_42' title='bbox 1822 895 2062 962; x_wconf 86' lang='lat' dir='ltr'>peteret,</span> <span class='ocrx_word' id='word_1_43' title='bbox 2079 890 2158 943; x_wconf 87' lang='lat' dir='ltr'>in-</span> 
     </span>
    </p>
   </div>
   <div class='ocr_carea' id='block_1_8' title="bbox 461 978 2159 1050">
    <p class='ocr_par' dir='ltr' id='par_1_8' title="bbox 461 978 2159 1050">
     <span class='ocr_line' id='line_1_8' title="bbox 461 978 2159 1050; baseline -0.003 -13"><span class='ocrx_word' id='word_1_44' title='bbox 461 985 786 1038; x_wconf 74' lang='lat' dir='ltr'>dubitanter</span> <span class='ocrx_word' id='word_1_45' title='bbox 806 982 1080 1050; x_wconf 84' lang='lat' dir='ltr'>hauriret,</span> <span class='ocrx_word' id='word_1_46' title='bbox 1096 983 1275 1035; x_wconf 90' lang='lat' dir='ltr'>multa</span> <span class='ocrx_word' id='word_1_47' title='bbox 1294 981 1469 1035; x_wconf 89' lang='lat' dir='ltr'>etiam</span> <span class='ocrx_word' id='word_1_48' title='bbox 1491 996 1608 1034; x_wconf 95' lang='lat' dir='ltr'>non</span> <span class='ocrx_word' id='word_1_49' title='bbox 1631 980 1954 1050; x_wconf 86' lang='lat' dir='ltr'>petentibus</span> <span class='ocrx_word' id='word_1_50' title='bbox 1967 978 2159 1033; x_wconf 83' lang='lat' dir='ltr'>funde-</span> 
     </span>
    </p>
   </div>
   <div class='ocr_carea' id='block_1_9' title="bbox 462 1065 2158 1141">
    <p class='ocr_par' dir='ltr' id='par_1_9' title="bbox 462 1065 2158 1141">
     <span class='ocr_line' id='line_1_9' title="bbox 462 1065 2158 1141; baseline -0.005 -14"><span class='ocrx_word' id='word_1_51' title='bbox 462 1077 691 1137; x_wconf 84' lang='lat' dir='ltr'>rentur;</span> <span class='ocrx_word' id='word_1_52' title='bbox 708 1087 911 1141; x_wconf 87' lang='lat' dir='ltr'>resque</span> <span class='ocrx_word' id='word_1_53' title='bbox 932 1070 1055 1139; x_wconf 90' lang='lat' dir='ltr'>ipsa</span> <span class='ocrx_word' id='word_1_54' title='bbox 1074 1069 1369 1123; x_wconf 83' lang='lat' dir='ltr'>familiaris</span> <span class='ocrx_word' id='word_1_55' title='bbox 1386 1068 1692 1138; x_wconf 80' lang='lat' dir='ltr'>diligenter</span> <span class='ocrx_word' id='word_1_56' title='bbox 1710 1084 1741 1120; x_wconf 90' lang='lat' dir='ltr'>a</span> <span class='ocrx_word' id='word_1_57' title='bbox 1762 1067 1873 1121; x_wconf 87' lang='lat' dir='ltr'>tuis</span> <span class='ocrx_word' id='word_1_58' title='bbox 1890 1065 2158 1121; x_wconf 83' lang='lat' dir='ltr'>ﬁdeliter-</span> 
     </span>
    </p>
   </div>
   <div class='ocr_carea' id='block_1_10' title="bbox 461 1153 2160 1230">
    <p class='ocr_par' dir='ltr' id='par_1_10' title="bbox 461 1153 2160 1230">
     <span class='ocr_line' id='line_1_10' title="bbox 461 1153 2160 1230; baseline -0.004 -18"><span class='ocrx_word' id='word_1_59' title='bbox 461 1174 568 1230; x_wconf 86' lang='lat' dir='ltr'>que</span> <span class='ocrx_word' id='word_1_60' title='bbox 580 1158 995 1221; x_wconf 85' lang='lat' dir='ltr'>administrata,</span> <span class='ocrx_word' id='word_1_61' title='bbox 1011 1156 1273 1209; x_wconf 88' lang='lat' dir='ltr'>idoneam</span> <span class='ocrx_word' id='word_1_62' title='bbox 1286 1171 1343 1208; x_wconf 92' lang='lat' dir='ltr'>se</span> <span class='ocrx_word' id='word_1_63' title='bbox 1358 1154 1529 1208; x_wconf 87' lang='lat' dir='ltr'>tantis</span> <span class='ocrx_word' id='word_1_64' title='bbox 1544 1153 1864 1223; x_wconf 86' lang='lat' dir='ltr'>sumptibus</span> <span class='ocrx_word' id='word_1_65' title='bbox 1875 1157 2160 1222; x_wconf 90' lang='lat' dir='ltr'>paratam-</span> 
     </span>
    </p>
   </div>
   <div class='ocr_carea' id='block_1_11' title="bbox 462 1238 2158 1316">
    <p class='ocr_par' dir='ltr' id='par_1_11' title="bbox 462 1238 2158 1316">
     <span class='ocr_line' id='line_1_11' title="bbox 462 1238 2158 1316; baseline -0.004 -17"><span class='ocrx_word' id='word_1_66' title='bbox 462 1262 573 1316; x_wconf 88' lang='lat' dir='ltr'>que</span> <span class='ocrx_word' id='word_1_67' title='bbox 600 1245 879 1315; x_wconf 83' lang='lat' dir='ltr'>praeberet</span> <span class='ocrx_word' id='word_1_68' title='bbox 894 1247 980 1310; x_wconf 89' lang='lat' dir='ltr'>;tu</span> <span class='ocrx_word' id='word_1_69' title='bbox 996 1244 1215 1297; x_wconf 87' lang='lat' dir='ltr'>interea</span> <span class='ocrx_word' id='word_1_70' title='bbox 1226 1242 1443 1296; x_wconf 76' lang='lat' dir='ltr'>viveres</span> <span class='ocrx_word' id='word_1_71' title='bbox 1454 1241 1514 1294; x_wconf 91' lang='lat' dir='ltr'>in</span> <span class='ocrx_word' id='word_1_72' title='bbox 1528 1240 1901 1294; x_wconf 67' lang='lat' dir='ltr'>aedificiorum</span> <span class='ocrx_word' id='word_1_73' title='bbox 1918 1238 2158 1310; x_wconf 85' lang='lat' dir='ltr'>exquisi-</span> 
     </span>
    </p>
   </div>
   <div class='ocr_carea' id='block_1_12' title="bbox 464 1327 2161 1399">
    <p class='ocr_par' dir='ltr' id='par_1_12' title="bbox 464 1327 2161 1399">
     <span class='ocr_line' id='line_1_12' title="bbox 464 1327 2161 1399; baseline -0.005 -11"><span class='ocrx_word' id='word_1_74' title='bbox 464 1334 699 1388; x_wconf 89' lang='lat' dir='ltr'>tissimis</span> <span class='ocrx_word' id='word_1_75' title='bbox 725 1332 990 1399; x_wconf 87' lang='lat' dir='ltr'>molibus,</span> <span class='ocrx_word' id='word_1_76' title='bbox 1012 1330 1072 1384; x_wconf 90' lang='lat' dir='ltr'>in</span> <span class='ocrx_word' id='word_1_77' title='bbox 1104 1331 1287 1383; x_wconf 89' lang='lat' dir='ltr'>nitore</span> <span class='ocrx_word' id='word_1_78' title='bbox 1303 1328 1662 1394; x_wconf 87' lang='lat' dir='ltr'>balnearum,</span> <span class='ocrx_word' id='word_1_79' title='bbox 1692 1327 1751 1381; x_wconf 91' lang='lat' dir='ltr'>in</span> <span class='ocrx_word' id='word_1_80' title='bbox 1774 1327 2004 1382; x_wconf 88' lang='lat' dir='ltr'>tesseris</span> <span class='ocrx_word' id='word_1_81' title='bbox 2021 1343 2161 1398; x_wconf 90' lang='lat' dir='ltr'>quas</span> 
     </span>
    </p>
   </div>
   <div class='ocr_carea' id='block_1_13' title="bbox 464 1414 2161 1489">
    <p class='ocr_par' dir='ltr' id='par_1_13' title="bbox 464 1414 2161 1489">
     <span class='ocr_line' id='line_1_13' title="bbox 464 1414 2161 1489; baseline -0.004 -15"><span class='ocrx_word' id='word_1_82' title='bbox 464 1421 732 1475; x_wconf 87' lang='lat' dir='ltr'>honestas</span> <span class='ocrx_word' id='word_1_83' title='bbox 752 1437 871 1474; x_wconf 92' lang='lat' dir='ltr'>non</span> <span class='ocrx_word' id='word_1_84' title='bbox 894 1419 1129 1489; x_wconf 85' lang='lat' dir='ltr'>respuit,</span> <span class='ocrx_word' id='word_1_85' title='bbox 1158 1418 1219 1471; x_wconf 91' lang='lat' dir='ltr'>in</span> <span class='ocrx_word' id='word_1_86' title='bbox 1236 1416 1555 1483; x_wconf 87' lang='lat' dir='ltr'>venatibus,</span> <span class='ocrx_word' id='word_1_87' title='bbox 1579 1415 1639 1469; x_wconf 92' lang='lat' dir='ltr'>in</span> <span class='ocrx_word' id='word_1_88' title='bbox 1660 1415 1949 1480; x_wconf 89' lang='lat' dir='ltr'>conviviis,</span> <span class='ocrx_word' id='word_1_89' title='bbox 1982 1414 2042 1468; x_wconf 91' lang='lat' dir='ltr'>in</span> <span class='ocrx_word' id='word_1_90' title='bbox 2064 1430 2161 1468; x_wconf 89' lang='lat' dir='ltr'>ore</span> 
     </span>
    </p>
   </div>
   <div class='ocr_carea' id='block_1_14' title="bbox 466 1504 2159 1581">
    <p class='ocr_par' dir='ltr' id='par_1_14' title="bbox 466 1504 2159 1581">
     <span class='ocr_line' id='line_1_14' title="bbox 466 1504 2159 1581; baseline -0.003 -20"><span class='ocrx_word' id='word_1_91' title='bbox 466 1508 788 1576; x_wconf 84' lang='lat' dir='ltr'>clientium,</span> <span class='ocrx_word' id='word_1_92' title='bbox 821 1507 881 1560; x_wconf 93' lang='lat' dir='ltr'>in</span> <span class='ocrx_word' id='word_1_93' title='bbox 910 1522 1005 1560; x_wconf 92' lang='lat' dir='ltr'>ore</span> <span class='ocrx_word' id='word_1_94' title='bbox 1035 1505 1267 1581; x_wconf 65' lang='lat' dir='ltr'>civium,</span> <span class='ocrx_word' id='word_1_95' title='bbox 1302 1504 1361 1558; x_wconf 94' lang='lat' dir='ltr'>in</span> <span class='ocrx_word' id='word_1_96' title='bbox 1405 1520 1502 1558; x_wconf 92' lang='lat' dir='ltr'>ore</span> <span class='ocrx_word' id='word_1_97' title='bbox 1535 1504 1783 1574; x_wconf 85' lang='lat' dir='ltr'>denique</span> <span class='ocrx_word' id='word_1_98' title='bbox 1813 1504 2159 1574; x_wconf 90' lang='lat' dir='ltr'>populorum</span> 
     </span>
    </p>
   </div>
   <div class='ocr_carea' id='block_1_15' title="bbox 467 1591 2162 1660">
    <p class='ocr_par' dir='ltr' id='par_1_15' title="bbox 467 1591 2162 1660">
     <span class='ocr_line' id='line_1_15' title="bbox 467 1591 2162 1660; baseline -0.005 -9"><span class='ocrx_word' id='word_1_99' title='bbox 467 1595 935 1660; x_wconf 89' lang='lat' dir='ltr'>humanissimus,</span> <span class='ocrx_word' id='word_1_100' title='bbox 959 1593 1409 1658; x_wconf 88' lang='lat' dir='ltr'>liberalissimus,</span> <span class='ocrx_word' id='word_1_101' title='bbox 1442 1591 1876 1658; x_wconf 88' lang='lat' dir='ltr'>mundissimus,</span> <span class='ocrx_word' id='word_1_102' title='bbox 1902 1592 2162 1646; x_wconf 90' lang='lat' dir='ltr'>fortuna-</span> 
     </span>
    </p>
   </div>
   <div class='ocr_carea' id='block_1_16' title="bbox 468 1679 2164 1751">
    <p class='ocr_par' dir='ltr' id='par_1_16' title="bbox 468 1679 2164 1751">
     <span class='ocr_line' id='line_1_16' title="bbox 468 1679 2164 1751; baseline -0.004 -13"><span class='ocrx_word' id='word_1_103' title='bbox 468 1685 738 1750; x_wconf 77' lang='lat' dir='ltr'>tissimus,</span> <span class='ocrx_word' id='word_1_104' title='bbox 769 1688 834 1737; x_wconf 92' lang='lat' dir='ltr'>ut</span> <span class='ocrx_word' id='word_1_105' title='bbox 860 1682 1017 1736; x_wconf 83' lang='lat' dir='ltr'>fuisti</span> <span class='ocrx_word' id='word_1_106' title='bbox 1046 1682 1086 1747; x_wconf 80' lang='grc' dir='ltr'>ί,</span> <span class='ocrx_word' id='word_1_107' title='bbox 1108 1681 1435 1751; x_wconf 88' lang='lat' dir='ltr'>jactareris:</span> <span class='ocrx_word' id='word_1_108' title='bbox 1472 1680 1776 1751; x_wconf 87' lang='lat' dir='ltr'>quisquam</span> <span class='ocrx_word' id='word_1_109' title='bbox 1802 1679 1928 1745; x_wconf 89' lang='lat' dir='ltr'>tibi,</span> <span class='ocrx_word' id='word_1_110' title='bbox 1962 1680 2164 1733; x_wconf 53' lang='lat' dir='ltr'>Roma.</span> 
     </span>
    </p>
   </div>
   <div class='ocr_carea' id='block_1_17' title="bbox 468 1767 2162 1839">
    <p class='ocr_par' dir='ltr' id='par_1_17' title="bbox 468 1767 2162 1839">
     <span class='ocr_line' id='line_1_17' title="bbox 468 1767 2162 1839; baseline -0.004 -13"><span class='ocrx_word' id='word_1_111' title='bbox 468 1773 659 1838; x_wconf 86' lang='lat' dir='ltr'>niane,</span> <span class='ocrx_word' id='word_1_112' title='bbox 692 1772 871 1825; x_wconf 83' lang='lat' dir='ltr'>beatae</span> <span class='ocrx_word' id='word_1_113' title='bbox 902 1770 1135 1823; x_wconf 88' lang='lat' dir='ltr'>alterius</span> <span class='ocrx_word' id='word_1_114' title='bbox 1164 1769 1316 1837; x_wconf 66' lang='lat' dir='ltr'>vitai,</span> <span class='ocrx_word' id='word_1_115' title='bbox 1352 1784 1481 1839; x_wconf 65' lang='lat' dir='ltr'>quas</span> <span class='ocrx_word' id='word_1_116' title='bbox 1511 1768 1633 1821; x_wconf 92' lang='lat' dir='ltr'>sola</span> <span class='ocrx_word' id='word_1_117' title='bbox 1660 1768 1825 1822; x_wconf 88' lang='lat' dir='ltr'>beata</span> <span class='ocrx_word' id='word_1_118' title='bbox 1855 1772 1961 1836; x_wconf 88' lang='lat' dir='ltr'>est,</span> <span class='ocrx_word' id='word_1_119' title='bbox 2007 1767 2162 1838; x_wconf 91' lang='lat' dir='ltr'>quis-</span> 
     </span>
    </p>
   </div>
   <div class='ocr_carea' id='block_1_18' title="bbox 470 1855 2164 1931">
    <p class='ocr_par' dir='ltr' id='par_1_18' title="bbox 470 1855 2164 1931">
     <span class='ocr_line' id='line_1_18' title="bbox 470 1855 2164 1931; baseline -0.002 -19"><span class='ocrx_word' id='word_1_120' title='bbox 470 1876 665 1931; x_wconf 86' lang='lat' dir='ltr'>quam,</span> <span class='ocrx_word' id='word_1_121' title='bbox 696 1875 911 1929; x_wconf 81' lang='lat' dir='ltr'>qumso,</span> <span class='ocrx_word' id='word_1_122' title='bbox 958 1856 1314 1911; x_wconf 86' lang='lat' dir='ltr'>mentionem</span> <span class='ocrx_word' id='word_1_123' title='bbox 1344 1857 1529 1910; x_wconf 89' lang='lat' dir='ltr'>facere</span> <span class='ocrx_word' id='word_1_124' title='bbox 1561 1855 1829 1910; x_wconf 77' lang='lat' dir='ltr'>auderet?</span> <span class='ocrx_word' id='word_1_125' title='bbox 1861 1855 2164 1925; x_wconf 89' lang='lat' dir='ltr'>quisquam</span> 
     </span>
    </p>
   </div>
   <div class='ocr_carea' id='block_1_19' title="bbox 470 1945 2164 2017">
    <p class='ocr_par' dir='ltr' id='par_1_19' title="bbox 470 1945 2164 2017">
     <span class='ocr_line' id='line_1_19' title="bbox 470 1945 2164 2017; baseline -0.004 -16"><span class='ocrx_word' id='word_1_126' title='bbox 470 1947 574 2002; x_wconf 88' lang='lat' dir='ltr'>tibi</span> <span class='ocrx_word' id='word_1_127' title='bbox 604 1946 941 2017; x_wconf 86' lang='lat' dir='ltr'>persuadere</span> <span class='ocrx_word' id='word_1_128' title='bbox 971 1947 1175 2016; x_wconf 87' lang='lat' dir='ltr'>posset,</span> <span class='ocrx_word' id='word_1_129' title='bbox 1206 1961 1322 1998; x_wconf 91' lang='lat' dir='ltr'>non</span> <span class='ocrx_word' id='word_1_130' title='bbox 1360 1945 1548 1999; x_wconf 92' lang='lat' dir='ltr'>solum</span> <span class='ocrx_word' id='word_1_131' title='bbox 1578 1949 1633 1999; x_wconf 90' lang='lat' dir='ltr'>te</span> <span class='ocrx_word' id='word_1_132' title='bbox 1660 1945 1883 1998; x_wconf 85' lang='lat' dir='ltr'>felicem</span> <span class='ocrx_word' id='word_1_133' title='bbox 1910 1960 2028 1998; x_wconf 90' lang='lat' dir='ltr'>non</span> <span class='ocrx_word' id='word_1_134' title='bbox 2077 1959 2164 1996; x_wconf 91' lang='lat' dir='ltr'>es-</span> 
     </span>
    </p>
   </div>
   <div class='ocr_carea' id='block_1_20' title="bbox 468 2031 2166 2105">
    <p class='ocr_par' dir='ltr' id='par_1_20' title="bbox 468 2031 2166 2105">
     <span class='ocr_line' id='line_1_20' title="bbox 468 2031 2166 2105; baseline -0.003 -15"><span class='ocrx_word' id='word_1_135' title='bbox 468 2053 557 2102; x_wconf 91' lang='lat' dir='ltr'>se;</span> <span class='ocrx_word' id='word_1_136' title='bbox 593 2036 690 2090; x_wconf 87' lang='lat' dir='ltr'>sed</span> <span class='ocrx_word' id='word_1_137' title='bbox 720 2052 785 2089; x_wconf 94' lang='lat' dir='ltr'>eo</span> <span class='ocrx_word' id='word_1_138' title='bbox 816 2034 1062 2090; x_wconf 83' lang='lat' dir='ltr'>maxime</span> <span class='ocrx_word' id='word_1_139' title='bbox 1094 2034 1388 2100; x_wconf 90' lang='lat' dir='ltr'>miserum,</span> <span class='ocrx_word' id='word_1_140' title='bbox 1423 2049 1538 2105; x_wconf 87' lang='lat' dir='ltr'>quo</span> <span class='ocrx_word' id='word_1_141' title='bbox 1565 2033 1670 2088; x_wconf 91' lang='lat' dir='ltr'>tibi</span> <span class='ocrx_word' id='word_1_142' title='bbox 1690 2033 1927 2087; x_wconf 89' lang='lat' dir='ltr'>minime</span> <span class='ocrx_word' id='word_1_143' title='bbox 1953 2031 2166 2086; x_wconf 89' lang='lat' dir='ltr'>videre-</span> 
     </span>
    </p>
   </div>
   <div class='ocr_carea' id='block_1_21' title="bbox 468 2121 2168 2192">
    <p class='ocr_par' dir='ltr' id='par_1_21' title="bbox 468 2121 2168 2192">
     <span class='ocr_line' id='line_1_21' title="bbox 468 2121 2168 2192; baseline -0.003 -14"><span class='ocrx_word' id='word_1_144' title='bbox 468 2125 587 2178; x_wconf 76' lang='lat' dir='ltr'>ris?</span> <span class='ocrx_word' id='word_1_145' title='bbox 621 2125 781 2178; x_wconf 80' lang='lat' dir='ltr'>Nunc</span> <span class='ocrx_word' id='word_1_146' title='bbox 809 2138 942 2177; x_wconf 86' lang='lat' dir='ltr'>vero</span> <span class='ocrx_word' id='word_1_147' title='bbox 973 2138 1148 2192; x_wconf 89' lang='lat' dir='ltr'>quam</span> <span class='ocrx_word' id='word_1_148' title='bbox 1176 2126 1231 2176; x_wconf 90' lang='lat' dir='ltr'>te</span> <span class='ocrx_word' id='word_1_149' title='bbox 1268 2121 1514 2176; x_wconf 87' lang='lat' dir='ltr'>breviter</span> <span class='ocrx_word' id='word_1_150' title='bbox 1537 2122 1968 2175; x_wconf 90' lang='lat' dir='ltr'>admonendum</span> <span class='ocrx_word' id='word_1_151' title='bbox 1998 2123 2081 2174; x_wconf 89' lang='lat' dir='ltr'>tot</span> <span class='ocrx_word' id='word_1_152' title='bbox 2110 2123 2168 2173; x_wconf 89' lang='lat' dir='ltr'>et</span> 
     </span>
    </p>
   </div>
   <div class='ocr_carea' id='block_1_22' title="bbox 470 2207 2167 2281">
    <p class='ocr_par' dir='ltr' id='par_1_22' title="bbox 470 2207 2167 2281">
     <span class='ocr_line' id='line_1_22' title="bbox 470 2207 2167 2281; baseline -0.003 -15"><span class='ocrx_word' id='word_1_153' title='bbox 470 2215 649 2276; x_wconf 83' lang='lat' dir='ltr'>tanta,</span> <span class='ocrx_word' id='word_1_154' title='bbox 682 2227 812 2281; x_wconf 74' lang='lat' dir='ltr'>qum</span> <span class='ocrx_word' id='word_1_155' title='bbox 840 2209 1124 2280; x_wconf 88' lang='lat' dir='ltr'>pertulisti</span> <span class='ocrx_word' id='word_1_156' title='bbox 1153 2210 1387 2264; x_wconf 86' lang='lat' dir='ltr'>adversa</span> <span class='ocrx_word' id='word_1_157' title='bbox 1402 2209 1703 2264; x_wconf 81' lang='lat' dir='ltr'>fecerunt?</span> <span class='ocrx_word' id='word_1_158' title='bbox 1730 2211 1852 2263; x_wconf 89' lang='lat' dir='ltr'>Non</span> <span class='ocrx_word' id='word_1_159' title='bbox 1882 2209 2037 2263; x_wconf 90' lang='lat' dir='ltr'>enim</span> <span class='ocrx_word' id='word_1_160' title='bbox 2062 2207 2167 2262; x_wconf 91' lang='lat' dir='ltr'>tibi</span> 
     </span>
    </p>
   </div>
   <div class='ocr_carea' id='block_1_23' title="bbox 473 2297 2166 2369">
    <p class='ocr_par' dir='ltr' id='par_1_23' title="bbox 473 2297 2166 2369">
     <span class='ocr_line' id='line_1_23' title="bbox 473 2297 2166 2369; baseline -0.001 -16"><span class='ocrx_word' id='word_1_161' title='bbox 473 2300 673 2354; x_wconf 89' lang='lat' dir='ltr'>alienis</span> <span class='ocrx_word' id='word_1_162' title='bbox 704 2299 977 2369; x_wconf 85' lang='lat' dir='ltr'>exemplis</span> <span class='ocrx_word' id='word_1_163' title='bbox 1007 2298 1466 2369; x_wconf 84' lang='lat' dir='ltr'>persuadendum</span> <span class='ocrx_word' id='word_1_164' title='bbox 1493 2303 1578 2353; x_wconf 91' lang='lat' dir='ltr'>est</span> <span class='ocrx_word' id='word_1_165' title='bbox 1607 2314 1780 2369; x_wconf 90' lang='lat' dir='ltr'>quam</span> <span class='ocrx_word' id='word_1_166' title='bbox 1803 2300 1956 2351; x_wconf 81' lang='lat' dir='ltr'>fluxa</span> <span class='ocrx_word' id='word_1_167' title='bbox 1981 2301 2037 2351; x_wconf 90' lang='lat' dir='ltr'>et</span> <span class='ocrx_word' id='word_1_168' title='bbox 2060 2297 2166 2351; x_wconf 90' lang='lat' dir='ltr'>fra-</span> 
     </span>
    </p>
   </div>
   <div class='ocr_carea' id='block_1_24' title="bbox 474 2386 2170 2459">
    <p class='ocr_par' dir='ltr' id='par_1_24' title="bbox 474 2386 2170 2459">
     <span class='ocr_line' id='line_1_24' title="bbox 474 2386 2170 2459; baseline -0.001 -19"><span class='ocrx_word' id='word_1_169' title='bbox 474 2387 629 2459; x_wconf 85' lang='lat' dir='ltr'>gilia,</span> <span class='ocrx_word' id='word_1_170' title='bbox 651 2390 705 2440; x_wconf 89' lang='lat' dir='ltr'>et</span> <span class='ocrx_word' id='word_1_171' title='bbox 720 2388 889 2456; x_wconf 87' lang='lat' dir='ltr'>plena</span> <span class='ocrx_word' id='word_1_172' title='bbox 916 2386 1305 2440; x_wconf 89' lang='lat' dir='ltr'>calamitatum</span> <span class='ocrx_word' id='word_1_173' title='bbox 1327 2386 1442 2439; x_wconf 91' lang='lat' dir='ltr'>sint</span> <span class='ocrx_word' id='word_1_174' title='bbox 1460 2386 1674 2453; x_wconf 89' lang='lat' dir='ltr'>omnia,</span> <span class='ocrx_word' id='word_1_175' title='bbox 1694 2402 1821 2457; x_wconf 72' lang='lat' dir='ltr'>qum</span> <span class='ocrx_word' id='word_1_176' title='bbox 1841 2387 1991 2440; x_wconf 92' lang='lat' dir='ltr'>bona</span> <span class='ocrx_word' id='word_1_177' title='bbox 2016 2401 2170 2440; x_wconf 87' lang='lat' dir='ltr'>mor-</span> 
     </span>
    </p>
   </div>
   <div class='ocr_carea' id='block_1_25' title="bbox 475 2473 2168 2545">
    <p class='ocr_par' dir='ltr' id='par_1_25' title="bbox 475 2473 2168 2545">
     <span class='ocr_line' id='line_1_25' title="bbox 475 2473 2168 2545; baseline -0.001 -17"><span class='ocrx_word' id='word_1_178' title='bbox 475 2476 612 2528; x_wconf 89' lang='lat' dir='ltr'>tales</span> <span class='ocrx_word' id='word_1_179' title='bbox 640 2478 870 2545; x_wconf 89' lang='lat' dir='ltr'>putant;</span> <span class='ocrx_word' id='word_1_180' title='bbox 904 2489 1033 2527; x_wconf 91' lang='lat' dir='ltr'>cum</span> <span class='ocrx_word' id='word_1_181' title='bbox 1064 2474 1143 2527; x_wconf 90' lang='lat' dir='ltr'>ita</span> <span class='ocrx_word' id='word_1_182' title='bbox 1181 2490 1248 2527; x_wconf 79' lang='lat' dir='ltr'>ex</span> <span class='ocrx_word' id='word_1_183' title='bbox 1301 2473 1494 2544; x_wconf 88' lang='lat' dir='ltr'>aliqua</span> <span class='ocrx_word' id='word_1_184' title='bbox 1523 2478 1683 2544; x_wconf 89' lang='lat' dir='ltr'>parte</span> <span class='ocrx_word' id='word_1_185' title='bbox 1727 2474 1873 2528; x_wconf 92' lang='lat' dir='ltr'>bene</span> <span class='ocrx_word' id='word_1_186' title='bbox 1905 2477 2168 2544; x_wconf 86' lang='lat' dir='ltr'>expertus</span> 
     </span>
    </p>
   </div>
   <div class='ocr_carea' id='block_1_26' title="bbox 475 2561 1827 2631">
    <p class='ocr_par' dir='ltr' id='par_1_26' title="bbox 475 2561 1827 2631">
     <span class='ocr_line' id='line_1_26' title="bbox 475 2561 1827 2631; baseline -0.001 -15"><span class='ocrx_word' id='word_1_187' title='bbox 475 2563 575 2631; x_wconf 89' lang='lat' dir='ltr'>sis,</span> <span class='ocrx_word' id='word_1_188' title='bbox 612 2565 679 2615; x_wconf 91' lang='lat' dir='ltr'>ut</span> <span class='ocrx_word' id='word_1_189' title='bbox 716 2578 780 2616; x_wconf 82' lang='lat' dir='ltr'>ex</span> <span class='ocrx_word' id='word_1_190' title='bbox 811 2565 867 2615; x_wconf 90' lang='lat' dir='ltr'>te</span> <span class='ocrx_word' id='word_1_191' title='bbox 897 2561 1115 2614; x_wconf 61' lang='lat' dir='ltr'>caeteris</span> <span class='ocrx_word' id='word_1_192' title='bbox 1145 2561 1488 2630; x_wconf 88' lang='lat' dir='ltr'>persuadere</span> <span class='ocrx_word' id='word_1_193' title='bbox 1525 2561 1827 2631; x_wconf 90' lang='lat' dir='ltr'>possimus.</span> 
     </span>
    </p>
   </div>
   <div class='ocr_carea' id='block_1_27' title="bbox 546 2647 2170 2718">
    <p class='ocr_par' dir='ltr' id='par_1_27' title="bbox 546 2647 2170 2718">
     <span class='ocr_line' id='line_1_27' title="bbox 546 2647 2170 2718; baseline -0.001 -14"><span class='ocrx_word' id='word_1_194' title='bbox 546 2654 599 2706; x_wconf 91' lang='lat'>3.</span> <span class='ocrx_word' id='word_1_195' title='bbox 634 2648 776 2702; x_wconf 89' lang='lat' dir='ltr'>Illud</span> <span class='ocrx_word' id='word_1_196' title='bbox 806 2664 969 2718; x_wconf 88' lang='lat' dir='ltr'>ergo,</span> <span class='ocrx_word' id='word_1_197' title='bbox 999 2647 1143 2701; x_wconf 92' lang='lat' dir='ltr'>illud</span> <span class='ocrx_word' id='word_1_198' title='bbox 1175 2651 1360 2713; x_wconf 91' lang='lat' dir='ltr'>tuum,</span> <span class='ocrx_word' id='word_1_199' title='bbox 1385 2663 1498 2718; x_wconf 91' lang='lat' dir='ltr'>quo</span> <span class='ocrx_word' id='word_1_200' title='bbox 1525 2663 1750 2718; x_wconf 88' lang='lat' dir='ltr'>semper</span> <span class='ocrx_word' id='word_1_201' title='bbox 1770 2648 1977 2701; x_wconf 92' lang='lat' dir='ltr'>decora</span> <span class='ocrx_word' id='word_1_202' title='bbox 1996 2653 2053 2703; x_wconf 89' lang='lat' dir='ltr'>et</span> <span class='ocrx_word' id='word_1_203' title='bbox 2071 2647 2170 2702; x_wconf 91' lang='lat' dir='ltr'>ho-</span> 
     </span>
    </p>
   </div>
   <div class='ocr_carea' id='block_1_28' title="bbox 476 2735 2167 2806">
    <p class='ocr_par' dir='ltr' id='par_1_28' title="bbox 476 2735 2167 2806">
     <span class='ocr_line' id='line_1_28' title="bbox 476 2735 2167 2806; baseline 0.001 -17"><span class='ocrx_word' id='word_1_204' title='bbox 476 2740 634 2789; x_wconf 89' lang='lat' dir='ltr'>nesta</span> <span class='ocrx_word' id='word_1_205' title='bbox 664 2735 1027 2803; x_wconf 86' lang='lat' dir='ltr'>desiderasti;</span> <span class='ocrx_word' id='word_1_206' title='bbox 1069 2752 1181 2806; x_wconf 90' lang='lat' dir='ltr'>quo</span> <span class='ocrx_word' id='word_1_207' title='bbox 1206 2739 1261 2789; x_wconf 91' lang='lat' dir='ltr'>te</span> <span class='ocrx_word' id='word_1_208' title='bbox 1288 2736 1582 2790; x_wconf 86' lang='lat' dir='ltr'>liberalem</span> <span class='ocrx_word' id='word_1_209' title='bbox 1612 2735 1795 2806; x_wconf 88' lang='lat' dir='ltr'>magis</span> <span class='ocrx_word' id='word_1_210' title='bbox 1826 2752 2001 2806; x_wconf 89' lang='lat' dir='ltr'>quam</span> <span class='ocrx_word' id='word_1_211' title='bbox 2027 2736 2167 2790; x_wconf 87' lang='lat' dir='ltr'>divi-</span> 
     </span>
    </p>
   </div>
   <div class='ocr_carea' id='block_1_29' title="bbox 471 2822 2171 2894">
    <p class='ocr_par' dir='ltr' id='par_1_29' title="bbox 471 2822 2171 2894">
     <span class='ocr_line' id='line_1_29' title="bbox 471 2822 2171 2894; baseline -0.001 -16"><span class='ocrx_word' id='word_1_212' title='bbox 471 2828 591 2878; x_wconf 88' lang='lat' dir='ltr'>tem</span> <span class='ocrx_word' id='word_1_213' title='bbox 620 2839 740 2876; x_wconf 89' lang='lat' dir='ltr'>esse</span> <span class='ocrx_word' id='word_1_214' title='bbox 779 2822 1064 2888; x_wconf 88' lang='lat' dir='ltr'>maluisti;</span> <span class='ocrx_word' id='word_1_215' title='bbox 1097 2838 1212 2894; x_wconf 91' lang='lat' dir='ltr'>quo</span> <span class='ocrx_word' id='word_1_216' title='bbox 1240 2838 1539 2894; x_wconf 87' lang='lat' dir='ltr'>nunquam</span> <span class='ocrx_word' id='word_1_217' title='bbox 1571 2822 1893 2893; x_wconf 90' lang='lat' dir='ltr'>concupisti</span> <span class='ocrx_word' id='word_1_218' title='bbox 1923 2839 2045 2877; x_wconf 88' lang='lat' dir='ltr'>esse</span> <span class='ocrx_word' id='word_1_219' title='bbox 2071 2840 2171 2894; x_wconf 87' lang='lat' dir='ltr'>po-</span> 
     </span>
    </p>
   </div>
   <div class='ocr_carea' id='block_1_30' title="bbox 472 2911 2169 2982">
    <p class='ocr_par' dir='ltr' id='par_1_30' title="bbox 472 2911 2169 2982">
     <span class='ocr_line' id='line_1_30' title="bbox 472 2911 2169 2982; baseline -0.001 -16"><span class='ocrx_word' id='word_1_220' title='bbox 472 2911 685 2966; x_wconf 90' lang='lat' dir='ltr'>tcntior</span> <span class='ocrx_word' id='word_1_221' title='bbox 713 2927 885 2982; x_wconf 90' lang='lat' dir='ltr'>quam</span> <span class='ocrx_word' id='word_1_222' title='bbox 909 2911 1138 2982; x_wconf 91' lang='lat' dir='ltr'>justior,</span> <span class='ocrx_word' id='word_1_223' title='bbox 1166 2927 1462 2982; x_wconf 88' lang='lat' dir='ltr'>nunquam</span> <span class='ocrx_word' id='word_1_224' title='bbox 1494 2911 1928 2965; x_wconf 89' lang='lat' dir='ltr'>adversitatibus</span> <span class='ocrx_word' id='word_1_225' title='bbox 1950 2911 2169 2981; x_wconf 87' lang='lat' dir='ltr'>impro-</span> 
     </span>
    </p>
   </div>
   <div class='ocr_carea' id='block_1_31' title="bbox 472 2999 2170 3071">
    <p class='ocr_par' dir='ltr' id='par_1_31' title="bbox 472 2999 2170 3071">
     <span class='ocr_line' id='line_1_31' title="bbox 472 2999 2170 3071; baseline 0.001 -17"><span class='ocrx_word' id='word_1_226' title='bbox 472 3000 860 3071; x_wconf 88' lang='lat' dir='ltr'>bitatihusque</span> <span class='ocrx_word' id='word_1_227' title='bbox 890 2999 1134 3054; x_wconf 90' lang='lat' dir='ltr'>cessisti:</span> <span class='ocrx_word' id='word_1_228' title='bbox 1166 3000 1309 3054; x_wconf 90' lang='lat' dir='ltr'>illud</span> <span class='ocrx_word' id='word_1_229' title='bbox 1330 3000 1541 3071; x_wconf 83' lang='lat' dir='ltr'>ipsum,</span> <span class='ocrx_word' id='word_1_230' title='bbox 1576 3000 1834 3070; x_wconf 91' lang='lat' dir='ltr'>inquam,</span> <span class='ocrx_word' id='word_1_231' title='bbox 1858 3000 2013 3071; x_wconf 90' lang='lat' dir='ltr'>quod</span> <span class='ocrx_word' id='word_1_232' title='bbox 2035 3000 2094 3053; x_wconf 90' lang='lat' dir='ltr'>in</span> <span class='ocrx_word' id='word_1_233' title='bbox 2114 3004 2170 3055; x_wconf 88' lang='lat' dir='ltr'>te</span> 
     </span>
    </p>
   </div>
   <div class='ocr_carea' id='block_1_32' title="bbox 475 3087 2171 3159">
    <p class='ocr_par' dir='ltr' id='par_1_32' title="bbox 475 3087 2171 3159">
     <span class='ocr_line' id='line_1_32' title="bbox 475 3087 2171 3159; baseline 0 -17"><span class='ocrx_word' id='word_1_234' title='bbox 475 3088 732 3142; x_wconf 89' lang='lat' dir='ltr'>divinum</span> <span class='ocrx_word' id='word_1_235' title='bbox 760 3088 946 3141; x_wconf 90' lang='lat' dir='ltr'>nescio</span> <span class='ocrx_word' id='word_1_236' title='bbox 984 3104 1097 3158; x_wconf 90' lang='lat' dir='ltr'>quo</span> <span class='ocrx_word' id='word_1_237' title='bbox 1122 3088 1251 3141; x_wconf 66' lang='lat' dir='ltr'>vitae</span> <span class='ocrx_word' id='word_1_238' title='bbox 1280 3087 1451 3158; x_wconf 86' lang='lat' dir='ltr'>hujus</span> <span class='ocrx_word' id='word_1_239' title='bbox 1481 3105 1682 3142; x_wconf 88' lang='lat' dir='ltr'>somno</span> <span class='ocrx_word' id='word_1_240' title='bbox 1711 3093 2061 3159; x_wconf 88' lang='lat' dir='ltr'>veternoque</span> <span class='ocrx_word' id='word_1_241' title='bbox 2087 3105 2171 3143; x_wconf 92' lang='lat' dir='ltr'>so-</span> 
     </span>
    </p>
   </div>
   <div class='ocr_carea' id='block_1_33' title="bbox 473 3174 2172 3246">
    <p class='ocr_par' dir='ltr' id='par_1_33' title="bbox 473 3174 2172 3246">
     <span class='ocr_line' id='line_1_33' title="bbox 473 3174 2172 3246; baseline 0.002 -18"><span class='ocrx_word' id='word_1_242' title='bbox 473 3175 662 3244; x_wconf 87' lang='lat' dir='ltr'>pitum</span> <span class='ocrx_word' id='word_1_243' title='bbox 692 3180 795 3242; x_wconf 90' lang='lat' dir='ltr'>est,</span> <span class='ocrx_word' id='word_1_244' title='bbox 827 3174 997 3229; x_wconf 91' lang='lat' dir='ltr'>variis</span> <span class='ocrx_word' id='word_1_245' title='bbox 1024 3175 1137 3229; x_wconf 91' lang='lat' dir='ltr'>illis</span> <span class='ocrx_word' id='word_1_246' title='bbox 1167 3175 1441 3246; x_wconf 88' lang='lat' dir='ltr'>durisque</span> <span class='ocrx_word' id='word_1_247' title='bbox 1491 3176 1900 3246; x_wconf 90' lang='lat' dir='ltr'>jactationibus</span> <span class='ocrx_word' id='word_1_248' title='bbox 1957 3182 2172 3231; x_wconf 89' lang='lat' dir='ltr'>secreta</span> 
     </span>
    </p>
   </div>
   <div class='ocr_carea' id='block_1_34' title="bbox 475 3260 2171 3335">
    <p class='ocr_par' dir='ltr' id='par_1_34' title="bbox 475 3260 2171 3335">
     <span class='ocr_line' id='line_1_34' title="bbox 475 3260 2171 3335; baseline 0.002 -20"><span class='ocrx_word' id='word_1_249' title='bbox 475 3262 835 3333; x_wconf 84' lang='lat' dir='ltr'>providentia</span> <span class='ocrx_word' id='word_1_250' title='bbox 855 3262 1099 3316; x_wconf 82' lang='lat' dir='ltr'>excitare</span> <span class='ocrx_word' id='word_1_251' title='bbox 1125 3262 1388 3318; x_wconf 89' lang='lat' dir='ltr'>decrevit.</span> <span class='ocrx_word' id='word_1_252' title='bbox 1425 3264 1661 3333; x_wconf 86' lang='lat' dir='ltr'>Evigila,</span> <span class='ocrx_word' id='word_1_253' title='bbox 1694 3264 1923 3335; x_wconf 85' lang='lat' dir='ltr'>evigila,</span> <span class='ocrx_word' id='word_1_254' title='bbox 1955 3281 2054 3319; x_wconf 92' lang='lat' dir='ltr'>oro</span> <span class='ocrx_word' id='word_1_255' title='bbox 2084 3260 2171 3332; x_wconf 82' lang='lat' dir='ltr'>te;</span> 
     </span>
    </p>
   </div>
   <div class='ocr_carea' id='block_1_35' title="bbox 477 3349 2171 3422">
    <p class='ocr_par' dir='ltr' id='par_1_35' title="bbox 477 3349 2171 3422">
     <span class='ocr_line' id='line_1_35' title="bbox 477 3349 2171 3422; baseline 0.001 -17"><span class='ocrx_word' id='word_1_256' title='bbox 477 3352 745 3417; x_wconf 90' lang='lat' dir='ltr'>multum,</span> <span class='ocrx_word' id='word_1_257' title='bbox 805 3349 949 3404; x_wconf 90' lang='lat' dir='ltr'>mihi</span> <span class='ocrx_word' id='word_1_258' title='bbox 991 3350 1177 3417; x_wconf 89' lang='lat' dir='ltr'>crede,</span> <span class='ocrx_word' id='word_1_259' title='bbox 1227 3351 1606 3421; x_wconf 85' lang='lat' dir='ltr'>gratulaberis</span> <span class='ocrx_word' id='word_1_260' title='bbox 1634 3352 1790 3421; x_wconf 90' lang='lat' dir='ltr'>quod</span> <span class='ocrx_word' id='word_1_261' title='bbox 1820 3368 1968 3422; x_wconf 88' lang='lat' dir='ltr'>pene</span> <span class='ocrx_word' id='word_1_262' title='bbox 1997 3353 2171 3407; x_wconf 91' lang='lat' dir='ltr'>nullis</span> 
     </span>
    </p>
   </div>
   <div class='ocr_carea' id='block_1_36' title="bbox 474 3438 2172 3511">
    <p class='ocr_par' dir='ltr' id='par_1_36' title="bbox 474 3438 2172 3511">
     <span class='ocr_line' id='line_1_36' title="bbox 474 3438 2172 3511; baseline 0.001 -18"><span class='ocrx_word' id='word_1_263' title='bbox 474 3438 943 3510; x_wconf 86' lang='lat' dir='ltr'>prosperitatibus</span> <span class='ocrx_word' id='word_1_264' title='bbox 966 3438 1176 3509; x_wconf 84' lang='lat' dir='ltr'>quibus</span> <span class='ocrx_word' id='word_1_265' title='bbox 1206 3443 1476 3493; x_wconf 88' lang='lat' dir='ltr'>tenentur</span> <span class='ocrx_word' id='word_1_266' title='bbox 1504 3440 1741 3506; x_wconf 90' lang='lat' dir='ltr'>incauti,</span> <span class='ocrx_word' id='word_1_267' title='bbox 1770 3440 1971 3495; x_wconf 90' lang='lat' dir='ltr'>mundi</span> <span class='ocrx_word' id='word_1_268' title='bbox 2001 3440 2172 3511; x_wconf 84' lang='lat' dir='ltr'>hujus</span> 
     </span>
    </p>
   </div>
   <div class='ocr_carea' id='block_1_37' title="bbox 476 3526 2172 3598">
    <p class='ocr_par' dir='ltr' id='par_1_37' title="bbox 476 3526 2172 3598">
     <span class='ocr_line' id='line_1_37' title="bbox 476 3526 2172 3598; baseline 0.002 -18"><span class='ocrx_word' id='word_1_269' title='bbox 476 3527 579 3582; x_wconf 89' lang='lat' dir='ltr'>tibi</span> <span class='ocrx_word' id='word_1_270' title='bbox 610 3527 760 3581; x_wconf 91' lang='lat' dir='ltr'>dona</span> <span class='ocrx_word' id='word_1_271' title='bbox 786 3527 1043 3580; x_wconf 89' lang='lat' dir='ltr'>blandita</span> <span class='ocrx_word' id='word_1_272' title='bbox 1071 3530 1233 3581; x_wconf 90' lang='lat' dir='ltr'>sunt:</span> <span class='ocrx_word' id='word_1_273' title='bbox 1267 3543 1397 3598; x_wconf 67' lang='lat' dir='ltr'>qua:</span> <span class='ocrx_word' id='word_1_274' title='bbox 1434 3526 1719 3598; x_wconf 90' lang='lat' dir='ltr'>meipsum</span> <span class='ocrx_word' id='word_1_275' title='bbox 1747 3543 1949 3598; x_wconf 87' lang='lat' dir='ltr'>capere</span> <span class='ocrx_word' id='word_1_276' title='bbox 1979 3529 2172 3583; x_wconf 87' lang='lat' dir='ltr'>molie-</span> 
     </span>
    </p>
   </div>
   <div class='ocr_carea' id='block_1_38' title="bbox 476 3614 2205 3688">
    <p class='ocr_par' dir='ltr' id='par_1_38' title="bbox 476 3614 2205 3688">
     <span class='ocr_line' id='line_1_38' title="bbox 476 3614 2205 3688; baseline -0.001 -19"><span class='ocrx_word' id='word_1_277' title='bbox 476 3616 685 3670; x_wconf 85' lang='lat' dir='ltr'>bantur</span> <span class='ocrx_word' id='word_1_278' title='bbox 714 3614 968 3687; x_wconf 88' lang='lat' dir='ltr'>quotidie</span> <span class='ocrx_word' id='word_1_279' title='bbox 990 3616 1096 3669; x_wconf 89' lang='lat' dir='ltr'>ista</span> <span class='ocrx_word' id='word_1_280' title='bbox 1116 3619 1467 3683; x_wconf 86' lang='lat' dir='ltr'>cantantem,</span> <span class='ocrx_word' id='word_1_281' title='bbox 1491 3616 1603 3670; x_wconf 85' lang='lat' dir='ltr'>nisi</span> <span class='ocrx_word' id='word_1_282' title='bbox 1628 3633 1719 3670; x_wconf 89' lang='lat' dir='ltr'>me</span> <span class='ocrx_word' id='word_1_283' title='bbox 1739 3616 1983 3688; x_wconf 89' lang='lat' dir='ltr'>pectoris</span> <span class='ocrx_word' id='word_1_284' title='bbox 2013 3617 2173 3671; x_wconf 92' lang='lat' dir='ltr'>dolor</span> <span class='ocrx_word' id='word_1_285' title='bbox 2199 3662 2205 3667; x_wconf 96' lang='lat'>.</span> 
     </span>
    </p>
   </div>
   <div class='ocr_carea' id='block_1_39' title="bbox 474 3704 2170 3778">
    <p class='ocr_par' dir='ltr' id='par_1_39' title="bbox 474 3704 2170 3778">
     <span class='ocr_line' id='line_1_39' title="bbox 474 3704 2170 3778; baseline 0.002 -21"><span class='ocrx_word' id='word_1_286' title='bbox 474 3709 766 3758; x_wconf 78' lang='lat' dir='ltr'>ventosum</span> <span class='ocrx_word' id='word_1_287' title='bbox 796 3704 1199 3775; x_wconf 80' lang='lat' dir='ltr'>professionem</span> <span class='ocrx_word' id='word_1_288' title='bbox 1219 3704 1466 3775; x_wconf 89' lang='lat' dir='ltr'>abjicere</span> <span class='ocrx_word' id='word_1_289' title='bbox 1489 3705 1619 3759; x_wconf 90' lang='lat' dir='ltr'>etin</span> <span class='ocrx_word' id='word_1_290' title='bbox 1641 3705 2018 3777; x_wconf 68' lang='lat' dir='ltr'>philosophiae</span> <span class='ocrx_word' id='word_1_291' title='bbox 2042 3723 2170 3778; x_wconf 88' lang='lat' dir='ltr'>gre-</span> 
     </span>
    </p>
   </div>
   <div class='ocr_carea' id='block_1_40' title="bbox 475 3791 2166 3865">
    <p class='ocr_par' dir='ltr' id='par_1_40' title="bbox 475 3791 2166 3865">
     <span class='ocr_line' id='line_1_40' title="bbox 475 3791 2166 3865; baseline 0.003 -21"><span class='ocrx_word' id='word_1_292' title='bbox 475 3792 658 3845; x_wconf 88' lang='lat' dir='ltr'>mium</span> <span class='ocrx_word' id='word_1_293' title='bbox 679 3793 981 3861; x_wconf 81' lang='lat' dir='ltr'>confugere</span> <span class='ocrx_word' id='word_1_294' title='bbox 999 3791 1292 3862; x_wconf 87' lang='lat' dir='ltr'>coegisset.</span> <span class='ocrx_word' id='word_1_295' title='bbox 1320 3794 1453 3862; x_wconf 88' lang='lat' dir='ltr'>Ipsa</span> <span class='ocrx_word' id='word_1_296' title='bbox 1472 3808 1561 3847; x_wconf 90' lang='lat' dir='ltr'>me</span> <span class='ocrx_word' id='word_1_297' title='bbox 1581 3809 1735 3847; x_wconf 90' lang='lat' dir='ltr'>nunc</span> <span class='ocrx_word' id='word_1_298' title='bbox 1756 3794 1817 3848; x_wconf 92' lang='lat' dir='ltr'>in</span> <span class='ocrx_word' id='word_1_299' title='bbox 1846 3795 1984 3860; x_wconf 91' lang='lat' dir='ltr'>otio,</span> <span class='ocrx_word' id='word_1_300' title='bbox 2017 3796 2166 3865; x_wconf 90' lang='lat' dir='ltr'>quod</span> 
     </span>
    </p>
   </div>
   <div class='ocr_carea' id='block_1_41' title="bbox 474 3878 2169 3953">
    <p class='ocr_par' dir='ltr' id='par_1_41' title="bbox 474 3878 2169 3953">
     <span class='ocr_line' id='line_1_41' title="bbox 474 3878 2169 3953; baseline 0.002 -21"><span class='ocrx_word' id='word_1_301' title='bbox 474 3880 840 3933; x_wconf 84' lang='lat' dir='ltr'>vehementer</span> <span class='ocrx_word' id='word_1_302' title='bbox 869 3878 1214 3947; x_wconf 87' lang='lat' dir='ltr'>optavimus,</span> <span class='ocrx_word' id='word_1_303' title='bbox 1241 3879 1425 3933; x_wconf 91' lang='lat' dir='ltr'>nutrit</span> <span class='ocrx_word' id='word_1_304' title='bbox 1447 3896 1508 3933; x_wconf 90' lang='lat' dir='ltr'>ac</span> <span class='ocrx_word' id='word_1_305' title='bbox 1528 3881 1707 3935; x_wconf 87' lang='lat' dir='ltr'>fovet:</span> <span class='ocrx_word' id='word_1_306' title='bbox 1740 3880 1864 3950; x_wconf 93' lang='lat' dir='ltr'>ipsa</span> <span class='ocrx_word' id='word_1_307' title='bbox 1889 3898 1979 3936; x_wconf 91' lang='lat' dir='ltr'>me</span> <span class='ocrx_word' id='word_1_308' title='bbox 2007 3882 2169 3953; x_wconf 89' lang='lat' dir='ltr'>peni-</span> 
     </span>
    </p>
   </div>
   <div class='ocr_carea' id='block_1_42' title="bbox 474 3965 2169 4041">
    <p class='ocr_par' dir='ltr' id='par_1_42' title="bbox 474 3965 2169 4041">
     <span class='ocr_line' id='line_1_42' title="bbox 474 3965 2169 4041; baseline 0.004 -22"><span class='ocrx_word' id='word_1_309' title='bbox 474 3970 565 4020; x_wconf 88' lang='lat' dir='ltr'>tus</span> <span class='ocrx_word' id='word_1_310' title='bbox 594 3966 663 4020; x_wconf 92' lang='lat' dir='ltr'>ab</span> <span class='ocrx_word' id='word_1_311' title='bbox 692 3965 790 4020; x_wconf 80' lang='lat' dir='ltr'>illa</span> <span class='ocrx_word' id='word_1_312' title='bbox 819 3966 1246 4036; x_wconf 90' lang='lat' dir='ltr'>superstitione,</span> <span class='ocrx_word' id='word_1_313' title='bbox 1276 3966 1336 4020; x_wconf 92' lang='lat' dir='ltr'>in</span> <span class='ocrx_word' id='word_1_314' title='bbox 1364 3983 1537 4037; x_wconf 91' lang='lat' dir='ltr'>quam</span> <span class='ocrx_word' id='word_1_315' title='bbox 1569 3972 1624 4023; x_wconf 90' lang='lat' dir='ltr'>te</span> <span class='ocrx_word' id='word_1_316' title='bbox 1653 3984 1879 4024; x_wconf 90' lang='lat' dir='ltr'>mecum</span> <span class='ocrx_word' id='word_1_317' title='bbox 1907 3971 2169 4041; x_wconf 57' lang='lat' dir='ltr'>praecipi-</span> 
     </span>
    </p>
   </div>
   <div class='ocr_carea' id='block_1_43' title="bbox 477 4053 2168 4127">
    <p class='ocr_par' dir='ltr' id='par_1_43' title="bbox 477 4053 2168 4127">
     <span class='ocr_line' id='line_1_43' title="bbox 477 4053 2168 4127; baseline 0.002 -18"><span class='ocrx_word' id='word_1_318' title='bbox 477 4059 593 4109; x_wconf 89' lang='lat' dir='ltr'>tem</span> <span class='ocrx_word' id='word_1_319' title='bbox 624 4054 916 4122; x_wconf 89' lang='lat' dir='ltr'>dederam,</span> <span class='ocrx_word' id='word_1_320' title='bbox 944 4053 1206 4108; x_wconf 85' lang='lat' dir='ltr'>liberavit</span> <span class='ocrx_word' id='word_1_321' title='bbox 1232 4054 1330 4125; x_wconf 88' lang='lat' dir='ltr'>(a).</span> <span class='ocrx_word' id='word_1_322' title='bbox 1379 4057 1509 4127; x_wconf 89' lang='lat' dir='ltr'>Ipsa</span> <span class='ocrx_word' id='word_1_323' title='bbox 1538 4056 1694 4111; x_wconf 89' lang='lat' dir='ltr'>enim</span> <span class='ocrx_word' id='word_1_324' title='bbox 1737 4057 1919 4124; x_wconf 91' lang='lat' dir='ltr'>docet,</span> <span class='ocrx_word' id='word_1_325' title='bbox 1952 4062 2010 4113; x_wconf 87' lang='lat' dir='ltr'>et</span> <span class='ocrx_word' id='word_1_326' title='bbox 2037 4076 2168 4115; x_wconf 88' lang='lat' dir='ltr'>vere</span> 
     </span>
    </p>
   </div>
   <div class='ocr_carea' id='block_1_44' title="bbox 476 4142 2171 4217">
    <p class='ocr_par' dir='ltr' id='par_1_44' title="bbox 476 4142 2171 4217">
     <span class='ocr_line' id='line_1_44' title="bbox 476 4142 2171 4217; baseline 0.002 -19"><span class='ocrx_word' id='word_1_327' title='bbox 476 4144 642 4199; x_wconf 88' lang='lat' dir='ltr'>docet</span> <span class='ocrx_word' id='word_1_328' title='bbox 659 4142 799 4196; x_wconf 85' lang='lat' dir='ltr'>nihil</span> <span class='ocrx_word' id='word_1_329' title='bbox 823 4142 1057 4196; x_wconf 88' lang='lat' dir='ltr'>omnino</span> <span class='ocrx_word' id='word_1_330' title='bbox 1080 4143 1385 4197; x_wconf 88' lang='lat' dir='ltr'>colendum</span> <span class='ocrx_word' id='word_1_331' title='bbox 1408 4161 1550 4212; x_wconf 91' lang='lat' dir='ltr'>esse,</span> <span class='ocrx_word' id='word_1_332' title='bbox 1568 4150 1863 4217; x_wconf 90' lang='lat' dir='ltr'>totumque</span> <span class='ocrx_word' id='word_1_333' title='bbox 1883 4148 2171 4202; x_wconf 89' lang='lat' dir='ltr'>contemni</span> 
     </span>
    </p>
   </div>
   <div class='ocr_carea' id='block_1_45' title="bbox 473 4231 2169 4306">
    <p class='ocr_par' dir='ltr' id='par_1_45' title="bbox 473 4231 2169 4306">
     <span class='ocr_line' id='line_1_45' title="bbox 473 4231 2169 4306; baseline 0.002 -20"><span class='ocrx_word' id='word_1_334' title='bbox 473 4236 759 4302; x_wconf 82' lang='lat' dir='ltr'>oportere,</span> <span class='ocrx_word' id='word_1_335' title='bbox 792 4231 1069 4302; x_wconf 81' lang='lat' dir='ltr'>quidquid</span> <span class='ocrx_word' id='word_1_336' title='bbox 1103 4232 1440 4287; x_wconf 89' lang='lat' dir='ltr'>mortalibus</span> <span class='ocrx_word' id='word_1_337' title='bbox 1478 4233 1656 4287; x_wconf 91' lang='lat' dir='ltr'>oculis</span> <span class='ocrx_word' id='word_1_338' title='bbox 1689 4234 1961 4296; x_wconf 89' lang='lat' dir='ltr'>cernitur,</span> <span class='ocrx_word' id='word_1_339' title='bbox 2004 4235 2169 4306; x_wconf 89' lang='lat' dir='ltr'>quid-</span> 
     </span>
    </p>
   </div>
   <div class='ocr_carea' id='block_1_46' title="bbox 474 4318 2164 4392">
    <p class='ocr_par' dir='ltr' id='par_1_46' title="bbox 474 4318 2164 4392">
     <span class='ocr_line' id='line_1_46' title="bbox 474 4318 2164 4392; baseline 0.002 -18"><span class='ocrx_word' id='word_1_340' title='bbox 474 4321 612 4392; x_wconf 85' lang='lat' dir='ltr'>quid</span> <span class='ocrx_word' id='word_1_341' title='bbox 638 4321 788 4374; x_wconf 90' lang='lat' dir='ltr'>ullus</span> <span class='ocrx_word' id='word_1_342' title='bbox 820 4334 1018 4371; x_wconf 87' lang='lat' dir='ltr'>sensus</span> <span class='ocrx_word' id='word_1_343' title='bbox 1057 4318 1290 4389; x_wconf 89' lang='lat' dir='ltr'>attingit</span> <span class='ocrx_word' id='word_1_344' title='bbox 1322 4319 1465 4387; x_wconf 80' lang='lat' dir='ltr'>(Lib.</span> <span class='ocrx_word' id='word_1_345' title='bbox 1495 4324 1515 4374; x_wconf 84' lang='lat' dir='ltr'>t</span> <span class='ocrx_word' id='word_1_346' title='bbox 1561 4323 1820 4389; x_wconf 82' lang='lat' dir='ltr'>Rctract.,</span> <span class='ocrx_word' id='word_1_347' title='bbox 1845 4337 1889 4377; x_wconf 91' lang='lat' dir='ltr'>c.</span> <span class='ocrx_word' id='word_1_348' title='bbox 1926 4325 1975 4391; x_wconf 85' lang='grc'>1,</span> <span class='ocrx_word' id='word_1_349' title='bbox 2002 4338 2059 4376; x_wconf 85' lang='lat' dir='ltr'>n.</span> <span class='ocrx_word' id='word_1_350' title='bbox 2091 4326 2164 4391; x_wconf 76' lang='lat'>2).</span> 
     </span>
    </p>
   </div>
   <div class='ocr_carea' id='block_1_47' title="bbox 476 4407 2168 4481">
    <p class='ocr_par' dir='ltr' id='par_1_47' title="bbox 476 4407 2168 4481">
     <span class='ocr_line' id='line_1_47' title="bbox 476 4407 2168 4481; baseline 0.002 -19"><span class='ocrx_word' id='word_1_351' title='bbox 476 4411 603 4480; x_wconf 87' lang='lat' dir='ltr'>Ipsa</span> <span class='ocrx_word' id='word_1_352' title='bbox 632 4407 989 4463; x_wconf 84' lang='lat' dir='ltr'>verissimum</span> <span class='ocrx_word' id='word_1_353' title='bbox 1020 4411 1077 4461; x_wconf 91' lang='lat' dir='ltr'>et</span> <span class='ocrx_word' id='word_1_354' title='bbox 1104 4407 1545 4463; x_wconf 89' lang='lat' dir='ltr'>secretissimum</span> <span class='ocrx_word' id='word_1_355' title='bbox 1579 4411 1758 4463; x_wconf 89' lang='lat' dir='ltr'>Deum</span> <span class='ocrx_word' id='word_1_356' title='bbox 1789 4410 2088 4481; x_wconf 91' lang='lat' dir='ltr'>perspicue</span> <span class='ocrx_word' id='word_1_357' title='bbox 2111 4428 2168 4465; x_wconf 91' lang='lat' dir='ltr'>se</span> 
     </span>
    </p>
   </div>
   <div class='ocr_carea' id='block_1_48' title="bbox 475 4495 2171 4570">
    <p class='ocr_par' dir='ltr' id='par_1_48' title="bbox 475 4495 2171 4570">
     <span class='ocr_line' id='line_1_48' title="bbox 475 4495 2171 4570; baseline 0.001 -19"><span class='ocrx_word' id='word_1_358' title='bbox 475 4499 995 4551; x_wconf 83' lang='lat' dir='ltr'>demonstraturam</span> <span class='ocrx_word' id='word_1_359' title='bbox 1026 4495 1332 4566; x_wconf 90' lang='lat' dir='ltr'>promittit,</span> <span class='ocrx_word' id='word_1_360' title='bbox 1382 4499 1438 4550; x_wconf 92' lang='lat' dir='ltr'>et</span> <span class='ocrx_word' id='word_1_361' title='bbox 1459 4497 1581 4566; x_wconf 90' lang='lat' dir='ltr'>jam</span> <span class='ocrx_word' id='word_1_362' title='bbox 1605 4498 1843 4569; x_wconf 87' lang='lat' dir='ltr'>jamque</span> <span class='ocrx_word' id='word_1_363' title='bbox 1875 4499 2037 4570; x_wconf 90' lang='lat' dir='ltr'>quasi</span> <span class='ocrx_word' id='word_1_364' title='bbox 2066 4515 2171 4569; x_wconf 90' lang='lat' dir='ltr'>per</span> 
     </span>
    </p>
   </div>
   <div class='ocr_carea' id='block_1_49' title="bbox 473 4584 1538 4656">
    <p class='ocr_par' dir='ltr' id='par_1_49' title="bbox 473 4584 1538 4656">
     <span class='ocr_line' id='line_1_49' title="bbox 473 4584 1538 4656; baseline 0 -16"><span class='ocrx_word' id='word_1_365' title='bbox 473 4588 691 4640; x_wconf 90' lang='lat' dir='ltr'>lucidas</span> <span class='ocrx_word' id='word_1_366' title='bbox 720 4588 899 4641; x_wconf 86' lang='lat' dir='ltr'>nubes</span> <span class='ocrx_word' id='word_1_367' title='bbox 929 4589 1212 4641; x_wconf 88' lang='lat' dir='ltr'>ostentare</span> <span class='ocrx_word' id='word_1_368' title='bbox 1245 4584 1538 4656; x_wconf 88' lang='lat' dir='ltr'>dignatur.</span> 
     </span>
    </p>
   </div>
   <div class='ocr_carea' id='block_1_50' title="bbox 543 4673 2167 4731">
    <p class='ocr_par' dir='ltr' id='par_1_50' title="bbox 543 4673 2167 4731">
     <span class='ocr_line' id='line_1_50' title="bbox 543 4673 2167 4731; baseline 0.002 -4"><span class='ocrx_word' id='word_1_369' title='bbox 543 4677 596 4728; x_wconf 76' lang='grc'>4.</span> <span class='ocrx_word' id='word_1_370' title='bbox 628 4677 692 4728; x_wconf 86' lang='lat' dir='ltr'>In</span> <span class='ocrx_word' id='word_1_371' title='bbox 739 4676 843 4729; x_wconf 90' lang='lat' dir='ltr'>hac</span> <span class='ocrx_word' id='word_1_372' title='bbox 882 4692 1106 4730; x_wconf 89' lang='lat' dir='ltr'>mecum</span> <span class='ocrx_word' id='word_1_373' title='bbox 1138 4673 1549 4730; x_wconf 89' lang='lat' dir='ltr'>studiosissime</span> <span class='ocrx_word' id='word_1_374' title='bbox 1580 4674 1715 4730; x_wconf 89' lang='lat' dir='ltr'>vivit</span> <span class='ocrx_word' id='word_1_375' title='bbox 1747 4679 1938 4731; x_wconf 91' lang='lat' dir='ltr'>noster</span> <span class='ocrx_word' id='word_1_376' title='bbox 1967 4677 2167 4731; x_wconf 82' lang='lat' dir='ltr'>Licen—</span> 
     </span>
    </p>
   </div>
   <div class='ocr_carea' id='block_1_51' title="bbox 475 4761 2165 4835">
    <p class='ocr_par' dir='ltr' id='par_1_51' title="bbox 475 4761 2165 4835">
     <span class='ocr_line' id='line_1_51' title="bbox 475 4761 2165 4835; baseline 0.002 -20"><span class='ocrx_word' id='word_1_377' title='bbox 475 4761 620 4815; x_wconf 87' lang='lat' dir='ltr'>tius:</span> <span class='ocrx_word' id='word_1_378' title='bbox 663 4763 732 4816; x_wconf 89' lang='lat' dir='ltr'>ad</span> <span class='ocrx_word' id='word_1_379' title='bbox 761 4779 888 4817; x_wconf 83' lang='lat' dir='ltr'>eam</span> <span class='ocrx_word' id='word_1_380' title='bbox 927 4768 1077 4818; x_wconf 91' lang='lat' dir='ltr'>totus</span> <span class='ocrx_word' id='word_1_381' title='bbox 1106 4780 1140 4817; x_wconf 93' lang='lat' dir='ltr'>a</span> <span class='ocrx_word' id='word_1_382' title='bbox 1162 4761 1515 4834; x_wconf 87' lang='lat' dir='ltr'>juvenilibus</span> <span class='ocrx_word' id='word_1_383' title='bbox 1547 4762 1827 4818; x_wconf 90' lang='lat' dir='ltr'>illecebris</span> <span class='ocrx_word' id='word_1_384' title='bbox 1859 4765 2165 4835; x_wconf 85' lang='lat' dir='ltr'>voluptati-</span> 
     </span>
    </p>
   </div>
   <div class='ocr_carea' id='block_1_52' title="bbox 541 4866 2165 4932">
    <p class='ocr_par' dir='ltr' id='par_1_52' title="bbox 541 4866 2165 4932">
     <span class='ocr_line' id='line_1_52' title="bbox 541 4866 2165 4932; baseline 0.002 -19"><span class='ocrx_word' id='word_1_385' title='bbox 541 4870 553 4900; x_wconf 83' lang='grc'>¹</span> <span class='ocrx_word' id='word_1_386' title='bbox 574 4867 691 4932; x_wconf 70' lang='lat' dir='ltr'>[ulti</span> <span class='ocrx_word' id='word_1_387' title='bbox 697 4881 766 4914; x_wconf 86' lang='lat' dir='ltr'>ss.</span> <span class='ocrx_word' id='word_1_388' title='bbox 780 4866 980 4932; x_wconf 84' lang='lat' dir='ltr'>aliquot</span> <span class='ocrx_word' id='word_1_389' title='bbox 996 4871 1232 4927; x_wconf 85' lang='lat' dir='ltr'>vetustis,</span> <span class='ocrx_word' id='word_1_390' title='bbox 1253 4870 1374 4919; x_wconf 88' lang='lat' dir='ltr'>etin</span> <span class='ocrx_word' id='word_1_391' title='bbox 1388 4869 1514 4918; x_wconf 82' lang='lat' dir='ltr'>Bad.</span> <span class='ocrx_word' id='word_1_392' title='bbox 1528 4869 1643 4918; x_wconf 80' lang='lat' dir='ltr'>Am.</span> <span class='ocrx_word' id='word_1_393' title='bbox 1658 4870 1744 4932; x_wconf 87' lang='lat' dir='ltr'>Er.</span> <span class='ocrx_word' id='word_1_394' title='bbox 1764 4870 1909 4919; x_wconf 86' lang='lat' dir='ltr'>deest</span> <span class='ocrx_word' id='word_1_395' title='bbox 1921 4874 1979 4919; x_wconf 80' lang='lat' dir='ltr'>ut</span> <span class='ocrx_word' id='word_1_396' title='bbox 1991 4868 2165 4932; x_wconf 77' lang='lat' dir='ltr'>fuisti.</span> 
     </span>
    </p>
   </div>
   <div class='ocr_carea' id='block_1_53' title="bbox 474 4929 2166 4994">
    <p class='ocr_par' dir='ltr' id='par_1_53' title="bbox 474 4929 2166 4994">
     <span class='ocr_line' id='line_1_53' title="bbox 474 4929 2166 4994; baseline 0.002 -18"><span class='ocrx_word' id='word_1_397' title='bbox 474 4930 533 4994; x_wconf 80' lang='lat' dir='ltr'>lu</span> <span class='ocrx_word' id='word_1_398' title='bbox 560 4929 675 4977; x_wconf 84' lang='lat' dir='ltr'>aliis</span> <span class='ocrx_word' id='word_1_399' title='bbox 696 4931 893 4994; x_wconf 73' lang='lat' dir='ltr'>septem</span> <span class='ocrx_word' id='word_1_400' title='bbox 920 4930 1037 4977; x_wconf 86' lang='lat' dir='ltr'>Mss.</span> <span class='ocrx_word' id='word_1_401' title='bbox 1057 4932 1399 4994; x_wconf 82' lang='lat' dir='ltr'>substituitur</span> <span class='ocrx_word' id='word_1_402' title='bbox 1416 4936 1482 4981; x_wconf 77' lang='lat' dir='ltr'>ut</span> <span class='ocrx_word' id='word_1_403' title='bbox 1497 4931 1689 4989; x_wconf 76' lang='lat' dir='ltr'>suesti;</span> <span class='ocrx_word' id='word_1_404' title='bbox 1717 4946 1835 4994; x_wconf 65' lang='lat' dir='ltr'>quae</span> <span class='ocrx_word' id='word_1_405' title='bbox 1856 4929 2010 4981; x_wconf 83' lang='lat' dir='ltr'>lectio</span> <span class='ocrx_word' id='word_1_406' title='bbox 2032 4932 2166 4980; x_wconf 88' lang='lat' dir='ltr'>forte</span> 
     </span>
    </p>
   </div>
   <div class='ocr_carea' id='block_1_54' title="bbox 474 4990 1794 5055">
    <p class='ocr_par' dir='ltr' id='par_1_54' title="bbox 474 4990 1794 5055">
     <span class='ocr_line' id='line_1_54' title="bbox 474 4990 1794 5055; baseline 0.002 -16"><span class='ocrx_word' id='word_1_407' title='bbox 474 4993 574 5039; x_wconf 77' lang='lat' dir='ltr'>hoc</span> <span class='ocrx_word' id='word_1_408' title='bbox 601 4990 1033 5055; x_wconf 74' lang='lat' dir='ltr'>verior_est,_quo_</span> <span class='ocrx_word' id='word_1_409' title='bbox 1060 4993 1125 5055; x_wconf 82' lang='lat' dir='ltr'>ab</span> <span class='ocrx_word' id='word_1_410' title='bbox 1157 5007 1257 5040; x_wconf 90' lang='lat' dir='ltr'>usu</span> <span class='ocrx_word' id='word_1_411' title='bbox 1282 4993 1499 5055; x_wconf 88' lang='lat' dir='ltr'>vulgato</span> <span class='ocrx_word' id='word_1_412' title='bbox 1530 4990 1794 5042; x_wconf 78' lang='lat' dir='ltr'>remotior.</span> 
     </span>
    </p>
   </div>
   <div class='ocr_carea' id='block_1_55' title="bbox 536 5050 2167 5116">
    <p class='ocr_par' dir='ltr' id='par_1_55' title="bbox 536 5050 2167 5116">
     <span class='ocr_line' id='line_1_55' title="bbox 536 5050 2167 5116; baseline 0.002 -16"><span class='ocrx_word' id='word_1_413' title='bbox 536 5054 608 5115; x_wconf 79' lang='grc' dir='ltr'>(η)</span> <span class='ocrx_word' id='word_1_414' title='bbox 638 5054 758 5116; x_wconf 84' lang='lat' dir='ltr'>Erat</span> <span class='ocrx_word' id='word_1_415' title='bbox 780 5050 920 5098; x_wconf 84' lang='lat' dir='ltr'>haud</span> <span class='ocrx_word' id='word_1_416' title='bbox 944 5050 1105 5116; x_wconf 72' lang='lat' dir='ltr'>dubie</span> <span class='ocrx_word' id='word_1_417' title='bbox 1128 5050 1488 5103; x_wconf 44' lang='lat' dir='ltr'>llomania‘nus</span> <span class='ocrx_word' id='word_1_418' title='bbox 1504 5069 1563 5103; x_wconf 79' lang='lat' dir='ltr'>ex</span> <span class='ocrx_word' id='word_1_419' title='bbox 1577 5070 1756 5103; x_wconf 87' lang='lat' dir='ltr'>eorum</span> <span class='ocrx_word' id='word_1_420' title='bbox 1779 5068 2019 5114; x_wconf 88' lang='lat' dir='ltr'>numero,</span> <span class='ocrx_word' id='word_1_421' title='bbox 2035 5068 2167 5116; x_wconf 85' lang='lat' dir='ltr'>quos</span> 
     </span>
    </p>
   </div>
   <div class='ocr_carea' id='block_1_56' title="bbox 474 5113 2168 5179">
    <p class='ocr_par' dir='ltr' id='par_1_56' title="bbox 474 5113 2168 5179">
     <span class='ocr_line' id='line_1_56' title="bbox 474 5113 2168 5179; baseline -0.001 -15"><span class='ocrx_word' id='word_1_422' title='bbox 474 5116 529 5164; x_wconf 89' lang='lat' dir='ltr'>in</span> <span class='ocrx_word' id='word_1_423' title='bbox 545 5113 959 5179; x_wconf 39' lang='lat' dir='ltr'>&#39;Manichzeorum</span> <span class='ocrx_word' id='word_1_424' title='bbox 980 5113 1223 5179; x_wconf 62' lang='lat' dir='ltr'>haeresim</span> <span class='ocrx_word' id='word_1_425' title='bbox 1240 5130 1419 5164; x_wconf 87' lang='lat' dir='ltr'>secum</span> <span class='ocrx_word' id='word_1_426' title='bbox 1431 5118 1739 5179; x_wconf 75' lang='lat' dir='ltr'>pertraxisse</span> <span class='ocrx_word' id='word_1_427' title='bbox 1760 5113 2168 5179; x_wconf 76' lang='lat' dir='ltr'>delletAugusii-</span> 
     </span>
    </p>
   </div>
   <div class='ocr_carea' id='block_1_57' title="bbox 473 5174 2165 5241">
    <p class='ocr_par' dir='ltr' id='par_1_57' title="bbox 473 5174 2165 5241">
     <span class='ocr_line' id='line_1_57' title="bbox 473 5174 2165 5241; baseline -0.001 -14"><span class='ocrx_word' id='word_1_428' title='bbox 473 5192 574 5227; x_wconf 88' lang='lat' dir='ltr'>nus</span> <span class='ocrx_word' id='word_1_429' title='bbox 600 5178 689 5226; x_wconf 90' lang='lat' dir='ltr'>lib.</span> <span class='ocrx_word' id='word_1_430' title='bbox 722 5179 749 5225; x_wconf 74' lang='grc'>4</span> <span class='ocrx_word' id='word_1_431' title='bbox 780 5174 927 5223; x_wconf 83' lang='lat' dir='ltr'>Couf.</span> <span class='ocrx_word' id='word_1_432' title='bbox 949 5189 995 5241; x_wconf 87' lang='lat' dir='ltr'>_c.</span> <span class='ocrx_word' id='word_1_433' title='bbox 1028 5179 1071 5225; x_wconf 89' lang='grc'>1,</span> <span class='ocrx_word' id='word_1_434' title='bbox 1101 5177 1294 5241; x_wconf 66' lang='lat' dir='ltr'>Yerum</span> <span class='ocrx_word' id='word_1_435' title='bbox 1324 5178 1367 5241; x_wconf 85' lang='lat' dir='ltr'>is</span> <span class='ocrx_word' id='word_1_436' title='bbox 1392 5174 1600 5241; x_wconf 77' lang='lat' dir='ltr'>quoque</span> <span class='ocrx_word' id='word_1_437' title='bbox 1618 5179 1683 5227; x_wconf 90' lang='lat' dir='ltr'>ad</span> <span class='ocrx_word' id='word_1_438' title='bbox 1699 5192 1881 5227; x_wconf 88' lang='lat' dir='ltr'>sanam</span> <span class='ocrx_word' id='word_1_439' title='bbox 1901 5174 2053 5227; x_wconf 75' lang='lat' dir='ltr'>fidem</span> <span class='ocrx_word' id='word_1_440' title='bbox 2070 5178 2165 5241; x_wconf 83' lang='lat' dir='ltr'>ali-</span> 
     </span>
    </p>
   </div>
   <div class='ocr_carea' id='block_1_58' title="bbox 472 5193 2167 5329">
    <p class='ocr_par' dir='ltr' id='par_1_58' title="bbox 472 5193 2167 5329">
     <span class='ocr_line' id='line_1_58' title="bbox 473 5193 2165 5241; baseline -0.001 -14"><span class='ocrx_word' id='word_1_441' title='bbox 473 5193 574 5227; x_wconf 75' lang='lat' dir='ltr'>DUS</span> <span class='ocrx_word' id='word_1_442' title='bbox 600 5193 689 5226; x_wconf 81' lang='grc' dir='ltr'>ιιι).</span> <span class='ocrx_word' id='word_1_443' title='bbox 722 5193 749 5225; x_wconf 59' lang='grc'>4</span> <span class='ocrx_word' id='word_1_444' title='bbox 780 5193 927 5223; x_wconf 67' lang='grc' dir='ltr'>υυω.</span> <span class='ocrx_word' id='word_1_445' title='bbox 949 5193 995 5223; x_wconf 87' lang='lat' dir='ltr'>C.</span> <span class='ocrx_word' id='word_1_446' title='bbox 1028 5193 1071 5225; x_wconf 83' lang='lat'>1.</span> <span class='ocrx_word' id='word_1_447' title='bbox 1111 5193 1294 5225; x_wconf 85' lang='lat' dir='ltr'>verum</span> <span class='ocrx_word' id='word_1_448' title='bbox 1324 5193 1367 5226; x_wconf 81' lang='lat'>18</span> <span class='ocrx_word' id='word_1_449' title='bbox 1430 5193 1600 5241; x_wconf 90' lang='lat' dir='ltr'>uoque</span> <span class='ocrx_word' id='word_1_450' title='bbox 1618 5193 1683 5227; x_wconf 73' lang='grc'>80</span> <span class='ocrx_word' id='word_1_451' title='bbox 1699 5193 1881 5227; x_wconf 83' lang='lat' dir='ltr'>sanam</span> <span class='ocrx_word' id='word_1_452' title='bbox 1901 5193 2053 5227; x_wconf 86' lang='lat' dir='ltr'>naem</span> <span class='ocrx_word' id='word_1_453' title='bbox 2071 5193 2165 5226; x_wconf 74' lang='grc' dir='ltr'>ωι-</span> 
     </span>
     <span class='ocr_line' id='line_1_59' title="bbox 472 5193 2167 5329; baseline 0 0"><span class='ocrx_word' id='word_1_454' title='bbox 472 5241 817 5329; x_wconf 59' lang='lat' dir='ltr'>93“&#39;,.“.1°,.S°,f</span> <span class='ocrx_word' id='word_1_455' title='bbox 819 5193 1747 5329; x_wconf 46' lang='grc' dir='ltr'>ῗ.ῗξῖἷῗξηῗ¹.ὶ¹.ίιὶζέ¹ῗςιῖξίῗιλυξὲῗδέῗῗὶῗ</span> <span class='ocrx_word' id='word_1_456' title='bbox 1776 5240 2167 5329; x_wconf 52' lang='grc' dir='ltr'>ῗῖηἶφέῖηθὲἮξί</span> 
     </span>
    </p>
   </div>
   <div class='ocr_carea' id='block_1_59' title="bbox 473 5299 2167 5364">
    <p class='ocr_par' dir='ltr' id='par_1_59' title="bbox 473 5299 2167 5364">
     <span class='ocr_line' id='line_1_60' title="bbox 473 5299 2167 5364; baseline -0.001 -15"><span class='ocrx_word' id='word_1_457' title='bbox 473 5299 725 5364; x_wconf 76' lang='lat' dir='ltr'>impense,</span> <span class='ocrx_word' id='word_1_458' title='bbox 758 5303 809 5349; x_wconf 90' lang='lat' dir='ltr'>et</span> <span class='ocrx_word' id='word_1_459' title='bbox 832 5303 1194 5364; x_wconf 79' lang='lat' dir='ltr'>nuncupatum</span> <span class='ocrx_word' id='word_1_460' title='bbox 1213 5299 1313 5364; x_wconf 83' lang='lat' dir='ltr'>sibi</span> <span class='ocrx_word' id='word_1_461' title='bbox 1334 5302 1398 5349; x_wconf 85' lang='lat' dir='ltr'>ab</span> <span class='ocrx_word' id='word_1_462' title='bbox 1422 5299 1531 5363; x_wconf 88' lang='lat' dir='ltr'>ipso</span> <span class='ocrx_word' id='word_1_463' title='bbox 1555 5302 1840 5364; x_wconf 15' lang='lat' dir='ltr'>librumide</span> <span class='ocrx_word' id='word_1_464' title='bbox 1871 5299 2005 5350; x_wconf 78' lang='lat' dir='ltr'>Vera</span> <span class='ocrx_word' id='word_1_465' title='bbox 2032 5302 2167 5364; x_wconf 83' lang='lat' dir='ltr'>Reli-</span> 
     </span>
    </p>
   </div>
   <div class='ocr_carea' id='block_1_60' title="bbox 471 5360 2163 5470">
    <p class='ocr_par' dir='ltr' id='par_1_60' title="bbox 471 5360 2163 5470">
     <span class='ocr_line' id='line_1_61' title="bbox 471 5360 2163 5470; baseline 0.001 -60"><span class='ocrx_word' id='word_1_466' title='bbox 471 5360 864 5433; x_wconf 77' lang='lat' dir='ltr'>gione,aliaque</span> <span class='ocrx_word' id='word_1_467' title='bbox 897 5360 1058 5424; x_wconf 77' lang='lat' dir='ltr'>ipsius</span> <span class='ocrx_word' id='word_1_468' title='bbox 1073 5361 1266 5470; x_wconf 71' lang='lat' dir='ltr'>scripta</span> <span class='ocrx_word' id='word_1_469' title='bbox 1284 5362 1339 5409; x_wconf 91' lang='lat' dir='ltr'>in</span> <span class='ocrx_word' id='word_1_470' title='bbox 1356 5360 1548 5425; x_wconf 77' lang='lat' dir='ltr'>magno</span> <span class='ocrx_word' id='word_1_471' title='bbox 1571 5364 1736 5427; x_wconf 88' lang='lat' dir='ltr'>pretio</span> <span class='ocrx_word' id='word_1_472' title='bbox 1760 5363 1969 5423; x_wconf 88' lang='lat' dir='ltr'>habuit;</span> <span class='ocrx_word' id='word_1_473' title='bbox 1995 5377 2055 5412; x_wconf 84' lang='lat' dir='ltr'>ac</span> <span class='ocrx_word' id='word_1_474' title='bbox 2075 5363 2163 5413; x_wconf 85' lang='lat' dir='ltr'>de-</span> 
     </span>
     <span class='ocr_line' id='line_1_62' title="bbox 471 5424 2163 5470; baseline 0 0"><span class='ocrx_word' id='word_1_475' title='bbox 471 5438 616 5470; x_wconf 87' lang='lat' dir='ltr'>mum</span> <span class='ocrx_word' id='word_1_476' title='bbox 647 5440 741 5470; x_wconf 87' lang='lat' dir='ltr'>ner</span> <span class='ocrx_word' id='word_1_477' title='bbox 768 5425 966 5470; x_wconf 76' lang='lat' dir='ltr'>litteras</span> <span class='ocrx_word' id='word_1_478' title='bbox 995 5438 1026 5470; x_wconf 76' lang='grc' dir='ltr'>ιι</span> <span class='ocrx_word' id='word_1_479' title='bbox 1060 5424 1165 5470; x_wconf 88' lang='lat' dir='ltr'>Pau</span> <span class='ocrx_word' id='word_1_480' title='bbox 1194 5437 1281 5470; x_wconf 82' lang='lat' dir='ltr'>ino</span> <span class='ocrx_word' id='word_1_481' title='bbox 1312 5425 1522 5470; x_wconf 82' lang='lat' dir='ltr'>Nolensi</span> <span class='ocrx_word' id='word_1_482' title='bbox 1569 5426 1830 5470; x_wconf 83' lang='lat' dir='ltr'>eniscono.</span> <span class='ocrx_word' id='word_1_483' title='bbox 1861 5426 1951 5470; x_wconf 84' lang='lat' dir='ltr'>aui</span> <span class='ocrx_word' id='word_1_484' title='bbox 2001 5438 2163 5470; x_wconf 85' lang='lat' dir='ltr'>nanes</span> 
     </span>
    </p>
   </div>
   <div class='ocr_carea' id='block_1_61' title="bbox 471 5424 2164 5489">
    <p class='ocr_par' dir='ltr' id='par_1_61' title="bbox 471 5424 2164 5489">
     <span class='ocr_line' id='line_1_63' title="bbox 471 5424 2164 5489; baseline 0.001 -17"><span class='ocrx_word' id='word_1_485' title='bbox 471 5424 741 5489; x_wconf 81' lang='lat' dir='ltr'>mumper</span> <span class='ocrx_word' id='word_1_486' title='bbox 768 5424 970 5489; x_wconf 79' lang='lat' dir='ltr'>litteras</span> <span class='ocrx_word' id='word_1_487' title='bbox 995 5438 1026 5471; x_wconf 88' lang='lat' dir='ltr'>a</span> <span class='ocrx_word' id='word_1_488' title='bbox 1060 5424 1281 5489; x_wconf 80' lang='lat' dir='ltr'>Paulino</span> <span class='ocrx_word' id='word_1_489' title='bbox 1312 5424 1522 5489; x_wconf 66' lang='lat' dir='ltr'>Nolensi</span> <span class='ocrx_word' id='word_1_490' title='bbox 1569 5424 1831 5489; x_wconf 58' lang='lat' dir='ltr'>(episcopo,</span> <span class='ocrx_word' id='word_1_491' title='bbox 1861 5426 1957 5489; x_wconf 81' lang='lat' dir='ltr'>qui</span> <span class='ocrx_word' id='word_1_492' title='bbox 2001 5438 2164 5489; x_wconf 89' lang='lat' dir='ltr'>panes</span> 
     </span>
    </p>
   </div>
   <div class='ocr_carea' id='block_1_62' title="bbox 470 5485 2162 5547">
    <p class='ocr_par' dir='ltr' id='par_1_62' title="bbox 470 5485 2162 5547">
     <span class='ocr_line' id='line_1_64' title="bbox 470 5485 2162 5547; baseline 0.002 -14"><span class='ocrx_word' id='word_1_493' title='bbox 470 5485 798 5547; x_wconf 79' lang='lat' dir='ltr'>eulogiarum</span> <span class='ocrx_word' id='word_1_494' title='bbox 830 5486 1043 5535; x_wconf 88' lang='lat' dir='ltr'>nomine</span> <span class='ocrx_word' id='word_1_495' title='bbox 1073 5485 1243 5534; x_wconf 87' lang='lat' dir='ltr'>eidem</span> <span class='ocrx_word' id='word_1_496' title='bbox 1273 5486 1449 5544; x_wconf 89' lang='lat' dir='ltr'>mittit,</span> <span class='ocrx_word' id='word_1_497' title='bbox 1470 5485 1721 5535; x_wconf 74' lang='lat' dir='ltr'>tractatur</span> <span class='ocrx_word' id='word_1_498' title='bbox 1740 5485 2162 5537; x_wconf 76' lang='lat' dir='ltr'>honorificentis-</span> 
     </span>
    </p>
   </div>
   <div class='ocr_carea' id='block_1_63' title="bbox 470 5547 1850 5612">
    <p class='ocr_par' dir='ltr' id='par_1_63' title="bbox 470 5547 1850 5612">
     <span class='ocr_line' id='line_1_65' title="bbox 470 5547 1850 5612; baseline 0.004 -18"><span class='ocrx_word' id='word_1_499' title='bbox 470 5547 620 5607; x_wconf 83' lang='lat' dir='ltr'>sime,</span> <span class='ocrx_word' id='word_1_500' title='bbox 655 5553 809 5611; x_wconf 89' lang='lat' dir='ltr'>atque</span> <span class='ocrx_word' id='word_1_501' title='bbox 837 5553 897 5599; x_wconf 92' lang='lat' dir='ltr'>ut</span> <span class='ocrx_word' id='word_1_502' title='bbox 918 5549 999 5598; x_wconf 86' lang='lat' dir='ltr'>vir</span> <span class='ocrx_word' id='word_1_503' title='bbox 1024 5547 1181 5612; x_wconf 88' lang='lat' dir='ltr'>plane</span> <span class='ocrx_word' id='word_1_504' title='bbox 1204 5547 1519 5597; x_wconf 81' lang='lat' dir='ltr'>Christianus</span> <span class='ocrx_word' id='word_1_505' title='bbox 1543 5548 1850 5599; x_wconf 90' lang='lat' dir='ltr'>catholicus.</span> 
     </span>
    </p>
   </div>
   <div class='ocr_carea' id='block_1_64' title="bbox 1549 305 3826 376">
    <p class='ocr_par' dir='ltr' id='par_1_64' title="bbox 1549 305 3826 376">
     <span class='ocr_line' id='line_1_66' title="bbox 1549 305 3826 376; baseline -0.005 -9"><span class='ocrx_word' id='word_1_506' title='bbox 1549 309 1832 367; x_wconf 84' lang='lat' dir='ltr'>CONTRA</span> <span class='ocrx_word' id='word_1_507' title='bbox 1870 307 2342 376; x_wconf 80' lang='lat' dir='ltr'>ACADEMICOS,</span> <span class='ocrx_word' id='word_1_508' title='bbox 2386 308 2441 365; x_wconf 90' lang='lat' dir='ltr'>S.</span> <span class='ocrx_word' id='word_1_509' title='bbox 2488 305 2873 364; x_wconf 85' lang='lat' dir='ltr'>AUGUSTINI</span> <span class='ocrx_word' id='word_1_510' title='bbox 3764 312 3826 365; x_wconf 59' lang='grc' dir='ltr'>θῦε</span> 
     </span>
    </p>
   </div>
   <div class='ocr_carea' id='block_1_65' title="bbox 2260 427 3829 502">
    <p class='ocr_par' dir='ltr' id='par_1_65' title="bbox 2260 427 3829 502">
     <span class='ocr_line' id='line_1_67' title="bbox 2260 427 3829 502; baseline 0.001 -17"><span class='ocrx_word' id='word_1_511' title='bbox 2260 430 2481 502; x_wconf 78' lang='lat' dir='ltr'>basque</span> <span class='ocrx_word' id='word_1_512' title='bbox 2501 444 2807 485; x_wconf 88' lang='lat' dir='ltr'>conversus</span> <span class='ocrx_word' id='word_1_513' title='bbox 2835 430 2941 495; x_wconf 88' lang='lat' dir='ltr'>est,</span> <span class='ocrx_word' id='word_1_514' title='bbox 2972 427 3053 483; x_wconf 89' lang='lat' dir='ltr'>ita</span> <span class='ocrx_word' id='word_1_515' title='bbox 3097 429 3161 481; x_wconf 88' lang='lat' dir='ltr'>ut</span> <span class='ocrx_word' id='word_1_516' title='bbox 3209 441 3342 482; x_wconf 89' lang='lat' dir='ltr'>eum</span> <span class='ocrx_word' id='word_1_517' title='bbox 3371 442 3480 481; x_wconf 92' lang='lat' dir='ltr'>non</span> <span class='ocrx_word' id='word_1_518' title='bbox 3519 431 3700 483; x_wconf 83' lang='lat' dir='ltr'>temere</span> <span class='ocrx_word' id='word_1_519' title='bbox 3733 436 3829 500; x_wconf 80' lang='lat' dir='ltr'>patri</span> 
     </span>
    </p>
   </div>
   <div class='ocr_carea' id='block_1_66' title="bbox 2261 514 3826 588">
    <p class='ocr_par' dir='ltr' id='par_1_66' title="bbox 2261 514 3826 588">
     <span class='ocr_line' id='line_1_68' title="bbox 2261 514 3826 588; baseline 0 -14"><span class='ocrx_word' id='word_1_520' title='bbox 2261 520 2503 575; x_wconf 89' lang='lat' dir='ltr'>audeam</span> <span class='ocrx_word' id='word_1_521' title='bbox 2530 517 2873 572; x_wconf 89' lang='lat' dir='ltr'>imitandum</span> <span class='ocrx_word' id='word_1_522' title='bbox 2900 531 3241 588; x_wconf 76' lang='lat' dir='ltr'>proponere.</span> <span class='ocrx_word' id='word_1_523' title='bbox 3264 514 3605 586; x_wconf 83' lang='lat' dir='ltr'>Philosophia</span> <span class='ocrx_word' id='word_1_524' title='bbox 3620 522 3691 572; x_wconf 86' lang='lat' dir='ltr'>est</span> <span class='ocrx_word' id='word_1_525' title='bbox 3713 520 3826 581; x_wconf 86' lang='lat' dir='ltr'>enim,</span> 
     </span>
    </p>
   </div>
   <div class='ocr_carea' id='block_1_67' title="bbox 2263 602 3830 679">
    <p class='ocr_par' dir='ltr' id='par_1_67' title="bbox 2263 602 3830 679">
     <span class='ocr_line' id='line_1_69' title="bbox 2263 602 3830 679; baseline 0 -17"><span class='ocrx_word' id='word_1_526' title='bbox 2263 624 2298 662; x_wconf 90' lang='lat' dir='ltr'>a</span> <span class='ocrx_word' id='word_1_527' title='bbox 2322 609 2483 679; x_wconf 88' lang='lat' dir='ltr'>cujus</span> <span class='ocrx_word' id='word_1_528' title='bbox 2513 606 2783 661; x_wconf 89' lang='lat' dir='ltr'>uberibus</span> <span class='ocrx_word' id='word_1_529' title='bbox 2812 621 2871 660; x_wconf 89' lang='lat' dir='ltr'>se</span> <span class='ocrx_word' id='word_1_530' title='bbox 2899 605 3060 659; x_wconf 89' lang='lat' dir='ltr'>nulla</span> <span class='ocrx_word' id='word_1_531' title='bbox 3087 608 3223 658; x_wconf 71' lang='lat' dir='ltr'>tetas</span> <span class='ocrx_word' id='word_1_532' title='bbox 3248 606 3509 676; x_wconf 87' lang='lat' dir='ltr'>queretur</span> <span class='ocrx_word' id='word_1_533' title='bbox 3532 602 3549 636; x_wconf 83' lang='grc'>¹</span> <span class='ocrx_word' id='word_1_534' title='bbox 3573 606 3773 671; x_wconf 80' lang='lat' dir='ltr'>excludi;</span> <span class='ocrx_word' id='word_1_535' title='bbox 3790 612 3830 663; x_wconf 72' lang='lat' dir='ltr'>ad</span> 
     </span>
    </p>
   </div>
   <div class='ocr_carea' id='block_1_68' title="bbox 2265 690 3833 768">
    <p class='ocr_par' dir='ltr' id='par_1_68' title="bbox 2265 690 3833 768">
     <span class='ocr_line' id='line_1_70' title="bbox 2265 690 3833 768; baseline -0.001 -18"><span class='ocrx_word' id='word_1_536' title='bbox 2265 712 2436 768; x_wconf 90' lang='lat' dir='ltr'>quam</span> <span class='ocrx_word' id='word_1_537' title='bbox 2462 694 2683 749; x_wconf 88' lang='lat' dir='ltr'>avidius</span> <span class='ocrx_word' id='word_1_538' title='bbox 2713 693 3070 748; x_wconf 88' lang='lat' dir='ltr'>retinendam</span> <span class='ocrx_word' id='word_1_539' title='bbox 3101 696 3158 746; x_wconf 90' lang='lat' dir='ltr'>et</span> <span class='ocrx_word' id='word_1_540' title='bbox 3186 690 3544 746; x_wconf 87' lang='lat' dir='ltr'>hauriendam</span> <span class='ocrx_word' id='word_1_541' title='bbox 3567 708 3663 763; x_wconf 90' lang='lat' dir='ltr'>quo</span> <span class='ocrx_word' id='word_1_542' title='bbox 3686 698 3730 747; x_wconf 89' lang='lat' dir='ltr'>te</span> <span class='ocrx_word' id='word_1_543' title='bbox 3747 694 3833 750; x_wconf 81' lang='lat' dir='ltr'>inci-</span> 
     </span>
    </p>
   </div>
   <div class='ocr_carea' id='block_1_69' title="bbox 2264 779 3887 855">
    <p class='ocr_par' dir='ltr' id='par_1_69' title="bbox 2264 779 3887 855">
     <span class='ocr_line' id='line_1_71' title="bbox 2264 779 3887 855; baseline -0.002 -17"><span class='ocrx_word' id='word_1_544' title='bbox 2264 789 2465 848; x_wconf 84' lang='lat' dir='ltr'>tarem,</span> <span class='ocrx_word' id='word_1_545' title='bbox 2500 781 2760 855; x_wconf 89' lang='lat' dir='ltr'>quamvis</span> <span class='ocrx_word' id='word_1_546' title='bbox 2784 786 2943 836; x_wconf 87' lang='lat' dir='ltr'>tuam</span> <span class='ocrx_word' id='word_1_547' title='bbox 2972 779 3128 833; x_wconf 88' lang='lat' dir='ltr'>sitim</span> <span class='ocrx_word' id='word_1_548' title='bbox 3152 779 3297 834; x_wconf 87' lang='lat' dir='ltr'>bene</span> <span class='ocrx_word' id='word_1_549' title='bbox 3320 780 3579 845; x_wconf 87' lang='lat' dir='ltr'>noverim,</span> <span class='ocrx_word' id='word_1_550' title='bbox 3594 786 3773 850; x_wconf 83' lang='lat' dir='ltr'>gustum</span> <span class='ocrx_word' id='word_1_551' title='bbox 3793 790 3837 835; x_wconf 81' lang='lat' dir='ltr'>u-</span> <span class='ocrx_word' id='word_1_552' title='bbox 3886 780 3887 805; x_wconf 81' lang='grc'><em>³</em></span> 
     </span>
    </p>
   </div>
   <div class='ocr_carea' id='block_1_70' title="bbox 2266 866 3833 940">
    <p class='ocr_par' dir='ltr' id='par_1_70' title="bbox 2266 866 3833 940">
     <span class='ocr_line' id='line_1_72' title="bbox 2266 866 3833 940; baseline -0.003 -13"><span class='ocrx_word' id='word_1_553' title='bbox 2266 889 2399 927; x_wconf 91' lang='lat' dir='ltr'>men</span> <span class='ocrx_word' id='word_1_554' title='bbox 2429 871 2656 926; x_wconf 89' lang='lat' dir='ltr'>mittere</span> <span class='ocrx_word' id='word_1_555' title='bbox 2684 870 2857 935; x_wconf 87' lang='lat' dir='ltr'>volui,</span> <span class='ocrx_word' id='word_1_556' title='bbox 2891 884 3065 940; x_wconf 89' lang='lat' dir='ltr'>quem</span> <span class='ocrx_word' id='word_1_557' title='bbox 3094 867 3198 923; x_wconf 90' lang='lat' dir='ltr'>tibi</span> <span class='ocrx_word' id='word_1_558' title='bbox 3220 866 3616 933; x_wconf 86' lang='lat' dir='ltr'>suavissimum,</span> <span class='ocrx_word' id='word_1_559' title='bbox 3644 872 3705 933; x_wconf 89' lang='lat' dir='ltr'>et,</span> <span class='ocrx_word' id='word_1_560' title='bbox 3731 876 3774 921; x_wconf 86' lang='lat' dir='ltr'>ut</span> <span class='ocrx_word' id='word_1_561' title='bbox 3792 870 3833 923; x_wconf 75' lang='lat' dir='ltr'>ita</span> 
     </span>
    </p>
   </div>
   <div class='ocr_carea' id='block_1_71' title="bbox 2266 955 3835 1026">
    <p class='ocr_par' dir='ltr' id='par_1_71' title="bbox 2266 955 3835 1026">
     <span class='ocr_line' id='line_1_73' title="bbox 2266 955 3835 1026; baseline -0.003 -10"><span class='ocrx_word' id='word_1_562' title='bbox 2266 961 2470 1026; x_wconf 90' lang='lat' dir='ltr'>dicam,</span> <span class='ocrx_word' id='word_1_563' title='bbox 2501 958 2889 1013; x_wconf 86' lang='lat' dir='ltr'>inductorium</span> <span class='ocrx_word' id='word_1_564' title='bbox 2920 956 3063 1024; x_wconf 86' lang='lat' dir='ltr'>fore,</span> <span class='ocrx_word' id='word_1_565' title='bbox 3093 959 3225 1026; x_wconf 91' lang='lat' dir='ltr'>peto</span> <span class='ocrx_word' id='word_1_566' title='bbox 3255 971 3325 1009; x_wconf 91' lang='lat' dir='ltr'>ne</span> <span class='ocrx_word' id='word_1_567' title='bbox 3346 955 3547 1009; x_wconf 82' lang='lat' dir='ltr'>frustra</span> <span class='ocrx_word' id='word_1_568' title='bbox 3569 959 3835 1025; x_wconf 84' lang='lat' dir='ltr'>speraverim.</span> 
     </span>
    </p>
   </div>
   <div class='ocr_carea' id='block_1_72' title="bbox 2268 1042 3841 1117">
    <p class='ocr_par' dir='ltr' id='par_1_72' title="bbox 2268 1042 3841 1117">
     <span class='ocr_line' id='line_1_74' title="bbox 2268 1042 3841 1117; baseline -0.004 -13"><span class='ocrx_word' id='word_1_569' title='bbox 2268 1051 2410 1105; x_wconf 88' lang='lat' dir='ltr'>Nam</span> <span class='ocrx_word' id='word_1_570' title='bbox 2439 1046 2883 1117; x_wconf 87' lang='lat' dir='ltr'>disputationem</span> <span class='ocrx_word' id='word_1_571' title='bbox 2913 1060 3087 1116; x_wconf 89' lang='lat' dir='ltr'>quam</span> <span class='ocrx_word' id='word_1_572' title='bbox 3115 1044 3266 1098; x_wconf 90' lang='lat' dir='ltr'>inter</span> <span class='ocrx_word' id='word_1_573' title='bbox 3284 1059 3343 1097; x_wconf 91' lang='lat' dir='ltr'>se</span> <span class='ocrx_word' id='word_1_574' title='bbox 3362 1042 3639 1113; x_wconf 86' lang='lat' dir='ltr'>Trygetins</span> <span class='ocrx_word' id='word_1_575' title='bbox 3661 1048 3708 1096; x_wconf 89' lang='lat' dir='ltr'>et</span> <span class='ocrx_word' id='word_1_576' title='bbox 3723 1044 3841 1098; x_wconf 83' lang='lat' dir='ltr'>Licen-</span> 
     </span>
    </p>
   </div>
   <div class='ocr_carea' id='block_1_73' title="bbox 2268 1130 3838 1201">
    <p class='ocr_par' dir='ltr' id='par_1_73' title="bbox 2268 1130 3838 1201">
     <span class='ocr_line' id='line_1_75' title="bbox 2268 1130 3838 1201; baseline -0.004 -9"><span class='ocrx_word' id='word_1_577' title='bbox 2268 1139 2379 1193; x_wconf 91' lang='lat' dir='ltr'>tius</span> <span class='ocrx_word' id='word_1_578' title='bbox 2408 1136 2752 1201; x_wconf 88' lang='lat' dir='ltr'>habuerunt,</span> <span class='ocrx_word' id='word_1_579' title='bbox 2786 1135 3023 1188; x_wconf 87' lang='lat' dir='ltr'>relatam</span> <span class='ocrx_word' id='word_1_580' title='bbox 3059 1132 3119 1187; x_wconf 91' lang='lat' dir='ltr'>in</span> <span class='ocrx_word' id='word_1_581' title='bbox 3166 1131 3402 1197; x_wconf 88' lang='lat' dir='ltr'>litteras,</span> <span class='ocrx_word' id='word_1_582' title='bbox 3450 1130 3547 1186; x_wconf 88' lang='lat' dir='ltr'>tibi</span> <span class='ocrx_word' id='word_1_583' title='bbox 3590 1130 3838 1188; x_wconf 80' lang='lat' dir='ltr'>misi.lllum</span> 
     </span>
    </p>
   </div>
   <div class='ocr_carea' id='block_1_74' title="bbox 2271 1218 3840 1295">
    <p class='ocr_par' dir='ltr' id='par_1_74' title="bbox 2271 1218 3840 1295">
     <span class='ocr_line' id='line_1_76' title="bbox 2271 1218 3840 1295; baseline -0.004 -16"><span class='ocrx_word' id='word_1_584' title='bbox 2271 1225 2427 1280; x_wconf 90' lang='lat' dir='ltr'>enim</span> <span class='ocrx_word' id='word_1_585' title='bbox 2474 1238 2704 1295; x_wconf 88' lang='lat' dir='ltr'>quoque</span> <span class='ocrx_word' id='word_1_586' title='bbox 2746 1222 3185 1286; x_wconf 87' lang='lat' dir='ltr'>adolescentem,</span> <span class='ocrx_word' id='word_1_587' title='bbox 3227 1218 3390 1290; x_wconf 88' lang='lat' dir='ltr'>quasi</span> <span class='ocrx_word' id='word_1_588' title='bbox 3433 1218 3500 1273; x_wconf 92' lang='lat' dir='ltr'>ad</span> <span class='ocrx_word' id='word_1_589' title='bbox 3533 1218 3840 1289; x_wconf 79' lang='lat' dir='ltr'>detergendum</span> 
     </span>
    </p>
   </div>
   <div class='ocr_carea' id='block_1_75' title="bbox 2270 1304 3842 1380">
    <p class='ocr_par' dir='ltr' id='par_1_75' title="bbox 2270 1304 3842 1380">
     <span class='ocr_line' id='line_1_77' title="bbox 2270 1304 3842 1380; baseline -0.004 -13"><span class='ocrx_word' id='word_1_590' title='bbox 2270 1311 2563 1367; x_wconf 87' lang='lat' dir='ltr'>fastidium</span> <span class='ocrx_word' id='word_1_591' title='bbox 2603 1309 3038 1380; x_wconf 88' lang='lat' dir='ltr'>disciplinarum</span> <span class='ocrx_word' id='word_1_592' title='bbox 3084 1307 3439 1378; x_wconf 85' lang='lat' dir='ltr'>aliquantum</span> <span class='ocrx_word' id='word_1_593' title='bbox 3479 1304 3579 1361; x_wconf 89' lang='lat' dir='ltr'>sibi</span> <span class='ocrx_word' id='word_1_594' title='bbox 3615 1320 3842 1377; x_wconf 78' lang='lat' dir='ltr'>usurpasse:</span> 
     </span>
    </p>
   </div>
   <div class='ocr_carea' id='block_1_76' title="bbox 2271 1395 3841 1468">
    <p class='ocr_par' dir='ltr' id='par_1_76' title="bbox 2271 1395 3841 1468">
     <span class='ocr_line' id='line_1_78' title="bbox 2271 1395 3841 1468; baseline -0.005 -13"><span class='ocrx_word' id='word_1_595' title='bbox 2271 1400 2497 1466; x_wconf 89' lang='lat' dir='ltr'>militia,</span> <span class='ocrx_word' id='word_1_596' title='bbox 2529 1399 2608 1452; x_wconf 90' lang='lat' dir='ltr'>ita</span> <span class='ocrx_word' id='word_1_597' title='bbox 2646 1396 2809 1452; x_wconf 88' lang='lat' dir='ltr'>nobis</span> <span class='ocrx_word' id='word_1_598' title='bbox 2852 1412 3191 1468; x_wconf 88' lang='lat' dir='ltr'>magnarum</span> <span class='ocrx_word' id='word_1_599' title='bbox 3220 1395 3674 1465; x_wconf 86' lang='lat' dir='ltr'>honestarumque</span> <span class='ocrx_word' id='word_1_600' title='bbox 3714 1396 3841 1448; x_wconf 82' lang='lat' dir='ltr'>artium</span> 
     </span>
    </p>
   </div>
   <div class='ocr_carea' id='block_1_77' title="bbox 2272 1470 3893 1557">
    <p class='ocr_par' dir='ltr' id='par_1_77' title="bbox 2272 1470 3893 1557">
     <span class='ocr_line' id='line_1_79' title="bbox 2272 1470 3893 1557; baseline -0.006 -14"><span class='ocrx_word' id='word_1_601' title='bbox 2272 1487 2850 1557; x_wconf 87' lang='lat' dir='ltr'>ardentissimumque</span> <span class='ocrx_word' id='word_1_602' title='bbox 2873 1483 3273 1539; x_wconf 88' lang='lat' dir='ltr'>edacissimum</span> <span class='ocrx_word' id='word_1_603' title='bbox 3291 1481 3550 1536; x_wconf 88' lang='lat' dir='ltr'>restituit.</span> <span class='ocrx_word' id='word_1_604' title='bbox 3574 1480 3781 1536; x_wconf 80' lang='lat' dir='ltr'>Pauculis</span> <span class='ocrx_word' id='word_1_605' title='bbox 3793 1482 3845 1552; x_wconf 80' lang='lat' dir='ltr'>igi-</span> <span class='ocrx_word' id='word_1_606' title='bbox 3892 1470 3893 1475; x_wconf 36' lang='grc'><em>“</em></span> 
     </span>
    </p>
   </div>
   <div class='ocr_carea' id='block_1_78' title="bbox 2270 1570 3845 1643">
    <p class='ocr_par' dir='ltr' id='par_1_78' title="bbox 2270 1570 3845 1643">
     <span class='ocr_line' id='line_1_80' title="bbox 2270 1570 3845 1643; baseline -0.004 -14"><span class='ocrx_word' id='word_1_607' title='bbox 2270 1580 2367 1631; x_wconf 89' lang='lat' dir='ltr'>tur</span> <span class='ocrx_word' id='word_1_608' title='bbox 2394 1574 2595 1629; x_wconf 90' lang='lat' dir='ltr'>diebus</span> <span class='ocrx_word' id='word_1_609' title='bbox 2620 1574 2937 1640; x_wconf 88' lang='lat' dir='ltr'>transactis,</span> <span class='ocrx_word' id='word_1_610' title='bbox 2977 1576 3351 1643; x_wconf 86' lang='lat' dir='ltr'>posteaquam</span> <span class='ocrx_word' id='word_1_611' title='bbox 3379 1570 3438 1623; x_wconf 91' lang='lat' dir='ltr'>in</span> <span class='ocrx_word' id='word_1_612' title='bbox 3468 1586 3591 1639; x_wconf 86' lang='lat' dir='ltr'>agro</span> <span class='ocrx_word' id='word_1_613' title='bbox 3621 1570 3764 1623; x_wconf 81' lang='lat' dir='ltr'>vivere</span> <span class='ocrx_word' id='word_1_614' title='bbox 3784 1586 3845 1622; x_wconf 69' lang='lat' dir='ltr'>m-</span> 
     </span>
    </p>
   </div>
   <div class='ocr_carea' id='block_1_79' title="bbox 2272 1658 3846 1736">
    <p class='ocr_par' dir='ltr' id='par_1_79' title="bbox 2272 1658 3846 1736">
     <span class='ocr_line' id='line_1_81' title="bbox 2272 1658 3846 1736; baseline -0.005 -18"><span class='ocrx_word' id='word_1_615' title='bbox 2272 1664 2485 1736; x_wconf 89' lang='lat' dir='ltr'>pimus,</span> <span class='ocrx_word' id='word_1_616' title='bbox 2516 1678 2646 1717; x_wconf 89' lang='lat' dir='ltr'>cum</span> <span class='ocrx_word' id='word_1_617' title='bbox 2677 1678 2775 1716; x_wconf 91' lang='lat' dir='ltr'>eos</span> <span class='ocrx_word' id='word_1_618' title='bbox 2822 1661 2893 1715; x_wconf 91' lang='lat' dir='ltr'>ad</span> <span class='ocrx_word' id='word_1_619' title='bbox 2939 1659 3129 1715; x_wconf 90' lang='lat' dir='ltr'>studia</span> <span class='ocrx_word' id='word_1_620' title='bbox 3174 1660 3411 1713; x_wconf 88' lang='lat' dir='ltr'>hortans</span> <span class='ocrx_word' id='word_1_621' title='bbox 3453 1663 3610 1728; x_wconf 89' lang='lat' dir='ltr'>atque</span> <span class='ocrx_word' id='word_1_622' title='bbox 3658 1658 3846 1722; x_wconf 79' lang='lat' dir='ltr'>animans,</span> 
     </span>
    </p>
   </div>
   <div class='ocr_carea' id='block_1_80' title="bbox 2274 1745 3895 1822">
    <p class='ocr_par' dir='ltr' id='par_1_80' title="bbox 2274 1745 3895 1822">
     <span class='ocr_line' id='line_1_82' title="bbox 2274 1745 3895 1822; baseline -0.006 -15"><span class='ocrx_word' id='word_1_623' title='bbox 2274 1753 2426 1807; x_wconf 88' lang='lat' dir='ltr'>ultra</span> <span class='ocrx_word' id='word_1_624' title='bbox 2475 1766 2649 1822; x_wconf 89' lang='lat' dir='ltr'>quam</span> <span class='ocrx_word' id='word_1_625' title='bbox 2678 1754 3005 1821; x_wconf 88' lang='lat' dir='ltr'>optaveram</span> <span class='ocrx_word' id='word_1_626' title='bbox 3029 1751 3259 1820; x_wconf 89' lang='lat' dir='ltr'>paratos</span> <span class='ocrx_word' id='word_1_627' title='bbox 3290 1751 3349 1800; x_wconf 92' lang='lat' dir='ltr'>et</span> <span class='ocrx_word' id='word_1_628' title='bbox 3391 1761 3610 1817; x_wconf 89' lang='lat' dir='ltr'>prorsus</span> <span class='ocrx_word' id='word_1_629' title='bbox 3648 1745 3843 1799; x_wconf 75' lang='lat' dir='ltr'>inhiantes</span> <span class='ocrx_word' id='word_1_630' title='bbox 3894 1800 3895 1809; x_wconf 16' lang='grc' dir='ltr'>χ</span> 
     </span>
    </p>
   </div>
   <div class='ocr_carea' id='block_1_81' title="bbox 2274 1833 3848 1907">
    <p class='ocr_par' dir='ltr' id='par_1_81' title="bbox 2274 1833 3848 1907">
     <span class='ocr_line' id='line_1_83' title="bbox 2274 1833 3848 1907; baseline -0.006 -13"><span class='ocrx_word' id='word_1_631' title='bbox 2274 1840 2548 1905; x_wconf 86' lang='lat' dir='ltr'>viderem,</span> <span class='ocrx_word' id='word_1_632' title='bbox 2578 1838 2735 1892; x_wconf 86' lang='lat' dir='ltr'>volui</span> <span class='ocrx_word' id='word_1_633' title='bbox 2765 1841 2983 1891; x_wconf 89' lang='lat' dir='ltr'>tentare</span> <span class='ocrx_word' id='word_1_634' title='bbox 3010 1851 3117 1907; x_wconf 89' lang='lat' dir='ltr'>pro</span> <span class='ocrx_word' id='word_1_635' title='bbox 3149 1838 3313 1888; x_wconf 62' lang='lat' dir='ltr'>(etate</span> <span class='ocrx_word' id='word_1_636' title='bbox 3345 1833 3481 1905; x_wconf 90' lang='lat' dir='ltr'>quid</span> <span class='ocrx_word' id='word_1_637' title='bbox 3508 1836 3729 1904; x_wconf 88' lang='lat' dir='ltr'>possent:</span> <span class='ocrx_word' id='word_1_638' title='bbox 3763 1848 3848 1902; x_wconf 75' lang='lat' dir='ltr'>pre-</span> 
     </span>
    </p>
   </div>
   <div class='ocr_carea' id='block_1_82' title="bbox 2274 1921 3847 1992">
    <p class='ocr_par' dir='ltr' id='par_1_82' title="bbox 2274 1921 3847 1992">
     <span class='ocr_line' id='line_1_84' title="bbox 2274 1921 3847 1992; baseline -0.005 -11"><span class='ocrx_word' id='word_1_639' title='bbox 2274 1928 2475 1983; x_wconf 89' lang='lat' dir='ltr'>sertim</span> <span class='ocrx_word' id='word_1_640' title='bbox 2504 1942 2636 1981; x_wconf 91' lang='lat' dir='ltr'>cum</span> <span class='ocrx_word' id='word_1_641' title='bbox 2656 1924 2988 1981; x_wconf 81' lang='lat' dir='ltr'>Hortensius</span> <span class='ocrx_word' id='word_1_642' title='bbox 3016 1923 3162 1978; x_wconf 90' lang='lat' dir='ltr'>liber</span> <span class='ocrx_word' id='word_1_643' title='bbox 3183 1921 3465 1978; x_wconf 89' lang='lat' dir='ltr'>Ciceronis</span> <span class='ocrx_word' id='word_1_644' title='bbox 3480 1922 3592 1992; x_wconf 87' lang='lat' dir='ltr'>jam</span> <span class='ocrx_word' id='word_1_645' title='bbox 3607 1937 3695 1986; x_wconf 80' lang='lat' dir='ltr'>eos</span> <span class='ocrx_word' id='word_1_646' title='bbox 3717 1936 3764 1973; x_wconf 76' lang='lat' dir='ltr'>ex</span> <span class='ocrx_word' id='word_1_647' title='bbox 3782 1937 3847 1972; x_wconf 72' lang='lat' dir='ltr'>ma-</span> 
     </span>
    </p>
   </div>
   <div class='ocr_carea' id='block_1_83' title="bbox 2275 2008 3848 2088">
    <p class='ocr_par' dir='ltr' id='par_1_83' title="bbox 2275 2008 3848 2088">
     <span class='ocr_line' id='line_1_85' title="bbox 2275 2008 3848 2088; baseline -0.008 -17"><span class='ocrx_word' id='word_1_648' title='bbox 2275 2032 2389 2088; x_wconf 87' lang='lat' dir='ltr'>gna</span> <span class='ocrx_word' id='word_1_649' title='bbox 2414 2018 2574 2088; x_wconf 87' lang='lat' dir='ltr'>parte</span> <span class='ocrx_word' id='word_1_650' title='bbox 2605 2013 2932 2069; x_wconf 88' lang='lat' dir='ltr'>conciliasse</span> <span class='ocrx_word' id='word_1_651' title='bbox 2960 2011 3347 2083; x_wconf 75' lang='lat' dir='ltr'>philosophias</span> <span class='ocrx_word' id='word_1_652' title='bbox 3367 2010 3651 2065; x_wconf 89' lang='lat' dir='ltr'>videretur.</span> <span class='ocrx_word' id='word_1_653' title='bbox 3673 2008 3848 2063; x_wconf 74' lang='lat' dir='ltr'>Adhibita</span> 
     </span>
    </p>
   </div>
   <div class='ocr_carea' id='block_1_84' title="bbox 2273 2096 3847 2176">
    <p class='ocr_par' dir='ltr' id='par_1_84' title="bbox 2273 2096 3847 2176">
     <span class='ocr_line' id='line_1_86' title="bbox 2273 2096 3847 2176; baseline -0.005 -17"><span class='ocrx_word' id='word_1_654' title='bbox 2273 2105 2467 2176; x_wconf 91' lang='lat' dir='ltr'>itaque</span> <span class='ocrx_word' id='word_1_655' title='bbox 2485 2103 2728 2169; x_wconf 88' lang='lat' dir='ltr'>notario,</span> <span class='ocrx_word' id='word_1_656' title='bbox 2747 2117 2818 2155; x_wconf 92' lang='lat' dir='ltr'>ne</span> <span class='ocrx_word' id='word_1_657' title='bbox 2831 2117 2985 2155; x_wconf 65' lang='lat' dir='ltr'>auras</span> <span class='ocrx_word' id='word_1_658' title='bbox 3004 2099 3260 2155; x_wconf 88' lang='lat' dir='ltr'>laborem</span> <span class='ocrx_word' id='word_1_659' title='bbox 3271 2102 3530 2153; x_wconf 89' lang='lat' dir='ltr'>nostrum</span> <span class='ocrx_word' id='word_1_660' title='bbox 3550 2096 3847 2167; x_wconf 80' lang='lat' dir='ltr'>discerperent.</span> 
     </span>
    </p>
   </div>
   <div class='ocr_carea' id='block_1_85' title="bbox 2276 2184 3849 2263">
    <p class='ocr_par' dir='ltr' id='par_1_85' title="bbox 2276 2184 3849 2263">
     <span class='ocr_line' id='line_1_87' title="bbox 2276 2184 3849 2263; baseline -0.006 -17"><span class='ocrx_word' id='word_1_661' title='bbox 2276 2193 2416 2247; x_wconf 89' lang='lat' dir='ltr'>nihil</span> <span class='ocrx_word' id='word_1_662' title='bbox 2436 2191 2625 2263; x_wconf 85' lang='lat' dir='ltr'>perire</span> <span class='ocrx_word' id='word_1_663' title='bbox 2646 2190 2901 2262; x_wconf 84' lang='lat' dir='ltr'>permisi.</span> <span class='ocrx_word' id='word_1_664' title='bbox 2923 2189 3068 2244; x_wconf 88' lang='lat' dir='ltr'>Sane</span> <span class='ocrx_word' id='word_1_665' title='bbox 3094 2189 3155 2243; x_wconf 95' lang='lat' dir='ltr'>in</span> <span class='ocrx_word' id='word_1_666' title='bbox 3180 2188 3286 2242; x_wconf 90' lang='lat' dir='ltr'>hoc</span> <span class='ocrx_word' id='word_1_667' title='bbox 3306 2187 3452 2241; x_wconf 93' lang='lat' dir='ltr'>libro</span> <span class='ocrx_word' id='word_1_668' title='bbox 3470 2202 3555 2241; x_wconf 89' lang='lat' dir='ltr'>res</span> <span class='ocrx_word' id='word_1_669' title='bbox 3574 2189 3623 2239; x_wconf 87' lang='lat' dir='ltr'>et</span> <span class='ocrx_word' id='word_1_670' title='bbox 3641 2184 3849 2238; x_wconf 72' lang='lat' dir='ltr'>sententias</span> 
     </span>
    </p>
   </div>
   <div class='ocr_carea' id='block_1_86' title="bbox 2276 2274 3844 2348">
    <p class='ocr_par' dir='ltr' id='par_1_86' title="bbox 2276 2274 3844 2348">
     <span class='ocr_line' id='line_1_88' title="bbox 2276 2274 3844 2348; baseline -0.006 -13"><span class='ocrx_word' id='word_1_671' title='bbox 2276 2281 2528 2347; x_wconf 91' lang='lat' dir='ltr'>illorum,</span> <span class='ocrx_word' id='word_1_672' title='bbox 2562 2296 2690 2334; x_wconf 91' lang='lat' dir='ltr'>mea</span> <span class='ocrx_word' id='word_1_673' title='bbox 2717 2294 2849 2333; x_wconf 86' lang='lat' dir='ltr'>vero</span> <span class='ocrx_word' id='word_1_674' title='bbox 2893 2282 2951 2331; x_wconf 89' lang='lat' dir='ltr'>et</span> <span class='ocrx_word' id='word_1_675' title='bbox 2975 2276 3167 2348; x_wconf 80' lang='lat' dir='ltr'>Alypii</span> <span class='ocrx_word' id='word_1_676' title='bbox 3193 2276 3370 2331; x_wconf 90' lang='lat' dir='ltr'>etiam</span> <span class='ocrx_word' id='word_1_677' title='bbox 3393 2275 3556 2329; x_wconf 88' lang='lat' dir='ltr'>verba</span> <span class='ocrx_word' id='word_1_678' title='bbox 3596 2274 3785 2328; x_wconf 84' lang='lat' dir='ltr'>lecturus</span> <span class='ocrx_word' id='word_1_679' title='bbox 3801 2287 3844 2324; x_wconf 84' lang='lat' dir='ltr'>es.</span> 
     </span>
    </p>
   </div>
   <div class='ocr_carea' id='block_1_87' title="bbox 2864 2389 3391 2428">
    <p class='ocr_par' dir='ltr' id='par_1_87' title="bbox 2864 2389 3391 2428">
     <span class='ocr_line' id='line_1_89' title="bbox 2864 2389 3391 2428; baseline -0.002 -1"><span class='ocrx_word' id='word_1_680' title='bbox 2864 2389 3173 2428; x_wconf 75' lang='lat' dir='ltr'>DISPUTATIO</span> <span class='ocrx_word' id='word_1_681' title='bbox 3204 2389 3289 2427; x_wconf 72' lang='grc' dir='ltr'>ΡΒ]</span> <span class='ocrx_word' id='word_1_682' title='bbox 3298 2389 3391 2426; x_wconf 67' lang='lat' dir='ltr'>MA.</span> 
     </span>
    </p>
   </div>
   <div class='ocr_carea' id='block_1_88' title="bbox 2280 2465 3850 2527">
    <p class='ocr_par' dir='ltr' id='par_1_88' title="bbox 2280 2465 3850 2527">
     <span class='ocr_line' id='line_1_90' title="bbox 2280 2465 3850 2527; baseline -0.006 -1"><span class='ocrx_word' id='word_1_683' title='bbox 2280 2472 2502 2527; x_wconf 82' lang='lat' dir='ltr'>CAPUT</span> <span class='ocrx_word' id='word_1_684' title='bbox 2552 2471 2620 2524; x_wconf 89' lang='lat' dir='ltr'>Il.</span> <span class='ocrx_word' id='word_1_685' title='bbox 2670 2472 2766 2524; x_wconf 80' lang='lat' dir='ltr'>An</span> <span class='ocrx_word' id='word_1_686' title='bbox 2811 2470 2885 2523; x_wconf 85' lang='lat' dir='ltr'>ad</span> <span class='ocrx_word' id='word_1_687' title='bbox 2930 2470 3142 2524; x_wconf 83' lang='lat' dir='ltr'>beatam</span> <span class='ocrx_word' id='word_1_688' title='bbox 3177 2471 3352 2523; x_wconf 76' lang='lat' dir='ltr'>vitam</span> <span class='ocrx_word' id='word_1_689' title='bbox 3397 2468 3675 2522; x_wconf 73' lang='lat' dir='ltr'>1wcessaria</span> <span class='ocrx_word' id='word_1_690' title='bbox 3711 2466 3762 2519; x_wconf 78' lang='lat' dir='ltr'>sit</span> <span class='ocrx_word' id='word_1_691' title='bbox 3788 2465 3850 2515; x_wconf 69' lang='lat' dir='ltr'>tm</span> 
     </span>
    </p>
   </div>
   <div class='ocr_carea' id='block_1_89' title="bbox 2562 2556 3665 2628">
    <p class='ocr_par' dir='ltr' id='par_1_89' title="bbox 2562 2556 3665 2628">
     <span class='ocr_line' id='line_1_91' title="bbox 2562 2556 3665 2628; baseline -0.005 -15"><span class='ocrx_word' id='word_1_692' title='bbox 2562 2560 2976 2628; x_wconf 79' lang='lat' dir='ltr'>comprehensio,</span> <span class='ocrx_word' id='word_1_693' title='bbox 3007 2573 3077 2611; x_wconf 87' lang='lat' dir='ltr'>an</span> <span class='ocrx_word' id='word_1_694' title='bbox 3098 2558 3212 2612; x_wconf 86' lang='lat' dir='ltr'>sola</span> <span class='ocrx_word' id='word_1_695' title='bbox 3239 2559 3357 2627; x_wconf 67' lang='lat' dir='ltr'>ejus</span> <span class='ocrx_word' id='word_1_696' title='bbox 3385 2556 3665 2625; x_wconf 78' lang='lat' dir='ltr'>inquisitio.</span> 
     </span>
    </p>
   </div>
   <div class='ocr_carea' id='block_1_90' title="bbox 2351 2639 3847 2718">
    <p class='ocr_par' dir='ltr' id='par_1_90' title="bbox 2351 2639 3847 2718">
     <span class='ocr_line' id='line_1_92' title="bbox 2351 2639 3847 2718; baseline -0.007 -15"><span class='ocrx_word' id='word_1_697' title='bbox 2351 2652 2403 2703; x_wconf 74' lang='grc' dir='ltr'>ὅ.</span> <span class='ocrx_word' id='word_1_698' title='bbox 2436 2648 2579 2703; x_wconf 88' lang='lat' dir='ltr'>Cum</span> <span class='ocrx_word' id='word_1_699' title='bbox 2606 2647 2785 2718; x_wconf 87' lang='lat' dir='ltr'>igitur</span> <span class='ocrx_word' id='word_1_700' title='bbox 2840 2662 3039 2700; x_wconf 91' lang='lat' dir='ltr'>omnes</span> <span class='ocrx_word' id='word_1_701' title='bbox 3084 2646 3318 2700; x_wconf 90' lang='lat' dir='ltr'>hortatu</span> <span class='ocrx_word' id='word_1_702' title='bbox 3371 2660 3498 2699; x_wconf 91' lang='lat' dir='ltr'>meo</span> <span class='ocrx_word' id='word_1_703' title='bbox 3528 2658 3685 2698; x_wconf 89' lang='lat' dir='ltr'>unum</span> <span class='ocrx_word' id='word_1_704' title='bbox 3727 2639 3769 2694; x_wconf 87' lang='lat' dir='ltr'>in</span> <span class='ocrx_word' id='word_1_705' title='bbox 3804 2640 3847 2692; x_wconf 65' lang='lat' dir='ltr'>la</span> 
     </span>
    </p>
   </div>
   <div class='ocr_carea' id='block_1_91' title="bbox 2281 2728 3849 2805">
    <p class='ocr_par' dir='ltr' id='par_1_91' title="bbox 2281 2728 3849 2805">
     <span class='ocr_line' id='line_1_93' title="bbox 2281 2728 3849 2805; baseline -0.009 -14"><span class='ocrx_word' id='word_1_706' title='bbox 2281 2752 2410 2791; x_wconf 90' lang='lat' dir='ltr'>cum</span> <span class='ocrx_word' id='word_1_707' title='bbox 2442 2736 2512 2790; x_wconf 90' lang='lat' dir='ltr'>ad</span> <span class='ocrx_word' id='word_1_708' title='bbox 2538 2736 2645 2790; x_wconf 94' lang='lat' dir='ltr'>hoc</span> <span class='ocrx_word' id='word_1_709' title='bbox 2676 2734 3008 2805; x_wconf 86' lang='lat' dir='ltr'>congregati</span> <span class='ocrx_word' id='word_1_710' title='bbox 3035 2749 3310 2800; x_wconf 91' lang='lat' dir='ltr'>essemus,</span> <span class='ocrx_word' id='word_1_711' title='bbox 3343 2732 3443 2788; x_wconf 91' lang='lat' dir='ltr'>ubi</span> <span class='ocrx_word' id='word_1_712' title='bbox 3466 2735 3785 2803; x_wconf 87' lang='lat' dir='ltr'>opportunum</span> <span class='ocrx_word' id='word_1_713' title='bbox 3804 2728 3849 2777; x_wconf 73' lang='lat' dir='ltr'>vi-</span> 
     </span>
    </p>
   </div>
   <div class='ocr_carea' id='block_1_92' title="bbox 2279 2821 3851 2894">
    <p class='ocr_par' dir='ltr' id='par_1_92' title="bbox 2279 2821 3851 2894">
     <span class='ocr_line' id='line_1_94' title="bbox 2279 2821 3851 2894; baseline -0.006 -15"><span class='ocrx_word' id='word_1_714' title='bbox 2279 2839 2407 2879; x_wconf 89' lang='lat' dir='ltr'>sum</span> <span class='ocrx_word' id='word_1_715' title='bbox 2433 2827 2549 2879; x_wconf 90' lang='lat' dir='ltr'>est:</span> <span class='ocrx_word' id='word_1_716' title='bbox 2576 2822 3002 2894; x_wconf 85' lang='lat' dir='ltr'>Numquidnam</span> <span class='ocrx_word' id='word_1_717' title='bbox 3034 2822 3328 2890; x_wconf 89' lang='lat' dir='ltr'>dubitatis,</span> <span class='ocrx_word' id='word_1_718' title='bbox 3356 2821 3604 2892; x_wconf 89' lang='lat' dir='ltr'>inquam,</span> <span class='ocrx_word' id='word_1_719' title='bbox 3629 2832 3779 2873; x_wconf 85' lang='lat' dir='ltr'>verum</span> <span class='ocrx_word' id='word_1_720' title='bbox 3796 2829 3851 2868; x_wconf 70' lang='lat' dir='ltr'>nos</span> 
     </span>
    </p>
   </div>
   <div class='ocr_carea' id='block_1_93' title="bbox 2280 2905 3850 2983">
    <p class='ocr_par' dir='ltr' id='par_1_93' title="bbox 2280 2905 3850 2983">
     <span class='ocr_line' id='line_1_95' title="bbox 2280 2905 3850 2983; baseline -0.008 -16"><span class='ocrx_word' id='word_1_721' title='bbox 2280 2914 2423 2967; x_wconf 91' lang='lat' dir='ltr'>scire</span> <span class='ocrx_word' id='word_1_722' title='bbox 2445 2913 2746 2983; x_wconf 86' lang='lat' dir='ltr'>oportere?</span> <span class='ocrx_word' id='word_1_723' title='bbox 2801 2910 3053 2974; x_wconf 81' lang='lat' dir='ltr'>Minime,</span> <span class='ocrx_word' id='word_1_724' title='bbox 3086 2910 3164 2964; x_wconf 89' lang='lat' dir='ltr'>ait</span> <span class='ocrx_word' id='word_1_725' title='bbox 3190 2909 3517 2981; x_wconf 83' lang='lat' dir='ltr'>Trygetius:</span> <span class='ocrx_word' id='word_1_726' title='bbox 3547 2905 3785 2976; x_wconf 73' lang='lat' dir='ltr'>casterique</span> <span class='ocrx_word' id='word_1_727' title='bbox 3820 2916 3850 2952; x_wconf 72' lang='lat' dir='ltr'>se</span> 
     </span>
    </p>
   </div>
   <div class='ocr_carea' id='block_1_94' title="bbox 2278 2991 3851 3073">
    <p class='ocr_par' dir='ltr' id='par_1_94' title="bbox 2278 2991 3851 3073">
     <span class='ocr_line' id='line_1_96' title="bbox 2278 2991 3851 3073; baseline -0.01 -15"><span class='ocrx_word' id='word_1_728' title='bbox 2278 3003 2442 3058; x_wconf 87' lang='lat' dir='ltr'>vultu</span> <span class='ocrx_word' id='word_1_729' title='bbox 2488 3001 2611 3072; x_wconf 89' lang='lat' dir='ltr'>ipso</span> <span class='ocrx_word' id='word_1_730' title='bbox 2649 3001 2992 3073; x_wconf 89' lang='lat' dir='ltr'>approbasse</span> <span class='ocrx_word' id='word_1_731' title='bbox 3036 2999 3516 3069; x_wconf 84' lang='lat' dir='ltr'>signiﬁcaverunt.</span> <span class='ocrx_word' id='word_1_732' title='bbox 3573 2995 3696 3060; x_wconf 86' lang='lat' dir='ltr'>Quid</span> <span class='ocrx_word' id='word_1_733' title='bbox 3726 2994 3773 3056; x_wconf 83' lang='lat' dir='ltr'>si,</span> <span class='ocrx_word' id='word_1_734' title='bbox 3804 2991 3851 3042; x_wconf 87' lang='lat' dir='ltr'>iu-</span> 
     </span>
    </p>
   </div>
   <div class='ocr_carea' id='block_1_95' title="bbox 2280 3083 3849 3162">
    <p class='ocr_par' dir='ltr' id='par_1_95' title="bbox 2280 3083 3849 3162">
     <span class='ocr_line' id='line_1_97' title="bbox 2280 3083 3849 3162; baseline -0.006 -16"><span class='ocrx_word' id='word_1_735' title='bbox 2280 3106 2475 3162; x_wconf 89' lang='lat' dir='ltr'>quam,</span> <span class='ocrx_word' id='word_1_736' title='bbox 2504 3089 2679 3145; x_wconf 88' lang='lat' dir='ltr'>etiam</span> <span class='ocrx_word' id='word_1_737' title='bbox 2715 3105 2830 3144; x_wconf 90' lang='lat' dir='ltr'>non</span> <span class='ocrx_word' id='word_1_738' title='bbox 2864 3087 3275 3159; x_wconf 88' lang='lat' dir='ltr'>comprehenso</span> <span class='ocrx_word' id='word_1_739' title='bbox 3328 3103 3462 3141; x_wconf 86' lang='lat' dir='ltr'>vero</span> <span class='ocrx_word' id='word_1_740' title='bbox 3507 3083 3645 3141; x_wconf 87' lang='lat' dir='ltr'>beati</span> <span class='ocrx_word' id='word_1_741' title='bbox 3667 3097 3756 3137; x_wconf 79' lang='lat' dir='ltr'>esse</span> <span class='ocrx_word' id='word_1_742' title='bbox 3776 3095 3849 3148; x_wconf 66' lang='lat' dir='ltr'>p05-</span> 
     </span>
    </p>
   </div>
   <div class='ocr_carea' id='block_1_96' title="bbox 2282 3168 3850 3247">
    <p class='ocr_par' dir='ltr' id='par_1_96' title="bbox 2282 3168 3850 3247">
     <span class='ocr_line' id='line_1_98' title="bbox 2282 3168 3850 3247; baseline -0.006 -14"><span class='ocrx_word' id='word_1_743' title='bbox 2282 3195 2512 3247; x_wconf 80' lang='lat' dir='ltr'>sumus;</span> <span class='ocrx_word' id='word_1_744' title='bbox 2555 3177 2933 3233; x_wconf 89' lang='lat' dir='ltr'>necessariam</span> <span class='ocrx_word' id='word_1_745' title='bbox 2962 3177 3079 3231; x_wconf 86' lang='lat' dir='ltr'>veri</span> <span class='ocrx_word' id='word_1_746' title='bbox 3121 3173 3670 3247; x_wconf 88' lang='lat' dir='ltr'>comprehensionem</span> <span class='ocrx_word' id='word_1_747' title='bbox 3693 3168 3850 3223; x_wconf 54' lang='lat' dir='ltr'>arbita:</span> 
     </span>
    </p>
   </div>
   <div class='ocr_carea' id='block_1_97' title="bbox 2281 3255 3849 3337">
    <p class='ocr_par' dir='ltr' id='par_1_97' title="bbox 2281 3255 3849 3337">
     <span class='ocr_line' id='line_1_99' title="bbox 2281 3255 3849 3337; baseline -0.004 -17"><span class='ocrx_word' id='word_1_748' title='bbox 2281 3266 2465 3321; x_wconf 82' lang='lat' dir='ltr'>mini?</span> <span class='ocrx_word' id='word_1_749' title='bbox 2496 3265 2594 3320; x_wconf 84' lang='lat' dir='ltr'>Hic</span> <span class='ocrx_word' id='word_1_750' title='bbox 2619 3265 2883 3337; x_wconf 81' lang='lat' dir='ltr'>Alypius:</span> <span class='ocrx_word' id='word_1_751' title='bbox 2906 3265 3083 3335; x_wconf 84' lang='lat' dir='ltr'>Hujus</span> <span class='ocrx_word' id='word_1_752' title='bbox 3104 3263 3462 3335; x_wconf 68' lang='lat' dir='ltr'>quaestionis,</span> <span class='ocrx_word' id='word_1_753' title='bbox 3488 3259 3671 3332; x_wconf 86' lang='lat' dir='ltr'>inquit,</span> <span class='ocrx_word' id='word_1_754' title='bbox 3690 3255 3849 3327; x_wconf 68' lang='lat' dir='ltr'>judice!!!</span> 
     </span>
    </p>
   </div>
   <div class='ocr_carea' id='block_1_98' title="bbox 2281 3344 3850 3426">
    <p class='ocr_par' dir='ltr' id='par_1_98' title="bbox 2281 3344 3850 3426">
     <span class='ocr_line' id='line_1_100' title="bbox 2281 3344 3850 3426; baseline -0.01 -18"><span class='ocrx_word' id='word_1_755' title='bbox 2281 3371 2372 3409; x_wconf 90' lang='lat' dir='ltr'>me</span> <span class='ocrx_word' id='word_1_756' title='bbox 2396 3354 2574 3410; x_wconf 89' lang='lat' dir='ltr'>tutius</span> <span class='ocrx_word' id='word_1_757' title='bbox 2591 3358 2751 3426; x_wconf 88' lang='lat' dir='ltr'>puto.</span> <span class='ocrx_word' id='word_1_758' title='bbox 2779 3355 2920 3410; x_wconf 90' lang='lat' dir='ltr'>Cum</span> <span class='ocrx_word' id='word_1_759' title='bbox 2945 3353 3101 3407; x_wconf 92' lang='lat' dir='ltr'>enim</span> <span class='ocrx_word' id='word_1_760' title='bbox 3130 3352 3237 3407; x_wconf 90' lang='lat' dir='ltr'>iter</span> <span class='ocrx_word' id='word_1_761' title='bbox 3262 3351 3410 3406; x_wconf 89' lang='lat' dir='ltr'>mihi</span> <span class='ocrx_word' id='word_1_762' title='bbox 3430 3351 3490 3405; x_wconf 89' lang='lat' dir='ltr'>in</span> <span class='ocrx_word' id='word_1_763' title='bbox 3515 3349 3688 3403; x_wconf 89' lang='lat' dir='ltr'>urbem</span> <span class='ocrx_word' id='word_1_764' title='bbox 3711 3344 3763 3398; x_wconf 87' lang='lat' dir='ltr'>sit</span> <span class='ocrx_word' id='word_1_765' title='bbox 3777 3355 3850 3395; x_wconf 81' lang='lat' dir='ltr'>eon-</span> 
     </span>
    </p>
   </div>
   <div class='ocr_carea' id='block_1_99' title="bbox 2281 3432 3849 3512">
    <p class='ocr_par' dir='ltr' id='par_1_99' title="bbox 2281 3432 3849 3512">
     <span class='ocr_line' id='line_1_101' title="bbox 2281 3432 3849 3512; baseline -0.006 -15"><span class='ocrx_word' id='word_1_766' title='bbox 2281 3444 2563 3510; x_wconf 91' lang='lat' dir='ltr'>stitutum,</span> <span class='ocrx_word' id='word_1_767' title='bbox 2595 3446 2821 3512; x_wconf 89' lang='lat' dir='ltr'>oportet</span> <span class='ocrx_word' id='word_1_768' title='bbox 2849 3458 2940 3496; x_wconf 90' lang='lat' dir='ltr'>me</span> <span class='ocrx_word' id='word_1_769' title='bbox 2968 3456 3139 3495; x_wconf 91' lang='lat' dir='ltr'>onere</span> <span class='ocrx_word' id='word_1_770' title='bbox 3171 3440 3415 3511; x_wconf 88' lang='lat' dir='ltr'>alicujus</span> <span class='ocrx_word' id='word_1_771' title='bbox 3441 3432 3756 3506; x_wconf 70' lang='lat' dir='ltr'>suscipienda:</span> <span class='ocrx_word' id='word_1_772' title='bbox 3776 3444 3849 3499; x_wconf 78' lang='lat' dir='ltr'>plr-</span> 
     </span>
    </p>
   </div>
   <div class='ocr_carea' id='block_1_100' title="bbox 2281 3525 3850 3599">
    <p class='ocr_par' dir='ltr' id='par_1_100' title="bbox 2281 3525 3850 3599">
     <span class='ocr_line' id='line_1_102' title="bbox 2281 3525 3850 3599; baseline -0.003 -16"><span class='ocrx_word' id='word_1_773' title='bbox 2281 3530 2352 3584; x_wconf 91' lang='lat' dir='ltr'>tis</span> <span class='ocrx_word' id='word_1_774' title='bbox 2378 3529 2645 3596; x_wconf 87' lang='lat' dir='ltr'>relevari;</span> <span class='ocrx_word' id='word_1_775' title='bbox 2679 3528 2847 3583; x_wconf 89' lang='lat' dir='ltr'>simul</span> <span class='ocrx_word' id='word_1_776' title='bbox 2879 3528 3033 3599; x_wconf 91' lang='lat' dir='ltr'>quod</span> <span class='ocrx_word' id='word_1_777' title='bbox 3071 3527 3292 3581; x_wconf 86' lang='lat' dir='ltr'>facilius</span> <span class='ocrx_word' id='word_1_778' title='bbox 3316 3525 3521 3598; x_wconf 90' lang='lat' dir='ltr'>judicis</span> <span class='ocrx_word' id='word_1_779' title='bbox 3548 3527 3723 3595; x_wconf 82' lang='lat' dir='ltr'>partes,</span> <span class='ocrx_word' id='word_1_780' title='bbox 3748 3529 3850 3587; x_wconf 65' lang='lat' dir='ltr'>quam</span> 
     </span>
    </p>
   </div>
   <div class='ocr_carea' id='block_1_101' title="bbox 2280 3604 3849 3689">
    <p class='ocr_par' dir='ltr' id='par_1_101' title="bbox 2280 3604 3849 3689">
     <span class='ocr_line' id='line_1_103' title="bbox 2280 3604 3849 3689; baseline -0.004 -17"><span class='ocrx_word' id='word_1_781' title='bbox 2280 3618 2619 3689; x_wconf 89' lang='lat' dir='ltr'>cujusquam</span> <span class='ocrx_word' id='word_1_782' title='bbox 2634 3616 2964 3683; x_wconf 90' lang='lat' dir='ltr'>defensoris,</span> <span class='ocrx_word' id='word_1_783' title='bbox 2977 3615 3227 3686; x_wconf 86' lang='lat' dir='ltr'>cuipiam</span> <span class='ocrx_word' id='word_1_784' title='bbox 3240 3615 3505 3685; x_wconf 86' lang='lat' dir='ltr'>delegare</span> <span class='ocrx_word' id='word_1_785' title='bbox 3524 3609 3720 3683; x_wconf 85' lang='lat' dir='ltr'>possim.</span> <span class='ocrx_word' id='word_1_786' title='bbox 3739 3604 3849 3667; x_wconf 70' lang='lat' dir='ltr'>0W</span> 
     </span>
    </p>
   </div>
   <div class='ocr_carea' id='block_1_102' title="bbox 2280 3700 3850 3777">
    <p class='ocr_par' dir='ltr' id='par_1_102' title="bbox 2280 3700 3850 3777">
     <span class='ocr_line' id='line_1_104' title="bbox 2280 3700 3850 3777; baseline -0.008 -17"><span class='ocrx_word' id='word_1_787' title='bbox 2280 3705 2487 3761; x_wconf 89' lang='lat' dir='ltr'>dehinc</span> <span class='ocrx_word' id='word_1_788' title='bbox 2516 3721 2620 3777; x_wconf 90' lang='lat' dir='ltr'>pro</span> <span class='ocrx_word' id='word_1_789' title='bbox 2652 3705 2927 3759; x_wconf 87' lang='lat' dir='ltr'>alterutra</span> <span class='ocrx_word' id='word_1_790' title='bbox 2956 3708 3116 3774; x_wconf 87' lang='lat' dir='ltr'>parte</span> <span class='ocrx_word' id='word_1_791' title='bbox 3152 3719 3221 3758; x_wconf 93' lang='lat' dir='ltr'>ne</span> <span class='ocrx_word' id='word_1_792' title='bbox 3251 3720 3285 3758; x_wconf 90' lang='lat' dir='ltr'>a</span> <span class='ocrx_word' id='word_1_793' title='bbox 3319 3719 3412 3758; x_wconf 89' lang='lat' dir='ltr'>me</span> <span class='ocrx_word' id='word_1_794' title='bbox 3439 3700 3716 3773; x_wconf 83' lang='lat' dir='ltr'>quidquam</span> <span class='ocrx_word' id='word_1_795' title='bbox 3734 3703 3850 3777; x_wconf 68' lang='lat' dir='ltr'>exspef</span> 
     </span>
    </p>
   </div>
   <div class='ocr_carea' id='block_1_103' title="bbox 2279 3776 3850 3858">
    <p class='ocr_par' dir='ltr' id='par_1_103' title="bbox 2279 3776 3850 3858">
     <span class='ocr_line' id='line_1_105' title="bbox 2279 3776 3850 3858; baseline -0.008 -8"><span class='ocrx_word' id='word_1_796' title='bbox 2279 3795 2461 3850; x_wconf 90' lang='lat' dir='ltr'>ctetis.</span> <span class='ocrx_word' id='word_1_797' title='bbox 2495 3776 2654 3858; x_wconf 78' lang='lat' dir='ltr'>Quod</span> <span class='ocrx_word' id='word_1_798' title='bbox 2685 3794 2739 3848; x_wconf 88' lang='lat' dir='ltr'>ei</span> <span class='ocrx_word' id='word_1_799' title='bbox 2764 3809 2895 3848; x_wconf 89' lang='lat' dir='ltr'>cum</span> <span class='ocrx_word' id='word_1_800' title='bbox 2925 3808 3257 3847; x_wconf 91' lang='lat' dir='ltr'>concessum</span> <span class='ocrx_word' id='word_1_801' title='bbox 3310 3796 3460 3846; x_wconf 90' lang='lat' dir='ltr'>esset</span> <span class='ocrx_word' id='word_1_802' title='bbox 3501 3783 3566 3843; x_wconf 87' lang='lat' dir='ltr'>ab</span> <span class='ocrx_word' id='word_1_803' title='bbox 3590 3776 3850 3842; x_wconf 52' lang='lat' dir='ltr'>omnibus,ei</span> 
     </span>
    </p>
   </div>
   <div class='ocr_carea' id='block_1_104' title="bbox 2281 3865 3849 3953">
    <p class='ocr_par' dir='ltr' id='par_1_104' title="bbox 2281 3865 3849 3953">
     <span class='ocr_line' id='line_1_106' title="bbox 2281 3865 3849 3953; baseline -0.005 -16"><span class='ocrx_word' id='word_1_804' title='bbox 2281 3899 2386 3953; x_wconf 90' lang='lat' dir='ltr'>ego</span> <span class='ocrx_word' id='word_1_805' title='bbox 2411 3882 2771 3953; x_wconf 89' lang='lat' dir='ltr'>rogationem</span> <span class='ocrx_word' id='word_1_806' title='bbox 2794 3881 3156 3951; x_wconf 89' lang='lat' dir='ltr'>repetissem:</span> <span class='ocrx_word' id='word_1_807' title='bbox 3200 3880 3359 3934; x_wconf 88' lang='lat' dir='ltr'>Beati</span> <span class='ocrx_word' id='word_1_808' title='bbox 3401 3883 3562 3943; x_wconf 89' lang='lat' dir='ltr'>certe,</span> <span class='ocrx_word' id='word_1_809' title='bbox 3597 3870 3747 3942; x_wconf 73' lang='lat' dir='ltr'>inquit</span> <span class='ocrx_word' id='word_1_810' title='bbox 3773 3865 3849 3929; x_wconf 68' lang='lat' dir='ltr'>Tfl&#39;</span> 
     </span>
    </p>
   </div>
   <div class='ocr_carea' id='block_1_105' title="bbox 2280 3963 3850 4047">
    <p class='ocr_par' dir='ltr' id='par_1_105' title="bbox 2280 3963 3850 4047">
     <span class='ocr_line' id='line_1_107' title="bbox 2280 3963 3850 4047; baseline -0.011 -21"><span class='ocrx_word' id='word_1_811' title='bbox 2280 3972 2488 4043; x_wconf 88' lang='lat' dir='ltr'>getius,</span> <span class='ocrx_word' id='word_1_812' title='bbox 2521 3988 2642 4026; x_wconf 89' lang='lat' dir='ltr'>esse</span> <span class='ocrx_word' id='word_1_813' title='bbox 2690 3971 2985 4035; x_wconf 90' lang='lat' dir='ltr'>volumus;</span> <span class='ocrx_word' id='word_1_814' title='bbox 3036 3974 3092 4025; x_wconf 92' lang='lat' dir='ltr'>et</span> <span class='ocrx_word' id='word_1_815' title='bbox 3138 3968 3184 4023; x_wconf 92' lang='lat' dir='ltr'>si</span> <span class='ocrx_word' id='word_1_816' title='bbox 3228 3968 3303 4023; x_wconf 89' lang='lat' dir='ltr'>ad</span> <span class='ocrx_word' id='word_1_817' title='bbox 3331 3969 3477 4023; x_wconf 88' lang='lat' dir='ltr'>hanc</span> <span class='ocrx_word' id='word_1_818' title='bbox 3520 3979 3631 4020; x_wconf 88' lang='lat' dir='ltr'>rem</span> <span class='ocrx_word' id='word_1_819' title='bbox 3651 3963 3850 4047; x_wconf 52' lang='lat' dir='ltr'>possumus</span> 
     </span>
    </p>
   </div>
   <div class='ocr_carea' id='block_1_106' title="bbox 2280 4043 3849 4131">
    <p class='ocr_par' dir='ltr' id='par_1_106' title="bbox 2280 4043 3849 4131">
     <span class='ocr_line' id='line_1_108' title="bbox 2280 4043 3849 4131; baseline -0.009 -17"><span class='ocrx_word' id='word_1_820' title='bbox 2280 4061 2492 4131; x_wconf 90' lang='lat' dir='ltr'>absque</span> <span class='ocrx_word' id='word_1_821' title='bbox 2539 4058 2774 4114; x_wconf 89' lang='lat' dir='ltr'>veritate</span> <span class='ocrx_word' id='word_1_822' title='bbox 2825 4057 3147 4128; x_wconf 89' lang='lat' dir='ltr'>pervenire,</span> <span class='ocrx_word' id='word_1_823' title='bbox 3206 4054 3511 4127; x_wconf 70' lang='lat' dir='ltr'>quaerenda</span> <span class='ocrx_word' id='word_1_824' title='bbox 3545 4049 3687 4105; x_wconf 86' lang='lat' dir='ltr'>nobis</span> <span class='ocrx_word' id='word_1_825' title='bbox 3726 4043 3849 4095; x_wconf 56' lang='lat' dir='ltr'>reflui</span> 
     </span>
    </p>
   </div>
   <div class='ocr_carea' id='block_1_107' title="bbox 2282 4130 3850 4217">
    <p class='ocr_par' dir='ltr' id='par_1_107' title="bbox 2282 4130 3850 4217">
     <span class='ocr_line' id='line_1_109' title="bbox 2282 4130 3850 4217; baseline -0.011 -14"><span class='ocrx_word' id='word_1_826' title='bbox 2282 4130 2525 4203; x_wconf 22' lang='lat' dir='ltr'>noniest.</span> <span class='ocrx_word' id='word_1_827' title='bbox 2560 4147 2704 4212; x_wconf 88' lang='lat' dir='ltr'>Quid</span> <span class='ocrx_word' id='word_1_828' title='bbox 2727 4148 2834 4201; x_wconf 90' lang='lat' dir='ltr'>hoc</span> <span class='ocrx_word' id='word_1_829' title='bbox 2861 4147 3068 4217; x_wconf 88' lang='lat' dir='ltr'>ipsum,</span> <span class='ocrx_word' id='word_1_830' title='bbox 3096 4146 3375 4217; x_wconf 85' lang='lat' dir='ltr'>inquam?</span> <span class='ocrx_word' id='word_1_831' title='bbox 3402 4136 3760 4209; x_wconf 77' lang='lat' dir='ltr'>Existimatisne</span> <span class='ocrx_word' id='word_1_832' title='bbox 3779 4130 3850 4181; x_wconf 69' lang='lat' dir='ltr'>bel-</span> 
     </span>
    </p>
   </div>
   <div class='ocr_carea' id='block_1_108' title="bbox 2279 4218 3851 4306">
    <p class='ocr_par' dir='ltr' id='par_1_108' title="bbox 2279 4218 3851 4306">
     <span class='ocr_line' id='line_1_110' title="bbox 2279 4218 3851 4306; baseline -0.009 -15"><span class='ocrx_word' id='word_1_833' title='bbox 2279 4240 2369 4291; x_wconf 92' lang='lat' dir='ltr'>tos</span> <span class='ocrx_word' id='word_1_834' title='bbox 2395 4253 2499 4291; x_wconf 91' lang='lat' dir='ltr'>nos</span> <span class='ocrx_word' id='word_1_835' title='bbox 2529 4252 2649 4290; x_wconf 89' lang='lat' dir='ltr'>esse</span> <span class='ocrx_word' id='word_1_836' title='bbox 2678 4251 2865 4306; x_wconf 87' lang='lat' dir='ltr'>posse,</span> <span class='ocrx_word' id='word_1_837' title='bbox 2907 4235 3081 4290; x_wconf 90' lang='lat' dir='ltr'>etiam</span> <span class='ocrx_word' id='word_1_838' title='bbox 3111 4250 3227 4289; x_wconf 91' lang='lat' dir='ltr'>non</span> <span class='ocrx_word' id='word_1_839' title='bbox 3266 4233 3497 4291; x_wconf 89' lang='lat' dir='ltr'>inventa</span> <span class='ocrx_word' id='word_1_840' title='bbox 3519 4218 3851 4306; x_wconf 81' lang='lat' dir='ltr'>veritate?</span> 
     </span>
    </p>
   </div>
   <div class='ocr_carea' id='block_1_109' title="bbox 2282 4301 3851 4393">
    <p class='ocr_par' dir='ltr' id='par_1_109' title="bbox 2282 4301 3851 4393">
     <span class='ocr_line' id='line_1_111' title="bbox 2282 4301 3851 4393; baseline -0.008 -15"><span class='ocrx_word' id='word_1_841' title='bbox 2282 4323 2598 4379; x_wconf 90' lang='lat' dir='ltr'>Licentius:</span> <span class='ocrx_word' id='word_1_842' title='bbox 2626 4325 2949 4385; x_wconf 89' lang='lat' dir='ltr'>Possumus,</span> <span class='ocrx_word' id='word_1_843' title='bbox 2971 4321 3181 4393; x_wconf 90' lang='lat' dir='ltr'>inquit,</span> <span class='ocrx_word' id='word_1_844' title='bbox 3213 4320 3260 4375; x_wconf 91' lang='lat' dir='ltr'>si</span> <span class='ocrx_word' id='word_1_845' title='bbox 3281 4336 3478 4375; x_wconf 88' lang='lat' dir='ltr'>verum</span> <span class='ocrx_word' id='word_1_846' title='bbox 3497 4301 3851 4393; x_wconf 51' lang='lat' dir='ltr'>queremus-illc</span> 
     </span>
    </p>
   </div>
   <div class='ocr_carea' id='block_1_110' title="bbox 2279 4389 3852 4482">
    <p class='ocr_par' dir='ltr' id='par_1_110' title="bbox 2279 4389 3852 4482">
     <span class='ocr_line' id='line_1_112' title="bbox 2279 4389 3852 4482; baseline -0.015 -15"><span class='ocrx_word' id='word_1_847' title='bbox 2279 4428 2411 4467; x_wconf 92' lang='lat' dir='ltr'>cum</span> <span class='ocrx_word' id='word_1_848' title='bbox 2432 4427 2538 4482; x_wconf 90' lang='lat' dir='ltr'>ego</span> <span class='ocrx_word' id='word_1_849' title='bbox 2561 4415 2901 4465; x_wconf 74' lang='lat' dir='ltr'>czeterorum</span> <span class='ocrx_word' id='word_1_850' title='bbox 2924 4389 3268 4465; x_wconf 76' lang='lat' dir='ltr'>sententiam</span> <span class='ocrx_word' id='word_1_851' title='bbox 3292 4415 3437 4463; x_wconf 91' lang='lat' dir='ltr'>nutu</span> <span class='ocrx_word' id='word_1_852' title='bbox 3456 4389 3852 4476; x_wconf 76' lang='lat' dir='ltr'>ﬂagitasscmzlo-</span> 
     </span>
    </p>
   </div>
   <div class='ocr_carea' id='block_1_111' title="bbox 2278 4481 3851 4570">
    <p class='ocr_par' dir='ltr' id='par_1_111' title="bbox 2278 4481 3851 4570">
     <span class='ocr_line' id='line_1_113' title="bbox 2278 4481 3851 4570; baseline -0.014 -16"><span class='ocrx_word' id='word_1_853' title='bbox 2278 4506 2372 4555; x_wconf 90' lang='lat' dir='ltr'>vet</span> <span class='ocrx_word' id='word_1_854' title='bbox 2399 4481 2510 4566; x_wconf 82' lang='lat' dir='ltr'>me,</span> <span class='ocrx_word' id='word_1_855' title='bbox 2542 4499 2731 4570; x_wconf 90' lang='lat' dir='ltr'>inquit</span> <span class='ocrx_word' id='word_1_856' title='bbox 2765 4498 3033 4570; x_wconf 88' lang='lat' dir='ltr'>Navigius</span> <span class='ocrx_word' id='word_1_857' title='bbox 3071 4499 3164 4569; x_wconf 84' lang='grc' dir='ltr'>(α),</span> <span class='ocrx_word' id='word_1_858' title='bbox 3197 4498 3350 4570; x_wconf 89' lang='lat' dir='ltr'>quod</span> <span class='ocrx_word' id='word_1_859' title='bbox 3388 4514 3420 4551; x_wconf 90' lang='lat' dir='ltr'>a</span> <span class='ocrx_word' id='word_1_860' title='bbox 3464 4488 3682 4550; x_wconf 84' lang='lat' dir='ltr'>Licentio</span> <span class='ocrx_word' id='word_1_861' title='bbox 3715 4481 3851 4537; x_wconf 80' lang='lat' dir='ltr'>dictum</span> 
     </span>
    </p>
   </div>
   <div class='ocr_carea' id='block_1_112' title="bbox 2279 4572 3851 4661">
    <p class='ocr_par' dir='ltr' id='par_1_112' title="bbox 2279 4572 3851 4661">
     <span class='ocr_line' id='line_1_114' title="bbox 2279 4572 3851 4661; baseline -0.011 -15"><span class='ocrx_word' id='word_1_862' title='bbox 2279 4596 2381 4646; x_wconf 89' lang='lat' dir='ltr'>est.</span> <span class='ocrx_word' id='word_1_863' title='bbox 2415 4593 2606 4646; x_wconf 88' lang='lat' dir='ltr'>Potest</span> <span class='ocrx_word' id='word_1_864' title='bbox 2624 4590 2780 4645; x_wconf 91' lang='lat' dir='ltr'>enim</span> <span class='ocrx_word' id='word_1_865' title='bbox 2807 4591 3045 4645; x_wconf 88' lang='lat' dir='ltr'>fortasse</span> <span class='ocrx_word' id='word_1_866' title='bbox 3068 4590 3178 4645; x_wconf 90' lang='lat' dir='ltr'>hoc</span> <span class='ocrx_word' id='word_1_867' title='bbox 3207 4589 3400 4661; x_wconf 87' lang='lat' dir='ltr'>ipsum</span> <span class='ocrx_word' id='word_1_868' title='bbox 3427 4601 3541 4643; x_wconf 85' lang='lat' dir='ltr'>esse</span> <span class='ocrx_word' id='word_1_869' title='bbox 3564 4582 3701 4636; x_wconf 87' lang='lat' dir='ltr'>beate</span> <span class='ocrx_word' id='word_1_870' title='bbox 3719 4572 3851 4661; x_wconf 60' lang='lat' dir='ltr'>vivfm</span> 
     </span>
    </p>
   </div>
   <div class='ocr_carea' id='block_1_113' title="bbox 2277 4657 3851 4755">
    <p class='ocr_par' dir='ltr' id='par_1_113' title="bbox 2277 4657 3851 4755">
     <span class='ocr_line' id='line_1_115' title="bbox 2277 4657 3851 4755; baseline -0.01 -20"><span class='ocrx_word' id='word_1_871' title='bbox 2277 4679 2337 4733; x_wconf 91' lang='lat' dir='ltr'>in</span> <span class='ocrx_word' id='word_1_872' title='bbox 2371 4678 2621 4733; x_wconf 89' lang='lat' dir='ltr'>veritatis</span> <span class='ocrx_word' id='word_1_873' title='bbox 2658 4678 3032 4749; x_wconf 89' lang='lat' dir='ltr'>inquisitione</span> <span class='ocrx_word' id='word_1_874' title='bbox 3060 4657 3266 4733; x_wconf 77' lang='lat' dir='ltr'>vivere.</span> <span class='ocrx_word' id='word_1_875' title='bbox 3304 4675 3483 4732; x_wconf 83' lang='lat' dir='ltr'>Defini</span> <span class='ocrx_word' id='word_1_876' title='bbox 3513 4685 3652 4741; x_wconf 87' lang='lat' dir='ltr'>ergo,</span> <span class='ocrx_word' id='word_1_877' title='bbox 3677 4657 3851 4755; x_wconf 25' lang='lat' dir='ltr'>niti“)?</span> 
     </span>
    </p>
   </div>
   <div class='ocr_carea' id='block_1_114' title="bbox 2278 4744 3853 4841">
    <p class='ocr_par' dir='ltr' id='par_1_114' title="bbox 2278 4744 3853 4841">
     <span class='ocr_line' id='line_1_116' title="bbox 2278 4744 3853 4841; baseline -0.011 -18"><span class='ocrx_word' id='word_1_878' title='bbox 2278 4768 2484 4839; x_wconf 85' lang='lat' dir='ltr'>getius,</span> <span class='ocrx_word' id='word_1_879' title='bbox 2514 4766 2653 4839; x_wconf 88' lang='lat' dir='ltr'>quid</span> <span class='ocrx_word' id='word_1_880' title='bbox 2683 4744 2760 4822; x_wconf 74' lang='lat' dir='ltr'>sit</span> <span class='ocrx_word' id='word_1_881' title='bbox 2787 4768 2955 4822; x_wconf 89' lang='lat' dir='ltr'>beata</span> <span class='ocrx_word' id='word_1_882' title='bbox 2968 4766 3104 4834; x_wconf 84' lang='lat' dir='ltr'>vita,</span> <span class='ocrx_word' id='word_1_883' title='bbox 3136 4769 3199 4820; x_wconf 90' lang='lat' dir='ltr'>ut</span> <span class='ocrx_word' id='word_1_884' title='bbox 3226 4782 3296 4820; x_wconf 81' lang='lat' dir='ltr'>ex</span> <span class='ocrx_word' id='word_1_885' title='bbox 3324 4782 3392 4820; x_wconf 89' lang='lat' dir='ltr'>eo</span> <span class='ocrx_word' id='word_1_886' title='bbox 3423 4761 3660 4830; x_wconf 88' lang='lat' dir='ltr'>colligam</span> <span class='ocrx_word' id='word_1_887' title='bbox 3683 4744 3853 4841; x_wconf 29' lang='lat' dir='ltr'>quid&quot;:</span> 
     </span>
    </p>
   </div>
   <div class='ocr_carea' id='block_1_115' title="bbox 2278 4824 3851 4928">
    <p class='ocr_par' dir='ltr' id='par_1_115' title="bbox 2278 4824 3851 4928">
     <span class='ocr_line' id='line_1_117' title="bbox 2278 4824 3851 4928; baseline -0.008 -17"><span class='ocrx_word' id='word_1_888' title='bbox 2278 4857 2556 4928; x_wconf 88' lang='lat' dir='ltr'>spondere</span> <span class='ocrx_word' id='word_1_889' title='bbox 2584 4856 2902 4910; x_wconf 89' lang='lat' dir='ltr'>conveniat.</span> <span class='ocrx_word' id='word_1_890' title='bbox 2936 4855 3087 4919; x_wconf 86' lang='lat' dir='ltr'>Quid</span> <span class='ocrx_word' id='word_1_891' title='bbox 3116 4871 3330 4921; x_wconf 89' lang='lat' dir='ltr'>censes,</span> <span class='ocrx_word' id='word_1_892' title='bbox 3371 4854 3609 4923; x_wconf 85' lang='lat' dir='ltr'>inpuam,</span> <span class='ocrx_word' id='word_1_893' title='bbox 3642 4853 3735 4896; x_wconf 74' lang='lat' dir='ltr'>esse</span> <span class='ocrx_word' id='word_1_894' title='bbox 3756 4824 3851 4928; x_wconf 57' lang='grc' dir='ltr'>ιῙιξῖδ</span> 
     </span>
    </p>
   </div>
   <div class='ocr_carea' id='block_1_116' title="bbox 2277 4921 3853 5014">
    <p class='ocr_par' dir='ltr' id='par_1_116' title="bbox 2277 4921 3853 5014">
     <span class='ocr_line' id='line_1_118' title="bbox 2277 4921 3853 5014; baseline -0.008 -15"><span class='ocrx_word' id='word_1_895' title='bbox 2277 4946 2439 5000; x_wconf 86' lang='lat' dir='ltr'>beate</span> <span class='ocrx_word' id='word_1_896' title='bbox 2470 4945 2679 5010; x_wconf 85' lang='lat' dir='ltr'>vivere,</span> <span class='ocrx_word' id='word_1_897' title='bbox 2704 4943 2817 4999; x_wconf 89' lang='lat' dir='ltr'>nisi</span> <span class='ocrx_word' id='word_1_898' title='bbox 2847 4943 3162 4998; x_wconf 86' lang='lat' dir='ltr'>secundum</span> <span class='ocrx_word' id='word_1_899' title='bbox 3192 4942 3249 4997; x_wconf 90' lang='lat' dir='ltr'>id</span> <span class='ocrx_word' id='word_1_900' title='bbox 3287 4940 3440 5014; x_wconf 89' lang='lat' dir='ltr'>quod</span> <span class='ocrx_word' id='word_1_901' title='bbox 3468 4939 3525 4992; x_wconf 91' lang='lat' dir='ltr'>in</span> <span class='ocrx_word' id='word_1_902' title='bbox 3550 4928 3739 4989; x_wconf 86' lang='lat' dir='ltr'>homine</span> <span class='ocrx_word' id='word_1_903' title='bbox 3757 4921 3853 5014; x_wconf 49' lang='lat' dir='ltr'>9P”</span> 
     </span>
    </p>
   </div>
   <div class='ocr_carea' id='block_1_117' title="bbox 2275 5007 3848 5109">
    <p class='ocr_par' dir='ltr' id='par_1_117' title="bbox 2275 5007 3848 5109">
     <span class='ocr_line' id='line_1_119' title="bbox 2275 5007 3848 5109; baseline -0.008 -23"><span class='ocrx_word' id='word_1_904' title='bbox 2275 5049 2438 5087; x_wconf 89' lang='lat' dir='ltr'>mum</span> <span class='ocrx_word' id='word_1_905' title='bbox 2460 5036 2564 5096; x_wconf 90' lang='lat' dir='ltr'>est,</span> <span class='ocrx_word' id='word_1_906' title='bbox 2596 5032 2825 5086; x_wconf 83' lang='lat' dir='ltr'>vivere?</span> <span class='ocrx_word' id='word_1_907' title='bbox 2852 5031 3108 5100; x_wconf 88' lang='lat' dir='ltr'>Temere,</span> <span class='ocrx_word' id='word_1_908' title='bbox 3138 5029 3345 5101; x_wconf 87' lang='lat' dir='ltr'>inquit,</span> <span class='ocrx_word' id='word_1_909' title='bbox 3376 5026 3537 5082; x_wconf 83' lang='lat' dir='ltr'>verba</span> <span class='ocrx_word' id='word_1_910' title='bbox 3560 5035 3658 5076; x_wconf 89' lang='lat' dir='ltr'>non</span> <span class='ocrx_word' id='word_1_911' title='bbox 3672 5007 3848 5109; x_wconf 48' lang='grc' dir='ltr'>Ῑαξᾲᾝξ</span> 
     </span>
    </p>
   </div>
   <div class='ocr_carea' id='block_1_118' title="bbox 2276 5089 3852 5191">
    <p class='ocr_par' dir='ltr' id='par_1_118' title="bbox 2276 5089 3852 5191">
     <span class='ocr_line' id='line_1_120' title="bbox 2276 5089 3852 5191; baseline -0.012 -16"><span class='ocrx_word' id='word_1_912' title='bbox 2276 5137 2411 5175; x_wconf 90' lang='lat' dir='ltr'>nam</span> <span class='ocrx_word' id='word_1_913' title='bbox 2434 5120 2489 5174; x_wconf 90' lang='lat' dir='ltr'>id</span> <span class='ocrx_word' id='word_1_914' title='bbox 2514 5089 2702 5191; x_wconf 82' lang='lat' dir='ltr'>ipsum</span> <span class='ocrx_word' id='word_1_915' title='bbox 2722 5117 3000 5191; x_wconf 90' lang='lat' dir='ltr'>optimum</span> <span class='ocrx_word' id='word_1_916' title='bbox 3024 5089 3162 5191; x_wconf 76' lang='lat' dir='ltr'>quid</span> <span class='ocrx_word' id='word_1_917' title='bbox 3181 5089 3272 5184; x_wconf 74' lang='lat' dir='ltr'>sit,</span> <span class='ocrx_word' id='word_1_918' title='bbox 3297 5089 3654 5172; x_wconf 78' lang='lat' dir='ltr'>deﬁniendum</span> <span class='ocrx_word' id='word_1_919' title='bbox 3789 5089 3852 5191; x_wconf 39' lang='lat' dir='ltr'>ab?</span> 
     </span>
    </p>
   </div>
   <div class='ocr_carea' id='block_1_119' title="bbox 2276 5184 3849 5281">
    <p class='ocr_par' dir='ltr' id='par_1_119' title="bbox 2276 5184 3849 5281">
     <span class='ocr_line' id='line_1_121' title="bbox 2276 5184 3849 5281; baseline -0.022 -7"><span class='ocrx_word' id='word_1_920' title='bbox 2276 5210 2333 5261; x_wconf 82' lang='lat' dir='ltr'>te</span> <span class='ocrx_word' id='word_1_921' title='bbox 2378 5184 2554 5277; x_wconf 47' lang='lat' dir='ltr'>puto:</span> <span class='ocrx_word' id='word_1_922' title='bbox 2594 5184 3432 5279; x_wconf 42' lang='lat' dir='ltr'>Quia-inquam,-dubitavcrit,</span> <span class='ocrx_word' id='word_1_923' title='bbox 3480 5197 3605 5255; x_wconf 86' lang='lat' dir='ltr'>nihil</span> <span class='ocrx_word' id='word_1_924' title='bbox 3631 5184 3849 5281; x_wconf 53' lang='lat' dir='ltr'>alludes</span> 
     </span>
    </p>
   </div>
   <div class='ocr_carea' id='block_1_120' title="bbox 2275 5265 3850 5371">
    <p class='ocr_par' dir='ltr' id='par_1_120' title="bbox 2275 5265 3850 5371">
     <span class='ocr_line' id='line_1_122' title="bbox 2275 5265 3850 5371; baseline -0.003 -25"><span class='ocrx_word' id='word_1_925' title='bbox 2275 5294 2526 5348; x_wconf 87' lang='lat' dir='ltr'>hominis</span> <span class='ocrx_word' id='word_1_926' title='bbox 2558 5295 2863 5365; x_wconf 88' lang='lat' dir='ltr'>optimum,</span> <span class='ocrx_word' id='word_1_927' title='bbox 2896 5310 3070 5367; x_wconf 90' lang='lat' dir='ltr'>quam</span> <span class='ocrx_word' id='word_1_928' title='bbox 3097 5310 3224 5349; x_wconf 90' lang='lat' dir='ltr'>eam</span> <span class='ocrx_word' id='word_1_929' title='bbox 3248 5298 3462 5365; x_wconf 90' lang='lat' dir='ltr'>partem</span> <span class='ocrx_word' id='word_1_930' title='bbox 3489 5281 3664 5343; x_wconf 88' lang='lat' dir='ltr'>animi.</span> <span class='ocrx_word' id='word_1_931' title='bbox 3699 5288 3765 5371; x_wconf 65' lang='grc' dir='ltr'>(ξω</span> 
     </span>
    </p>
   </div>
   <div class='ocr_carea' id='block_1_121' title="bbox 2274 5354 3848 5453">
    <p class='ocr_par' dir='ltr' id='par_1_121' title="bbox 2274 5354 3848 5453">
     <span class='ocr_line' id='line_1_123' title="bbox 2274 5354 3848 5453; baseline -0.008 -19"><span class='ocrx_word' id='word_1_932' title='bbox 2274 5380 2517 5436; x_wconf 90' lang='lat' dir='ltr'>minanti</span> <span class='ocrx_word' id='word_1_933' title='bbox 2537 5382 2932 5453; x_wconf 86' lang='lat' dir='ltr'>obtemperare</span> <span class='ocrx_word' id='word_1_934' title='bbox 2960 5382 3221 5437; x_wconf 83' lang='lat' dir='ltr'>convenit</span> <span class='ocrx_word' id='word_1_935' title='bbox 3247 5385 3445 5438; x_wconf 60' lang='lat' dir='ltr'>castora</span> <span class='ocrx_word' id='word_1_936' title='bbox 3484 5381 3689 5449; x_wconf 65' lang='lat' dir='ltr'>quisque</span> <span class='ocrx_word' id='word_1_937' title='bbox 3710 5362 3753 5415; x_wconf 75' lang='lat' dir='ltr'>in</span> <span class='ocrx_word' id='word_1_938' title='bbox 3783 5354 3848 5407; x_wconf 62' lang='grc' dir='ltr'>Μ’</span> 
     </span>
    </p>
   </div>
   <div class='ocr_carea' id='block_1_122' title="bbox 2341 5488 3076 5550">
    <p class='ocr_par' dir='ltr' id='par_1_122' title="bbox 2341 5488 3076 5550">
     <span class='ocr_line' id='line_1_124' title="bbox 2341 5488 3076 5550; baseline 0.004 -14"><span class='ocrx_word' id='word_1_939' title='bbox 2341 5490 2356 5522; x_wconf 83' lang='grc'>¹</span> <span class='ocrx_word' id='word_1_940' title='bbox 2381 5490 2645 5549; x_wconf 76' lang='lat' dir='ltr'>Queritur,</span> <span class='ocrx_word' id='word_1_941' title='bbox 2667 5488 2822 5550; x_wconf 83' lang='lat' dir='ltr'>juxta</span> <span class='ocrx_word' id='word_1_942' title='bbox 2850 5490 2977 5537; x_wconf 84' lang='lat' dir='ltr'>Lov.</span> <span class='ocrx_word' id='word_1_943' title='bbox 3008 5490 3076 5539; x_wconf 81' lang='grc' dir='ltr'><strong>Μ.</strong></span> 
     </span>
    </p>
   </div>
   <div class='ocr_carea' id='block_1_123' title="bbox 2340 5550 2939 5614">
    <p class='ocr_par' dir='ltr' id='par_1_123' title="bbox 2340 5550 2939 5614">
     <span class='ocr_line' id='line_1_125' title="bbox 2340 5550 2939 5614; baseline 0.002 -14"><span class='ocrx_word' id='word_1_944' title='bbox 2340 5551 2417 5614; x_wconf 86' lang='lat' dir='ltr'>(a)</span> <span class='ocrx_word' id='word_1_945' title='bbox 2444 5550 2725 5614; x_wconf 85' lang='lat' dir='ltr'>Augustini</span> <span class='ocrx_word' id='word_1_946' title='bbox 2754 5552 2939 5601; x_wconf 85' lang='lat' dir='ltr'>frater.</span> 
     </span>
    </p>
   </div>
  </div>
