3996 6170
80 307 176 360 909

85 425 229 480 mine
258 426 396 478 sunt
415 424 446 477 ?
478 424 614 478 Haec
651 426 863 491 autem,
893 439 968 479 ne
998 424 1166 481 aliam
1200 429 1452 498 postules
1481 428 1764 487 deﬁnitio-

84 528 227 579 nem,
258 526 422 566 mens
451 515 551 566 aut
579 511 726 566 ratio
756 511 868 566 dici
898 515 1089 583 potest
1117 513 1264 585 (Lib.
1300 519 1321 570 l
1356 518 1617 587 Retract.,
1648 534 1769 589 cap.

86 606 130 668 l,
162 617 216 656 η.
242 601 325 670 2).
358 600 523 664 Quod
552 600 601 654 si
641 600 749 655 tibi
795 617 912 655 non
955 601 1201 669 videtur,
1246 618 1439 673 quaere
1481 606 1772 676 quomodo

84 689 197 759 ipse
230 687 467 742 deﬁnias
494 689 584 742 vel
613 688 840 743 beatam
863 689 1056 757 vitam,
1085 690 1174 744 vel
1201 689 1767 762 hominisoptimum.

82 776 387 845 ASsentior,
420 775 633 848 inquit.

149 868 202 919 6.
230 864 376 929 Quid
407 880 544 936 ergo
567 865 596 918 ?
622 868 689 920 ut
725 865 792 920 ad
849 865 1230 937 propositum,
1264 865 1523 937 inquam,
1575 867 1773 923 redea-

81 969 233 1019 mus;
264 952 565 1007 videturne
593 952 698 1008 tibi
728 953 1090 1008 uoninvento
1110 953 1417 1009 veroheate
1443 970 1608 1024 posse
1636 955 1770 1023 vivi,

83 1042 128 1096 si
155 1044 376 1095 tantum
403 1041 735 1111 quaeratur?
754 1042 988 1113 Repeto,
1010 1041 1220 1114 inquit,
1242 1043 1587 1098 sententiam
1614 1043 1772 1098 illam

83 1144 262 1183 meam
296 1145 310 1183 :
353 1129 584 1184 Minime
611 1129 855 1186 videtur.
909 1132 1042 1198 Vos,
1097 1130 1350 1203 inquam,
1401 1131 1540 1202 quid
1570 1132 1770 1203 opina-

79 1215 265 1271 mini?
291 1217 435 1271 Tum
468 1216 750 1272 Licentius
781 1234 795 1272 :
828 1217 971 1272 mihi
1000 1234 1258 1290 prorsus,
1286 1219 1495 1290 inquit,
1526 1220 1770 1275 videtur:

77 1321 202 1361 nam
237 1306 480 1376 majores
506 1305 708 1369 nostri,
749 1321 893 1377 quos
932 1306 1218 1378 sapientes
1256 1307 1565 1379 beatosque
1613 1323 1769 1363 acce-

78 1395 285 1467 pimus,
329 1408 396 1447 eo
427 1394 547 1448 solo
576 1393 734 1465 quod
759 1408 960 1448 verum
989 1394 1343 1466 quaerebant,
1388 1395 1534 1450 bene
1585 1397 1775 1451 beate-

78 1498 182 1555 que
208 1481 495 1536 vixerunt.
523 1485 644 1553 Ago
670 1482 903 1552 gratias,
937 1482 1197 1554 inquam,
1230 1483 1384 1554 quod
1412 1499 1543 1537 cum
1572 1484 1774 1555 Alypio

82 1584 168 1626 me
191 1570 451 1625 Iudicem
481 1569 715 1638 fecistis,
747 1570 859 1637 cui,
890 1570 1090 1637 fateor,
1140 1570 1398 1626 invidere
1421 1572 1541 1642 jam
1587 1587 1773 1643 coepe-

80 1675 215 1714 ram.
247 1659 531 1723 Quoniam
562 1658 738 1730 igitur
766 1659 928 1713 alteri
972 1663 1226 1713 vestrum
1275 1659 1504 1714 videtur
1548 1661 1773 1716 beatam

82 1748 249 1801 vitam
282 1747 406 1801 sola
460 1745 899 1818 investigatione
951 1747 1244 1816 veritatis;
1277 1748 1461 1812 alteri,
1518 1764 1633 1803 non
1663 1749 1775 1803 nisi

83 1836 410 1891 inventione
438 1852 603 1907 posse
647 1837 1019 1909 contingere;
1062 1837 1335 1909 Navigius
1379 1841 1570 1894 autem
1599 1841 1772 1910 paulo

81 1930 203 1980 ante
224 1924 477 1979 ostendit
502 1924 562 1978 in
593 1927 772 1991 tuam,
807 1924 1044 1992 Licenti,
1076 1929 1297 1996 partem
1330 1940 1388 1979 se
1418 1924 1561 1980 velle
1588 1929 1774 1981 trans-

81 2013 158 2068 ire
190 2031 203 2069 :
234 2028 592 2085 magnopere
613 2017 877 2084 exspecto
898 2014 1095 2085 quales
1122 2012 1538 2068 sententiarum
1567 2016 1776 2068 vestra-

80 2118 202 2157 rum
232 2102 465 2173 patroni
497 2117 618 2156 esse
671 2101 918 2173 possitis.
969 2102 1079 2157 Res
1126 2102 1281 2157 enim
1327 2118 1538 2174 magna
1583 2106 1689 2172 est,
1718 2105 1777 2156 et

79 2190 341 2261 diligenti
369 2189 719 2245 discussione
747 2189 1107 2262 dignissima.
1135 2191 1192 2247 Si
1214 2207 1304 2246 res
1331 2206 1543 2262 magna
1571 2195 1675 2258 est,
1699 2190 1779 2245 ait

83 2279 384 2348 Licentius,
417 2294 660 2350 magnos
687 2277 836 2333 viros
884 2278 1183 2333 desiderat.
1218 2278 1347 2333 Noli
1374 2294 1651 2350 quaerere,
1683 2278 1775 2333 in-

77 2384 262 2439 quam,
296 2368 626 2438 praesertim
655 2366 716 2420 in
760 2367 868 2421 hac
910 2366 1065 2433 villa,
1098 2367 1252 2438 quod
1306 2365 1493 2421 ubivis
1518 2366 1777 2438 gentium

76 2456 330 2527 reperire
360 2454 595 2512 difﬁcile
625 2458 712 2510 est
743 2472 757 2510 :
789 2455 888 2509 sed
912 2455 1104 2525 potius
1133 2454 1372 2526 explica,
1403 2470 1504 2509 cur
1541 2453 1601 2509 id
1627 2453 1778 2525 quod

79 2546 170 2600 abs
196 2549 253 2600 te
285 2560 406 2599 non
433 2548 673 2611 temere,
716 2546 782 2598 ut
831 2543 1058 2614 opinor,
1101 2543 1391 2614 prolatum
1444 2546 1547 2610 est,
1579 2545 1636 2597 et
1665 2558 1779 2614 qua

81 2633 177 2687 tibi
204 2632 434 2688 ratione
457 2632 716 2687 videatur
747 2647 761 2686 :
793 2647 928 2685 nam
941 2635 998 2686 et
1009 2630 1276 2686 maxima:
1304 2647 1417 2698 res,
1450 2647 1581 2686 cum
1601 2647 1634 2686 a
1654 2647 1780 2703 par-

80 2722 158 2775 vis
185 2725 550 2794 qumruntur,
580 2735 822 2791 magnos
853 2736 950 2775 eos
979 2719 1167 2775 solent
1184 2719 1430 2774 efﬁcere.

84 2811 305 2866 CAPUT
346 2810 443 2865 III.
472 2840 542 2850 —
572 2810 893 2865 Beatitatem
914 2810 975 2863 in
1016 2810 1429 2876 investigatione
1453 2810 1572 2863 veri
1617 2806 1780 2863 sitam

414 2912 528 2953 esse
551 2912 655 2968 pro
681 2897 1028 2952 Academicis
1047 2900 1450 2967 propugnatur.

143 2991 198 3041 '7.
231 2985 521 3052 Quoniam
567 2990 645 3053 te,
689 2985 899 3057 inquit,
947 2984 1114 3040 video
1160 2999 1513 3056 magnopere
1541 2999 1646 3038 nos
1685 2974 1786 3037 ur-'

87 3089 235 3145 gere,
268 3084 342 3130 ut
373 3075 673 3130 adversum
701 3073 946 3129 invicem
977 3072 1357 3145 disputemus,
1406 3071 1558 3144 quod
1583 3077 1639 3126 te
1668 3072 1781 3126 uti-

88 3164 211 3218 liter
234 3163 387 3219 velle
416 3163 641 3218 confido
668 3180 683 3231 ;
717 3178 915 3234 quaero
936 3178 1037 3217 cur
1063 3162 1264 3217 beatus
1294 3178 1414 3215 esse
1435 3177 1554 3215 non
1581 3159 1779 3231 possit,

88 3252 181 3322 qui
216 3268 426 3308 verum
475 3251 704 3324 quaerit,
758 3250 983 3306 etiamsi
1026 3250 1268 3306 minime
1316 3248 1617 3305 inveniat?
1644 3246 1787 3313 Quia

88 3342 340 3412 beatum,
366 3340 558 3412 inquit
584 3340 908 3412 Trygetius,
938 3326 1203 3394 volumus
1234 3353 1353 3393 esse
1377 3337 1696 3409 perfectum
1724 3335 1784 3389 in

90 3430 354 3485 omnibus
367 3429 703 3501 sapientem.
721 3428 831 3493 Qui
845 3433 1038 3483 autem
1056 3428 1237 3482 adhuc
1251 3426 1478 3498 quaerit,
1502 3425 1787 3498 perfectus

88 3534 198 3573 non
228 3522 332 3573 est.
358 3520 521 3574 Hunc
540 3517 716 3589 igitur
735 3516 1023 3588 quomodo
1046 3531 1264 3570 asseras
1276 3514 1532 3584 beatum,
1553 3513 1787 3568 omnino

92 3621 202 3660 non
229 3607 421 3661 video.
450 3607 518 3661 Et
543 3606 640 3660 ille
667 3622 681 3660 :
711 3607 903 3660 Potest
931 3602 1081 3676 apud
1107 3607 1183 3672 te,
1208 3601 1416 3675 inquit,
1438 3602 1625 3658 vivere
1649 3599 1667 3634 ⁴
1687 3617 1788 3656 au—

88 3695 317 3751 ctoritas
354 3694 693 3765 majorum?
733 3695 861 3749 Non
907 3691 1187 3755 omnium,
1232 3690 1423 3763 inquit
1461 3691 1783 3763 Trygetius.

89 3784 349 3847 Quorum
388 3783 625 3839 tandem
645 3783 676 3837 ?
702 3784 804 3838 Ille
836 3798 850 3837 :
882 3783 1093 3836 Eorum
1123 3780 1352 3847 scilicet,
1385 3779 1485 3852 qui
1508 3779 1790 3851 sapientes

91 3871 341 3929 fuerunt.
374 3874 518 3927 Tum
551 3871 835 3927 Licentius
869 3870 1247 3937 :Carneades,
1298 3868 1508 3941 inquit,
1552 3868 1657 3923 tibi
1703 3883 1791 3921 sa-

92 3961 260 4030 piens
288 3960 648 4016 nonvidetur
665 3960 695 4014 ?
717 3961 855 4030 Ego,
886 3957 986 4028 ait,
1005 3973 1224 4029 graecus
1261 3972 1380 4011 non
1400 3971 1529 4010 sum
1556 3973 1571 4023 ;
1600 3955 1791 4011 nescio

99 4048 426 4105 Carneades
463 4048 570 4104 iste
598 4047 697 4120 qui
728 4046 921 4102 fuerit.
954 4045 1122 4113 Quid,
1153 4045 1344 4116 inquit
1389 4043 1693 4110 Licentius,
1725 4043 1795 4098 de

95 4137 191 4192 illo
222 4141 423 4192 nostro
454 4136 747 4205 Cicerone,
769 4134 906 4206 quid
927 4133 1159 4188 tandem
1179 4130 1471 4188 existimas
1488 4132 1519 4186 ?
1537 4130 1637 4186 Hic
1664 4147 1796 4186 cum

94 4224 192 4281 diu
219 4225 501 4280 tacuisset
529 4241 543 4280 :
576 4221 815 4296 Sapiens
835 4221 963 4290 fuit,
991 4220 1202 4293 inquit.
1234 4222 1303 4275 Et
1320 4219 1456 4275 ille:
1489 4220 1636 4290 Ergo
1676 4219 1799 4289 ejus

97 4314 165 4368 de
195 4314 309 4369 hac
347 4329 410 4369 re
442 4312 722 4368 sententia
750 4311 924 4366 habet
953 4310 1104 4381 apud
1146 4312 1203 4362 te
1241 4306 1457 4380 aliquid
1492 4305 1803 4378 ponderis?

99 4403 306 4473 Habet,
336 4401 546 4473 inquit.
576 4399 780 4473 Accipe
799 4399 980 4471 igitur
1008 4414 1137 4470 quae
1163 4395 1255 4463 sit,
1272 4411 1407 4450 nam
1435 4410 1563 4450 eam
1578 4394 1683 4450 tibi
1704 4410 1802 4450 ex-

94 4491 302 4547 cidisse
333 4489 600 4545 arbitror.
629 4488 852 4544 Placuit
868 4486 1024 4542 euim
1054 4483 1543 4551 Ciceroninostro,
1572 4483 1804 4539 beatum

98 4597 220 4637 esse
252 4582 359 4654 qui
385 4581 689 4637 veritatem
718 4578 1041 4650 investigat,
1071 4575 1297 4632 etiamsi
1329 4575 1399 4631 ad
1446 4575 1568 4647 ejus
1608 4574 1807 4629 inven-

94 4670 321 4726 tionem
352 4686 470 4725 uon
498 4669 690 4724 valeat
718 4666 1039 4740 pervenire.
1078 4664 1180 4720 Ubi
1204 4665 1332 4731 hoc,
1379 4663 1589 4735 inquit,
1613 4662 1808 4719 Cicero

95 4758 283 4815 dixit?
326 4760 394 4813 Et
423 4757 708 4813 Licentius
740 4772 753 4812 :
787 4755 924 4820 Quis
952 4754 1184 4826 ignorat
1213 4769 1348 4808 eum
1371 4752 1684 4807 afﬁrmasse
1713 4768 1808 4807 ve-

97 4846 425 4915 hementer,
456 4846 603 4901 nihil
631 4845 704 4901 ab
750 4843 985 4900 homine
1035 4840 1254 4914 percipi
1307 4856 1477 4912 posse
1506 4857 1520 4907 ;
1549 4839 1810 4910 nihilque

94 4951 404 4992 remanere
422 4933 689 5006 sapienti,
720 4932 830 4988 nisi
852 4930 1351 5003 diligentissimam
1377 4927 1812 5000 inquisitionem

98 5023 368 5080 veritatis
393 5042 410 5077 :
441 5027 746 5096 propterea
766 5019 901 5093 quia
923 5019 971 5075 si
992 5017 1224 5074 incertis
1252 5016 1423 5071 rebus
1445 5020 1593 5071 esset
1623 5030 1814 5070 assen-

102 5127 224 5182 sus,
261 5110 441 5167 etiam
472 5112 527 5166 si
546 5111 785 5166 fortasse
812 5123 962 5163 verte
991 5106 1200 5172 forent,
1231 5102 1464 5159 liberari
1512 5103 1582 5158 ab
1623 5118 1816 5156 errore

103 5216 225 5256 non
255 5199 505 5272 posset?
537 5215 667 5271 quae
695 5196 947 5253 maxima
974 5200 1059 5251 est
1086 5195 1255 5265 culpa
1282 5191 1575 5265 sapientis.
1607 5190 1819 5257 Quam-

1550 308 1761 367 LIBER
1803 312 2087 370 PRIMUS.

3470 334 3573 384 910

1881 434 2114 504 pientiae
2135 452 2346 492 munus
2366 442 2480 507 est;
2505 440 2639 511 quid
2661 440 2987 498 dubitamus
3009 444 3331 502 existimare
3352 448 3576 504 beatam

1882 523 2077 591 vitam,
2111 524 2281 580 etiam
2309 543 2415 599 per
2444 544 2502 583 se
2523 527 2651 601 ipsa
2680 530 3113 603 investigatione
3144 535 3395 592 veritatis
3410 555 3577 610 posse
3640 584 3647 590 .

1884 612 2215 683 contingere
2237 617 2264 669 ?

1955 702 2006 754 8.
2038 702 2182 756 Tum
2209 703 2305 757 ille
2344 720 2357 758 :
2393 705 2617 759 Licetne
2665 708 2895 762 tandem
2946 710 3015 763 ad
3066 727 3131 764 ea
3178 728 3305 782 quae
3362 718 3577 770 temere

1885 803 2150 843 concessa
2180 795 2331 858 sunt,
2365 793 2550 847 redire
2581 811 2809 849 rursum
2829 797 2857 850 ?
2890 797 2987 851 llic
3011 814 3116 868 ego
3150 816 3163 853 :
3196 800 3283 853 Illi
3312 802 3420 856 hoc
3458 820 3578 858 non

1886 877 2069 930 solent
2092 878 2423 946 concedere,
2459 880 2715 952 inquam,
2749 900 2892 954 quos
2922 884 2989 939 ad
3020 885 3428 956 disputandum
3460 906 3578 945 non

1885 963 2214 1019 inveniendi
2244 967 2361 1020 veri
2390 969 2687 1038 cupiditas,
2723 972 2819 1025 sed
2850 972 3066 1042 ingenii
3091 973 3326 1044 puerilis
3349 976 3579 1045 jactan-

1884 1050 1965 1104 tia
1995 1051 2265 1121 impellit.
2299 1055 2496 1125 Itaque
2544 1058 2695 1126 apud
2730 1075 2841 1126 me,
2892 1062 3206 1130 praesertim
3239 1078 3368 1116 cum
3398 1064 3579 1123 adhuc

1883 1140 2173 1195 nutriendi
2204 1142 2594 1214 educaudique
2643 1146 2782 1211 sitis,
2830 1164 2947 1201 non
2994 1149 3176 1203 solum
3227 1151 3578 1220 conceditur,

1885 1227 1984 1281 sed
2008 1228 2178 1282 etiam
2206 1227 2264 1282 in
2294 1231 2593 1301 praeceptis
2614 1231 2871 1288 habeatis
2898 1236 3047 1301 volo,
3080 1237 3149 1289 ad
3180 1253 3246 1290 ea
3274 1255 3370 1291 vos
3400 1238 3580 1293 discu-

1884 1314 2080 1369 tienda
2109 1316 2294 1370 redire
2327 1322 2610 1387 oportere,
2662 1337 2791 1390 qua:
2840 1322 3226 1377 concesseritis
3276 1326 3575 1381 incautius.

1884 1402 1948 1456 Et
1980 1398 2263 1456 Licentius
2297 1419 2311 1457 :
2346 1405 2472 1459 Non
2498 1422 2739 1476 parvum
2771 1407 2829 1460 in
2858 1408 3223 1479 philosophia
3263 1411 3579 1480 profectum

1882 1494 2047 1560 puto,
2077 1490 2283 1561 inquit,
2316 1507 2444 1545 cum
2501 1493 2561 1547 in
2609 1497 3036 1566 comparatione
3064 1498 3205 1552 recti
3234 1499 3468 1569 verique
3493 1498 3580 1552 in-

1882 1577 2148 1632 veniendi
2180 1579 2569 1635 contemnitur
2594 1598 2626 1635 a
2657 1572 2979 1655 disputante
3008 1585 3262 1640 victoria.
3296 1589 3492 1656 Itaque
3514 1587 3579 1640 li-

1882 1665 2087 1721 benter
2117 1668 2402 1739 obsequor
2438 1672 2740 1742 praeceptis
2772 1678 2827 1727 ct
2857 1675 3154 1729 sententiae
3190 1680 3320 1742 tuae,
3368 1680 3423 1729 et
3451 1678 3583 1747 Try-

1885 1754 2106 1825 getium
2140 1756 2210 1810 ad
2241 1756 2301 1810 id
2342 1758 2497 1828 quod
2537 1775 2594 1812 se
2622 1764 2837 1815 temere
2881 1762 3221 1818 concessisse
3253 1764 3578 1828 arbitratur,

1885 1858 1976 1897 res
2006 1844 2162 1898 enim
2191 1845 2306 1899 mei
2329 1845 2476 1916 juris
2509 1851 2594 1902 est
2618 1848 2804 1903 redire
2833 1850 3124 1920 permitto.
3152 1853 3293 1905 Tum
3322 1852 3577 1923 Alypius:

1886 1930 2146 2002 Suscepti
2176 1950 2210 1987 a
2238 1949 2329 1988 me
2361 1933 2532 1989 ofﬁcii
2564 1936 2819 1991 nondum
2850 1942 3040 2008 partes
3070 1955 3212 2006 esse,
3252 1939 3582 2009 vosmetipsi

1886 2034 2111 2074 mecum
2140 2022 2567 2092 recognoscitis.
2595 2023 2701 2079 Sed
2733 2026 3005 2097 quoniam
3026 2026 3082 2081 id
3101 2027 3443 2097 jamdudum
3474 2027 3582 2082 dis-

1885 2107 2071 2178 posita
2098 2109 2372 2178 profectio
2399 2109 2819 2182 interrumpere
2848 2129 2940 2166 me
2969 2114 3277 2184 compellit,
3317 2131 3422 2185 pro
3452 2131 3581 2169 meo

1887 2213 2119 2272 quoque
2152 2212 2394 2252 munere
2424 2199 2773 2269 geminatum
2799 2200 2906 2254 sibi
2934 2204 3272 2271 potestatem
3301 2202 3585 2274 particeps

1888 2302 2115 2342 mecum
2142 2285 2346 2356 judicii
2371 2302 2486 2341 non
2535 2292 2741 2342 renuet
2766 2305 2947 2359 usque
2977 2289 3036 2343 in
3067 2290 3313 2345 reditum
3344 2306 3535 2345 meum
3568 2308 3581 2345 :

1890 2374 2053 2430 video
2085 2374 2240 2429 enim
2269 2374 2378 2429 hoc
2406 2379 2657 2430 vestrum
2687 2380 2971 2430 certamen
2998 2377 3229 2447 longius
3253 2394 3584 2449 progressu-

1892 2479 2044 2519 rum.
2072 2464 2146 2541 rEt
2173 2478 2303 2517 cum
2332 2462 2676 2519 discessisset
2712 2480 2725 2518 :
2756 2465 2918 2528 Quod
2966 2463 3006 2532 ⁴,
3039 2465 3231 2537 inquit
3281 2466 3583 2534 Licentius,

1890 2554 2107 2604 temere
2136 2565 2516 2618 concesseras,
2548 2552 2758 2622 profer.
2795 2553 2860 2606 Et
2886 2552 3016 2605 ille:
3045 2554 3278 2608 Temere
3310 2555 3457 2622 dedi,
3499 2555 3584 2609 in-

1890 2637 2034 2708 quit,
2094 2638 2425 2693 Ciceronem
2480 2638 2655 2693 fuisse
2714 2640 3051 2711 sapientem.
3109 2643 3333 2712 Ergone
3390 2642 3586 2697 Cicero

1890 2726 2114 2797 sapiens
2138 2742 2256 2780 non
2280 2726 2409 2794 fuit,
2440 2743 2474 2779 a
2502 2743 2616 2797 quo
2648 2727 2704 2780 in
2728 2728 2903 2781 latina
2932 2728 3128 2797 lingua
3152 2729 3516 2799 philosophia
3532 2734 3589 2784 et

1889 2812 2157 2868 inchoata
2184 2817 2289 2877 est,
2323 2818 2379 2867 et
2410 2814 2706 2885 perfecta?
2731 2814 2848 2868 Etsi
2879 2814 3182 2869 concedam
3194 2816 3434 2886 ,inquit,
3465 2832 3586 2870 esse

1892 2899 2230 2970 sapientem,
2263 2915 2379 2953 non
2410 2899 2605 2954 omnia
2632 2904 2823 2954 tamen
2854 2900 2977 2971 ejus
3001 2901 3200 2971 probo.
3228 2902 3401 2972 Atqui
3428 2918 3590 2973 opor-

1892 2991 1974 3042 tet
1998 2988 2180 3042 multa
2211 2987 2331 3057 ejus
2361 2987 2471 3042 alia
2498 2988 2742 3056 refellas,
2764 2993 2830 3043 ut
2866 3004 2981 3043 non
3008 2988 3499 3060 impudenterhoc
3518 2992 3588 3046 de

1894 3091 2008 3147 quo
2040 3075 2248 3147 agitur,
2264 3075 2593 3148 improbare
2622 3076 2887 3133 videaris.
2919 3078 3061 3142 Quid
3076 3078 3124 3132 si
3143 3079 3249 3133 hoc
3270 3080 3455 3136 solum
3476 3097 3588 3135 non

1895 3167 2047 3219 recte
2074 3164 2314 3219 sensisse
2341 3164 2504 3220 illum
2544 3165 2829 3220 afﬁrmare
2874 3170 3107 3236 paratus
3151 3168 3324 3221 sum?
3372 3169 3590 3236 Vestra,

1894 3259 1960 3309 ut
1988 3252 2214 3324 opinor,
2246 3252 2393 3308 nihil
2424 3253 2681 3325 interest,
2713 3253 2824 3308 nisi
2873 3254 3034 3324 cujus
3062 3257 3084 3291 ²
3111 3256 3381 3327 ponderis
3414 3258 3485 3312 ad
3533 3255 3588 3311 id

1898 3344 2034 3416 quol
2058 3343 2187 3398 volo
2216 3344 2607 3414 asserendum,
2630 3345 2879 3400 rationes
2906 3345 3160 3401 afferam.
3182 3348 3377 3417 Perge,
3402 3346 3593 3418 inquit

1897 3433 2014 3487 ille.
2045 3431 2191 3497 Quid
2221 3432 2397 3503 enim,
2446 3432 2656 3504 inquit,
2690 3433 2930 3488 audeam
2976 3437 3173 3489 contra
3204 3451 3355 3503 cum,
3388 3434 3485 3505 qui
3534 3450 3592 3487 sc

1900 3517 2187 3572 Ciceronis
2218 3517 2606 3572 adversarium
2634 3517 2978 3589 proﬁtetur?

1973 3606 2025 3661 9.
2060 3604 2159 3659 Hic
2183 3604 2482 3675 Trygetius
2517 3621 2531 3658 :
2564 3605 2702 3658 Volo
2737 3604 3018 3668 attendas,
3055 3604 3153 3672 ait,
3185 3608 3245 3660 tu
3275 3605 3454 3675 judex
3486 3621 3593 3659 no-

1901 3696 2036 3761 ster,
2051 3692 2537 3764 quemadmodum
2552 3691 3045 3764 superiusheatam
3066 3692 3241 3748 vitam
3263 3693 3551 3748 deﬁnieris
3578 3711 3591 3748 :

1900 3779 2091 3835 dixisti
2116 3762 2364 3851 namque
2396 3796 2529 3835 eum
2553 3780 2789 3836 beatum
2823 3797 2964 3851 esse,
2995 3780 3096 3852 qui
3125 3782 3439 3837 secundum
3469 3798 3597 3836 eam

1900 3872 2125 3941 partem
2157 3867 2335 3923 animi
2364 3869 2523 3938 vivit,
2556 3886 2728 3941 quam
2752 3869 2970 3924 caeteris
3000 3871 3267 3926 convenit
3290 3871 3597 3942 imperare.

1903 3958 1989 4013 Tu
2018 3961 2231 4025 autem,
2266 3957 2500 4025 Licenti,
2528 3959 2658 4012 volo
2689 3958 2777 4012 vel
2814 3974 2967 4013 nunc
2993 3958 3139 4013 mihi
3166 3961 3439 4015 concedas
3464 3960 3603 4030 (jam

1907 4045 2366 4116 enimJibertate,
2400 4045 2459 4099 in
2490 4062 2664 4117 quam
2693 4045 2938 4101 maxime
2970 4063 3072 4101 nos
3100 4046 3515 4102 vindicaturam
3547 4064 3605 4101 se

1906 4132 2273 4205 philosophia
2283 4132 2625 4203 pollicetur,j
2636 4151 2666 4186 u
2674 4149 2810 4204 gum
2824 4133 2964 4189 illud
2979 4134 3331 4189 auctoritatis
3345 4134 3604 4201 excussi).

1909 4221 2223 4294 perfectum
2253 4236 2369 4274 non
2396 4236 2516 4274 esse
2536 4220 2635 4291 qui
2655 4221 2840 4275 adhuc
2859 4221 3158 4276 veritatem
3172 4222 3445 4291 requirat.
3463 4222 3604 4274 Tum

1911 4309 2009 4364 ille
2036 4312 2167 4378 post
2194 4306 2532 4362 diuturnum
2573 4306 2860 4361 silentium
2898 4324 2912 4361 :
2945 4309 3073 4363 Non
3100 4308 3369 4374 concedo,
3400 4308 3606 4378 inquit.

1914 4398 1981 4453 Et
2008 4395 2306 4467 Trygetius
2337 4414 2352 4449 :
2391 4395 2518 4461 Cur,
2544 4412 2739 4467 quaeso
2759 4397 2789 4450 ?
2818 4395 3056 4466 explica.
3087 4394 3260 4449 Isthic
3287 4412 3414 4449 sum
3432 4395 3609 4462 enim,

1916 4489 1972 4539 et
2000 4500 2137 4538 aveo
2167 4482 2384 4551 audire,
2419 4500 2533 4556 quo
2570 4489 2736 4555 pacto
2766 4485 2948 4556 possit
2999 4488 3056 4538 et
3092 4482 3379 4553 perfectus
3437 4485 3611 4538 homo

1917 4590 2057 4640 esse,
2102 4576 2159 4627 et
2186 4572 2369 4628 adhuc
2399 4588 2655 4645 quaerere
2700 4572 3018 4626 veritatem.
3071 4571 3170 4625 Hic
3201 4571 3296 4625 ille
3328 4589 3341 4626 :
3375 4572 3483 4635 Qui
3546 4572 3615 4626 ad

1917 4661 2117 4729 ﬁnem,
2146 4660 2353 4731 inquit,
2400 4677 2518 4716 non
2564 4660 2844 4731 pervenit,
2893 4659 3077 4714 fateor
3131 4661 3284 4731 quod
3336 4660 3617 4732 perfectus

1919 4767 2037 4805 non
2070 4750 2163 4805 sit.
2193 4749 2505 4804 Veritatem
2536 4752 2725 4803 autem
2780 4748 2938 4802 illam
2990 4749 3172 4803 solum
3227 4750 3406 4803 Deum
3454 4765 3619 4803 nosse

1923 4838 2192 4905 arbitror,
2227 4842 2327 4893 aut
2354 4837 2498 4892 forte
2527 4836 2775 4890 hominis
2801 4835 3076 4903 animam,
3100 4852 3229 4891 cum
3260 4838 3367 4892 hoc
3395 4854 3618 4909 corpus,

1919 4928 2035 4984 hoc
2065 4931 2151 4981 est
2178 4926 2543 4981 tenebrosum
2582 4940 2888 4991 carcerem,
2918 4925 3307 4996 dereliquerit.
3365 4925 3622 4980 Ilominis

1925 5016 2117 5067 autem
2155 5011 2287 5064 ﬁnis
2320 5013 2422 5076 est,
2468 5009 2711 5079 perfecte
2751 5024 3008 5079 qumrere
3053 5010 3349 5064 veritatem
3381 5025 3394 5063 :
3430 5008 3622 5079 perfe-

1925 5103 2083 5154 ctum
2114 5098 2269 5153 enim
2299 5095 2632 5168 quaerimus,
2661 5096 2760 5150 sed
2789 5100 2982 5151 tamen
3024 5097 3340 5152 hominem.
3390 5098 3455 5151 Et
3482 5096 3624 5164 Try-

1932 5187 2120 5259 getius
2150 5204 2162 5241 :
2194 5187 2321 5241 Non
2342 5183 2519 5256 igitur
2537 5187 2727 5253 potest
2754 5184 2954 5239 beatus
2968 5202 3086 5240 esse
3113 5186 3309 5241 homo.
3332 5182 3625 5248 Quomodo

104 5271 313 5344 obrem
347 5288 394 5341 si
424 5291 481 5342 et
526 5286 845 5359 sapientem
884 5283 1199 5340 necessario
1243 5282 1476 5338 beatum
1524 5296 1645 5335 esse
1692 5296 1822 5335 cre-
1930 5277 2107 5345 enim,
2133 5291 2263 5330 cum
2293 5274 2350 5330 id
2377 5273 2533 5346 quod
2581 5289 2931 5346 magnopere
2979 5272 3346 5345 concupiscit,
3405 5271 3627 5341 assequi

102 5376 374 5432 dendum
407 5379 511 5444 est,
544 5378 602 5430 et
636 5374 891 5430 veritatis
919 5374 1039 5429 sola
1065 5370 1361 5444 inquisitio
1383 5369 1700 5442 perfectum
1727 5384 1820 5422 sa-

164 5553 182 5587 ¹
216 5552 334 5604 Sex
372 5551 517 5616 Mss.,
545 5551 779 5606 vincere.
810 5576 874 5590 —
896 5549 981 5602 Sic
1005 5549 1165 5602 etiam
1185 5547 1270 5600 Er.
1295 5551 1349 5601 et
1378 5547 1510 5601 Ven.
1534 5548 1605 5598 Μ.

1996 5422 2012 5456 1
2044 5421 2105 5470 In
2134 5419 2192 5468 B.
2218 5433 2231 5467 :
2258 5417 2469 5481 Etcum
2499 5415 2745 5481 discessit
2773 5431 2784 5466 :
2824 5416 2977 5476 Quid.
3008 5429 3103 5481 par
3126 5415 3210 5464 Er.
3234 5414 3365 5472 Ven,
3401 5414 3545 5471 Lov.,
3577 5415 3629 5464 et

1932 5495 2052 5534 cum
2085 5480 2440 5531 discessisset:
2469 5480 2632 5541 Quod.
2664 5480 2736 5530 Μ.

1995 5546 2017 5578 9
2051 5544 2130 5594 Ita
2156 5543 2277 5593 Mss.
2309 5542 2377 5594 At
2401 5542 2457 5592 in
2481 5537 2701 5593 excusis
2732 5541 2945 5606 legitur,
2978 5538 3083 5593 nisi
3101 5537 3328 5602 alicujus
3355 5538 3633 5604 ponderis.
