4062 6188
515 324 610 375 9H

513 443 758 510 nequeat
775 440 802 490 ‘.'
836 440 1024 492 Potest
1052 442 1244 492 autem
1274 437 1447 490 homo
1490 436 1652 489 beate
1684 435 1891 501 vivere,
1923 434 2208 505 siquidem

512 531 697 595 potest
728 527 1041 580 secundum
1072 542 1194 580 eam
1227 529 1448 596 partem
1478 523 1657 577 animi
1683 524 1869 578 vivere
1900 539 2073 594 quam
2102 522 2214 576 do-

511 615 722 668 minari
751 614 808 668 in
839 615 1071 668 homine
1099 615 1180 668 fas
1211 618 1315 668 est.
1350 614 1537 666 Potest
1567 610 1584 645 ¹
1619 612 1794 682 igitur
1822 628 2020 667 verum
2052 611 2209 665 inve-

509 702 654 756 nire.
685 704 798 756 Aut
835 702 1065 772 colligat
1091 717 1170 768 se,
1203 704 1259 754 et
1307 717 1421 754 non
1461 700 1822 770 concupiscat
1867 716 2086 765 verum,
2140 716 2209 752 ne

511 805 641 842 cum
671 788 729 842 id
759 788 982 859 assequi
1012 804 1127 842 non
1155 786 1427 858 potuerit,
1459 787 1780 840 necessario
1814 787 1988 841 miser
2017 787 2108 840 sit.
2141 790 2210 841 At

509 877 617 930 hoc
640 877 830 947 ipsum
860 881 945 930 est
973 877 1203 930 beatum
1229 875 1501 940 hominis,
1533 876 1612 929 ait
1641 875 1758 942 ille,
1779 876 2027 946 perfecte
2058 891 2210 946 quie-

508 982 633 1020 rere
663 966 960 1020 veritatem
993 981 1004 1019 :
1038 965 1146 1019 hoc
1176 969 1260 1018 est
1284 963 1436 1018 enim
1468 964 1770 1034 pervenire
1793 964 1862 1018 ad
1893 963 2085 1030 ﬁnem,
2120 963 2209 1016 ul-

507 1058 596 1108 tra
626 1070 796 1125 quem
828 1071 945 1107 non
975 1057 1161 1123 potest
1189 1052 1480 1123 progredi.
1536 1051 1802 1123 Quisquis
1853 1068 1988 1122 ergo
2017 1051 2208 1105 minus

507 1141 787 1196 instanter
816 1158 988 1213 quam
1019 1145 1244 1212 oportet
1270 1140 1570 1195 veritatem
1601 1139 1829 1211 quierit,
1855 1140 1903 1193 is
1933 1140 2002 1194 ad
2032 1139 2206 1193 tinem

505 1228 756 1284 hominis
787 1245 901 1284 non
931 1229 1193 1300 pervenit
1226 1246 1238 1282 :
1277 1229 1534 1299 quisquis
1563 1232 1756 1282 autem
1782 1233 2003 1282 tantum
2031 1243 2207 1299 quan-

502 1321 628 1372 tum
653 1318 825 1372 homo
856 1322 1044 1388 potest
1101 1333 1163 1370 ac
1193 1317 1377 1382 debet,
1433 1317 1530 1372 dat
1585 1332 1818 1387 operam
1847 1315 2205 1370 invenienda:

502 1405 746 1466 veritati,
778 1406 826 1460 is
851 1405 1075 1460 etiamsi
1105 1422 1230 1458 eam
1276 1421 1391 1458 non
1438 1404 1706 1472 inveniat,
1741 1405 1940 1459 beatus
1971 1409 2095 1471 est;
2123 1410 2205 1458 to-

504 1499 628 1548 tum
660 1493 816 1548 enim
837 1493 988 1560 facit,
1021 1494 1170 1564 quod
1203 1497 1266 1546 ut
1287 1492 1474 1559 faciat,
1505 1492 1584 1546 ita
1610 1498 1780 1547 natus
1811 1496 1914 1546 est.
1947 1492 2203 1547 Inventio

505 1587 699 1636 autem
731 1581 778 1634 si
805 1580 1070 1646 defuerit,
1113 1581 1172 1635 id
1220 1581 1402 1634 deerit
1441 1580 1594 1650 quod
1626 1585 1830 1634 natura
1860 1597 1977 1635 non
2026 1581 2201 1635 dedit.

502 1672 798 1725 Postremo
830 1685 960 1723 cum
989 1669 1284 1723 hominem
1316 1684 1542 1722 necesse
1573 1667 1645 1722 sit
1671 1673 1767 1722 aut
1809 1668 2042 1723 beatum
2084 1684 2203 1722 esse

502 1761 600 1814 aut
627 1757 925 1822 miserum,
960 1773 1152 1811 nonne
1185 1756 1467 1811 dementis
1481 1761 1564 1810 est
1576 1773 1707 1811 eum
1729 1756 1827 1828 qui
1844 1755 1962 1810 dies
1987 1761 2202 1811 noctes-

502 1862 613 1918 que
646 1851 929 1917 quantum
957 1850 1151 1916 potest
1179 1844 1354 1899 instat
1383 1845 1792 1916 investigandae
1815 1845 2060 1911 veritati,
2095 1846 2201 1900 mi-

502 1951 692 1988 serum
723 1934 911 1988 dicere
937 1935 966 1989 ?
1000 1934 1204 1988 Beatus
1223 1933 1401 2004 igitur
1421 1933 1547 1988 erit.
1579 1933 1794 1988 Deinde
1819 1933 1918 1988 illa
1948 1933 2201 1989 deﬁnitio

501 2022 666 2090 mihi,
698 2027 764 2076 ut
792 2021 1062 2089 arbitror,
1095 2021 1330 2076 uberius
1359 2021 1706 2092 suffragatur
1730 2038 1743 2075 :
1776 2037 1911 2076 nam
1931 2021 1977 2075 si
2005 2022 2203 2075 beatus

503 2114 607 2180 est,
639 2109 805 2164 sicuti
829 2113 931 2186 est,
964 2109 1066 2181 qui
1095 2110 1408 2164 secundum
1436 2126 1562 2163 eam
1591 2115 1814 2180 partem
1846 2109 2024 2164 animi
2045 2110 2199 2173 vivit,

501 2214 675 2270 quam
705 2214 947 2268 regnare
977 2198 1198 2252 caeteris
1227 2197 1514 2268 convenit,
1547 2202 1603 2252 et
1627 2198 1749 2252 haec
1777 2213 1908 2269 pars
1933 2198 2079 2252 ratio
2111 2199 2202 2252 di-

503 2287 685 2354 citur;
719 2301 914 2356 quaero
949 2290 1142 2340 utrum
1163 2302 1288 2354 non
1339 2286 1650 2340 secundum
1699 2286 1980 2340 rationem
2029 2286 2199 2354 vivat,

502 2374 604 2446 qui
633 2374 838 2446 quaerit
863 2374 1113 2445 perfecte
1145 2374 1482 2428 veritatem?
1509 2374 1669 2438 Quod
1693 2374 1738 2428 si
1764 2374 2074 2428 absurdum
2096 2379 2198 2442 est,

501 2462 639 2534 quid
671 2461 998 2517 dubitamus
1052 2462 1284 2516 beatum
1327 2461 1624 2517 hominem
1676 2461 1864 2517 dicere
1914 2463 2032 2516 sola
2076 2463 2202 2534 ipsa

502 2549 872 2622 inquisitione
898 2548 1154 2603 veritatis
1173 2552 1202 2606 ?

896 2638 1122 2692 CAPUT
1154 2637 1242 2691 ιν.
1275 2667 1343 2676 -
1368 2637 1511 2702 Quid
1537 2638 1610 2690 sit
1639 2653 1810 2693 error.

577 2731 661 2782 10.
724 2725 882 2792 Mihi,
941 2725 1039 2792 ait,
1098 2724 1216 2791 ille,
1273 2741 1375 2778 nec
1423 2724 1735 2779 secundum
1787 2724 2065 2779 rationem
2121 2725 2198 2780 vi-

500 2831 652 2884 vere,
685 2832 790 2871 nec
818 2815 1021 2870 beatus
1051 2815 1308 2882 omnino,
1343 2814 1602 2886 quisquis
1627 2818 1778 2868 errat
1804 2814 2048 2869 videtur.
2101 2816 2199 2869 Er-

499 2908 590 2958 rat
616 2909 809 2958 autem
823 2903 1011 2958 omnis
1026 2903 1124 2974 qui
1150 2918 1377 2972 semper
1406 2901 1614 2973 quaerit
1643 2918 1745 2956 nec
1767 2901 2005 2958 invenit.
2044 2903 2199 2958 Unde

499 2990 602 3044 tibi
630 3007 809 3044 unum
815 2991 934 3061 jam
949 3007 979 3044 e
993 2990 1218 3045 duobus
1231 2989 1667 3044 monstrandum
1690 2995 1898 3044 estzaut
1911 2994 2198 3045 errantem

500 3077 732 3130 beatum
759 3093 877 3131 esse
905 3093 1097 3147 posse;
1120 3081 1364 3132 anteum
1383 3077 1482 3149 qui
1499 3077 1653 3148 quod
1665 3079 1875 3148 quaerit
1902 3094 2198 3148 nunquam
2223 3123 2228 3128 .

501 3163 738 3230 invenit,
763 3180 879 3217 non
899 3178 1107 3218 errare.
1135 3165 1233 3218 Hic
1253 3164 1350 3218 ille
1377 3181 1389 3219 :
1418 3167 1620 3219 Beatus
1642 3181 1833 3220 errare
1855 3182 1971 3221 non
1990 3172 2196 3237 potest.

500 3253 564 3305 Et
592 3265 722 3304 cum
779 3251 879 3304 diu
907 3250 1153 3304 siluisset
1184 3269 1196 3305 :
1232 3253 1356 3305 Non
1385 3257 1577 3306 autem
1609 3259 1782 3322 errat,
1811 3253 2023 3325 inquit,
2067 3271 2195 3310 cum

501 3335 742 3405 quaerit;
773 3335 908 3406 quia
929 3341 991 3390 ut
1011 3353 1128 3390 non
1155 3341 1324 3405 erret,
1346 3338 1593 3408 perfecte
1624 3341 1850 3409 quaerit.
1885 3344 1950 3396 Et
1977 3344 2196 3415 Thyge-

500 3424 614 3478 tius
645 3441 659 3478 :
695 3426 766 3480 Ut
792 3440 911 3480 non
936 3429 1087 3481 erret
1102 3426 1359 3496 quidem,
1384 3427 1592 3498 inquit,
1625 3430 1870 3499 quaerit;
1903 3432 2000 3486 sed
2022 3437 2193 3500 errat,

497 3527 626 3567 cum
658 3513 895 3567 minime
925 3513 1158 3569 invenit.
1190 3515 1274 3568 Ita
1305 3518 1494 3569 autem
1526 3515 1631 3570 tibi
1685 3517 2052 3587 profuturum
2088 3535 2196 3588 pu-

496 3601 648 3668 tasti,
694 3601 850 3672 quod
899 3617 1088 3656 errare
1125 3601 1221 3655 ille
1269 3619 1386 3656 non
1430 3604 1570 3670 vult,
1624 3603 1790 3675 quasi
1833 3621 2006 3660 nemo
2046 3612 2197 3661 erret

496 3688 727 3756 invitus,
761 3694 858 3744 aut
875 3689 1180 3760 quisquam
1209 3690 1447 3744 omnino
1477 3696 1647 3762 erret,
1675 3692 1785 3745 nisi
1805 3693 2032 3748 invitus.
2051 3696 2193 3750 Tum

496 3792 624 3845 ego,
656 3793 787 3831 cum
815 3777 911 3830 ille
942 3778 1041 3832 diu
1061 3782 1423 3834 cunctaretur
1451 3780 1590 3850 quid
1630 3782 2026 3851 responderet:
2045 3783 2192 3837 Deﬁ-

497 3864 768 3917 niendum
801 3864 958 3919 vobis
984 3869 1089 3934 est,
1143 3866 1401 3937 inquam,
1435 3867 1572 3938 quid
1629 3868 1703 3922 sit
1731 3885 1892 3922 error
1920 3888 1934 3925 :
1971 3870 2193 3925 facilius

497 3951 651 4004 enim
678 3951 802 4020 ejus
829 3950 973 4005 ﬁncs
1002 3953 1233 4022 potestis
1261 3953 1472 4015 videre,
1500 3953 1562 4007 in
1593 3970 1766 4025 quem
1791 3955 1912 4025 jam
1961 3957 2192 4027 penitus

494 4037 736 4110 ingressi
766 4039 924 4096 estis.
973 4041 1109 4110 Ego,
1145 4041 1333 4112 inquit
1371 4041 1678 4110 Licentius,
1711 4043 1950 4098 deﬁnire
1971 4044 2191 4116 aliquid

493 4127 734 4182 idoneus
763 4143 877 4181 non
907 4144 1033 4182 sum
1064 4145 1076 4182 :
1112 4129 1372 4199 quamvis
1402 4145 1659 4185 errorem
1683 4130 1922 4187 delinire
1950 4133 2022 4187 sit
2049 4133 2190 4188 faci-

492 4213 655 4267 cilius
685 4230 859 4285 quam
889 4214 1072 4270 ﬁnire.
1103 4216 1237 4284 Ego,
1271 4215 1352 4270 ait
1377 4216 1492 4280 ille,
1529 4217 1834 4286 deﬁniam;
1860 4219 2016 4290 quod
2044 4220 2190 4275 mihi

479 4302 826 4357 facillimum
854 4306 956 4370 est,
991 4319 1104 4356 non
1135 4303 1394 4374 ingenio,
1427 4306 1524 4360 sed
1566 4322 1734 4360 causa
1775 4307 2011 4378 optima.
2047 4309 2187 4364 Nam

491 4407 680 4446 errare
709 4395 793 4444 est
815 4390 1015 4461 utique
1029 4407 1254 4462 semper
1273 4409 1552 4462 quaerere,
1581 4411 1878 4466 nunquam
1907 4397 2183 4452 invenire.

491 4481 625 4549 Ego,
659 4479 843 4550 inquit
873 4479 1178 4546 Licentius,
1211 4479 1258 4533 si
1288 4481 1374 4534 vel
1407 4481 1574 4536 istam
1601 4482 1997 4538 deﬁnitionem
2024 4485 2184 4540 facile

479 4585 709 4636 possem
737 4571 1013 4637 refellere,
1040 4570 1384 4640 jamdudum
1415 4588 1598 4626 causa:
1629 4589 1773 4627 meae
1819 4590 1938 4628 non
1966 4576 2178 4630 defuis-

486 4672 627 4709 sem.
659 4657 766 4710 Sed
797 4658 1070 4728 quoniam
1103 4664 1201 4712 aut
1231 4675 1320 4712 res
1350 4659 1479 4730 ipsa
1500 4677 1606 4730 per
1635 4677 1693 4715 se
1725 4663 1904 4717 ardua
1934 4671 2037 4731 est,
2081 4671 2180 4720 aut

486 4743 568 4796 ita
595 4742 738 4797 mihi
767 4751 1037 4815 apparet;
1064 4752 1198 4816 peto
1231 4764 1262 4800 a
1283 4748 1444 4802 vobis
1473 4755 1538 4803 ut
1569 4765 1747 4819 usque
1777 4750 1836 4804 in
1875 4752 2182 4808 crastinam

483 4833 667 4884 lucem
698 4833 934 4902 quaestio
965 4834 1277 4903 differatur,
1313 4836 1360 4890 si
1391 4837 1533 4892 nihil
1563 4838 1732 4892 hodie
1759 4839 1913 4910 quod
1944 4856 2178 4911 respon-

485 4921 673 4984 deam,
701 4920 950 4989 reperire
985 4927 1249 4993 potuero,
1280 4941 1409 4980 cum
1455 4925 1514 4980 id
1559 4926 1758 4980 sedulo
1803 4943 2026 4982 mecum
2061 4930 2181 5000 ipse

482 5009 725 5062 volvam.
756 5008 916 5072 Quod
954 5025 1084 5064 cum
1133 5013 1559 5068 concedendum
1614 5019 1898 5084 putarem,
1943 5031 2061 5071 non
2100 5034 2181 5072 re-

479 5094 789 5151 nuentibus
820 5096 1059 5162 caeteris,
1099 5098 1527 5155 deambulatum
1556 5102 1638 5155 ire
1665 5101 2016 5157 surreximus
2040 5120 2176 5159 :no-

475 5183 679 5257 bisque
709 5183 859 5240 inter
886 5200 988 5238 nos
1013 5187 1194 5240 multa
1221 5189 1489 5261 variaque
1517 5190 2049 5261 sermocinantibus,
2079 5193 2176 5248 ille

475 5270 538 5326 in
565 5271 910 5343 cogitatione
943 5272 1160 5328 deﬁxus
1184 5274 1311 5330 fuit.
1334 5277 1494 5340 Quod
1524 5295 1654 5333 cum
1670 5279 1880 5334 frustra
1905 5295 2025 5333 esse
2046 5297 2173 5334 sen-

476 5361 659 5428 sisset,
688 5361 943 5416 relaxare
973 5361 1232 5417 animum
1265 5366 1488 5435 maluit,
1521 5374 1577 5421 et
1605 5373 1800 5423 nostro
1832 5384 1891 5422 se
1921 5368 2174 5423 sermoni

475 5448 732 5504 miscere.
764 5451 967 5505 Postea
995 5465 1125 5505 cum
1143 5451 1262 5522 jam
1291 5452 1799 5525 advesperasceret,
1823 5455 1885 5511 in
1905 5457 2172 5512 eumdem

537 5547 551 5578 ¹
586 5545 720 5605 Par.,
738 5549 838 5598 aut
858 5550 1022 5612 polest
1040 5547 1208 5609 igitur
1225 5561 1406 5600 verum
1430 5551 1670 5602 invenire
1692 5555 1817 5604 :aut
1835 5553 2073 5618 colligat.
2097 5555 2166 5606 M.

1600 314 1881 370 CONTRA
1920 312 2401 378 ACADEMICOS,
2445 313 2498 366 S.
2542 311 2929 367 AUGUSTINI
3841 322 3908 371 9t?

2321 434 2647 487 conﬂictum
2667 433 2973 487 redierant:
2993 431 3088 486 sed
3102 431 3340 485 modum
3353 431 3608 501 imposui,
3627 437 3908 508 persuasique

2322 527 2386 576 ut
2412 521 2472 575 in
2500 521 2677 576 alium
2711 522 2864 576 diem
2885 520 3464 590 ditferripaterentur.
3497 521 3619 574 Inde
3643 522 3703 576 ad
3725 523 3907 580 balneas.

2871 624 3175 665 DISPUTATIO
3204 625 3466 664 SECUNDA.

2397 702 2478 753 11.
2513 698 2789 752 Postridie
2818 703 3010 752 autem
3041 714 3171 752 cum
3223 698 3686 752 consedissemus:
3708 700 3908 762 Proterte.

2317 786 2573 856 inquam,
2606 788 2759 858 quod
2789 787 2914 842 heri
2943 787 3259 858 coeperatis.
3292 788 3435 841 Tum
3467 787 3754 842 Licentius:
3777 790 3909 843 Distu-

2318 875 2586 942 leramus,
2613 874 2822 946 inquit,
2868 873 3338 946 disputationem,
3392 874 3500 928 nisi
3550 874 3714 940 fallor,
3765 883 3906 946 rogatu

2320 978 2463 1026 meo,
2491 980 2620 1017 cum
2650 963 2858 1017 erroris
2887 963 3145 1018 deﬁnitio
3179 962 3512 1018 difﬁcillima
3537 963 3669 1016 mihi
3694 969 3824 1017 esset
3854 966 3910 1018 llic

2317 1049 2509 1119 plane,
2531 1049 2792 1121 inquam,
2810 1067 2930 1104 non
2959 1067 3134 1118 erras,
3163 1050 3321 1122 quod
3339 1055 3406 1106 ut
3427 1050 3526 1106 tibi
3543 1067 3699 1106 omen
3719 1052 3781 1106 sit
3799 1052 3850 1106 ad
3865 1069 3910 1105 re.

2321 1137 2497 1208 liqua,
2525 1138 2767 1193 libenter
2797 1139 3112 1210 optaverim
3145 1139 3287 1209 (Lib.
3316 1142 3336 1192 1
3373 1139 3640 1205 Retract.,
3669 1155 3709 1192 c.
3743 1143 3782 1205 1,
3807 1156 3847 1193 n.
3869 1142 3908 1200 ‘29.

2314 1226 2461 1280 Audi
2489 1243 2647 1298 ergo,
2670 1227 2877 1299 inquit,
2906 1228 3059 1299 quod
3087 1228 3214 1282 heri
3237 1227 3410 1282 etiam
3440 1227 3546 1281 nisi
3569 1227 3909 1291 intercessisses,

2316 1315 2700 1384 protulissem.
2735 1317 2904 1370 Error
2933 1316 3075 1370 mihi
3119 1316 3346 1371 videtur
3388 1331 3507 1370 esse
3560 1315 3676 1370 falsi
3714 1332 3800 1386 pro
3831 1332 3911 1368 veru

2317 1404 2649 1474 approbatio
2669 1423 2686 1471 ;
2709 1405 2769 1458 in
2795 1421 2967 1475 quem
2981 1404 3139 1459 nullo
3165 1409 3328 1476 pacto
3347 1403 3563 1471 incidit,
3590 1403 3682 1474 qui
3701 1403 3910 1456 veritatem

2317 1492 2687 1561 quaerendam
2718 1508 2944 1564 semper
2972 1492 3258 1547 existimat
3286 1508 3301 1546 :
3335 1492 3539 1547 falsum
3585 1491 3722 1546 enim
3747 1492 3912 1562 probare

2315 1595 2434 1634 non
2459 1584 2666 1651 potest,
2699 1581 2800 1652 qui
2828 1581 3035 1652 probat
3058 1579 3202 1635 nihil
3229 1600 3244 1648 ;
3275 1580 3749 1652 nonigiturpotest
3770 1595 3910 1633 errare.
3974 1627 3975 1656 ι

2318 1669 2524 1723 Beatus
2552 1674 2744 1723 autem
2771 1669 3042 1724 facillime
3074 1685 3194 1724 esse
3223 1673 3410 1739 potest
3441 1686 3455 1724 :
3483 1685 3634 1737 nam,
3660 1663 3724 1722 ne
3756 1667 3912 1738 longius
3974 1691 3975 1752 ᾗ

2317 1757 2540 1824 abeam,
2573 1758 2621 1811 si
2647 1757 2811 1812 nobis
2842 1757 3000 1828 ipsis,
3033 1762 3097 1812 ut
3153 1757 3277 1812 heri
3308 1757 3488 1825 licuit,
3542 1755 3770 1829 quotidie
3791 1755 3913 1808 vivere

2317 1844 2544 1912 liceret;
2575 1846 2720 1900 nihil
2749 1846 2894 1900 mihi
2920 1846 3165 1900 occurrit
3191 1862 3294 1900 cur
3346 1863 3452 1901 nos
3502 1846 3684 1901 beatos
3715 1843 3912 1915 appellare

2316 1933 2729 1988 dubitaremus.
2763 1934 3017 1989 Viximus
3046 1934 3201 1989 enim
3226 1951 3438 2006 magna
3466 1933 3662 1988 mentis
3684 1931 3911 2002 tranquilli-

2314 2026 2450 2089 tate,
2483 2022 2554 2076 ab
2584 2022 2742 2076 omni
2770 2023 3021 2094 corporis
3048 2023 3175 2078 labe
3224 2023 3486 2079 animum
3533 2021 3847 2086 vindicantes,
3880 2023 3910 2070 et

2316 2127 2346 2164 a
2373 2110 2753 2181 cupiditatum
2775 2111 2990 2166 facibus
3011 2111 3344 2183 longissime
3362 2111 3584 2179 remoti,
3605 2111 3789 2176 dantes,
3800 2123 3913 2179 quau-

2313 2205 2437 2254 tum
2473 2199 2698 2254 homini
2723 2199 2875 2271 licet,
2907 2217 3144 2272 operam
3165 2201 3413 2270 rationi;
3444 2201 3655 2266 hocest,
3685 2197 3907 2253 secundum

2314 2287 2473 2341 illam
2503 2287 2756 2343 divinam
2783 2293 3005 2360 partem
3039 2289 3218 2344 animi
3245 2289 3522 2358 viventes,
3554 2305 3713 2361 quam
3758 2288 3908 2342 beatam

2313 2375 2486 2430 vitam
2517 2392 2637 2429 esse
2665 2377 2932 2432 hesterna
2947 2377 3096 2432 inter
3123 2394 3230 2432 nos
3250 2378 3581 2433 deﬁnitione
3609 2374 3844 2432 convenit:
3863 2378 3909 2424 at-

2313 2478 2446 2533 que,
2483 2468 2542 2517 ut
2596 2464 2822 2535 opinor,
2870 2465 3014 2520 nihil
3067 2465 3419 2535 invenimus,
3477 2467 3572 2522 sed
3614 2462 3911 2521 tantummodo

2314 2551 2678 2621 quaesivimus
2706 2553 3020 2609 veritatem.
3053 2556 3246 2610 Potest
3275 2555 3457 2627 igitur
3486 2556 3601 2610 sola
3637 2552 3909 2624 inquisitione

2312 2640 2582 2707 veritatis,
2605 2640 2828 2696 etiamsi
2859 2659 2986 2697 eam
3007 2643 3266 2698 invenire
3295 2643 3539 2700 minime
3567 2642 3743 2715 possit,
3760 2638 3910 2694 homini

2313 2727 2478 2782 beata
2503 2728 2620 2782 vita
2647 2729 2996 2802 contingere.
3031 2732 3172 2786 Nam
3202 2732 3583 2801 deﬁnitiotua
3625 2730 3734 2785 vide
3771 2730 3909 2798 quanta

2311 2813 2580 2869 facilitate
2602 2816 2933 2872 excludatur
2961 2818 3192 2873 notione
3221 2818 3540 2874 communi.
3570 2817 3766 2872 Etenim
3789 2826 3910 2867 errare

2313 2902 2505 2957 dixisti
2535 2919 2678 2973 esse,
2707 2903 2944 2973 Semper
2973 2922 3249 2975 quaerere,
3297 2911 3358 2961 et
3389 2922 3678 2978 nunquam
3717 2901 3908 2957 invenire.

2310 2989 2458 3055 Quid
2487 2991 2534 3045 si
2563 2991 2871 3063 quisquam
2891 2993 3034 3048 nihil
3064 2999 3306 3065 quaerat,
3342 2999 3403 3050 et
3420 2995 3792 3064 interrogatus,
3810 2985 3908 3042 verbi

2311 3078 2514 3150 gratia,
2549 3085 2885 3135 utrumnam
2933 3083 3104 3137 modo
3150 3083 3270 3138 dies
3305 3083 3401 3150 sit,
3459 3088 3664 3138 temere
3693 3079 3908 3144 statimque

2310 3172 2533 3221 noctem
2565 3185 2686 3222 esse
2716 3169 2982 3240 opinetur
3035 3175 3206 3240 atque
3257 3170 3643 3243 respondeat?
3684 3160 3908 3224 nonnetihi

2308 3255 2534 3309 videtur
2563 3271 2753 3311 errare
2773 3258 2803 3310 ?
2833 3259 2948 3311 Hoc
2966 3257 3145 3328 igitur
3170 3259 3386 3314 erroris
3410 3277 3590 3332 genus
3617 3251 3908 3313 velimmanis-

2309 3343 2542 3410 simum,
2574 3360 2693 3398 non
2719 3346 3017 3415 complexa
3045 3352 3131 3402 est
3151 3347 3417 3403 deﬁnitio
3449 3353 3565 3403 tua.
3594 3346 3724 3412 Quid
3748 3344 3786 3398 si
3798 3340 3907 3396 etiam

2309 3447 2423 3484 non
2452 3436 2704 3486 errantes
2730 3435 3024 3504 complexa
3041 3439 3145 3504 est,
3175 3441 3445 3507 potestne
3469 3435 3710 3491 deﬁnitio
3730 3434 3818 3487 ulla
3835 3443 3907 3482 esse

2307 3519 2563 3573 vitiosior
2580 3521 2609 3574 ?
2637 3522 2779 3575 Nam
2799 3522 2844 3576 si
2867 3523 2994 3593 quis
3018 3524 3431 3580 Alexandriam
3450 3528 3678 3596 quaerat,
3701 3527 3747 3576 et
3761 3518 3816 3573 ad
3830 3529 3906 3570 eam

2306 3613 2458 3664 recto
2487 3615 2692 3681 pergat
2717 3610 2921 3665 itinere
2947 3629 2960 3679 ;
3017 3629 3154 3680 non,
3188 3612 3420 3684 opinor,
3449 3618 3610 3684 potes
3647 3627 3760 3667 eum
3783 3621 3906 3662 emn-

2305 3701 2420 3751 tem
2451 3714 2669 3754 vocare.
2703 3699 2851 3763 Quid
2879 3699 2925 3753 si
2966 3700 3229 3755 eamdem
3277 3702 3458 3771 viam,
3492 3700 3654 3756 variis
3689 3694 3904 3768 impedths

2304 3786 2508 3857 causis,
2540 3788 2713 3858 longo
2743 3792 2877 3859 agat
2898 3792 3180 3859 tempore,
3214 3793 3270 3843 et
3300 3790 3363 3844 in
3389 3806 3456 3845 ea
3483 3794 3660 3844 morte
3684 3782 3904 3858 praevenia-

2303 3879 2437 3943 tm‘;
2480 3893 2670 3931 nonne
2719 3883 2778 3932 et
2834 3893 3060 3948 semper
3112 3878 3398 3949 quaesivit,
3459 3884 3518 3933 et
3565 3890 3815 3947 nunquam
3848 3871 3902 3922 in-

2301 3962 2476 4028 venit,
2516 3980 2621 4018 nec
2664 3964 2874 4019 erravit
2918 3968 3159 4020 tamen?
3207 3967 3354 4037 Non,
3388 3966 3579 4038 inquit
3626 3966 3732 4034 ille,
3755 3971 3903 4029 semper

2302 4051 2588 4121 quaesivit.

2374 4142 2458 4194 t2.
2507 4141 2678 4194 Recte
2713 4140 2877 4207 dicis,
2924 4141 3001 4196 ait
3049 4141 3359 4212 Licentius,
3419 4148 3476 4199 et
3519 4144 3657 4199 bene
3698 4141 3900 4196 admones

2301 4225 2439 4280 Inde
2471 4226 2626 4280 enim
2655 4244 2887 4298 prorsus
2919 4229 3064 4283 nihil
3090 4231 3162 4285 ad
3180 4247 3305 4286 rem
3334 4233 3588 4304 pertinet
3611 4229 3899 4286 deﬁnitiotua:

2299 4329 2414 4367 non
2444 4315 2598 4368 enim
2627 4332 2732 4386 ego
2760 4316 2991 4371 beatum
3027 4333 3146 4372 esse
3189 4317 3330 4386 dixi,
3365 4320 3467 4392 qui
3512 4334 3722 4391 semper
3753 4311 3903 4388 quaerat

2296 4402 2616 4458 veritatem.
2651 4404 2808 4468 Quod
2843 4421 2916 4459 ne
2945 4405 3071 4460 ﬁeri
3100 4405 3339 4478 quidem
3369 4413 3558 4479 potest
3586 4425 3598 4463 :
3623 4397 3903 4479 primmquil

2295 4506 2411 4544 non
2435 4507 2660 4562 semper
2688 4493 2863 4548 homo
2894 4497 3015 4560 est;
3047 4494 3272 4563 deinde,
3302 4498 3444 4568 quia
3469 4513 3584 4551 non
3612 4511 3675 4567 ex
3697 4506 3790 4564 quo
3811 4492 3901 4540 tem-

2293 4593 2429 4648 pore
2471 4577 2675 4649 incipit
2715 4595 2837 4635 esse
2876 4581 3070 4648 homo,
3127 4599 3194 4636 eo
3240 4584 3365 4653 jam
3414 4588 3613 4656 potest,
3665 4584 3802 4635 aetate
3834 4575 3901 4626 im-
3974 4573 3975 4576 “

2291 4666 2578 4736 pediente,
2611 4683 2808 4721 verum
2835 4684 3112 4739 quaerere.
3145 4672 3257 4724 Aut
3286 4671 3336 4724 si
3362 4688 3592 4742 semper.
3611 4670 3665 4724 id
3701 4669 3814 4739 puta
3843 4660 3896 4713 di'

2289 4753 2555 4821 cendum,
2584 4754 2630 4808 si
2657 4755 2799 4809 nihil
2828 4757 3100 4827 temporis
3149 4775 3264 4829 quo
3307 4761 3433 4830 jam
3475 4772 3715 4830 quaerere
3755 4749 3899 4823 potest:

2291 4842 2478 4913 perire
2507 4843 2757 4914 patitur;
2792 4861 2991 4899 rursus
3043 4845 3150 4900 tibi
3199 4847 3598 4902 Alexandriam
3627 4833 3899 4896 redeuntium

2291 4936 2392 4985 est.
2429 4932 2534 4986 Fac
2563 4932 2718 4986 enim
2746 4949 3119 5005 quemquam,
3151 4951 3219 4989 ex
3249 4951 3367 5006 quo
3401 4943 3649 5007 tempore
3673 4931 3766 4985 iter
3785 4931 3900 4991 agere

2289 5020 2375 5072 vel
2407 5023 2572 5074 astate
2601 5021 2687 5074 vel
2716 5022 2949 5092 negotio
2980 5023 3207 5090 sinitur,
3237 5041 3482 5095 pergere
3524 5022 3756 5091 occipere
3793 5011 3899 5064 illam

2287 5106 2457 5175 viam,
2486 5112 2759 5179 atque,ut
2786 5125 2960 5180 supra
2979 5111 3117 5179 dixi,
3145 5128 3277 5166 cum
3306 5100 3900 5180 devietnusquamimie

2287 5210 2461 5264 quam
2485 5197 2781 5266 perveniat
2805 5202 3000 5253 tamen
3024 5199 3142 5254 vita
3171 5201 3475 5267 excedere;
3507 5199 3731 5254 multum
3765 5184 3897 5277 pro“?

2287 5289 2376 5338 cto
2406 5285 2641 5354 errabis,
2691 5285 2740 5340 si
2786 5286 2891 5341 tibi
2934 5303 3149 5342 errasse
3203 5288 3306 5343 iste
3363 5288 3658 5352 videbitur,
3708 5283 3899 5352 quamﬂs

2285 5371 2443 5426 omni
2469 5389 2584 5444 quo
2613 5374 2802 5444 potuit
2830 5379 3108 5446 tempore,
3139 5393 3244 5431 nec
3271 5393 3532 5448 quaerere
3575 5368 3791 5430 desierit.
3829 5371 3897 5413 nec

2282 5459 2538 5515 invenire
2564 5463 2816 5532 potuerit
2837 5479 2950 5534 quo
2969 5465 3262 5536 pergebat.
3290 5464 3664 5530 Quamobrem
3690 5457 3729 5513 si
3749 5457 3794 5508 et
3810 5458 3894 5536 mea

2282 5549 2584 5620 descriptio
2615 5567 2746 5606 vera
2769 5556 2870 5620 est,
2904 5534 3320 5610 etisecundum
3377 5570 3505 5611 eam
3554 5566 3660 5606 non
3685 5545 3808 5602 errat
3828 5534 3894 5588 ωε
