3996 6170
60 272 165 324 913

61 390 162 461 qui
193 387 443 461 perfecte
472 387 698 459 qumrit,
729 386 988 459 quamvis
1016 404 1133 443 non
1162 388 1416 444 inveniat
1442 388 1763 459 veritatem,

64 480 377 548 beatusque
402 480 486 531 est
516 476 587 531 ob
618 492 742 530 eam
775 493 916 541 rem,
952 479 1107 548 quod
1136 468 1449 533 secundum
1480 480 1759 534 rationem

64 568 229 633 vivit;
271 571 365 620 tua
402 581 534 619 vero
581 565 838 620 deﬁnitio
888 570 947 620 et
986 566 1253 621 frustrata
1301 571 1404 633 est,
1450 572 1508 622 et
1554 568 1599 621 si
1649 584 1766 622 non

63 660 235 723 esset,
265 653 404 709 nihil
431 670 554 708 eam
579 669 778 708 curare
812 653 1099 720 deberem,
1130 654 1178 708 si
1207 671 1275 709 ex
1300 672 1366 709 eo
1398 656 1585 710 solum
1607 657 1762 728 quod

60 761 166 815 ego
191 742 443 809 deﬁnivi,
468 742 601 797 satis
618 758 786 797 causa
807 742 1032 797 ﬁrmata
1057 747 1177 797 est:
1210 760 1329 810 cur,
1366 760 1580 815 qumso,
1620 761 1768 798 non-

62 834 201 888 dum
232 836 313 889 est
343 831 453 886 ista
481 832 629 886 inter
658 847 760 885 nos
791 830 1028 902 qumstio
1059 830 1377 885 dissoluta?

348 921 573 974 CAPUT
604 921 664 974 V.
693 949 762 960 —
793 920 1063 985 Quidnam
1087 922 1160 974 sit
1185 922 1478 989 sapientia.

134 1014 216 1065 t3.
256 1008 354 1063 Hic
384 1008 722 1079 Trygetius:
776 1009 981 1077 Dasne,
1024 1007 1236 1079 inquit,
1287 1008 1632 1079 sapientiam
1668 1024 1765 1063 re-

62 1103 208 1152 ctam
256 1097 407 1151 viam
453 1097 584 1151 vitm
638 1098 801 1150 esse?
847 1097 945 1163 Do,
995 1096 1203 1166 inquit,
1253 1096 1374 1151 sine
1414 1097 1631 1152 dubio:
1667 1097 1765 1150 sed

63 1192 253 1240 tamen
283 1186 409 1239 volo
438 1184 581 1239 mihi
608 1184 948 1253 sapientiam
978 1184 1242 1254 deﬁnias,
1270 1190 1335 1239 ut
1364 1185 1538 1239 sciam
1568 1189 1764 1239 utrum

62 1291 188 1346 qum
219 1273 383 1340 mihi,
435 1273 635 1327 eadem
667 1272 771 1326 tibi
795 1289 916 1326 esse
966 1272 1245 1328 videatur.
1291 1275 1357 1327 Et
1386 1274 1519 1327 ille:
1556 1275 1764 1327 Parum

64 1363 180 1427 tibi,
215 1362 317 1425 ait,
346 1361 570 1416 videtur
598 1360 832 1415 deﬁnita
860 1361 969 1415 hoc
1008 1361 1130 1431 ipso
1159 1362 1311 1433 quod
1340 1377 1492 1415 nunc
1520 1361 1763 1415 interro-

64 1457 224 1522 gatus
253 1454 354 1505 es?
391 1451 572 1505 Etiam
611 1450 768 1521 quod
803 1449 957 1503 volui
998 1450 1345 1504 concessisti.
1378 1450 1437 1505 Si
1466 1450 1622 1503 enim
1649 1466 1763 1503 non

64 1540 245 1605 fallor,
290 1554 410 1593 non
437 1538 579 1591 falso
611 1542 763 1591 recta
805 1537 896 1592 via
922 1537 1054 1592 vitm
1085 1538 1363 1609 sapientia
1395 1539 1752 1592 nominatur.

64 1629 201 1681 Tum
234 1626 557 1681 Licentius:
584 1626 729 1680 Nihil
763 1626 907 1679 mihi
933 1629 1049 1679 tam
1085 1626 1411 1692 ridiculum,
1453 1643 1627 1697 quam
1654 1626 1764 1679 ista

64 1714 319 1770 deﬁnitio
358 1714 600 1781 videtur,
642 1714 848 1785 inquit.
898 1716 1175 1781 Fortasse,
1208 1714 1287 1768 ait
1315 1716 1444 1769 ille:
1489 1715 1760 1785 pedeten-

65 1805 161 1859 tim
192 1810 390 1858 tamen
437 1820 653 1875 quasso,
687 1806 750 1857 ut
790 1802 936 1857 ratio
982 1802 1296 1873 prmveniat
1331 1802 1512 1856 risum
1555 1807 1757 1857 tuum:

62 1892 201 1947 nihil
231 1892 394 1947 enim
423 1896 508 1947 est
537 1892 743 1946 foedius
785 1891 904 1945 risu
941 1890 1200 1945 irrisione
1232 1891 1584 1962 dignissimo.
1614 1890 1758 1955 Quid

65 1982 231 2047 enim,
263 1981 349 2035 ait
377 1980 491 2046 ille,
527 1996 719 2035 nonne
745 1979 938 2034 fateris
966 1980 1098 2034 vitm
1119 1984 1364 2034 mortem
1387 1994 1506 2033 esse
1535 1983 1758 2033 contra-

66 2069 244 2124 riam?
298 2070 522 2137 Fateor,
555 2069 651 2123 ait.
698 2069 832 2123 Mihi
879 2068 1073 2139 igitur,
1120 2068 1309 2139 inquit
1347 2068 1465 2134 ille,
1496 2067 1586 2122 via
1631 2069 1760 2121 vitm

66 2159 214 2212 nulla
243 2157 435 2228 magis
462 2157 707 2223 videtur,
738 2173 911 2228 quam
944 2173 1012 2210 ea
1036 2173 1150 2228 qua
1176 2157 1419 2228 quisque
1443 2156 1652 2227 pergit,
1687 2172 1760 2210 ne

64 2246 117 2301 in
147 2250 395 2301 mortem
424 2246 655 2300 incidat.
705 2245 1134 2299 Assentiebatur
1173 2245 1492 2315 Trygetius.
1540 2247 1685 2314 Ergo
1715 2245 1762 2297 si

66 2336 236 2389 viator
258 2334 555 2406 quispiam
588 2333 989 2388 diverticulum
1034 2333 1238 2401 vitans,
1273 2334 1424 2404 quod
1452 2349 1485 2387 a
1522 2333 1761 2388 latroni-

67 2425 164 2478 bus
192 2423 450 2478 obsideri
479 2422 741 2491 audierit,
767 2426 920 2477 recta
950 2423 1031 2477 ire
1070 2427 1292 2494 pergat,
1324 2428 1496 2493 atque
1527 2422 1605 2475 ita
1633 2437 1760 2476 eva-

66 2512 154 2566 dat
172 2510 511 2575 interitum;
546 2526 738 2564 nonne
769 2515 823 2565 et
848 2510 999 2565 viam
1028 2510 1178 2578 vitm,
1207 2516 1264 2565 et
1290 2515 1505 2565 rectam
1537 2513 1761 2563 secutus

70 2605 171 2666 est;
218 2605 275 2654 et
328 2614 456 2653 eam
504 2598 843 2669 sapientiam
885 2600 1148 2653 nominat
1197 2600 1415 2653 nemo?
1463 2598 1760 2663 Quomodo

73 2688 236 2759 igitur
264 2687 457 2742 omnis
497 2691 649 2741 recta
696 2687 825 2741 vitm
854 2687 947 2741 via
991 2687 1274 2759 sapientia
1324 2688 1455 2741 est?
1502 2685 1762 2741 Concessi

74 2777 215 2831 enim
243 2792 391 2842 esse,
424 2776 522 2830 sed
551 2791 665 2830 non
695 2777 893 2832 solam.
928 2776 1192 2830 Deﬁnitio
1217 2779 1408 2830 autem
1434 2775 1577 2829 nihil
1605 2791 1760 2828 com-

74 2865 229 2935 plecti
245 2864 467 2929 debuit,
488 2865 643 2935 quod
664 2868 812 2918 esset
830 2864 1104 2919 alienum.
1133 2866 1329 2935 Itaque
1346 2880 1541 2917 rursus
1565 2862 1762 2928 deﬁni,

76 2953 116 3006 si
142 2955 339 3024 placet,
377 2952 518 3023 quid
546 2952 652 3006 tibi
679 2952 907 3006 videtur
934 2969 1053 3006 esse
1083 2951 1380 3023 sapientia.

142 3044 217 3097 14.
246 3041 358 3096 Diu
384 3041 480 3095 ille
518 3040 723 3107 tacuit;
764 3040 1006 3095 deinde:
1044 3041 1148 3109 En,
1187 3040 1396 3111 inquit,
1427 3039 1636 3092 iterum
1667 3038 1762 3091 de-

77 3129 223 3198 ﬁnio,
245 3130 290 3183 si
319 3130 434 3183 hoc
455 3133 515 3183 tu
542 3145 839 3200 nunquam
868 3129 1036 3183 ﬁnire
1070 3128 1337 3183 statuisti.
1366 3125 1655 3198 Sapientia
1682 3128 1766 3179 est

77 3218 158 3270 via
185 3223 354 3283 recta,
403 3233 529 3289 qum
578 3217 648 3271 ad
676 3217 974 3272 veritatem
1004 3217 1196 3273 ducat.
1255 3215 1529 3271 Similiter
1559 3219 1614 3268 et
1638 3214 1763 3275 hoc,

82 3305 255 3377 inquit
276 3306 397 3371 ille,
430 3304 707 3360 refellitur
730 3322 743 3359 :
766 3321 898 3359 nam
920 3305 1058 3360 dum
1077 3305 1228 3376 apud
1254 3303 1555 3374 Virgilium
1577 3304 1766 3357 Enem

82 3394 282 3449 dictum
311 3398 403 3449 est
431 3410 464 3447 a
493 3398 674 3448 matre
701 3410 713 3448 :

209 3492 373 3555 Perge
403 3491 575 3550 modo,
603 3494 656 3540 et
683 3505 787 3555 qua
812 3494 861 3540 te
890 3490 1035 3539 ducit
1057 3489 1142 3537 via
1170 3488 1336 3551 dirige
1365 3500 1622 3551 gressum.

1061 3567 1288 3631 (/Enetd.
1318 3571 1362 3626 1,
1389 3568 1516 3627 4ου.)

82 3674 308 3730 sequens
338 3658 489 3712 hanc
517 3659 667 3713 viam
696 3658 769 3712 ad
797 3658 855 3713 id
880 3658 1036 3730 quod
1074 3658 1289 3712 dictum
1328 3660 1468 3725 erat,
1502 3655 1560 3710 id
1588 3660 1672 3710 est
1696 3657 1766 3710 ad

78 3763 261 3802 verum
300 3746 583 3818 pervenit.
630 3747 939 3809 Contende,
982 3746 1030 3800 si
1063 3746 1270 3817 placet,
1300 3745 1400 3799 ubi
1430 3745 1637 3816 pedem
1669 3745 1763 3799 ille

82 3834 333 3890 incedens
380 3834 596 3905 posuit,
648 3834 989 3905 sapientiam
1033 3850 1197 3905 posse
1237 3833 1385 3888 dici:
1432 3849 1764 3905 quanquam

81 3923 237 3977 stulte
278 3938 514 3994 prorsus
560 3923 726 3977 istam
775 3922 1216 3993 descriptionem
1258 3925 1418 3976 tuam
1466 3921 1768 3991 effringere

81 4026 267 4078 conor;
302 4028 441 4066 nam
463 4027 691 4066 causam
719 4027 906 4065 meam
927 4012 1086 4065 nulla
1107 4012 1235 4083 plus
1265 4011 1511 4081 adjuvat.
1546 4010 1768 4065 Etenim

82 4099 409 4170 sapientiam
448 4115 567 4154 non
605 4100 788 4171 ipsam
830 4100 1146 4165 veritatem,
1198 4099 1298 4154 sed
1334 4099 1486 4153 viam
1526 4115 1655 4170 qum
1698 4099 1769 4153 ad

85 4204 197 4244 eam
226 4189 413 4253 ducat,
448 4204 570 4243 esse
596 4188 810 4243 dixisti.
859 4187 1125 4259 Quisquis
1154 4203 1289 4258 ergo
1319 4187 1425 4241 hac
1452 4187 1631 4241 utitur
1657 4186 1768 4252 via,

86 4276 352 4347 sapientia
380 4277 635 4348 profecto
674 4277 883 4344 utitur;
926 4280 982 4331 et
1008 4275 1108 4347 qui
1138 4274 1420 4347 sapientia
1451 4274 1651 4342 utitur,
1684 4292 1771 4329 sa-

87 4366 236 4434 piens
264 4368 336 4421 sit
366 4382 594 4420 necesse
624 4370 738 4420 est:
770 4364 995 4435 sapiens
1023 4364 1203 4434 igitur
1232 4363 1340 4417 erit
1370 4363 1487 4431 ille,
1521 4362 1619 4433 qui
1650 4380 1772 4433 per-

88 4454 216 4507 fecte
262 4454 555 4526 qumsierit
596 4454 915 4518 veritatem,
970 4452 1191 4506 etiamsi
1240 4452 1311 4505 ad
1351 4467 1477 4504 eam
1514 4452 1770 4505 nondum

88 4542 418 4609 pervenerit.
462 4544 604 4597 Nam
632 4542 722 4595 via
764 4558 895 4613 qum
942 4541 1096 4595 ducit
1116 4541 1187 4595 ad
1238 4540 1553 4604 veritatem,
1592 4540 1770 4605 nulla,

89 4629 163 4682 uti
184 4631 406 4700 opinor,
431 4630 772 4701 intelligitur
791 4630 997 4684 melius
1018 4646 1191 4700 quam
1214 4628 1459 4699 diligens
1476 4627 1771 4699 inquisitio

90 4718 348 4774 veritatis.
402 4721 513 4773 Hac
554 4719 731 4790 igitur
777 4720 898 4773 sola
932 4718 1020 4771 via
1048 4722 1233 4781 utens,
1262 4718 1382 4789 jam
1415 4716 1519 4771 iste
1551 4718 1773 4788 sapiens

90 4806 184 4859 erit
208 4824 220 4861 :
254 4812 311 4861 at
339 4824 508 4862 nemo
534 4808 759 4878 sapiens
788 4807 993 4873 miser;
1036 4806 1219 4860 omnis
1248 4810 1439 4861 autem
1470 4806 1644 4860 homo
1676 4810 1776 4860 aut

92 4893 272 4961 miser,
313 4902 414 4950 aut
454 4896 693 4951 beatus:
734 4897 965 4950 beatum
1012 4894 1186 4966 igitur
1210 4894 1378 4949 faciet
1404 4910 1520 4948 non
1551 4898 1775 4949 tantum

93 4979 357 5051 inventio,
388 4984 484 5039 sed
514 4984 637 5055 ipsa
665 5000 767 5054 per
796 5000 852 5037 se
881 4983 1242 5055 investigatio
1271 4982 1543 5037 veritatis.

160 5073 238 5124 t5.
279 5072 421 5126 Tum
472 5072 565 5126 ille
602 5072 898 5127 arridens:
951 5071 1146 5127 Merito
1196 5071 1359 5139 mihi,
1405 5070 1612 5141 inquit,
1666 5069 1777 5124 ista

93 5158 439 5230 contingunt,
501 5160 639 5215 dum
687 5160 1011 5216 adversario
1065 5160 1124 5213 in
1182 5176 1242 5213 re
1292 5175 1411 5214 non
1464 5157 1777 5212 necessaria

95 5244 328 5301 ﬁdenter
355 5249 630 5304 assentior
655 5266 667 5303 :
692 5249 854 5320 quasi
882 5264 1015 5303 vero
1044 5264 1149 5319 ego
1177 5247 1287 5302 sim
1312 5262 1549 5317 magnus
1580 5246 1778 5300 deﬁni-

95 5337 196 5399 tor,
212 5340 310 5389 aut
328 5336 640 5408 quidquam
660 5337 719 5392 in
736 5338 1077 5409 disputando
1091 5337 1274 5407 magis
1294 5349 1779 5407 supervacaneum

96 5425 301 5487 putem.
334 5424 469 5487 Quis
498 5426 650 5479 enim
672 5427 877 5481 modus
898 5426 1025 5492 erit,
1057 5425 1104 5479 si
1133 5440 1240 5495 ego
1272 5440 1468 5478 rursus
1495 5424 1663 5477 velim
1694 5424 1780 5478 de.

96 5509 240 5564 tiniri
284 5512 385 5565 abs
431 5518 485 5567 te
528 5514 769 5585 aliquid,
808 5520 865 5568 et
892 5530 1088 5569 rursus
1132 5514 1385 5583 ejusdem
1431 5512 1779 5567 deﬁnitionis

1548 269 1758 324 LIBER
1801 268 2085 326 PRIMUS.

3476 284 3579 335 914

1880 392 2070 457 verba,
2106 396 2160 447 et
2190 394 2664 464 consequentium
2694 394 2834 451 item
2865 396 3199 469 singillatim
3230 400 3444 467 omnia,
3477 402 3584 455 ﬁn-

1842 496 2017 561 gens
2057 482 2209 552 quod
2253 481 2395 536 nihil
2437 481 2778 554 intelligam,
2822 484 3051 539 deﬁniri
3099 487 3389 558 ﬂagitem?
3439 490 3579 543 Nam

1877 569 2015 640 quid
2046 570 2450 640 plenissimum
2498 587 2615 625 non
2663 589 2791 626 meo
2835 575 2966 644 jure
3015 576 3244 630 deﬁniri
3283 593 3501 649 cogam,
3533 578 3580 631 si

1869 656 2000 726 jure
2031 674 2065 710 a
2089 673 2180 711 me
2220 657 2513 727 sapientim
2543 658 2799 713 definitio
2834 662 3191 731 postulatur?
3222 665 3394 735 Cujus
3423 665 3578 720 enim

1876 745 2032 799 verbi
2070 745 2131 800 in
2176 746 2382 800 animis
2420 748 2630 801 nostris
2668 749 3011 819 apertiorem
3050 752 3347 808 notionem
3376 758 3581 809 natura

1877 850 1997 887 esse
2037 833 2220 888 voluit
2257 851 2431 905 quam
2482 836 2816 906 sapientim?
2865 838 2974 892 Sed
3023 840 3211 894 nescio
3262 842 3578 911 quomodo,

1877 937 2007 974 cum
2037 923 2244 977 mentis
2275 928 2487 978 nostrm
2519 925 2694 978 veluti
2723 930 2954 995 portum
2992 928 3147 981 notio
3177 928 3301 999 ipsa
3329 930 3577 1000 relique-

1876 1008 1970 1075 rit,
2024 1014 2080 1064 et
2120 1011 2426 1066 verborum
2472 1012 2580 1067 sibi
2624 1014 2787 1084 quasi
2830 1015 2951 1068 vela
3002 1016 3328 1083 tetenderit,
3374 1032 3576 1070 occur-

1876 1100 2041 1152 rant1
2076 1100 2266 1153 statim
2298 1100 2713 1155 calumniarum
2741 1101 2897 1157 mille
2934 1104 3253 1174 naufragia.
3286 1104 3575 1168 Quamob-

1875 1201 1997 1239 rem
2028 1191 2128 1240 aut
2158 1187 2414 1241 deﬁnitio
2448 1189 2741 1258 sapientim
2771 1205 2844 1243 ne
2889 1190 3238 1261 requiratur,
3280 1196 3377 1245 aut
3398 1192 3577 1261 judex

1876 1279 2069 1328 noster
2098 1274 2157 1328 in
2179 1275 2301 1344 ejus
2331 1276 2711 1346 patrocinium
2744 1277 3012 1346 dignetur
3042 1279 3403 1333 descendere.
3433 1280 3577 1333 Tum

1874 1378 2001 1432 ego,
2034 1378 2164 1416 cum
2191 1363 2312 1432 jam
2342 1364 2535 1416 stilum
2559 1380 2669 1417 nox
2692 1363 3018 1434 impediret,
3050 1369 3105 1419 et
3134 1365 3298 1436 quasi
3330 1367 3397 1419 de
3429 1366 3576 1421 inte-

1873 1466 1975 1519 gro
1997 1466 2273 1520 magnum
2288 1452 2559 1521 quiddam
2581 1450 2980 1507 disserendum
2997 1452 3251 1507 viderem
3266 1453 3501 1522 oboriri,
3518 1454 3576 1507 in

1873 1538 2050 1592 alium
2080 1538 2232 1592 diem
2275 1539 2511 1593 distuli:
2552 1556 2682 1594 nam
2726 1540 3015 1611 disputare
3057 1557 3410 1611 cmperamus
3458 1542 3575 1595 sole

1867 1626 1988 1697 jam
2019 1627 2077 1681 in
2107 1643 2365 1680 occasum
2390 1628 2730 1690 declinante,
2757 1630 2989 1699 diesque
3016 1646 3162 1699 pene
3185 1633 3335 1683 totus
3364 1646 3491 1683 cum
3516 1630 3576 1682 in

1874 1717 2043 1770 rebus
2091 1716 2315 1770 rusticis
2364 1716 2715 1782 ordinandis,
2763 1721 2882 1771 tum
2916 1718 2977 1771 in
3024 1718 3353 1772 recensione
3401 1718 3575 1788 primi

1872 1805 2005 1860 libri
2037 1805 2257 1876 Virgilii
2287 1810 2549 1876 peractus
2579 1807 2705 1860 fuit.

2448 1911 2752 1948 DISPL’TA’I‘IO
2791 1911 3000 1949 TERTIA.

1873 1983 2096 2039 CAPUT
2124 1984 2214 2037 VI.
2261 2012 2329 2023 —
2373 1983 2665 2052 Sapientia:
2712 1983 2952 2051 deﬁnitio
2995 1984 3161 2037 datur
3189 1989 3238 2038 et
3280 1988 3570 2054 impugna-

2321 2076 2429 2125 ίαν.
2458 2072 2722 2125 Atbicerit'
2747 2072 3127 2127 divinationes.

1946 2161 2030 2213 16.
2090 2158 2305 2213 Deinde
2361 2175 2495 2213 mox
2550 2164 2615 2213 ut
2668 2159 2871 2225 illuxit,
2926 2160 3005 2213 ita
3060 2160 3215 2214 enim
3270 2175 3360 2215 res
3412 2164 3577 2215 erant

1871 2247 2053 2318 pridie
2083 2247 2408 2301 constitutm
2447 2252 2511 2301 ut
2540 2248 2764 2317 largum
2802 2252 2946 2301 esset
2977 2247 3181 2317 otium,
3211 2247 3402 2301 statim
3434 2264 3567 2317 per-

1873 2337 2159 2408 agendum
2210 2337 2507 2407 negotium
2553 2342 2882 2408 susceptum
2927 2342 3032 2391 est.
3082 2340 3226 2392 Tum
3264 2354 3408 2409 ego:
3444 2338 3575 2391 Heri

1871 2426 2194 2498 postulasti,
2245 2426 2505 2496 inquam,
2555 2425 2804 2497 Trygeti,
2839 2429 2905 2479 ut
2934 2442 2966 2478 a
2998 2424 3206 2495 judicis
3237 2441 3473 2479 munere
3503 2426 3575 2479 ad

1872 2514 2165 2586 sapientiae
2185 2514 2563 2585 patrocinium
2581 2514 2983 2568 descenderem
3004 2531 3016 2568 :
3042 2513 3205 2585 quasi
3224 2530 3357 2567 vero
3373 2530 3574 2586 quem-

1873 2619 2046 2674 quam
2075 2602 2135 2656 in
2169 2618 2430 2658 sermone
2458 2606 2646 2656 vestro
2682 2602 3073 2657 adversarium
3102 2602 3383 2673 sapientia
3416 2606 3575 2673 pate-

1874 2696 2063 2757 retur;
2094 2695 2159 2745 ut
2184 2692 2303 2745 ullo
2329 2691 2668 2746 defendente
2709 2690 2787 2743 ita
2827 2691 3128 2756 laboraret,
3172 2694 3235 2743 ut
3263 2690 3444 2761 magis
3466 2690 3575 2743 im-

1873 2782 2096 2852 plorare
2126 2781 2359 2836 deberet
2387 2780 2684 2833 auxilium.
2729 2780 2869 2833 Nam
2901 2795 3087 2849 neque
3118 2779 3267 2832 inter
3294 2795 3391 2832 vos
3419 2777 3575 2831 aliud

1876 2869 2249 2941 qumrendum
2292 2870 2493 2921 natum
2533 2871 2636 2934 est,
2669 2883 2844 2938 quam
2874 2866 3013 2937 quid
3050 2865 3126 2918 sit
3162 2865 3481 2935 sapientia;
3516 2866 3576 2919 in

1877 2974 1988 3028 quo
2020 2973 2146 3011 eam
2174 2960 2428 3011 vestrum
2468 2959 2669 3008 neuter
2694 2958 3015 3025 Oppugnat,
3039 2953 3173 3025 quia
3197 2957 3440 3023 uterque
3472 2952 3574 3006 de-

1877 3046 2106 3100 siderat.
2149 3045 2343 3115 Neque
2375 3043 2422 3097 si
2452 3048 2515 3097 tu
2543 3043 2603 3096 in
2636 3041 2962 3097 deﬁnienda
3002 3040 3279 3112 sapientia
3307 3040 3576 3095 defecisse

1876 3139 1931 3188 te
1955 3138 2142 3204 putas,
2166 3137 2471 3203 propterea
2492 3132 2713 3202 reliqua
2736 3131 2991 3185 defensio
3014 3130 3309 3184 sententim
3340 3134 3451 3183 tum
3472 3127 3577 3182 tibi

1878 3219 2190 3274 deserenda
2219 3222 2323 3274 est.
2363 3220 2560 3290 Itaque
2589 3235 2621 3271 a
2660 3234 2751 3271 me
2781 3217 2925 3271 nihil
2956 3216 3112 3271 aliud
3141 3217 3372 3271 habebis
3403 3232 3577 3288 quam

1878 3307 2274 3364 deﬁnitionem
2320 3306 2631 3378 sapientim,
2684 3323 2813 3378 qum
2843 3322 2948 3360 nec
2994 3322 3123 3360 mea
3166 3322 3269 3360 nec
3298 3322 3445 3360 nova
3473 3309 3576 3371 est,

1878 3398 1977 3451 sed
1999 3401 2054 3451 et
2074 3396 2391 3467 priscorum
2412 3394 2737 3461 hominum,
2759 3400 2815 3449 et
2840 3410 3013 3466 quam
3037 3412 3136 3448 vos
3162 3394 3338 3447 mirer
3360 3410 3475 3447 non
3497 3410 3575 3447 re-

1878 3484 2121 3539 cordari.
2159 3485 2285 3538 Non
2314 3484 2469 3538 enim
2500 3500 2653 3537 nunc
2684 3483 2938 3554 primum
2964 3482 3194 3549 auditis,
3228 3482 3579 3553 Sapientiam

1878 3590 1998 3628 esse
2028 3589 2221 3628 rerum
2251 3574 2633 3628 humanarum
2666 3572 3101 3641 divinarumque
3126 3570 3444 3624 scientiam.

1954 3667 2037 3718 t7.
2092 3661 2189 3715 Hic
2235 3660 2539 3727 Licentius,
2588 3676 2759 3731 quem
2803 3664 2935 3729 post
2976 3660 3143 3712 istam
3183 3658 3578 3713 deﬁnitionem

1880 3750 1976 3804 diu
2002 3750 2275 3821 putabam
2314 3748 2693 3820 qumsiturum
2736 3764 2855 3802 esse
2896 3747 3048 3818 quod
3078 3747 3310 3813 diceret,
3340 3746 3581 3817 subjecit

1881 3840 2106 3893 statim:
2160 3839 2272 3893 Cur
2321 3854 2454 3908 ergo
2501 3853 2638 3903 non,
2688 3853 2900 3907 qumso,
2952 3836 3271 3906 sapientem
3313 3851 3580 3889 vocamus

1882 3926 2387 3997 flagitiosissimum
2418 3925 2581 3980 illum
2614 3924 2930 3991 hominem,
2963 3941 3135 3995 quem
3166 3923 3277 3994 ipsi
3303 3924 3447 3978 bene
3478 3940 3579 3977 no-

1880 4015 2064 4069 vimus
2084 4031 2187 4085 per
2215 4013 2519 4067 innumera
2549 4016 2729 4066 scorta
2752 4013 2935 4065 solere
2952 4011 3207 4077 dissolvi;
3233 4010 3581 4066 Albicerium

1880 4104 2004 4158 dico
2034 4104 2218 4169 illum,
2256 4102 2353 4173 qui
2383 4102 2536 4172 apud
2561 4101 2963 4171 Carthaginem
2996 4102 3206 4153 multos
3236 4116 3416 4153 annos
3448 4116 3580 4153 con-

1882 4192 2200 4245 sulentibus
2226 4191 2370 4244 mira
2394 4191 2660 4261 qumdam
2686 4194 2739 4243 et
2769 4193 2923 4243 certa
2952 4188 3284 4258 respondit?
3317 4190 3582 4241 Innume-

1882 4280 2085 4334 rabilia
2115 4294 2565 4333 commemorare
2591 4293 2840 4348 possem,
2868 4277 2976 4330 nisi
2999 4281 3055 4330 et
3083 4275 3235 4342 apud
3264 4292 3360 4329 eos
3389 4276 3583 4344 loque-

1883 4381 1975 4419 rer
2002 4366 2102 4435 qui
2123 4365 2341 4435 experti
2364 4369 2514 4431 sunt,
2543 4369 2600 4418 at
2624 4366 2817 4435 paucis
2838 4382 2989 4418 nunc
3010 4363 3142 4417 satis
3162 4363 3236 4416 sit
3255 4364 3323 4416 ad
3345 4363 3401 4416 id
3428 4362 3580 4433 quod

1883 4454 2031 4507 volo.
2079 4454 2277 4507 Nonne
2316 4454 2699 4509 cochlearium
2742 4453 2905 4523 (mihi
2944 4456 3132 4506 autem
3161 4451 3381 4504 dicebat
3410 4451 3423 4517 )
3452 4466 3580 4503 cum

1882 4542 2038 4597 domi
2067 4558 2181 4595 non
2210 4541 2591 4611 inveniretur;
2625 4547 2722 4596 tuo
2745 4543 2909 4613 jussu
2930 4543 3312 4610 percontatus,
3343 4555 3457 4592 non
3490 4555 3580 4591 so-

1883 4632 2003 4684 lum
2034 4630 2170 4701 quid
2200 4634 2570 4701 qumreretur,
2615 4646 2813 4684 verum
2853 4628 3022 4682 etiam
3052 4626 3391 4681 nominatim
3421 4627 3583 4698 cujus

1885 4735 1972 4773 res
1997 4722 2164 4781 esset,
2189 4724 2246 4773 et
2273 4719 2374 4774 ubi
2394 4720 2615 4786 lateret,
2634 4718 2901 4773 citissime
2922 4714 3327 4787 verissimeque
3349 4731 3582 4787 respon-

1886 4807 2007 4861 dit?
2030 4809 2172 4861 Item
2201 4824 2293 4863 me
2319 4812 2619 4879 praesente,
2656 4805 2859 4860 omitto
2891 4804 3031 4858 illud
3061 4803 3216 4874 quod
3246 4802 3304 4856 in
3335 4818 3401 4857 eo
3430 4801 3584 4874 quod

1884 4896 2196 4966 rogabatur
2235 4895 2377 4950 nihil
2422 4895 2658 4949 omnino
2690 4893 2863 4947 falsus
2893 4897 2994 4958 est,
3027 4891 3125 4946 sed
3156 4908 3285 4945 cum
3316 4906 3459 4962 puer
3487 4891 3586 4961 qui

1886 5000 2152 5039 nummos
2182 4985 2418 5039 ferebat.
2446 4987 2658 5037 certam
2684 4997 2884 5036 eorum
2917 4985 3163 5051 partem,
3194 4996 3324 5033 cum
3355 4980 3425 5032 ad
3452 4994 3583 5032 eum

1887 5088 2277 5143 pergeremus,
2317 5072 2536 5125 furatus
2570 5073 2741 5135 esset;
2784 5084 2981 5122 omnes
3011 5067 3118 5121 sibi
3150 5065 3437 5121 numerari
3460 5066 3585 5134 jus-

1889 5159 1980 5228 sit,
2013 5159 2312 5230 coegitque
2360 5158 2523 5212 illum
2573 5162 2703 5211 ante
2742 5158 2936 5212 oculos
2967 5160 3187 5210 nostros
3216 5171 3358 5225 quos
3388 5153 3585 5206 abstu-

1889 5249 2035 5302 lerat
2078 5247 2333 5312 reddere,
2388 5246 2721 5317 priusquam
2763 5246 2997 5300 omnino
3044 5245 3165 5315 ipse
3213 5248 3313 5297 aut
3356 5240 3582 5293 eosdem

1890 5352 2157 5391 nummos
2188 5335 2439 5399 vidisset,
2468 5339 2567 5389 aut
2595 5339 2870 5406 quantum
2901 5334 3007 5389 sibi
3028 5334 3262 5387 allatum
3284 5327 3456 5383 fuerit
3484 5344 3582 5381 au-

1892 5425 2063 5480 disset
2084 5441 2113 5478 e
2136 5423 2317 5478 nobis.

1958 5522 1970 5553 ¹
2008 5521 2065 5567 In
2098 5521 2173 5579 B.,
2208 5523 2505 5569 occurrent.
2544 5520 2657 5569 Par.
2688 5519 2773 5568 Er.
2806 5519 2933 5568 Ven.
2968 5517 3109 5573 Lov.,
3146 5512 3449 5563 occurrant.
3518 5511 3585 5559 M.
