3996 6170
304 181 405 232 915

380 304 462 357 18.
501 299 647 365 Quid
684 299 840 374 quod
877 299 1269 356 doctissimum
1306 305 1363 357 et
1402 302 1783 359 clarissimum
1820 304 2005 360 virum

308 390 662 445 Flaccianum
685 388 885 444 mirari
911 390 1147 445 solitum
1168 406 1288 445 esse
1310 390 1409 445 abs
1442 395 1493 446 te
1524 391 1885 463 accepimus?
1906 391 2008 463 qui

307 494 437 532 cum
469 479 539 533 de
566 478 739 533 fundo
765 478 1006 533 emendo
1028 482 1175 533 esset
1193 478 1437 547 locutus,
1460 478 1532 533 ad
1558 478 1725 534 illum
1750 479 2007 537 divinum

308 583 430 621 rem
461 566 541 620 ita
581 566 802 633 detulit,
835 571 896 621 ut
922 566 1062 637 quid
1092 566 1321 636 egisset,
1356 566 1401 621 si
1429 567 1579 638 potis
1612 573 1782 636 esset,
1815 568 2005 623 edice-

309 661 414 710 ret.
447 658 633 725 Atque
682 655 777 709 ille
821 654 1009 708 statim
1049 671 1165 708 non
1208 655 1379 710 modo
1422 655 1639 727 negotii
1680 672 1880 727 genus,
1914 656 2011 711 sed

312 744 504 812 etiam,
554 744 611 797 in
658 759 772 814 quo
812 743 909 797 ille
953 742 1319 798 vehementer
1369 745 1654 798 clamabat
1699 744 2007 812 admirans,

314 833 501 902 ipsum
521 829 684 884 fundi
714 846 924 884 nomen
950 830 1364 899 pronuntiavit,
1390 848 1520 886 cum
1537 832 1618 887 ita
1638 837 1785 888 esset
1814 834 2012 888 absur-
2078 848 2083 852 '

312 921 470 979 dum,
505 922 565 971 ut
617 917 705 971 vix
748 918 869 988 ejus
920 918 1246 972 Flaccianus
1293 919 1414 989 ipse
1462 920 1838 977 meminisset.
1888 923 2014 976 Jam

314 1006 454 1060 illud
476 1004 597 1059 sine
619 1010 851 1076 stupore
872 1005 1051 1058 animi
1073 1022 1187 1061 non
1216 1023 1363 1078 queo
1402 1007 1611 1078 dicere,
1654 1010 1806 1081 quod
1829 1009 2012 1064 amico

316 1096 510 1147 nostro
535 1092 813 1162 discipulo
844 1095 941 1145 tuo
967 1107 1086 1146 sese
1118 1093 1333 1147 volenti
1364 1095 1672 1165 exagitare,
1704 1095 2015 1167 ﬂagitanti-

317 1197 428 1253 que
460 1180 789 1247 insolenter,
818 1185 882 1235 ut
907 1181 1118 1235 diceret
1143 1181 1283 1252 quid
1304 1198 1497 1237 secum
1519 1182 1639 1254 ipse
1669 1182 1871 1237 tacitus
1899 1184 2016 1237 vol-

318 1274 491 1335 veret,
542 1267 761 1338 Virgilii
798 1284 1027 1322 versum
1068 1284 1202 1322 eum
1238 1269 1488 1341 cogitare
1522 1271 1840 1341 respondit.
1876 1272 2017 1327 Cum

322 1358 413 1411 ille
440 1358 863 1426 obstupefactus
904 1373 1112 1427 negare
1150 1373 1265 1411 non
1300 1363 1512 1428 posset,
1558 1359 1817 1429 perrexit
1858 1376 2017 1430 qum-

326 1461 447 1496 rere
474 1443 740 1513 quisnam
770 1459 961 1497 versus
987 1448 1157 1499 esset.
1196 1445 1308 1498 Nec
1336 1445 1669 1515 Albicerius,
1703 1445 1803 1519 qui
1828 1463 2019 1517 gram-

326 1532 518 1585 matici
548 1532 801 1585 scholam
837 1531 927 1585 vix
956 1531 1240 1586 transiens
1268 1532 1502 1589 vidisset
1529 1534 1859 1606 aliquando,
1892 1551 2023 1589 ver-

329 1636 454 1673 sum
486 1619 672 1691 ipsum
699 1636 929 1674 securus
956 1625 1010 1673 et
1034 1622 1296 1691 garrulus
1317 1638 1521 1678 canere
1540 1622 1837 1678 dubitavit.
1874 1625 2024 1679 Num

328 1709 505 1779 igitur
533 1713 630 1761 aut
657 1725 746 1762 res
774 1709 1042 1763 humana:
1073 1725 1190 1763 non
1218 1715 1400 1777 erant,
1428 1710 1497 1765 de
1524 1711 1734 1782 quibus
1762 1711 1858 1766 ille
1888 1728 2024 1767 con-

330 1797 650 1863 sulebatur;
707 1801 805 1851 aut
846 1796 969 1852 sine
1012 1813 1208 1852 rerum
1247 1797 1571 1853 divinarum
1607 1798 1863 1867 scientia,
1910 1804 2027 1855 tam

288 1896 301 1912 '
330 1892 483 1940 certa
521 1885 952 1940 consulentibus
988 1890 1044 1940 et
1081 1902 1213 1941 vera
1247 1886 1580 1958 respondit?
1615 1891 1687 1942 At
1716 1893 2028 1960 utrumque

332 1972 645 2027 absurdum
675 1978 779 2027 est.
824 1974 966 2027 Nam
1004 1977 1061 2027 et
1088 1973 1358 2027 humana:
1401 1989 1491 2027 res
1519 1972 1666 2028 nihil
1696 1980 1831 2029 sunt
1869 1974 2029 2029 aliud

333 2078 508 2133 quam
546 2076 635 2114 res
672 2059 1005 2128 hominum;
1048 2064 1112 2114 ut
1153 2066 1474 2132 argentum,
1515 2062 1758 2129 nummi,
1794 2064 2027 2129 fundus,

334 2155 620 2219 postremo
641 2149 765 2219 ipsa
785 2148 959 2202 etiam
983 2147 1252 2219 cogitatio
1276 2165 1289 2201 :
1320 2153 1377 2202 et
1401 2164 1489 2202 res
1521 2149 1741 2205 divinas
1760 2151 1889 2222 quis
1912 2167 2031 2205 non

334 2240 485 2290 recte
528 2235 838 2289 arbitretur
874 2250 1011 2300 esse,
1053 2250 1159 2305 per
1187 2252 1328 2306 quas
1355 2236 1579 2290 homini
1607 2237 1877 2293 divinatio
1908 2239 2033 2310 ipsa

336 2322 651 2394 contingit?
684 2322 917 2393 Sapiens
947 2338 1082 2393 ergo
1119 2322 1226 2376 fuit
1252 2323 1585 2392 Albicerius,
1617 2325 1664 2379 si
1691 2326 2034 2398 sapientiam

339 2427 535 2465 rerum
563 2412 948 2465 humanarum
977 2409 1414 2483 divinarumque
1443 2413 1736 2467 scientiam
1767 2413 1867 2469 illa
1896 2415 2034 2470 deti-

342 2499 561 2554 nitione
584 2498 963 2554 concedimus.

344 2590 567 2644 CAPUT
622 2589 737 2642 VII.
784 2618 852 2627 —
906 2587 1232 2644 Vindicatur
1279 2589 1413 2644 data
1442 2592 1725 2661 sapientiae
1769 2591 2032 2660 deﬁnitio.

420 2683 501 2735 19.
543 2679 643 2734 Hic
685 2679 820 2735 ille:
865 2678 1076 2748 Primo,
1115 2680 1362 2750 inquit',
1416 2697 1521 2752 ego
1568 2681 1867 2738 scientiam
1917 2699 2033 2738 non

344 2770 589 2840 appello,
631 2768 692 2822 in
743 2784 858 2839 qua
902 2767 998 2823 ille
1051 2767 1151 2839 qui
1194 2785 1320 2823 eam
1361 2771 1683 2838 proﬁtetur,
1731 2772 2037 2844 aliquando

341 2858 578 2913 fallitur.
608 2857 852 2912 Scientia
891 2855 1048 2912 enim
1097 2873 1210 2911 non
1239 2857 1426 2913 solum
1460 2860 1905 2931 comprehensis,
1939 2861 2038 2916 sed

343 2946 424 3001 ita
466 2945 892 3018 comprehensis
930 2946 1099 3001 rebus
1129 2950 1367 3014 constat,
1415 2952 1479 3002 ut
1509 2964 1695 3020 neque
1725 2948 1785 3004 in
1815 2966 1881 3005 ea
1911 2949 2039 3021 quis

349 3052 602 3108 unquam
632 3051 845 3104 errare,
877 3050 980 3089 nec
1000 3035 1349 3105 quibuslibet
1370 3036 1798 3092 adversantibus
1822 3037 2039 3109 impul-

346 3142 439 3180 sus
469 3127 669 3177 nutare
700 3123 919 3177 debeat.
959 3123 1113 3177 Unde
1154 3123 1445 3178 verissime
1476 3141 1509 3179 a
1538 3125 1877 3197 quibusdam
1913 3126 2039 3198 phi-

345 3210 596 3281 losophis
634 3210 859 3277 dicitur,
903 3210 965 3263 in
995 3210 1151 3264 nullo
1186 3227 1314 3265 eam
1351 3228 1517 3282 posse
1547 3213 1659 3267 nisi
1695 3214 1757 3268 in
1784 3214 2041 3286 sapiente

346 3299 621 3367 inveniri;
653 3299 752 3371 qui
795 3314 911 3352 non
937 3299 1109 3353 modo
1156 3304 1493 3371 perceptum
1538 3301 1747 3357 habere
1786 3303 1955 3357 debet
1981 3302 2042 3357 id

348 3390 501 3463 quod
530 3393 726 3444 tuetur
769 3404 832 3442 ac
858 3387 1136 3458 sequitur,
1181 3404 1378 3443 verum
1420 3388 1594 3444 etiam
1641 3390 2041 3446 inconcussum

350 3483 558 3534 tenere.
619 3476 837 3533 Scimus
885 3480 1076 3530 autem
1120 3476 1280 3531 illum
1335 3493 1509 3550 quem
1556 3479 2038 3545 commemorasti,

349 3569 527 3622 multa
554 3584 702 3639 saepe
739 3565 881 3620 falsa
918 3564 1124 3620 dixisse
1150 3582 1163 3620 :
1197 3565 1351 3637 quod
1379 3582 1497 3622 non
1525 3567 1712 3622 solum
1743 3568 1867 3624 aliis
1898 3568 2044 3623 mihi

348 3656 726 3712 referentibus
786 3655 1061 3727 comperi,
1125 3656 1223 3709 sed
1273 3672 1525 3726 praesens
1567 3657 1878 3729 aliquando
1923 3658 2045 3730 ipse

350 3745 598 3816 percepi.
648 3746 864 3798 Eumne
903 3743 1079 3814 igitur
1126 3742 1400 3799 scientem
1445 3761 1661 3813 vocem,
1712 3762 1843 3802 cum
1892 3762 2045 3817 saepe

346 3834 488 3887 falsa
515 3831 752 3897 dixerit;
784 3848 958 3902 quem
983 3848 1099 3885 non
1125 3848 1405 3900 vocarem,
1430 3833 1477 3886 si
1505 3839 1841 3890 cunctanter
1859 3840 1881 3871 ²
1909 3851 2045 3890 vera

353 3920 626 3977 dixisset?
657 3920 771 3973 IIoc
800 3936 891 3973 me
925 3919 993 3973 de
1033 3919 1385 3990 aruspicibus
1421 3925 1476 3975 et
1517 3922 1586 3976 de
1623 3923 1959 3993 auguribus,
1993 3928 2048 3979 et

352 4012 420 4067 de
445 4010 533 4065 his
564 4007 831 4063 omnibus
868 4007 968 4079 qui
998 4007 1185 4061 sidera
1224 4009 1545 4063 consulunt.
1579 4014 1636 4064 et
1661 4010 1730 4065 de
1759 4013 2045 4083 conjecto-

352 4101 511 4155 ribus
531 4096 882 4154 somniorum
908 4096 1112 4151 dixisse
1130 4101 1404 4166 putatote.
1429 4099 1541 4152 Aut
1565 4099 1817 4172 aliquem
1845 4117 1910 4156 ex
1939 4102 2049 4157 hoc

351 4206 559 4262 genere
591 4185 893 4243 hominum
933 4185 1198 4257 proferte,
1233 4185 1280 4241 si
1316 4187 1576 4258 potestis,
1607 4188 1707 4260 qui
1734 4191 2044 4259 consultus,

355 4296 654 4351 nunquam
709 4278 778 4332 de
844 4275 1129 4346 responsis
1183 4275 1297 4330 suis
1341 4276 1699 4342 dubitaverit,
1751 4295 2049 4351 nunquam

354 4372 642 4438 postremo
686 4364 825 4419 falsa
877 4363 1251 4433 responderit.
1312 4365 1455 4419 Nam
1510 4365 1577 4419 de
1625 4364 1848 4421 vatibus
1902 4368 2050 4422 nihil

356 4456 499 4511 mihi
540 4459 679 4526 puto
727 4470 845 4509 esse
904 4453 1304 4520 laborandum,
1349 4452 1450 4525 qui
1490 4458 1681 4509 mente
1735 4455 2050 4527 loquuntur

358 4545 561 4599 aliena.

424 4635 513 4686 20.
578 4629 788 4685 Deinde
848 4646 937 4684 res
995 4629 1277 4684 humanas
1334 4645 1454 4684 esse
1499 4634 1564 4685 ut
1614 4632 1922 4688 concedam
1963 4648 2051 4687 res

355 4719 680 4787 hominum,
698 4718 1014 4790 quidquam
1039 4723 1101 4773 tu
1132 4718 1414 4773 existimas
1433 4722 1692 4774 nostrum
1722 4736 1864 4789 esse,
1896 4722 2052 4793 quod

357 4808 524 4867 nobis
568 4808 653 4861 vel
704 4807 836 4862 dare
883 4809 971 4862 vel
1022 4808 1241 4879 eripere
1288 4823 1449 4862 casus
1496 4811 1722 4877 potest?
1762 4811 1875 4864 Aut
1920 4826 2051 4865 cum

420 4883 716 4959 {Victorini
760 4894 885 4943 Cdd.
921 4909 1041 4944 cum
1071 4895 1185 4944 aliis
1222 4896 1387 4945 tribus
1427 4896 1547 4959 Mss.
1586 4896 1909 4947 habentch
1937 4911 2051 4959 ego:

357 4958 560 5012 Primo,
593 4958 836 5018 inquam,
864 4959 1158 5013 scientiam.
1199 4961 1318 5017 etc.,
1349 4958 1618 5017 mendose,
1652 4963 1712 5007 ut
1738 4960 1863 5007 satis
1894 4958 2050 5009 intel-

355 5022 538 5090 ﬂgitur
553 5032 627 5090 ἐκ
654 5022 917 5090 postremo
938 5021 1123 5084 capite,
1147 5020 1236 5069 ubi
1260 5019 1373 5069 haec
1396 5021 1666 5083 responsio
1689 5034 1797 5070 non
1827 5023 2052 5073 obscure

356 5081 600 5192 Trygetio
630 5081 949 5129 attribuitur.
1001 5081 1017 5084 ’
1483 5081 1497 5083 “

362 5210 370 5214 _
416 5150 435 5180 Ξ
460 5158 520 5214 An
552 5142 939 5214 priusexcusis,
971 5144 1815 5214 constanter._In_quinque_Mss.,
1846 5146 2054 5214 Incunc-

353 5204 633 5258 tanterfln
661 5204 777 5252 aliis
798 5216 890 5267 sex
909 5205 1118 5267 optimas
1141 5210 1280 5254 notas
1297 5204 1488 5267 legitur
1501 5204 1841 5264 cunctanter,
1865 5211 1917 5255 et
1936 5220 2051 5256 me-

355 5270 475 5319 lius.
498 5268 775 5338 Trygetius
794 5264 1097 5338 quippe'hic'
1123 5264 1441 5338 Albicerium
1459 5273 1511 5317 et
1529 5269 1576 5332 ej
1586 5282 1646 5317 us
1663 5268 1868 5338 generis
1889 5268 2053 5338 homif

356 5346 450 5380 nes
480 5328 588 5379 non
614 5328 725 5378 vult
753 5328 1004 5394 appellari
1029 5328 1267 5384 scientes.
1289 5330 1440 5394 quod
1460 5328 1642 5394 eorum
1666 5328 1852 5379 nullus
1878 5330 2052 5394 sitqui

356 5396 621 5443 consultus
638 5389 919 5456 nunquam
936 5389 997 5438 de
1010 5394 1269 5456 responsis
1285 5389 1393 5442 suis
1408 5392 1754 5453 dubitaverit,
1768 5389 2053 5456 nunquam

353 5460 623 5517 postremo
645 5452 793 5518 falsa
820 5452 1167 5516 responderit.

1390 176 1676 235 CONTRA
1716 178 2191 249 ACADEMICOS,
2235 178 2291 236 S.
2349 175 2736 237 AUGUSTINI

3755 178 3893 229 916

2114 323 2309 364 rerum
2356 306 2744 363 humanarum
2783 302 3024 360 scientia
3062 302 3295 372 dicitur,
3333 320 3407 359 ea
3437 302 3699 369 dicitur,
3757 317 3895 373 qua

2117 397 2423 469 quisquam
2452 394 2585 450 novi
2609 394 2700 449 vel
2727 396 2891 465 quot,
2917 392 3004 447 vel
3021 390 3220 463 quales
3238 391 3454 447 fundos
3484 391 3899 453 habeamus;

2118 485 2258 558 quid
2284 483 2428 548 auri,
2467 481 2607 554 quid
2644 480 2891 553 argenti,
2931 479 3185 552 quidque
3225 479 3481 552 denique
3513 478 3898 533 alienorum

2118 572 2440 628 carminum
2492 569 2848 642 cogitemus?
2905 568 3008 623 Illa
3051 571 3138 623 est
3184 567 3606 622 humanarum
3672 581 3902 620 rerum

2120 661 2374 728 scientia,
2418 676 2549 732 quae
2594 658 2754 715 novit
2793 658 2993 713 lumen
3039 656 3387 728 prudentius,
3426 654 3901 725 temperantia

2119 751 2311 817 decus,
2360 747 2712 803 fortitudinis
2760 747 2954 814 robur,
2993 744 3232 816 justitize
3269 744 3701 799 sanctitatem.
3753 742 3903 795 Bac

2121 841 2277 896 enim
2306 843 2460 907 sunt,
2490 853 2621 909 qua:
2650 839 2867 891 nubem
2888 834 3177 889 fortunam
3208 837 3553 888 metuentes
3590 845 3755 886 vere
3794 845 3905 882 no-

2123 934 2238 984 stra
2258 928 2446 983 dicere
2477 926 2792 981 audemus:
2824 939 2956 995 quae
2984 921 3032 976 si
3051 921 3363 976 Albicerius
3390 921 3502 975 ille
3534 918 3905 985 didicisset,

2123 1031 2446 1087 nunquam,
2480 1013 2624 1069 mihi
2663 1012 2850 1079 crede,
2882 1017 3007 1071 tam
3048 1009 3335 1065 luxuriose
3372 1006 3907 1076 deformiterque

2125 1104 2371 1159 vixisset.
2420 1102 2585 1167 Quod
2629 1106 2824 1155 autem
2869 1099 3033 1165 dixit,
3086 1114 3260 1169 quem
3299 1111 3553 1152 versum
3614 1095 3905 1149 volveret

2127 1194 2319 1250 animo
2348 1195 2445 1249 ille
2475 1211 2507 1249 a
2534 1210 2647 1266 quo
2675 1193 3110 1259 consulebatur;
3140 1206 3327 1262 neque
3354 1191 3478 1245 hoc
3508 1192 3693 1259 puto
3744 1187 3908 1241 inter

2128 1299 2218 1339 res
2247 1287 2467 1339 nostras
2494 1298 2618 1338 esse
2645 1280 3105 1338 numerandum:
3138 1295 3255 1334 non
3282 1294 3400 1350 quo
3424 1293 3685 1349 negem
3707 1276 3904 1331 hone-

2129 1372 2405 1427 stissimas
2427 1370 2756 1443 disciplinas
2776 1370 2849 1425 ad
2874 1368 3284 1441 possessionem
3309 1366 3677 1439 quamdam
3712 1366 3912 1419 nostri

2130 1462 2310 1516 animi
2335 1460 2641 1531 pertinere,
2677 1460 2778 1515 sed
2802 1460 2934 1530 quia
2967 1472 3197 1512 versum
3232 1455 3504 1511 alienum
3538 1452 3765 1509 etiam
3802 1454 3914 1506 im-

2131 1544 2494 1621 peritissimis
2549 1563 2752 1603 canere
2798 1564 2863 1602 ac
2918 1545 3292 1618 pronuntiare
3345 1558 3751 1599 concessum
3808 1546 3915 1596 est.

2133 1640 2378 1709 Ideoque
2407 1637 2541 1692 talia
2566 1652 2699 1692 cum
2726 1636 2789 1691 in
2816 1634 3157 1690 memoriam
3184 1637 3450 1688 nostram
3481 1632 3917 1695 incurret-int,

2134 1743 2253 1782 non
2279 1726 2492 1782 mirum
2522 1730 2630 1793 est,
2660 1724 2710 1778 si
2738 1723 2937 1779 sentiri
2967 1726 3204 1793 possunt
3231 1722 3303 1776 ab
3332 1721 3526 1791 hujus
3564 1720 3757 1774 aeris
3788 1722 3915 1773 ani-

2136 1815 2381 1871 malibus
2409 1812 2753 1885 quibusdam
2781 1811 3091 1877 vilissimis,
3119 1826 3261 1881 quos
3284 1810 3631 1864 daemonas
3665 1816 3918 1874 vocant,

2138 1922 2171 1960 a
2195 1904 2404 1976 quibus
2429 1919 2533 1958 nos
2557 1902 2814 1974 superari
2844 1900 3108 1956 acumine
3133 1915 3197 1954 ac
3217 1898 3564 1954 subtilitate
3600 1914 3913 1953 sensuum

2136 2009 2302 2065 posse
2346 1991 2613 2058 concedo,
2658 1989 2880 2045 ratione
2925 1992 3119 2043 autem
3161 2003 3351 2058 nego;
3399 1991 3613 2058 atque
3666 1987 3741 2041 id
3791 1987 3915 2040 ﬁeri

2140 2081 2330 2137 nescio
2359 2096 2473 2150 quo
2502 2080 2672 2135 modo
2714 2076 3093 2133 secretissimo
3138 2081 3310 2147 atque
3338 2091 3373 2128 a
3413 2074 3682 2129 nostris
3717 2076 3914 2130 sensi-

2139 2170 2247 2225 bus
2290 2168 2690 2224 remotissimo.
2740 2168 2864 2222 Non
2903 2166 3081 2232 enim,
3119 2163 3169 2217 si
3226 2164 3523 2218 miramur
3584 2164 3913 2235 apiculam

2140 2259 2310 2315 melle
2338 2258 2544 2330 posito,
2574 2256 2765 2312 nescio
2794 2271 2909 2326 qua
2926 2253 3227 2324 sagacitate
3249 2268 3365 2323 qua
3386 2252 3761 2308 hominem
3790 2253 3914 2307 vin-

2142 2348 2238 2411 cit,
2288 2346 2440 2402 unde
2484 2345 2778 2411 advolare;
2822 2342 2951 2397 ideo
2998 2357 3125 2397 eam
3162 2340 3329 2396 nobis
3356 2356 3796 2413 praeponere,
3822 2352 3915 2396 aut

2143 2436 2346 2491 saltem
2374 2448 2707 2505 comparare
2744 2432 3040 2487 debemus.

2214 2528 2302 2580 21.
2336 2526 2534 2595 Itaque
2575 2522 2782 2577 vellem
2822 2520 3005 2590 magis
3033 2518 3139 2574 iste
3160 2517 3514 2584 Albicerius,
3560 2519 3660 2573 ab
3706 2535 3787 2573 eo
3822 2520 3913 2589 qui

2147 2614 2362 2671 discere
2408 2616 2663 2683 cuperet,
2704 2612 3085 2680 interrogatus
3128 2608 3256 2679 ipsa
3295 2612 3496 2662 metra
3551 2607 3911 2675 docuisset;

2147 2705 2237 2759 vel
2265 2706 2491 2758 coactus
2523 2718 2557 2755 a
2582 2699 2859 2771 quopiam
2887 2697 3297 2764 consultorum,
3327 2696 3397 2752 de
3428 2712 3503 2751 re
3535 2696 3687 2752 sibi
3723 2699 3913 2752 statim

2146 2790 2438 2863 proposita
2482 2805 2679 2845 versus
2721 2786 2982 2860 proprios
3023 2785 3341 2841 cecinisset.
3378 2784 3567 2848 Quod
3615 2786 3909 2843 eumdem

2150 2877 2509 2933 Flaccianum
2559 2891 2712 2946 saepe
2755 2873 2964 2929 dixisse
3011 2874 3158 2927 soles
3203 2887 3747 2943 commemorare,
3786 2890 3909 2928 cura

2146 2964 2292 3020 illud
2312 2962 2682 3020 divinationis
2700 2978 2882 3034 genus
2899 2977 3111 3034 magna
3134 2960 3343 3016 mentis
3361 2960 3735 3018 altitudine
3754 2962 3903 3018 deri-

2147 3054 2307 3109 deret
2335 3058 2507 3125 atque
2534 3053 2871 3123 despiceret,
2900 3052 3073 3123 idque
3101 3050 3291 3106 nescio
3321 3048 3413 3104 cui
3449 3050 3555 3121 abj
3567 3051 3905 3106 ectissimar

2149 3143 2442 3210 animulae,
2469 3141 2546 3196 sic
2574 3141 2731 3196 enim
2775 3140 3017 3209 dicebat,
3062 3138 3360 3200 tribueret,
3408 3152 3542 3207 quo
3580 3138 3710 3194 ille
3742 3156 3901 3211 quas:

2150 3230 2352 3302 spiritu
2379 3230 2705 3285 admonitus
2732 3230 2822 3283 vel
2849 3228 3081 3283 inflatus
3108 3227 3233 3282 haec
3256 3226 3647 3295 respondere
3698 3229 3904 3283 solitus

2151 3322 2316 3373 esset.
2356 3318 2660 3383 Quaerebat
2698 3316 2858 3372 enim
2891 3316 2978 3371 vir
3005 3316 3103 3371 ille
3132 3314 3505 3370 doctissimus
3538 3316 3637 3372 ab
3691 3318 3773 3373 iis
3811 3318 3902 3389 qui

2149 3406 2287 3462 talia
2309 3406 2675 3473 mirarentur,
2706 3420 2848 3460 num
2877 3403 3308 3476 grammaticam
3336 3403 3425 3457 vel
3451 3406 3792 3461 musicam
3822 3406 3899 3459 vel

2152 3494 2571 3567 geometriam‘
2611 3494 2927 3550 Albicerius
2966 3498 3160 3564 posset
3194 3492 3439 3546 docere?
3488 3493 3664 3557 Quis
3715 3500 3899 3550 autem

2152 3586 2317 3641 illum
2345 3589 2553 3651 nosset,
2580 3588 2638 3640 et
2657 3600 2773 3639 non
2795 3583 3040 3639 istorum
3065 3581 3326 3637 omnium
3351 3582 3900 3653 imperitissimum

2152 3674 2462 3730 fateretur?
2508 3671 2889 3738 Quamobrem
2919 3671 2989 3726 ad
3025 3675 3348 3726 extremum
3391 3669 3812 3763 hortabatur,
3842 3678 3897 3725 ut
3990 3698 3991 3763 ξ

2155 3763 2377 3818 animos
2423 3777 2553 3816 suos
2581 3759 2623 3815 ii
2671 3759 2772 3833 qui
2815 3760 2954 3819 talia
2997 3758 3344 3826 didicissent,
3386 3756 3483 3812 illi
3526 3758 3897 3816 divinationi
3990 3756 3991 3777 ‘

2155 3851 2279 3908 sine
2317 3849 2672 3907 dubitatione
2716 3849 3074 3920 praeferrent,
3122 3848 3439 3918 darentque
3492 3862 3783 3919 operam
3820 3848 3897 3904 his

2156 3940 2469 4011 disciplinis
2489 3938 2768 3993 instruere
2787 3942 2959 4008 atque
2973 3935 3373 3992 adminiculari
3391 3950 3577 3991 suam
3599 3944 3895 3999 mentem.

2155 4028 2363 4101 quibus
2381 4027 2593 4083 aeriam
2610 4027 2777 4081 istam
2793 4024 3167 4080 invisibilium
3184 4023 3589 4080 animantium
3614 4032 3895 4083 naturam

2155 4117 2463 4183 transilire,
2489 4122 2548 4172 et
2575 4131 2703 4170 eam
2728 4115 3091 4185 supervolare
3117 4113 3505 4184 contingeret.

2157 4206 2383 4260 CAPUT
2423 4206 2563 4259 VIII.
2609 4234 2675 4245 —
2712 4205 2966 4259 Hariolus
3012 4219 3085 4257 an
3130 4205 3369 4272 sapiens,
3397 4207 3450 4256 et
3502 4205 3677 4272 quid
3710 4208 3789 4260 sit
3815 4221 3895 4259 sa-

2225 4296 2400 4363 piens.
2423 4294 2715 4362 Sapientia
2733 4292 3026 4362 descriptio
3046 4292 3255 4346 tuende
3272 4289 3775 4350 Academicorum
3792 4296 3895 4363 opi-

2226 4385 2379 4438 m’om’
2404 4382 2823 4437 accommodata.

2227 4474 2315 4526 22.
2343 4472 2467 4525 Jam
2495 4486 2587 4525 res
2633 4470 2843 4525 divina
2880 4485 3034 4539 cum,
3083 4467 3349 4524 omnibus
3385 4470 3893 4535 concedentibus,

2159 4560 2421 4615 meliores
2463 4558 2935 4630 augustioresque
2970 4559 3152 4614 multo
3194 4572 3371 4629 quam
3408 4556 3727 4616 humanas
3757 4561 3896 4621 sint;

2158 4665 2272 4721 quo
2298 4652 2464 4720 pacto
2495 4647 2591 4702 ille
2619 4663 2714 4702 eas
2738 4646 2964 4719 assequi
2982 4651 3225 4717 poterat,
3252 4645 3352 4717 qui
3384 4645 3527 4716 quid
3547 4656 3738 4705 esset
3758 4650 3892 4719 ipse.

2156 4736 2491 4793 nesciebat?
2527 4735 2645 4791 Nisi
2682 4735 2828 4791 forte
2865 4735 3153 4791 existimas
3191 4734 3400 4801 sidera,
3442 4751 3581 4804 quae
3624 4737 3894 4809 quotidie

2157 4825 2632 4897 contemplemur,
2671 4839 2946 4895 magnum
2988 4824 3260 4894 quiddam
3303 4838 3426 4877 esse
3469 4823 3537 4877 in
3565 4838 3895 4896 compara-

2156 4913 2311 4969 tione
2339 4912 2620 4969 verissimi
2648 4918 2705 4969 et
2732 4913 3093 4968 secretissimi
3115 4913 3237 4983 Dei,
3261 4928 3438 4984 quem
3465 4927 3609 4967 raro
3649 4916 3894 4969 fortasse
3984 4888 3985 4911 1

2156 5002 2499 5070 intellectus,
2530 5018 2727 5058 sensus
2757 5008 2950 5058 autem
2986 5002 3181 5058 nullus
3208 5000 3480 5072 attingit:
3514 5000 3659 5056 haec
3694 5007 3890 5058 autem

2157 5097 2366 5163 praesto
2395 5096 2526 5146 sunt
2551 5090 2732 5147 oculis
2754 5091 2981 5148 nostris.
3015 5092 3130 5146 Nec
3155 5091 3266 5145 ista
3285 5088 3467 5160 igitur
3489 5094 3640 5144 sunt
3676 5092 3788 5145 illa
3816 5090 3892 5145 di-

2157 5180 2289 5235 vina
2318 5181 2512 5252 qualia
2540 5197 2599 5236 se
2639 5181 2763 5235 sola
2789 5180 2933 5235 scire
2970 5179 3251 5251 sapientia
3278 5177 3588 5249 proﬁtetur
3618 5193 3638 5232 :
3674 5183 3889 5233 cetera

2158 5273 2350 5325 autem
2371 5270 2577 5340 quibus
2596 5269 2716 5339 isti,
2738 5268 2930 5325 nescio
2957 5269 3057 5339 qui
3074 5267 3417 5333 divinantes,
3446 5266 3540 5321 vel
3561 5267 3644 5322 ad
3668 5282 3881 5323 vanam

2153 5358 2508 5431 jactantiam,
2534 5359 2625 5413 vel
2654 5359 2725 5413 ad
2756 5362 3039 5431 quaestum
3058 5356 3398 5425 abutuntur,
3425 5371 3553 5426 pm
3582 5356 3883 5412 sideribus

2229 5457 2239 5484 '
2264 5457 2324 5504 In
2346 5457 2425 5515 B.,
2438 5455 2831 5517 geometricam.
2857 5455 2971 5503 Par.
2993 5454 3077 5503 Er.
3101 5453 3230 5503 Ven.
3250 5453 3394 5512 Lov.,
3416 5456 3791 5512 geometriam
3814 5452 3878 5499 tu.
