4062 6188
163 213 266 264 917

167 333 423 404 profecto
446 330 653 385 viliora
681 335 833 386 sunt.
868 332 991 386 Non
1012 332 1188 401 igitur
1213 332 1527 388 Albicerius
1550 350 1745 389 rerum
1757 334 1865 388 hu-

167 436 472 475 manarum
503 436 565 474 ac
594 420 917 474 divinarum
948 420 1200 475 scientiae
1254 422 1538 493 particeps
1593 422 1719 487 fuit,
1752 422 1865 475 fru-

162 513 398 579 straque
438 507 537 561 abs
566 510 620 561 te
650 507 758 561 isto
788 507 956 561 modo
987 508 1244 563 deﬁnitio
1268 514 1463 563 nostra
1497 514 1715 563 tentata
1762 514 1863 562 est.

166 600 459 651 Postremo
492 611 622 649 cum
662 595 942 666 quidquid
982 601 1192 666 prazter
1237 614 1328 650 res
1374 598 1655 651 humanas
1697 602 1866 668 atque

162 686 387 740 divinas
434 690 535 749 est,
578 701 680 737 nos
726 684 1062 739 vilissimum
1106 685 1311 739 ducere
1355 690 1409 739 et
1457 686 1692 739 omnino
1736 702 1868 739 con-

165 779 427 828 temnere
459 776 753 843 oporteat;
789 789 985 842 quwro
1017 772 1077 825 in
1093 773 1302 842 quibus
1326 774 1496 827 rebus
1524 780 1741 843 quaerat
1770 774 1863 827 ille

164 869 296 917 tuus
318 861 543 932 sapiens
572 860 910 915 veritatem?
936 862 1001 914 In
1025 861 1252 931 divinis,
1274 862 1352 914 ait
1372 862 1465 915 ille
1492 879 1504 915 :
1535 878 1669 915 nam
1688 862 1865 915 virtus

164 952 341 1006 etiam
372 951 432 1004 in
446 950 680 1004 homine
709 950 829 1003 sine
843 949 1197 1004 dubitatione
1220 950 1411 1004 divina
1440 955 1542 1005 est.
1562 953 1667 1004 llas
1688 950 1865 1020 igitur

164 1040 485 1095 Albicerius
508 1040 631 1109 jam
666 1038 897 1103 sciebat,
932 1055 1073 1108 quas
1102 1043 1234 1092 tuus
1272 1040 1496 1109 sapiens
1526 1056 1753 1109 semper
1782 1040 1865 1092 in-

163 1130 396 1201 quiret?
430 1129 575 1181 Tum
608 1126 893 1181 Licentius
924 1142 935 1180 :
973 1126 1217 1191 Divinas,
1250 1126 1349 1193 ait,
1396 1132 1453 1180 et
1482 1128 1574 1180 ille
1605 1134 1859 1191 noverat,

164 1220 268 1273 sed
299 1234 414 1271 non
438 1233 530 1271 eas
560 1232 687 1286 qua:
707 1231 740 1268 a
760 1215 1013 1285 sapiente
1027 1216 1353 1285 quaerendae
1383 1220 1533 1268 sunt.
1554 1215 1689 1279 Quis
1711 1216 1863 1269 enim

160 1322 281 1359 non
312 1307 525 1358 evertat
569 1318 801 1357 omnem
846 1301 1123 1372 loquendi
1165 1302 1658 1367 consuetudinem,
1712 1302 1757 1355 si
1803 1304 1854 1356 ei

164 1392 580 1447 divinationem
612 1389 903 1455 concedat,
940 1389 1155 1443 adimat
1179 1392 1195 1425 ¹
1228 1406 1317 1443 res
1343 1390 1578 1455 divinas,
1609 1407 1637 1443 0
1658 1391 1865 1460 quibus

167 1480 446 1537 divinatio
476 1478 771 1533 nominata
802 1479 933 1532 est?
964 1479 1149 1541 Quare
1180 1477 1279 1531 illa
1299 1484 1481 1531 vestra
1503 1479 1780 1544 deﬁnitio,
1806 1479 1865 1532 ni

160 1572 355 1633 fallor,
376 1569 562 1622 nescio
591 1567 731 1638 quid
762 1566 917 1621 aliud
948 1567 1100 1637 quod
1130 1567 1200 1620 ad
1232 1566 1570 1636 sapientiam
1602 1583 1716 1620 non
1740 1584 1864 1637 per-

161 1661 398 1726 tineret,
427 1656 675 1711 inclusit.

234 1751 325 1801 23.
377 1748 521 1800 Tum
576 1742 924 1814 Trygetius:
973 1742 1381 1796 Deﬁnitionem
1430 1743 1618 1805 istam,
1652 1744 1861 1813 inquit,

156 1830 450 1897 defendet,
485 1830 531 1884 si
556 1830 774 1896 libebit,
802 1830 897 1884 ille
915 1830 1015 1900 qui
1035 1831 1293 1901 protulit.
1313 1833 1471 1885 Nunc
1484 1832 1627 1885 mihi
1652 1836 1711 1885 tu
1736 1832 1862 1885 volo

156 1920 531 1990 respondeas,
560 1924 627 1973 ut
654 1919 883 1973 tandem
915 1920 983 1973 ad
1014 1919 1072 1972 id
1103 1920 1257 1989 quod
1303 1920 1511 1989 agitur,
1544 1920 1858 1975 veniamus.

156 2009 340 2063 Isthic
370 2024 517 2069 sum,
551 2007 741 2077 inquit
768 2008 864 2061 ille
902 2024 915 2061 :
951 2009 1134 2061 Dasne
1164 2008 1262 2074 ait,
1306 2008 1655 2061 Albicerium
1699 2009 1863 2062 scisse

156 2096 405 2150 verum?
439 2097 542 2160 Do,
568 2094 783 2165 inquit.
820 2094 1018 2147 Melior
1046 2094 1224 2165 igitur
1253 2099 1351 2148 tuo
1384 2094 1657 2164 sapiente.
1694 2096 1861 2149 Nullo

155 2185 361 2247 modo,
393 2184 473 2237 ait
498 2183 627 2237 ille:
652 2199 785 2236 nam
816 2182 967 2251 quod
1001 2198 1181 2251 genus
1209 2182 1327 2236 veri
1355 2182 1581 2252 sapiens
1600 2182 1861 2253 inquirit,

158 2290 288 2328 non
318 2274 505 2325 solum
538 2266 636 2325 ille
674 2272 887 2324 delirus
918 2271 1198 2339 hariolus,
1248 2272 1344 2325 sed
1377 2287 1447 2325 ne
1478 2271 1599 2341 ipse
1630 2272 1865 2342 quidem

158 2362 398 2433 sapiens
428 2362 567 2415 dum
599 2361 662 2414 in
689 2361 796 2415 hoc
834 2376 1073 2430 corpore
1115 2360 1266 2413 vivit.
1312 2360 1631 2430 assequitur
1663 2377 1675 2414 :
1711 2362 1865 2431 quod

158 2458 363 2505 tamen
394 2454 615 2504 tantum
639 2452 744 2515 est,
777 2452 838 2503 ut
862 2449 1041 2502 multo
1082 2449 1151 2501 sit
1178 2449 1557 2518 praestabilius
1586 2450 1692 2504 hoc
1716 2465 1864 2503 sem-

160 2556 273 2612 per
304 2554 582 2609 quearere,
616 2553 791 2608 quam
821 2536 965 2590 illud
986 2537 1297 2607 aliquando
1323 2537 1599 2591 invenire.
1632 2538 1867 2591 Necesse

159 2634 273 2695 est,
309 2628 388 2681 ait
416 2625 734 2697 Trygetius,
768 2630 832 2679 ut
859 2625 1005 2679 mihi
1050 2625 1111 2678 in
1145 2625 1424 2695 angustiis
1471 2626 1726 2680 deﬁnitio
1769 2625 1866 2680 illa

161 2715 487 2772 subveniat.
523 2715 660 2778 Quae
686 2713 731 2767 si
764 2717 1067 2783 propterea
1088 2713 1192 2767 tibi
1221 2714 1422 2767 vitiosa
1451 2714 1569 2767 visa
1598 2718 1700 2780 est,
1734 2714 1869 2785 quia

158 2806 467 2875 complexa
497 2808 583 2856 est
613 2819 745 2857 eum
764 2818 937 2873 quem
960 2818 1074 2855 non
1096 2819 1400 2872 possumus
1415 2819 1613 2856 vocare
1642 2803 1865 2872 sapien-

162 2900 286 2947 tem
318 2912 333 2958 ;
362 2906 559 2961 quaero
589 2895 787 2944 utrum
819 2906 946 2943 eam
972 2891 1201 2959 probes,
1232 2890 1278 2943 si
1309 2890 1642 2960 sapientiam
1674 2906 1867 2943 rerum

160 2985 558 3037 humanarum
610 2978 1050 3048 divinarumque
1099 2978 1392 3031 scientiam
1440 2978 1715 3043 dicamus,
1772 2978 1869 3031 sed

162 3086 371 3125 earum
402 3085 530 3139 quae
561 3068 630 3121 ad
657 3068 879 3121 beatam
935 3068 1108 3120 vitam
1160 3066 1503 3136 pertineant.
1540 3068 1652 3133 Est,
1684 3067 1871 3137 inquit

160 3153 285 3219 ille,
339 3157 395 3205 et
430 3152 539 3205 ista
583 3152 882 3222 sapientia,
907 3152 1003 3206 sed
1047 3168 1165 3206 non
1212 3152 1376 3205 sola:
1410 3152 1562 3205 unde
1608 3152 1869 3221 superior

162 3241 431 3297 deﬁnitio
467 3241 676 3296 invasit
704 3242 976 3307 alienum,
1007 3242 1130 3295 haec
1161 3244 1351 3295 autem
1376 3240 1670 3311 proprium
1707 3242 1868 3296 dese-

160 3331 287 3386 ruit
312 3347 325 3384 :
351 3347 527 3400 quare
553 3331 652 3384 illa
679 3330 952 3397 avaritiaa,
985 3330 1092 3383 ista
1121 3330 1374 3384 stultitiae
1401 3330 1632 3400 coargui
1661 3334 1864 3400 potest.

163 3420 399 3476 Etenim
429 3424 494 3474 ut
522 3420 643 3491 ipse
667 3421 788 3489 jam
819 3418 1097 3491 explicem
1128 3418 1458 3472 deﬁnitione
1475 3418 1628 3488 quod
1660 3417 1863 3483 sentio,

159 3508 452 3580 sapientia
475 3509 616 3562 mihi
647 3509 868 3562 videtur
901 3524 1019 3561 esse
1031 3523 1223 3561 rerum
1250 3507 1630 3560 humanarum
1658 3506 1873 3559 divina-

162 3612 436 3665 rumque,
480 3612 610 3667 quae
642 3597 713 3650 ad
738 3596 963 3649 beatam
984 3594 1160 3649 vitam
1189 3594 1670 3664 pertineant,non
1697 3594 1873 3648 scien-

161 3685 246 3739 tia
269 3686 476 3753 solum,
511 3686 609 3739 sed
641 3686 814 3739 etiam
842 3685 1083 3755 diligens
1112 3682 1429 3754 inquisitio.
1458 3684 1639 3747 Quam
1672 3683 1872 3737 descri-

162 3774 432 3845 ptionem
474 3774 519 3826 si
549 3773 751 3843 partiri
781 3774 938 3839 velis,
989 3772 1178 3844 prima
1221 3788 1354 3842 pars
1403 3788 1531 3841 quze
1573 3771 1872 3827 scientiam

163 3866 351 3928 tenet,
386 3862 485 3915 Dei
514 3867 631 3927 est;
665 3862 787 3915 haac
818 3866 1009 3915 autem
1036 3878 1163 3932 quae
1191 3861 1567 3931 inquisitione
1608 3865 1874 3914 contenta

165 3956 275 4018 est,
311 3950 581 4004 hominis.
618 3950 719 4003 Illa
746 3949 923 4020 igitur
945 3951 1111 4015 Deus,
1136 3950 1241 4003 hac
1270 3953 1461 4003 autem
1483 3950 1656 4003 homo
1674 3949 1873 4003 beatus

164 4046 274 4095 est.
307 4041 451 4093 Tum
477 4038 600 4092 ille:
621 4038 809 4103 Miror,
833 4037 1040 4107 inquit,
1061 4038 1556 4108 sapientemtuum
1584 4037 1873 4108 quomodo

165 4144 399 4182 asseras
420 4132 440 4162 ²
468 4127 679 4180 frustra
704 4142 937 4197 operam
965 4142 1319 4199 consumere.
1350 4126 1666 4190 Quomodo,
1690 4125 1877 4195 inquit

169 4215 490 4279 Licentius,
535 4214 745 4268 frustra
789 4220 1023 4286 operam
1071 4228 1407 4269 consumere
1452 4218 1492 4279 ³,
1543 4229 1670 4266 cum
1718 4217 1877 4266 tanta

168 4304 443 4359 mercede
462 4302 801 4373 conquirat?
822 4303 962 4357 Nam
990 4302 1099 4356 hoc
1118 4302 1241 4372 ipso
1264 4318 1376 4371 quo
1408 4300 1635 4372 quaerit,
1653 4300 1878 4369 sapiens

168 4397 297 4455 est;
361 4396 416 4443 et
465 4406 578 4461 quo
629 4390 875 4459 sapiens,
927 4405 994 4443 eo
1040 4388 1441 4442 beatuszcum
1492 4386 1560 4439 ab
1613 4386 1877 4439 omnibus

169 4478 488 4535 involucris
520 4478 777 4549 corporis
806 4482 1058 4532 mentem
1089 4480 1367 4547 quantum
1397 4479 1604 4546 potest,
1649 4475 1875 4541 evolvit,

170 4573 231 4624 et
268 4568 518 4638 seipsum
554 4567 613 4620 in
645 4566 1015 4636 semetipsum
1043 4565 1296 4635 colligit;
1335 4581 1464 4619 cum
1495 4582 1552 4618 se
1579 4580 1696 4617 non
1744 4580 1879 4634 per-

172 4656 356 4712 mittit
386 4656 791 4727 cupiditatibus
840 4654 1194 4720 laniandum,
1247 4653 1342 4707 sed
1389 4653 1448 4707 in
1494 4670 1552 4707 se
1601 4658 1769 4723 atque
1821 4652 1880 4704 in

175 4749 364 4801 Deum
396 4761 620 4814 semper
650 4744 993 4815 tranquillus
1022 4741 1339 4796 intenditur
1371 4758 1384 4796 :
1418 4746 1481 4796 ut
1510 4746 1565 4795 et
1586 4740 1698 4807 hic,
1732 4739 1882 4811 quod

173 4837 415 4890 beatum
452 4850 572 4887 esse
603 4849 776 4903 supra
825 4832 976 4885 inter
1020 4848 1124 4885 nos
1173 4830 1455 4903 convenit,
1500 4830 1717 4884 ratione
1752 4846 1881 4899 per-

172 4925 405 4979 fruatur
434 4943 448 4990 ;
479 4926 535 4976 et
563 4926 813 4976 extremo
845 4920 934 4974 die
979 4919 1112 4974 vitae
1177 4920 1246 4973 ad
1278 4919 1333 4973 id
1363 4919 1516 4989 quod
1564 4917 1884 4987 concupivit

175 5012 622 5083 adipiscendum
653 5008 971 5080 reperiatur
1018 5014 1286 5079 paratus;
1316 5008 1651 5077 fruaturque
1683 5006 1884 5060 merito

178 5100 383 5156 divina
411 5100 786 5163 beatitudine,
817 5099 915 5169 qui
945 5098 1198 5152 humana
1229 5098 1300 5150 sit
1329 5101 1459 5150 ante
1490 5096 1809 5166 perfruetus
1838 5096 1883 5150 ⁴.

246 5193 260 5225 ¹
290 5192 359 5239 Et
380 5189 604 5245 adimat,
639 5187 788 5249 juxta
822 5189 936 5235 Par.
965 5186 1049 5235 Er.
1085 5186 1223 5249 Ven.
1250 5186 1373 5234 Lov.
1408 5184 1475 5231 M.

247 5254 269 5286 9
290 5253 514 5307 Asteris,
546 5248 699 5311 juxta
724 5251 839 5297 Par.
876 5249 1005 5296 Ven.
1039 5250 1162 5296 Lov.
1183 5248 1251 5295 Μ.

246 5312 410 5361 3Editi
429 5306 679 5360 omittunt
696 5312 781 5359 hic
811 5311 930 5369 loci,
961 5320 1175 5371 operam
1201 5319 1509 5358 consumere
1542 5321 1551 5353 :
1580 5310 1775 5371 etiniox
1800 5306 1882 5371 ha:

182 5377 334 5432 bent,
364 5388 480 5423 cum
502 5378 718 5424 tantam
736 5368 1028 5423 mercedem
1054 5373 1365 5433 conquirat;
1392 5372 1619 5433 excepto
1635 5368 1736 5415 Bad
1748 5368 1883 5433 lqui

185 5451 311 5486 cum
335 5437 458 5484 Mss.
486 5436 714 5491 praefert,
744 5438 895 5484 tanta
928 5432 1179 5481 mereede’.
1212 5458 1272 5467 —
1307 5432 1390 5479 Sic
1418 5432 1573 5480 etiam
1602 5432 1720 5480 Par.
1752 5432 1822 5479 M.

249 5502 272 5533 ⁴
297 5500 374 5547 Ita
404 5498 458 5546 in
488 5494 632 5557 Mss,
662 5511 757 5561 pro
780 5510 885 5560 quo
910 5497 963 5544 in
993 5495 1121 5544 Edd.
1150 5494 1472 5558 perfruitus.

1643 212 1855 268 LIBER
1915 213 2197 271 PRIMUS.

3571 230 3672 281 918

2445 339 2669 396 CAPUT
2697 343 2783 396 IX.
2827 374 2893 381 —
2930 346 3215 413 Epilogus.

2050 428 2139 480 24.
2174 426 2319 480 Tum
2348 442 2477 495 ego,
2526 444 2656 482 cum
2701 431 2999 501 Trygetius
3044 434 3181 503 quid
3228 435 3333 488 sibi
3390 440 3534 489 esset
3582 453 3670 489 re-

1978 514 2378 582 spondendum
2410 516 2505 569 diu
2540 526 2820 587 quaereret
2856 537 2866 572 :
2902 523 3025 575 Non
3067 527 3229 591 puto,
3275 524 3531 593 inquam,
3576 525 3669 577 Li-

1978 602 2150 669 centi,
2187 603 2361 657 etiam
2388 611 2728 674 argumenta
2756 607 2887 661 huic
2935 611 3219 679 defutura,
3251 613 3297 665 si
3330 630 3459 665 eum
3492 613 3669 667 otiose

1978 706 2237 760 quzerere
2263 692 2661 762 permittamus
2696 711 2707 747 :
2740 696 2876 765 quid
2910 698 3063 751 enim
3106 700 3157 753 ei
3189 702 3383 769 quovis
3414 704 3535 755 loco
3567 704 3668 755 dc-

1976 779 2083 832 fuit
2112 780 2179 833 ad
2212 783 2725 851 respondendum?
2750 785 2892 838 Nam
2924 788 3111 855 primo
3144 790 3261 857 ipse
3292 790 3501 855 intulit,
3528 809 3669 861 quo-

1976 868 2132 921 niam
2151 869 2220 922 de
2246 868 2410 923 beata
2440 871 2552 923 vita
2581 873 2818 941 quaestio
2837 880 2969 927 nata
2999 880 3100 943 est,
3132 882 3187 930 et
3215 877 3445 931 beatum
3487 881 3667 932 solum

1976 971 2205 1011 necesse
2237 962 2322 1011 est
2360 975 2479 1013 esse
2512 961 2849 1029 sapientem,
2883 964 3165 1033 siquidem
3217 966 3454 1019 stultitia
3497 968 3669 1019 etiam

1976 1047 2284 1099 stultorum
2310 1047 2526 1115 judicio
2558 1050 2767 1103 misera
2821 1058 2943 1118 est;
2990 1054 3306 1121 perfectum
3355 1055 3669 1122 sapientem

1977 1148 2097 1186 esse
2154 1134 2379 1199 debere,
2424 1152 2539 1189 non
2583 1141 2775 1192 autem
2822 1140 3137 1207 perfectum
3187 1158 3304 1194 esse
3355 1143 3453 1209 qui
3488 1144 3669 1195 adhuc

1976 1238 2176 1275 verum
2208 1222 2345 1293 quid
2373 1223 2695 1293 sitinquirit
2720 1245 2733 1290 ;
2762 1228 2913 1280 unde
2940 1245 3011 1280 ne
3034 1229 3262 1281 beatum
3295 1230 3544 1299 quidem.
3570 1230 3669 1283 Cui

1976 1310 2099 1362 loco
2131 1315 2194 1363 tu
2223 1326 2352 1363 eum
2384 1311 2591 1363 molem
2627 1314 2992 1371 fauctoritatis
3038 1316 3331 1383 objiceres,
3382 1319 3615 1371 moleste
3653 1316 3671 1347 ί

1975 1399 2336 1468 aliquantum
2375 1400 2660 1455 Ciceronis
2710 1404 2941 1456 nomine
2978 1405 3363 1472 perturbatus,
3392 1392 3581 1459 tamen
3613 1425 3671 1459 se

1976 1487 2169 1540 statim
2202 1488 2399 1553 erexit,
2435 1494 2490 1541 et
2520 1506 2795 1557 generosa
2812 1492 3057 1561 quadam
3081 1494 3437 1547 contumacia
3468 1496 3526 1547 iu
3551 1512 3670 1548 ver-

1976 1575 2148 1629 ticem
2180 1575 2461 1629 libertatis
2482 1578 2711 1643 exsiliit,
2740 1596 3083 1649 rursumque
3100 1582 3342 1650 arripuit
3371 1583 3522 1651 quod
3553 1588 3673 1636 erat

1976 1664 2045 1717 de
2080 1666 2340 1718 manibus
2362 1665 2638 1719 violenter
2686 1684 2983 1721 excussum
3017 1686 3028 1723 :
3065 1671 3437 1740 quresivitque
3464 1671 3563 1723 abs
3592 1676 3668 1735 te,

1976 1758 2170 1807 utrum
2204 1753 2306 1806 tibi
2345 1754 2629 1823 perfectus
2659 1756 2757 1825 qui
2788 1757 2973 1810 adhuc
3010 1763 3309 1827 quaereret,
3344 1760 3669 1827 videretur;

1976 1846 2038 1895 ut
2069 1842 2114 1895 si
2144 1842 2399 1895 fatereris
2430 1860 2541 1897 non
2576 1860 2695 1897 esse
2725 1846 3060 1914 perfectum,
3100 1847 3171 1900 ad
3202 1850 3371 1916 caput
3424 1863 3671 1900 recurre-

1976 1936 2083 1996 ret,
2117 1932 2675 2002 demonstraretque,
2710 1934 2756 1985 si
2807 1939 3017 2003 posset,
3059 1951 3159 2004 per
3204 1936 3360 1987 illam
3391 1935 3671 1987 definitio-

1977 2036 2131 2086 nem,
2163 2020 2479 2089 perfectum
2510 2038 2629 2074 esse
2663 2022 2972 2088 hominem,
3010 2023 3109 2091 qui
3143 2024 3453 2076 secundum
3486 2024 3669 2092 legem

1977 2108 2187 2161 mentis
2211 2108 2383 2162 vitam
2398 2109 2743 2178 gubernaret
2770 2126 2781 2163 :
2811 2128 2872 2163 ac
2892 2113 3135 2180 perhoc,
3160 2112 3389 2165 beatum
3414 2111 3525 2164 nisi
3548 2128 3671 2180 per-
3730 2140 3731 2145 η

1978 2196 2191 2249 fectum
2222 2212 2341 2249 esse
2374 2212 2488 2249 non
2516 2212 2699 2266 posse.
2736 2200 2781 2250 Α
2812 2214 2925 2267 quo
2982 2203 3035 2251 te
3080 2199 3282 2268 laqueo
3321 2216 3450 2251 cum
3495 2215 3671 2268 expe-

1978 2284 2155 2338 disses
2185 2286 2405 2338 cautius
2441 2302 2614 2355 quam
2640 2286 2935 2355 putabam,
2962 2292 3017 2339 et
3040 2288 3354 2355 perfectum
3380 2287 3671 2339 hominem

1982 2373 2218 2440 diceres,
2254 2374 2653 2443 inquisitorem
2687 2374 3486 2444 diligentissimumveritatis;
3521 2374 3668 2443 ipsa-

1978 2478 2090 2531 que
2121 2462 2215 2514 illa
2248 2461 2605 2527 deﬁnitione,
2638 2478 2749 2532 qua
2780 2463 3005 2515 beatam
3035 2462 3211 2515 vitam
3250 2462 3407 2515 illam
3440 2462 3669 2515 demum

1980 2566 2101 2603 esse
2128 2549 2474 2615 dixeramus,
2520 2566 2649 2620 qua:
2694 2550 3005 2603 secundum
3054 2550 3339 2603 rationem
3384 2555 3668 2619 ageretur,

1978 2642 2041 2691 tu
2073 2637 2461 2708 prmﬁdentius
2495 2637 2861 2707 apertiusque
2889 2655 3202 2707 pugnasses
3228 2656 3239 2704 ;
3262 2638 3355 2691 ille
3386 2638 3487 2691 tibi
3508 2639 3671 2707 plane

1978 2726 2231 2797 reposuit
2250 2744 2261 2779 ε
2280 2742 2413 2779 nam
2427 2726 2720 2794 occupavit
2748 2725 3077 2795 praesidium
3094 2730 3277 2791 tuum,
3300 2727 3451 2778 unde
3473 2726 3672 2794 pulsus

1979 2814 2217 2870 omnino
2244 2830 2525 2867 summam
2553 2830 2746 2867 rerum
2776 2814 3205 2879 amiseras,nite
3237 2813 3481 2866 induciae
3503 2830 3671 2881 repa-

1979 2907 2215 2956 rassent.
2251 2902 2355 2955 Ubi
2387 2902 2541 2953 enim
2572 2917 2759 2955 arcem
2791 2902 3115 2954 locaverunt
3146 2901 3485 2965 Academici,
3530 2918 3671 2970 quo-

1980 3008 2107 3045 rum
2146 2990 2322 3043 tueris
2366 2990 2725 3056 sententiam,
2774 2990 2885 3043 nisi
2932 2990 2992 3042 in
3040 2990 3249 3043 erroris
3293 2990 3675 3043 deﬁnitione?

1980 3081 2117 3143 Quae
2143 3079 2245 3132 tibi
2276 3078 2384 3133 nisi
2416 3083 2582 3132 noctu
2614 3079 2851 3132 fortasse
2881 3094 2985 3147 per
3034 3078 3323 3131 somnium
3362 3078 3573 3131 rediret
3616 3077 3675 3129 in

1979 3173 2254 3236 mentem,
2280 3168 2399 3235 jam
2432 3166 2568 3236 quid
2607 3167 2978 3236 responderes
3011 3183 3126 3218 non
3152 3166 3421 3231 habebas,
3456 3182 3585 3219 cum
3616 3165 3673 3218 in

1982 3256 2317 3325 exponenda
2349 3255 2633 3309 Ciceronis
2662 3255 2943 3308 sententia
2977 3255 3223 3324 idipsum
3271 3258 3334 3307 tu
3384 3255 3503 3323 ipse
3549 3258 3677 3306 ante

1982 3342 2537 3399 commemoraveris.
2572 3343 2783 3396 Deinde
2810 3347 3042 3396 ventum
3070 3347 3151 3396 est
3182 3342 3252 3396 ad
3283 3342 3673 3396 deﬁnitionem

1983 3431 2299 3503 sapientiae,
2334 3447 2505 3501 quam
2531 3447 2659 3483 cum
2690 3435 2847 3484 tanta
2879 3430 3186 3484 calliditate
3218 3431 3553 3483 labefactare
3585 3448 3674 3482 co-

1982 3520 2220 3586 nareris,
2249 3524 2315 3572 ut
2337 3523 2434 3572 tua
2462 3519 2611 3571 furta
2637 3535 2741 3571 nec
2782 3519 2903 3587 ipse
2958 3519 3255 3571 auxiliator
3300 3522 3431 3571 tuus
3463 3517 3677 3570 Albico-

1982 3608 2101 3662 rius
2132 3609 2369 3661 fortasse
2401 3607 2913 3676 comprehenderet
2939 3625 2953 3672 ;
2986 3609 3199 3675 quanta
3227 3604 3331 3657 tibi
3360 3602 3674 3671 vigilantia,

1983 3692 2210 3764 quantis
2238 3691 2453 3745 viribus
2480 3690 2737 3744 restitit?
2758 3706 2928 3761 quam
2970 3694 3021 3742 te
3056 3706 3196 3759 pene
3229 3688 3465 3741 involvit
3506 3690 3677 3756 atque

1984 3780 2299 3850 depressit;
2332 3780 2441 3833 nisi
2473 3785 2765 3850 postremo
2799 3787 2854 3833 te
2885 3783 2983 3832 tua
3014 3777 3345 3832 deﬁnitione
3375 3793 3523 3830 nova
3538 3780 3679 3829 tuta-

1984 3869 2145 3935 reris,
2179 3868 2510 3938 diceresque
2540 3869 2853 3921 humanam
2900 3884 3019 3920 esse
3060 3867 3397 3937 sapientiam
3440 3864 3680 3935 inquisi-

1983 3956 2202 4011 tionem
2232 3956 2505 4022 veritatis,
2540 3972 2604 4009 ex
2621 3972 2733 4026 qua
2748 3955 3174 4026 propteranimi
3209 3954 3678 4023 tranquillitatem

1983 4044 2149 4097 beata
2164 4044 2278 4097 vita
2291 4044 2556 4113 continge
2566 4043 2685 4096 ret?
2701 4042 2838 4096 lluic
2852 4042 2955 4094 iste
2974 4058 3068 4095 seu
3078 4042 3269 4094 tentize
3284 4044 3430 4093 non2
3446 4055 3680 4107 respon-

1987 4132 2165 4200 debit,
2198 4132 2515 4202 prmsertim
2545 4132 2591 4183 si
2621 4131 2679 4184 in
2709 4131 3071 4200 proroganda
3100 4129 3211 4183 diei
3236 4129 3324 4181 vel
3355 4132 3513 4198 parte
3552 4143 3678 4195 qua:

1985 4225 2179 4287 restat,
2203 4220 2365 4273 reddi
2396 4219 2500 4273 sibi
2533 4218 2774 4288 gratiam
2807 4217 3138 4287 postulabit.

2057 4312 2145 4361 2:)"
2179 4308 2287 4361 Sed
2322 4323 2391 4361 ne
2424 4309 2658 4376 longum
2688 4306 2981 4372 faciamus,
3008 4307 3149 4375 jam,
3182 4304 3229 4355 si
3258 4304 3460 4373 placet,
3494 4316 3679 4353 sermo

1987 4397 2091 4450 iste
2124 4396 2441 4460 claudatur,
2488 4395 2547 4448 in
2595 4411 2708 4465 quo
2766 4392 3061 4447 immorari
3106 4392 3273 4445 etiam
3329 4392 3678 4457 superlluum

1986 4489 2151 4556 puto.
2192 4486 2447 4538 Tractata
2478 4484 2627 4537 enim
2660 4500 2749 4537 res
2779 4488 2863 4537 est
2891 4499 2994 4552 pro
3010 4482 3266 4548 suscepto
3288 4477 3512 4545 negotio
3527 4477 3682 4541 satis;

1991 4590 2119 4645 quze
2176 4578 2304 4643 post
2353 4588 2533 4643 pauca
2580 4573 2815 4627 omnino
2874 4573 3063 4641 posset
3117 4566 3289 4620 verba
3338 4564 3515 4631 ﬁniri,
3573 4565 3682 4619 nisi

1990 4678 2251 4716 exercere
2279 4679 2376 4715 vos
2410 4663 2627 4725 vellem,
2663 4674 2977 4728 nervosque
2998 4660 3212 4709 vestros
3242 4658 3299 4708 et
3326 4654 3532 4721 studia,
3556 4670 3683 4723 qua:

1990 4750 2133 4805 mihi
2166 4767 2374 4820 magna
2414 4755 2496 4803 est
2526 4765 2682 4816 cura,
2712 4748 3007 4816 explorare
3038 4772 3047 4797 :
3083 4760 3217 4797 nam
3244 4760 3373 4797 cum
3406 4742 3684 4795 instituis-

1992 4856 2111 4892 sem
2131 4855 2227 4892 vos
2249 4840 2318 4893 ad
2348 4837 2717 4908 quaerendam
2741 4836 3035 4889 veritatem
3065 4848 3413 4902 magnopere
3441 4830 3685 4895 hortari,

1992 4944 2276 4998 coeperam
2309 4944 2375 4981 ex
2405 4926 2565 4979 vobis
2604 4939 2858 4995 quaerere
2899 4925 3178 4992 quantum
3224 4919 3285 4973 in
3314 4936 3378 4973 ea
3410 4917 3686 4972 momenti

1992 5012 2283 5082 poneretis
2311 5028 2322 5065 :
2351 5026 2547 5064 omnes
2603 5012 2793 5061 autem
2835 5006 3105 5076 posuistis
3156 5008 3396 5067 tantum,
3449 5008 3512 5057 ut
3556 5003 3687 5071 plus

1995 5121 2111 5159 non
2144 5103 2481 5157 desiderem.
2517 5100 2658 5152 Nam
2690 5113 2817 5150 cum
2863 5096 3013 5150 beati
3050 5111 3167 5148 esse
3216 5093 3532 5163 cupiamus,
3566 5089 3687 5141 sive

1994 5196 2054 5250 id
2084 5192 2209 5248 ﬁeri
2238 5207 2354 5245 non
2384 5192 2567 5259 potest
2594 5186 2703 5240 nisi
2732 5186 2979 5254 inventa,
3010 5185 3123 5239 sive
3154 5199 3273 5237 non
3300 5180 3412 5235 nisi
3448 5177 3689 5245 diligen-

2062 5368 2076 5398 ι
2109 5358 2524 5417 Editi,modeste.
2541 5358 2605 5407 At
2625 5358 2744 5406 Mss.
2760 5357 2936 5405 decem
2966 5355 3161 5417 habent
3174 5350 3402 5417 moleste,
3420 5345 3687 5417 etmelius;

2001 5410 2187 5477 alludit
2208 5410 2395 5485 nempe
2426 5421 2751 5483 Augustinus
2781 5420 2843 5485 ad
2866 5418 3020 5485 illud1
3048 5415 3233 5464 molem
3258 5410 3605 5461 auctoritatis.

2061 5491 2081 5522 2
2104 5490 2238 5543 Par.,
2268 5480 2540 5535 sententia“
2566 5482 2909 5545 respondebit.
2976 5480 3043 5527 Μ.
