3996 6170
381 187 513 254 919

413 328 500 378 ter
565 319 805 392 quaesita
860 317 1132 383 veritate;
1185 315 1517 388 postpositis
1572 313 1787 367 caeteris
1844 311 2109 366 omnibus

416 411 607 476 rebus,
639 407 826 474 nobis,
859 407 903 460 si
937 406 1086 460 beati
1116 421 1237 459 esse
1275 405 1557 470 volumus,
1588 399 1973 471 perquirenda
2003 404 2106 454 est.

421 497 804 562 Quamobrem
829 496 947 566 jam
971 495 1158 558 istam,
1185 498 1250 546 ut
1281 492 1416 557 dixi,
1442 489 1889 560 disputationem
1914 487 2110 542 termi-

422 604 647 652 nemus,
681 591 736 640 et
763 586 999 639 relatam
1033 583 1092 636 in
1123 582 1338 634 litteras
1393 580 1707 643 mittamus,
1746 577 1980 645 Licenti,
2008 594 2113 648 po-

423 675 707 729 tissimum
763 673 910 744 patri
966 677 1084 736 tuo;
1134 671 1296 740 cujus
1348 684 1482 738 erga
1536 666 1960 738 philosophiam
1995 666 2115 735 jam

425 780 654 835 prorsus
700 762 955 815 animum
1022 764 1205 812 teneo.
1267 758 1374 812 Sed
1429 757 1615 810 adhuc
1664 773 1792 827 qua:
1833 755 2115 821 admittat,

427 867 622 921 quwro
653 851 957 902 fortunam.
996 847 1226 901 Incendi
1265 850 1454 900 autem
1487 846 1544 899 in
1575 846 1696 899 haec
1740 844 1924 898 studia
1950 845 2117 898 vehe-

428 939 673 990 mentius
705 936 935 1006 poterit,
962 951 1090 988 cum
1134 934 1382 1004 teipsum
1429 934 1550 1004 jam
1580 934 1862 987 intentum
1895 947 2119 986 mecum

1509 190 1789 245 CONTRA
1830 189 2301 253 ACADEMICOS,
2345 189 2399 243 S.
2443 188 2824 244 AUGUSTINI
3732 207 3797 255 {tiu

2223 311 2300 366 sic
2327 311 2534 376 vivere,
2568 327 2684 365 non
2704 311 2988 366 audiendo
3018 311 3222 378 solum,
3251 327 3442 367 verum
3463 315 3611 370 etiam
3630 317 3803 387 legendo

2223 400 2332 454 ista
2363 399 2711 470 cognoverit.
2743 399 2869 453 Tibi
2906 404 3095 454 autem
3126 400 3192 467 si,
3246 404 3310 454 ut
3338 401 3524 469 sentio,
3569 407 3807 460 Academici

2224 491 2472 559 placent,
2521 489 2668 543 vires
2713 489 2782 543 ad
2832 505 2928 543 eos
2973 488 3354 543 defendendos
3390 489 3654 545 validiores
3691 510 3808 562 para;

2226 594 2360 632 nam
2391 578 2517 631 illos
2547 594 2652 649 ego
2679 593 2808 631 reos
2851 577 3028 632 citare
3077 577 3296 632 decrevi
3329 580 3368 632 ¹.
3400 580 3525 642 Quae
3549 596 3661 633 cum
3685 593 3812 637 essent

2229 664 2396 730 dicta,
2430 663 2737 733 prandium
2769 668 3033 735 paratum
3061 679 3181 718 esse
3193 663 3575 718 annuntiatum
3595 671 3681 734 est,
3700 673 3811 738 atque

2229 759 2597 797 surrexrmus.

2295 833 2308 864 ι
2339 831 2580 893 Antiquae.
2610 829 2987 893 editionesmgu
3013 843 3267 880 arcusare
3289 831 3507 893 decrevi.
3538 830 3612 878 Sic
3625 833 3818 881 etiamali.

2231 896 2360 955 quot
2375 891 2497 940 Mss:
2515 892 2846 951 vetustiores,
2860 895 2948 954 qui
2969 892 3123 955 paulo
3137 897 3254 955 post
3273 906 3378 940 non
3399 891 3579 940 habent
3599 893 3690 941 haec
3700 899 3814 942 verti.

2229 955 2516 1017 prandium
2541 957 2803 1017 paratum
2828 967 2933 1003 esse
2955 957 3332 1004 annuntiatum
3364 957 3454 1010 est,
3483 957 3646 1016 atque.

1420 1125 1935 1246 LIBER
2028 1118 2934 1245 SECUNDUS.

493 1294 880 1342 Romanianum
903 1293 1240 1339 Maecenatem
1257 1303 1412 1337 suum
1434 1290 1497 1337 ad
1517 1291 1937 1352 amplectendam
1957 1287 2341 1352 philosophiam
2361 1299 2541 1352 rursus
2562 1298 2684 1333 cum
2705 1285 2836 1352 grati
2858 1284 3020 1333 animi
3042 1283 3421 1352 significatione
3439 1281 3670 1352 hortatur,
3685 1287 3821 1352 tresque

430 1355 503 1404 illi
539 1355 786 1403 describit
814 1353 1138 1409 collationes,
1172 1352 1224 1398 in
1251 1365 1473 1412 quarum
1510 1346 1677 1413 prima
1714 1346 2743 1413 explicanturgplacita‘Academicorum.
2782 1347 2839 1394 In
2871 1346 3103 1413 secunda
3136 1360 3284 1393 nova:
3321 1360 3381 1413 ac
3411 1346 3821 1413 ve_teris__Acadeum

433 1417 739 1465 discrimina
763 1415 1092 1472 referuntur;
1124 1407 1174 1461 et
1197 1407 1992 1475 exploditur'sententiaborum
2022 1407 2475 1475 pliilosoplmrum,
2498 1408 2726 1475 quicum
2749 1422 2939 1475 verum
2960 1408 3102 1475 haud
3134 1421 3286 1475 posse
3315 1407 3616 1475 deprehendi
3641 1413 3822 1469 putarent.

431 1479 537 1526 veri
569 1484 745 1526 tamen
775 1477 942 1525 simile
973 1489 1027 1524 se
1054 1469 1200 1536 sequi
1231 1469 1617 1536 profiterentur.
1651 1477 1712 1524 In
1742 1475 1893 1524 tertia
1923 1469 2114 1522 dicitur
2147 1469 2273 1535 quid
2304 1472 2378 1520 illi
2405 1469 2686 1519 verisimile
2711 1484 2801 1518 seu
2829 1470 3100 1533 probabile
3121 1469 3462 1532 appellarent.

437 1643 659 1696 CAPUT
697 1639 992 1694 PRIMUM.
1039 1670 1094 1676 —
1153 1639 1350 1693 Contra
1407 1638 1860 1692 Academicorum
1894 1642 2129 1693 rationes

968 1729 1063 1780 Dci
1092 1728 1304 1779 auxilio
1334 1741 1466 1795 opus
1505 1732 1602 1779 cst.

512 1821 560 1871 1.
611 1815 668 1870 Si
723 1831 896 1885 quam
945 1829 1176 1867 necesse
1235 1817 1320 1866 est
1375 1812 1676 1883 disciplina
1727 1817 1894 1883 atque
1952 1813 2130 1868 scien-

435 1903 516 1956 tia
542 1901 836 1972 sapientiae
858 1916 1099 1954 vacuum
1131 1916 1250 1952 esse
1301 1915 1414 1952 non
1459 1916 1621 1970 posse
1653 1899 1986 1970 sapientem,
2016 1905 2134 1954 tam

439 2008 563 2045 eam
594 2007 819 2044 necesse
847 1994 996 2044 esset
1023 1988 1278 2042 invenire
1293 1988 1430 2041 dum
1458 1988 1768 2058 quaeritur;
1798 1989 1984 2042 omnis
2005 2004 2134 2058 pro-

438 2080 585 2133 fecto
623 2078 1095 2151 Academicorum
1117 2077 1203 2129 vel
1235 2075 1540 2140 calumnia,
1574 2076 1660 2128 vel
1692 2076 2023 2145 pertinacia,
2047 2075 2130 2130 vel

438 2167 771 2238 pervicacia,
806 2167 914 2232 vel,
949 2171 1012 2219 ut
1034 2181 1138 2234 ego
1168 2163 1460 2217 interdum
1489 2162 1754 2229 arbitror,
1773 2179 2025 2234 congrua
2051 2163 2136 2218 illi

440 2254 686 2324 tempori
719 2253 884 2319 ratio,
915 2252 1083 2305 simul
1112 2267 1242 2304 cum
1261 2250 1386 2320 ipso
1410 2254 1689 2319 tempore,
1721 2255 1926 2304 etcum
1959 2251 2138 2321 ipsius

443 2341 743 2397 Carneadis
769 2339 1170 2406 Ciceronisque
1224 2338 1558 2407 corporibus
1586 2339 1807 2408 sepulta
1836 2339 1998 2393 foret.
2031 2339 2140 2394 Sed

445 2431 578 2501 quia
608 2431 720 2483 sive
761 2429 888 2482 vita:
938 2428 1108 2498 hujus
1148 2426 1343 2480 multis
1390 2426 1672 2497 variisque
1715 2428 2137 2496 jactationibus,

444 2519 817 2584 Romaniane,
849 2522 913 2570 ut
943 2517 998 2569 in
1041 2516 1240 2570 eodem
1271 2520 1326 2568 te
1357 2515 1585 2584 probas,
1618 2514 1731 2567 sive
1778 2515 2140 2585 ingeniorum

446 2608 694 2678 quodam
735 2611 986 2676 stupore,
1034 2605 1120 2657 vel
1169 2603 1422 2656 socordia
1475 2605 1562 2656 vel
1605 2602 1868 2656 tarditate
1907 2609 2138 2674 torpen-

444 2695 611 2761 tium,
636 2693 752 2746 sive
780 2691 1176 2762 desperatione
1221 2689 1588 2755 inveniendi;
1639 2691 1773 2760 quia
1824 2707 1937 2744 non
1967 2707 2142 2762 quam

446 2782 608 2836 facile
639 2781 815 2835 oculis
844 2781 952 2834 ista
983 2781 1102 2846 lux,
1146 2784 1265 2832 tam
1308 2778 1472 2832 facile
1517 2778 1804 2831 mentibus
1850 2778 2143 2848 sapientia:

447 2869 602 2923 sidus
627 2868 922 2934 oboritur;
953 2868 1068 2921 sive
1100 2867 1269 2920 etiam
1301 2867 1400 2936 qui
1445 2883 1604 2920 error
1649 2866 1907 2920 omnium
1964 2884 2145 2938 popu-

446 2956 635 3008 lorum
665 2959 769 3019 est,
802 2954 941 3007 falsa
986 2953 1256 3023 opinione
1306 2954 1554 3007 inventa:
1586 2970 1619 3006 a
1649 2971 1706 3006 se
1729 2955 1999 3019 veritatis,
2041 2971 2143 3008 nec

447 3043 753 3111 diligenter
782 3041 1039 3095 homines
1070 3046 1356 3112 quaerunt,
1373 3040 1420 3093 si
1437 3041 1535 3112 qui
1553 3047 1833 3112 quaerunt,
1867 3048 1922 3096 et
1946 3059 2147 3113 aquae-

450 3129 609 3183 rendi
650 3130 941 3182 voluntate
978 3133 1346 3194 avertuntur;
1391 3129 1580 3182 evenit
1633 3135 1693 3182 ut
1738 3131 1972 3184 scientia
2017 3148 2144 3184 raro

451 3215 762 3286 paucisque
809 3219 1109 3284 proveniat
1153 3231 1165 3267 :
1208 3231 1390 3284 eoque
1438 3216 1520 3283 lit,
1570 3221 1632 3269 ut
1678 3219 2146 3273 Academicorum

450 3318 629 3367 arma,
662 3301 891 3372 quando
924 3316 1055 3354 cum
1085 3301 1166 3354 eis
1198 3301 1266 3354 ad
1299 3317 1502 3355 manus
1528 3304 1772 3371 venitur,
1805 3322 1911 3359 nec
1933 3307 2147 3360 medio-

450 3391 639 3445 cribus
663 3389 818 3456 viris,
873 3390 972 3444 sed
1013 3388 1192 3442 acutis
1241 3393 1296 3442 et
1332 3391 1477 3443 bene
1523 3392 1782 3459 eruditis,
1829 3393 2037 3448 invicta
2091 3400 2149 3449 et

453 3478 616 3550 quasi
649 3477 919 3532 Vulcania
963 3477 1288 3531 videantur.
1337 3479 1724 3542 Quamobrem
1779 3487 1974 3535 contra
2022 3483 2147 3535 illos

453 3570 656 3623 ﬂuctus
684 3567 1075 3637 procellasque
1106 3565 1372 3636 fortunas,
1401 3583 1530 3621 cum
1561 3569 1939 3624 obnitendum
1976 3570 2147 3623 remis

455 3656 962 3728 qualiumcumque
1003 3654 1303 3721 virtutum,
1361 3660 1484 3710 tum
1533 3657 1595 3710 in
1638 3658 1837 3728 primis
1890 3658 2146 3713 divinum

453 3745 728 3800 auxilium
761 3743 919 3797 omni
947 3743 1242 3797 devotione
1275 3749 1443 3814 atque
1475 3745 1685 3815 pietate
1723 3747 2147 3818 implorandum

455 3837 574 3898 est;
608 3837 673 3886 ut
699 3831 940 3885 intentio
983 3831 1440 3884 constantissima
1490 3834 1776 3888 bonorum
1827 3835 2146 3889 studiorum

455 3925 646 3974 teneat
673 3934 900 3973 cursum
925 3934 1111 3984 suum,
1143 3935 1176 3971 a
1205 3935 1318 3989 quo
1340 3935 1468 3973 eam
1490 3921 1681 3975 nullus
1701 3939 1859 3977 casus
1880 3924 2146 3990 excutiat,

457 4007 767 4079 quominus
817 4005 974 4059 illam
1013 4005 1391 4077 phi1050phia3
1443 4008 1759 4063 tutissimus
1803 4012 2149 4081 jucundissi-

457 4114 698 4178 musque
730 4100 932 4168 portus
961 4095 1220 4166 accipiat.
1263 4098 1391 4151 Haec
1437 4098 1623 4168 prima
1665 4104 1762 4153 tua
1807 4117 1975 4155 causa
2031 4107 2145 4169 est;

457 4187 591 4242 hinc
613 4186 716 4241 tibi
746 4189 958 4251 metuo,
992 4185 1124 4239 hinc
1159 4189 1213 4239 te
1237 4186 1403 4256 cupio
1432 4186 1680 4256 liberari,
1713 4188 1863 4256 hinc,
1899 4189 1946 4242 si
1978 4191 2147 4244 modo

457 4276 666 4347 dignus
691 4275 800 4329 sim
831 4274 930 4346 qui
951 4275 1275 4346 impetrem,
1305 4276 1651 4346 quotidianis
1674 4278 1817 4332 votis
1847 4295 2013 4333 auras
2046 4279 2149 4333 tibi

456 4380 755 4436 prosperas
785 4378 946 4417 orare
977 4379 1094 4416 non
1123 4378 1277 4416 cesso
1306 4377 1319 4431 ;
1353 4380 1451 4418 oro
1489 4370 1679 4418 autem
1731 4366 1913 4436 ipsam
1939 4368 2150 4421 summi

458 4453 559 4507 Dei
589 4452 865 4506 Virtutem
892 4455 1059 4521 atque
1107 4451 1472 4521 Sapientiam.
1504 4453 1650 4516 Quid
1675 4461 1758 4509 est
1787 4455 1941 4510 enim
1971 4458 2145 4524 aliud,

457 4557 630 4612 quem
657 4539 926 4610 mysteria
954 4538 1115 4592 nobis
1143 4539 1376 4593 tradunt
1405 4540 1506 4594 Dei
1535 4542 1739 4596 Filium
1759 4545 1786 4595 ‘?

528 4631 579 4682 2.
613 4628 850 4681 Multum
871 4631 1064 4680 autem
1093 4643 1185 4681 me
1211 4627 1504 4699 adjuvabis
1517 4645 1619 4698 pro
1646 4635 1700 4684 te
1726 4631 2145 4702 deprecantem,

457 4715 633 4768 sinon
647 4731 748 4768 nos
761 4714 1018 4769 exaudiri
1034 4731 1198 4784 posse
1214 4716 1502 4786 desperes,
1519 4717 1832 4788 uitarisque
1853 4721 2149 4776 nobiscum

456 4807 512 4858 et
540 4807 604 4857 tu
631 4818 746 4856 non
775 4804 960 4856 solum
991 4803 1151 4870 votis,
1186 4805 1282 4858 sed
1313 4805 1486 4859 etiam
1516 4806 1824 4873 voluntate,
1859 4813 2028 4879 atque
2056 4810 2150 4864 illa

455 4896 556 4946 tua
582 4891 828 4946 naturali
860 4891 1067 4944 mentis
1093 4892 1411 4959 altitudine,
1444 4899 1678 4966 propter
1711 4912 1882 4966 quam
1916 4903 1969 4950 te
1999 4915 2154 4969 quie-

455 4997 539 5047 ro,
573 4995 687 5050 qua
710 4979 1073 5049 singulariter
1113 4981 1381 5050 delector,
1413 4999 1584 5054 quam
1617 5001 1841 5054 semper
1877 4986 2149 5052 admiror,

456 5085 585 5140 qua:
612 5069 672 5122 in
701 5072 776 5134 te,
810 5068 953 5138 proh
985 5068 1177 5122 uefasl
1213 5070 1323 5123 illis
1345 5088 1536 5126 rerum
1565 5073 2004 5128 domesticarum
2044 5093 2149 5129 nu-

454 5157 621 5212 bibus
649 5154 811 5228 quasi
865 5155 1084 5208 fulmen
1139 5157 1462 5225 involvitur,
1497 5164 1554 5214 et
1603 5161 1832 5228 multos,
1881 5177 1945 5215 ac
2000 5179 2147 5231 pene

455 5261 652 5300 omnes
681 5245 820 5300 latet
847 5259 860 5298 :
895 5258 986 5297 me
1016 5247 1227 5310 autem,
1261 5249 1316 5298 et
1343 5247 1541 5314 alium,
1573 5249 1660 5302 vel
1693 5247 1946 5314 tertium,
1980 5250 2145 5304 fami-

453 5334 932 5399 liarissimostuos
962 5331 1136 5386 latere
1162 5349 1278 5387 non
1308 5339 1513 5407 potest,
1529 5336 1627 5407 qui
1647 5354 1798 5408 saape
1823 5354 1937 5392 non
1959 5340 2144 5393 solum

454 5426 665 5476 attente
695 5422 1016 5478 audivimus
1047 5436 1343 5483 murmura
1377 5430 1494 5488 tua,
1527 5426 1621 5480 sed
1659 5426 1828 5481 etiam
1860 5429 2139 5482 nonnulla

2239 1637 2469 1706 fulgura
2495 1635 2830 1690 fulminibus
2855 1635 3126 1706 propiora
3144 1634 3556 1706 conspeximus.
3583 1635 3696 1699 Quis
3709 1637 3826 1700 enim,

2244 1730 2304 1778 ut
2333 1729 2536 1779 caetera
2562 1741 2664 1795 pro
2682 1729 2941 1794 tempore
2970 1729 3184 1778 taceam
3200 1728 3448 1778 etunum
3463 1740 3827 1788 commemorem;

2242 1813 2391 1884 quis,
2420 1813 2677 1884 inquam,
2710 1818 2827 1866 tam
2860 1812 3046 1867 subito
3084 1829 3335 1883 unquam
3382 1817 3592 1867 tantum
3641 1813 3829 1868 intonuit.

2242 1907 2583 1972 tantumque
2613 1903 2831 1955 lumine
2857 1902 3066 1956 mentis
3095 1901 3351 1967 emicuit,
3385 1908 3449 1956 ut
3487 1901 3583 1955 sub
3610 1905 3736 1954 uno'
3768 1902 3828 1954 fre-

2244 1990 2385 2044 mitu
2422 1991 2682 2061 rationis,
2714 1997 2770 2045 et
2797 1991 3048 2062 quodam
3089 1990 3477 2044 coruscamine
3516 1990 3830 2060 temperantia,

2243 2094 2359 2132 uno
2393 2078 2484 2132 die
2497 2078 2595 2132 illa
2621 2079 2805 2148 pridie
2819 2079 3125 2132 smvissima
3144 2079 3376 2149 penitus
3395 2078 3560 2132 libido
3580 2081 3831 2132 moreretur?

2247 2168 2466 2236 Ergone
2480 2183 2597 2220 non
2614 2172 2876 2238 erumpet
2887 2167 3196 2238 aliquando
3215 2167 3324 2221 ista
3341 2168 3528 2231 virtus,
3544 2172 3594 2220 et
3614 2167 3831 2220 multorum

2247 2256 2670 2326 desperantium
2697 2256 2841 2309 risus
2870 2256 2931 2308 in
2960 2256 3253 2310 horrorem
3275 2261 3660 2326 stuporcmque
3678 2270 3831 2308 conver-

2246 2348 2362 2408 tet;
2395 2348 2450 2397 et
2480 2345 2664 2397 locuta
2683 2344 2742 2396 in
2755 2344 2922 2397 terris
2945 2345 3104 2414 quasi
3134 2345 3399 2414 quasdam
3419 2343 3832 2411 futurorumsigna.

2249 2448 2444 2485 rursus
2474 2434 2728 2502 projecto
2750 2433 2921 2486 totius
2953 2433 3206 2503 corporis
3236 2448 3413 2486 onere
3459 2436 3682 2485 recurret
3706 2431 3748 2482 in
3775 2445 3834 2480 rm—

2250 2521 2415 2573 lum‘?
2447 2522 2666 2590 Ergone
2696 2521 3046 2590 Augustinus
3089 2522 3157 2574 de
3199 2521 3548 2575 Romaniano
3587 2520 3753 2573 frustra
3773 2519 3834 2569 ista

2249 2609 2434 2663 dixit?
2463 2610 2586 2663 Non
2616 2609 2762 2662 sinet
2800 2610 2894 2663 ille
2915 2609 3006 2663 cui
3045 2626 3134 2663 me
3167 2615 3352 2664 totum
3395 2610 3542 2674 dedi,
3572 2624 3713 2680 quem
3738 2621 3832 2658 nunc

2251 2712 2651 2767 recognoscere
2683 2697 3043 2767 aliquantum
3074 2698 3240 2768 ccepi.

2251 2802 2474 2856 CAPUT
2506 2804 2577 2857 ΙΙ.
2604 2831 2666 2840 -
2700 2803 3042 2857 Romaniano
3081 2805 3230 2868 grati
3255 2805 3432 2857 animi
3465 2804 3732 2870 obsequium
3747 2799 3838 2852 crti-

2500 2890 2602 2958 bet,
2634 2906 2856 2958 eumque
2884 2892 2958 2944 ad
2985 2892 3387 2961 philosophiam
3427 2893 3670 2946 hortatur.

2325 2999 2375 3050 3.
2412 2997 2557 3066 Ergo
2590 2997 2900 3066 aggredere
2961 3013 3185 3051 mecum
3229 2998 3668 3068 philosophiam:
3700 2993 3764 3047 hic
3793 2994 3837 3042 est
3918 3052 3919 3068 ἦ

2253 3083 2533 3154 quidquid
2562 3089 2615 3138 te
2646 3085 2877 3139 anxium
2904 3101 3074 3156 saepe,
3136 3093 3307 3156 atque
3371 3087 3692 3141 dubitantem
3730 3081 3838 3134 mira-
3918 3081 3919 3106 ῖ

2253 3172 2444 3225 biliter
2475 3173 2619 3225 solet
2649 3189 2896 3226 movere.
2934 3174 3056 3227 Non
3087 3173 3239 3227 enim
3273 3181 3472 3229 metuo
3504 3179 3593 3227 aut
3619 3190 3644 3226 a
3669 3167 3839 3223 socordia

2255 3275 2503 3324 morum,
2531 3261 2942 3315 autatarditate
2963 3261 3180 3332 ingenii
3201 3261 3303 3316 tui.
3331 3263 3467 3327 Quis
3481 3262 3674 3316 enimte
3691 3256 3838 3329 quando

2257 3349 2614 3419 aliquantum
2648 3350 2927 3420 respirare
2957 3367 3287 3405 concessum
3335 3356 3438 3415 est,
3479 3351 3536 3405 in
3582 3345 3840 3403 sermonibus

2249 3437 2428 3489 notris
2456 3437 2823 3506 vigilantior?
2855 3437 2982 3507 quis
2997 3437 3531 3508 acutiorapparuit?
3558 3439 3739 3506 Ergone
3771 3427 3838 3500 ftibi

2255 3524 2494 3594 gratiam
2526 3540 2643 3578 non
2672 3526 3029 3594 repensabo?
3049 3542 3120 3580 an
3161 3527 3404 3581 fortasse
3430 3526 3694 3596 paululum
3708 3515 3840 3574 debeo?

2256 3614 2334 3666 Tu
2370 3629 2458 3666 me
2478 3613 2968 3667 adolescentulum
2990 3630 3301 3684 pauperem
3340 3616 3411 3669 ad
3435 3604 3840 3685 percgrina’studia

2256 3706 2612 3771 pergentem,
2644 3707 2700 3755 et
2716 3703 2884 3756 domo
2903 3706 2958 3756 et
2988 3708 3240 3773 sumptu,
3270 3708 3348 3769 et,
3375 3703 3522 3774 quod
3543 3702 3656 3772 pius
3673 3705 3751 3758 est,
3768 3693 3840 3746 ani-

2257 3804 2350 3841 mo
2382 3788 2668 3858 excepisti.
2715 3791 2796 3843 Tu
2844 3794 3003 3860 patre
3035 3790 3295 3843 orbatum
3344 3790 3586 3844 amicitia
3619 3785 3841 3840 consolatus

2257 3892 2338 3944 es,
2369 3877 2687 3930 hortatione
2739 3877 3024 3940 animasti,
3067 3893 3172 3948 ope
3219 3878 3502 3948 adjuvisti.
3541 3879 3614 3931 Tu
3649 3875 3696 3928 in
3723 3873 3841 3925 nostro

2255 3964 2378 4034 ipso
2409 3964 2742 4034 municipio,
2765 3965 2978 4031 favore,
3007 3966 3414 4034 familiaritate,
3437 3958 3841 4020 communicatione

2258 4053 2461 4106 domus
2491 4058 2602 4106 tuae
2625 4070 2768 4123 pene
2797 4059 2982 4108 tecum
3009 4055 3224 4108 clarum
3253 4055 3654 4126 primatemque
3681 4044 3841 4103 mefeci-

2256 4141 2344 4194 sti.
2377 4143 2459 4196 Tu
2477 4143 2874 4211 Carthaginem
2903 4143 3230 4197 illustrioris
3260 4142 3618 4214 professionis
3644 4136 3782 4210 gratia
3795 4147 3843 4184 re-

2259 4234 2565 4294 meantem,
2595 4247 2721 4283 cum
2754 4230 2856 4284 tibi
2896 4231 2999 4284 soli
3032 4236 3051 4266 ³
3074 4236 3125 4284 et
3158 4247 3422 4286 meorum
3464 4231 3594 4285 nulli
3637 4222 3841 4281 consilium

2258 4334 2451 4371 meum
2481 4335 2754 4389 spemque
2785 4321 3152 4389 aperuissem,
3181 4322 3442 4390 quamvis
3470 4319 3769 4389 aliquantum
3789 4309 3845 4360 illo

2258 4405 2362 4460 tibi
2394 4407 2585 4471 insito,
2618 4408 2753 4478 quia
2778 4408 2858 4460 ibi
2882 4409 3002 4477 jam
3026 4409 3318 4474 docebam,
3352 4409 3545 4480 patrias
3581 4418 3739 4460 amore
3760 4413 3844 4450 cun-

2258 4499 2438 4548 ctatus
2467 4511 2524 4548 es
2559 4511 2571 4548 :
2605 4501 2795 4548 tamen
2831 4496 2929 4549 ubi
2959 4496 3215 4550 evincere
3251 4495 3611 4552 adolescentis
3649 4488 3844 4561 CUpidita-

2259 4587 2396 4651 tem,
2426 4583 2496 4636 ad
2526 4599 2592 4637 ea
2622 4600 2749 4654 qute
2773 4583 3111 4639 videbantur
3139 4586 3376 4641 meliora
3409 4583 3684 4646 tendentis,
3711 4571 3845 4644 nequi-

2261 4672 2363 4738 sti;
2394 4689 2460 4725 ex
2493 4672 2853 4726 dehortatore
2891 4674 2947 4727 in
2979 4675 3300 4744 adjutorem
3358 4676 3498 4728 mira
3533 4662 3846 4727 benevolentia

2261 4761 2648 4814 moderatione
2705 4777 3005 4815 conversus
3052 4778 3128 4816 es.
3159 4765 3267 4816 'Tu
3318 4761 3626 4816 necessariis
3661 4751 3846 4809 omnibus

2261 4849 2369 4903 iter
2398 4849 2813 4903 adminiculasti
2835 4867 3046 4904 meum.
3074 4853 3156 4905 Tu
3176 4851 3385 4905 ibidem
3410 4866 3607 4912 rursus,
3636 4843 3715 4916 qui
3732 4851 3846 4893 cuna-

2261 4937 2413 5003 bula,
2439 4942 2494 4990 et
2524 4936 2684 5007 quasi
2716 4937 2915 4990 nidum
2937 4938 3255 4993 studiorum
3287 4953 3536 4993 meorum
3560 4927 3846 4995 foveradexm

2260 5024 2448 5077 volare
2481 5025 2741 5078 audentis
2772 5026 3097 5080 sustentasti
3129 5027 3466 5081 rudimenta.
3495 5028 3571 5080 Tu
3597 5021 3738 5076 etiam
3760 5023 3845 5066 cum

2258 5116 2312 5165 te
2337 5113 2566 5167 absente
2607 5118 2777 5185 atque
2807 5115 3104 5184 ignorante
3136 5116 3504 5186 navigassem,
3532 5111 3656 5167 nihil
3681 5115 3846 5159 succen-

2323 5255 2333 5285 ¹
2369 5254 2604 5310 Quatuor
2625 5255 2767 5312 Mss.,
2805 5256 2919 5307 illo.

2317 5316 2336 5379 ἓ
2367 5316 2422 5379 In
2454 5316 2574 5365 Mss.
2608 5319 2921 5378 pervetustis
2956 5320 3099 5367 deest
3124 5333 3244 5376 vox,
3275 5323 3562 5379 peregrina.

2251 5377 2349 5487 se;
2371 5367 2623 5486 Sipjuxta
2651 5392 2835 5429 omnes
2865 5381 3016 5439 Edd.,
3049 5367 3244 5443 praeter.
3269 5367 3342 5440 Βξ,
3366 5367 3623 5444 inquibus
3655 5367 3843 5421 omittitur
