3996 6170
164 216 266 266 {l‘ll

163 334 328 386 seris1
347 332 499 403 quod
521 346 638 385 non
658 335 849 386 tecum
862 332 1374 387 communicassem
1396 337 1460 387 ut
1484 333 1747 398 solerem,
1781 338 1865 387 at-

163 438 283 491 que
318 420 471 474 aliud
502 420 728 490 quidvis
758 436 931 490 quam
962 421 1377 474 contumaciam
1409 422 1679 492 suspicas,
1715 438 1868 474 man-

162 509 296 563 sisti
343 509 712 563 inconcussus
748 509 810 562 in
864 508 1147 576 amicitia;
1191 526 1293 563 nec
1337 511 1463 580 plus
1505 516 1637 565 ante
1677 510 1869 564 oculos

164 601 303 651 tuos
332 597 497 650 liberi
528 596 738 651 deserti
791 613 823 650 a
874 597 1171 667 magistro,
1208 613 1380 668 quam
1421 603 1630 653 nostras
1662 597 1869 652 mentis

159 685 486 756 penetralia
526 685 857 755 puritasque
887 691 1105 739 versata
1135 690 1243 741 est.

241 775 298 828 4.
333 776 625 828 Postremo
655 772 935 844 quidquid
968 774 1036 827 de
1071 774 1185 828 otio
1231 790 1357 829 meo
1412 775 1579 828 modo
1611 775 1868 845 gaudeo;

162 863 328 932 quod
376 879 407 915 a
444 861 865 931 superfluarum
913 863 1291 933 cupiditatum
1344 863 1585 917 vinculis
1634 863 1867 928 evolavi,

160 950 326 1021 qod
358 950 630 1021 depositis
659 952 930 1005 oneribus
954 958 1311 1006 mortuarum
1328 969 1614 1018 curarum,
1631 952 1868 1022 respiro,

163 1037 469 1106 resipisco,
493 1038 665 1091 redeo
695 1038 763 1092 ad
788 1054 907 1105 me;
943 1039 1099 1109 quod
1124 1055 1320 1110 quaero
1350 1040 1761 1094 intentissimus
1778 1055 1869 1092 ve-

163 1125 424 1191 ritatem,
471 1126 628 1196 quod
673 1126 931 1180 invenire
963 1127 1084 1196 jam
1130 1126 1441 1196 ingredior,
1494 1128 1648 1197 quod
1680 1143 1769 1181 me
1801 1126 1869 1179 ad

164 1229 468 1267 summum
494 1214 683 1283 ipsum
702 1215 937 1268 modum
967 1219 988 1251 ²
1014 1219 1421 1284 perventurum
1453 1231 1573 1269 esse
1603 1214 1829 1269 conﬁdo
1854 1232 1870 1277 ;

164 1306 239 1355 tu
274 1302 558 1369 animasti,
590 1306 650 1357 tu
680 1302 981 1373 impulisti,
1013 1308 1075 1357 tu
1104 1303 1310 1358 fecisti.
1346 1304 1517 1374 Cujus
1545 1310 1735 1357 autem
1768 1302 1872 1356 mi~

164 1390 359 1444 nister
404 1390 597 1457 fueris,
640 1392 767 1461 plus
807 1392 990 1446 adhuc
1020 1392 1130 1445 ﬁde
1164 1392 1416 1463 concepi,
1453 1408 1622 1462 quam
1654 1390 1874 1445 ratione

167 1478 609 1548 comprehendi.
642 1479 784 1533 Nam
814 1494 946 1533 cum
978 1495 1227 1549 praesens
1270 1479 1543 1549 praesenti
1569 1478 1672 1532 tibi
1703 1494 1874 1547 expo-

165 1567 421 1620 suissem
452 1565 752 1621 interiores
792 1571 977 1621 motus
1006 1567 1183 1621 animi
1209 1568 1323 1621 mei
1352 1568 1451 1637 (a),
1481 1567 1875 1622 vehementer-

166 1672 295 1726 que
324 1672 386 1709 ac
415 1656 621 1725 saepius
650 1672 981 1722 assererem,
1007 1657 1225 1709 nullam
1254 1656 1395 1709 mihi
1426 1656 1602 1710 videri
1645 1672 1877 1725 prospe-

167 1761 305 1798 ram
336 1745 644 1810 fortunam,
676 1744 785 1797 nisi
815 1761 943 1815 qum
990 1744 1173 1799 otium
1203 1744 1647 1814 philosophandi
1678 1744 1875 1811 daret;

166 1833 401 1886 nullam
427 1832 654 1887 beatam
685 1832 881 1900 vitam,
914 1832 1025 1887 nisi
1058 1849 1169 1903 qua
1195 1832 1254 1886 in
1280 1832 1642 1902 philosophia
1663 1830 1878 1883 vivere-

165 1925 311 1975 tur:
345 1920 441 1974 sed
480 1936 570 1975 me
602 1925 759 1975 tanto
789 1936 1053 1975 meorum
1084 1938 1278 1986 onere,
1319 1936 1563 1991 quorum
1596 1935 1659 1973 ex
1691 1916 1878 1971 ofﬁcio

167 2024 313 2061 meo
346 2007 458 2061 vita
492 2007 790 2076 penderet,
822 2007 1134 2078 multisque
1160 2007 1604 2073 necessitatibus,
1633 2006 1720 2059 vel
1751 2002 1877 2057 vani

166 2096 300 2150 mei
337 2095 593 2165 pudoris,
622 2097 709 2149 vel
734 2095 942 2166 ineptae
972 2112 1236 2150 meorum
1273 2095 1521 2149 miseriae
1563 2092 1876 2147 refrenari:

169 2191 304 2237 tam
334 2200 541 2253 magno
590 2200 648 2237 es
689 2184 870 2237 elatus
899 2183 1127 2253 gaudio,
1162 2188 1277 2237 tam
1313 2188 1508 2237 sancto
1538 2182 1710 2250 hujus
1756 2182 1883 2233 vita:

167 2272 574 2327 inflammatus
619 2272 841 2341 ardore,
890 2276 954 2326 ut
997 2276 1052 2325 te
1101 2272 1335 2338 diceres,
1388 2273 1434 2325 si
1462 2275 1527 2325 tu
1555 2271 1625 2324 ab
1656 2270 1883 2323 illarum

170 2361 650 2431 importunarum
667 2360 854 2415 litium
872 2360 1108 2414 vinculis
1125 2360 1319 2431 aliquo
1342 2360 1509 2414 modo
1534 2359 1881 2423 eximereris,

175 2448 386 2503 omnia
402 2464 528 2502 mea
549 2448 772 2502 vincula
803 2448 975 2502 etiam
1004 2448 1337 2518 patrimonii
1366 2447 1449 2503 tui
1474 2462 1695 2503 mecum
1714 2446 1887 2516 parti-

175 2537 475 2608 cipatione
506 2541 828 2607 rupturum.

350 2627 546 2697 Itaque
595 2642 724 2679 cum
772 2626 999 2680 admoto
1058 2625 1223 2680 nobis
1272 2625 1469 2679 fomite
1518 2623 1884 2690 discessisses,

176 2732 489 2787 nunquam
522 2715 865 2769 cessavimus
912 2714 1202 2768 inhiantes
1236 2715 1298 2767 in
1328 2713 1770 2784 philosophiam,
1805 2716 1887 2765 at-

178 2820 303 2875 que
331 2804 490 2858 illam
520 2803 693 2856 vitam
725 2818 853 2874 quae
881 2803 1147 2856 internos
1176 2802 1389 2873 placuit
1406 2807 1575 2872 atque
1604 2799 1888 2861 convenit,

176 2891 595 2965 prorsusnihil
626 2891 778 2946 aliud
806 2891 1056 2962 cogitare
1081 2908 1092 2944 :
1126 2894 1295 2960 atque
1328 2890 1384 2944 id
1415 2894 1742 2944 constanter
1760 2890 1891 2959 qui-

181 2982 345 3048 dem,
371 2981 467 3035 sed
495 2980 683 3034 minus
723 2980 930 3034 acriter
958 2979 1299 3049 agebamus;
1328 2980 1671 3048 putabamus
1700 2984 1891 3032 tamen

182 3069 329 3123 satis
354 3085 457 3122 nos
475 3084 663 3139 agere.
681 3069 744 3122 Et
758 3068 1029 3139 quoniam
1057 3068 1316 3121 nondum
1338 3067 1536 3121 aderat
1552 3083 1617 3120 ea
1638 3067 1889 3132 ﬂamma,

184 3174 323 3229 quas
352 3173 574 3210 summa
587 3173 692 3211 nos
724 3161 1020 3227 arreptura
1044 3160 1199 3221 erat;
1226 3156 1500 3225 illamque
1522 3157 1676 3209 lenta
1696 3160 1894 3209 aestua-

186 3249 419 3315 bamus,
438 3246 857 3300 arbitrabamur
874 3246 957 3299 vel
977 3261 1096 3298 esse
1118 3244 1449 3298 maximam.
1478 3245 1619 3299 Cum
1645 3260 1769 3297 ecce
1793 3243 1895 3297 tibi

192 3335 329 3389 libri
357 3334 589 3404 quidam
620 3334 793 3404 pleni,
829 3339 893 3388 ut
922 3334 1001 3387 ait
1030 3334 1303 3399 Celsinus,
1334 3333 1510 3386 bonas
1531 3349 1621 3386 res
1646 3332 1895 3386 arabicas

191 3425 299 3479 ubi
328 3425 667 3478 exhalarunt
694 3424 752 3477 in
784 3441 907 3490 nos,
942 3424 1041 3477 ubi
1072 3423 1155 3476 illi
1188 3424 1500 3477 llammulae
1546 3423 1897 3477 instillarunt

191 3511 599 3584 pretiosissimi
613 3512 890 3580 unguenti
909 3516 1097 3581 guttas
1120 3512 1487 3579 paucissimas
1509 3528 1521 3577 ;
1540 3510 1895 3574 incredibile,

196 3600 578 3666 Romaniane,
602 3600 954 3665 incredibile,
988 3604 1043 3652 et
1068 3600 1215 3653 ultra
1240 3615 1413 3670 quam
1439 3600 1506 3654 de
1539 3615 1629 3652 me
1659 3599 1897 3652 fortasse

195 3694 259 3743 et
292 3693 349 3742 tu
369 3688 584 3755 credis;
620 3688 755 3758 quid
789 3688 1033 3757 amplius
1057 3688 1238 3742 dicam
1262 3688 1289 3740 ?
1320 3688 1491 3742 etiam
1521 3687 1665 3741 mihi
1690 3687 1798 3758 ipsi
1829 3686 1897 3741 de

194 3776 422 3847 meipso
462 3775 797 3831 incredibile
840 3776 1167 3831 incendium
1218 3776 1598 3831 concitarunt.
1637 3776 1774 3840 Quis
1807 3792 1898 3830 me

194 3873 340 3920 tunc
366 3866 567 3931 honor,
595 3882 723 3936 qum
753 3865 1053 3919 hominum
1080 3882 1315 3936 pompa,
1358 3882 1488 3936 quae
1519 3865 1702 3919 inanis
1731 3866 1900 3919 fama;

195 3954 503 4024 cupiditas,
537 3955 689 4025 quod
720 3954 967 4024 denique
1004 3955 1176 4024 hujus
1206 3955 1463 4008 mortalis
1502 3953 1633 4008 vitae
1680 3954 1899 4007 fomen-

197 4050 329 4097 tum
360 4049 530 4114 atque
555 4043 935 4097 retinaculum
953 4043 1349 4097 commovebat
1366 4046 1395 4096 ‘?
1408 4044 1642 4096 Prorsus
1672 4047 1819 4097 totus
1842 4042 1902 4095 in

201 4149 298 4187 me
331 4132 539 4186 cursim
566 4132 846 4187 redibam.
872 4132 1110 4203 Respexi
1142 4135 1385 4197 tantum,
1411 4132 1705 4194 conﬁteor,
1741 4129 1903 4202 quasi

199 4222 278 4275 de
306 4220 506 4274 itinere
531 4220 587 4273 in
609 4220 765 4274 illam
796 4221 1157 4291 religionem,
1184 4236 1314 4291 quae.
1334 4219 1527 4290 pueris
1549 4219 1713 4274 nobis
1736 4220 1904 4273 insita

202 4314 313 4375 est,
346 4313 400 4362 et
430 4309 760 4364 medullitus
792 4309 1116 4380 implicata:
1150 4325 1348 4362 verum
1392 4312 1584 4361 autem
1642 4307 1765 4377 ipsa
1814 4324 1905 4362 me

203 4399 281 4453 ad
328 4416 385 4452 se
438 4399 785 4453 nescientem
842 4398 1116 4468 rapiebat.
1170 4398 1367 4468 Itaque
1398 4395 1667 4462 titubans,
1698 4412 1904 4466 prope—

277 4507 291 4539 ¹
308 4505 423 4553 Am.
438 4506 520 4553 Er.
531 4503 798 4563 ,nonm‘hil
808 4515 1122 4563 succensens,
1136 4503 1328 4566 quibus
1341 4502 1697 4565 suffragantur
1708 4501 1908 4565 aliquot

206 4568 334 4617 Mss.
367 4567 598 4615 melioris
638 4570 793 4615 nota}.

276 4631 295 4663 ²
320 4629 469 4677 Er.et
482 4627 712 4686 Lov.,ad
726 4629 902 4690 ipsum
919 4640 1189 4677 summum
1214 4628 1419 4677 bonum.
1441 4626 1542 4675 Sed
1569 4624 1904 4690 meliusBad.

207 4693 326 4739 Am.
358 4695 424 4739 et.
454 4691 576 4738 Mss.
607 4688 967 4753 pleriquetad
994 4703 1266 4753 summum
1288 4692 1464 4753 ipsum
1492 4688 1733 4747 modum,
1758 4688 1910 4753 idest

209 4754 277 4801 ad
308 4750 653 4815 sapientiam;
677 4750 831 4815 juxta
860 4752 1021 4815 illud,
1046 4753 1185 4815 quod
1220 4750 1354 4815 circa
1388 4752 1527 4815 idem
1568 4754 1771 4815 tempus
1801 4750 1907 4815 (lis:

210 4810 420 4863 serebat
446 4816 600 4876 Aug,
630 4810 715 4862 lib.
732 4814 795 4861 de
811 4815 966 4861 Beata
978 4810 1104 4876 vita,
1120 4815 1216 4862 sub
1242 4814 1396 4862 ﬁnem
1418 4828 1427 4860 :
1451 4810 1756 4876 «Sapientia
1778 4810 1908 4876 nihil

212 4898 235 4917 ‹«
266 4881 347 4925 est
375 4876 515 4923 aliud
532 4872 707 4938 ‘quam
738 4876 927 4923 modus
950 4875 1130 4933 animi,
1159 4876 1257 4938 hoc
1287 4880 1367 4923 est
1380 4888 1485 4937 quo
1498 4872 1609 4938 sese
1630 4872 1912 4938 animusli-

210 4957 239 4983 «
272 4940 404 4996 brat,
438 4942 497 4985 ut
520 4935 693 5000 neque
725 4942 965 4986 excurrat
994 4937 1047 4985 in
1078 4937 1320 5000 nimium,
1366 4935 1536 5000 neque
1557 4935 1721 5000 _i_ufra
1751 4948 1908 4997 quam

211 5018 239 5043 ‹‹
278 5000 489 5059 plenum
515 4996 939 5047 est—coarctetur.
973 5016 1000 5045 ››
1030 5027 1086 5033 -—
1114 4999 1198 5048 Sic
1223 5000 1378 5046 etiam
1414 4996 1527 5045 Par.
1556 4996 1626 5043 Μ.

278 5062 351 5121 ((ι)
383 5062 710 5124 Romaniano
729 5065 985 5124 praesente
1004 5075 1130 5109 usus
1143 5058 1594 5124 fueratMediolani
1607 5062 1727 5124 ante
1742 5072 1909 5106 annos

208 5120 420 5171 circiter
436 5123 588 5181 duos,
616 5120 979 5185 quo—tempore
1011 5123 1073 5185 de
1099 5122 1367 5185 communi
1392 5122 1508 5185 vita
1525 5120 1757 5168 ineunda
1785 5134 1907 5185 cum

210 5185 397 5232 amicis
414 5183 756 5245 deliberabat,
772 5183 908 5233 libIG
926 5184 1069 5232 Conf.
1087 5199 1129 5233 c.
1152 5187 1223 5233 14.
1260 5183 1650 5231 «Romanianus
1662 5183 1907 5239 maxime,

211 5265 239 5289 ‹‹
272 5248 666 5309 communiceps
692 5244 887 5304 uester,
902 5260 1056 5309 quem
1071 5250 1197 5293 tunc
1210 5259 1394 5309 graves
1408 5248 1565 5292 aestus
1578 5244 1911 5309 negotiorum

215 5328 239 5351 ι(
273 5322 491 5356 suorum
523 5309 587 5356 ad
601 5307 905 5358 comitatum
919 5307 1261 5363 attraxerant,
1286 5308 1351 5355 ab
1372 5307 1588 5355 ineunte
1611 5310 1763 5355 aetate
1783 5307 1910 5354 mihi

213 5388 241 5415 ‹‹
277 5370 717 5419 familiarissimus
735 5388 747 5431 ;
764 5371 853 5431 qui
879 5370 1105 5417 maxime
1120 5369 1351 5418 instabat
1364 5368 1485 5417 huic
1498 5369 1589 5427 rei,
1603 5372 1654 5416 et
1666 5382 1909 5431 magnam

214 5448 241 5477 α
264 5433 316 5480 in
344 5433 615 5497 suadendo
646 5430 872 5497 habebat
892 5432 1279 5497 auctoritatem,
1310 5432 1447 5493 quod
1486 5431 1659 5493 ampla
1685 5430 1769 5478 res
1795 5430 1909 5493 ejus

219 5516 239 5533 ‹‹
278 5494 503 5543 multum
536 5496 738 5544 caeteris
764 5495 1017 5544 anteibat.
1054 5514 1069 5531 κ

1606 210 1820 266 LIBER
1861 208 2246 267 SECUNDUS.

3575 226 3678 277 9'22

1980 350 2132 398 rans,
2187 335 2457 390 hmsitans
2507 336 2721 408 arripio
2776 340 3101 409 apostolum
3155 342 3415 397 Paulum.
3477 346 3671 416 Neque

1982 424 2133 477 enim
2154 439 2283 477 vere
2309 425 2417 491 isti,
2455 426 2710 497 inquam,
2734 430 2888 481 tanta
2917 430 3257 499 potuissent,
3287 431 3674 504 vixissentque

1982 511 2079 577 ita,
2114 517 2177 565 ut
2213 528 2312 566 eos
2341 514 2545 568 vixisse
2577 515 2941 571 manifestum
2978 524 3080 584 est,
3111 518 3158 571 si
3206 535 3405 573 eorum
3447 521 3674 575 Litterie

1980 603 2149 669 atque
2187 601 2433 656 rationes
2453 603 2586 657 huic
2606 609 2762 657 tanto
2785 606 2934 660 bono
2959 608 3415 665 adversarentur.
3450 611 3672 681 Perlegi

1983 692 2168 742 totum
2204 692 2580 746 intentissime
2620 698 2790 764 atque
2822 695 3144 749 cautissime
3177 709 3213 750 ι.

2053 779 2103 830 6.
2135 779 2289 832 Tunc
2317 796 2449 834 vero
2481 783 3005 853 quantulocumque
3032 785 3152 853 jam
3183 785 3397 839 lumine
3427 802 3674 856 asperso,

1981 871 2137 921 tanta
2168 884 2226 920 se
2256 869 2399 923 mihi
2427 870 2799 941 philosophia:
2830 872 2999 925 facies
3043 874 3283 943 aperuit,
3326 880 3390 928 ut
3432 891 3549 928 non
3585 874 3676 928 di-

1983 974 2104 1012 cam
2138 956 2260 1024 tibi,
2293 958 2393 1027 qui
2422 959 2543 1027 ejus
2572 958 2875 1029 incognitas
2907 960 3052 1014 fame
3084 978 3309 1032 semper
3339 962 3546 1029 arsisti,
3579 962 3677 1014 sed

1982 1047 2027 1100 si
2074 1047 2182 1116 ipsi
2212 1047 2531 1101 adversario
2564 1052 2681 1113 tuo,
2712 1065 2744 1101 a
2772 1064 2885 1118 quo
2918 1050 3105 1103 nescio
3131 1056 3323 1104 utrum
3354 1050 3485 1120 plus
3517 1066 3674 1103 exer-

1984 1135 2160 1187 cearis
2191 1150 2365 1204 quam
2394 1135 2745 1205 impediaris,
2772 1152 2893 1190 eam
2920 1138 3310 1192 demonstrare
3324 1138 3636 1208 potuissem
3659 1154 3672 1201 ;

1987 1240 2075 1277 nec
2107 1225 2199 1277 ille
2222 1228 2277 1276 et
2306 1223 2485 1291 baias,
2514 1228 2570 1276 et
2604 1240 2828 1277 amoena
2858 1226 3117 1293 pomaria
3138 1226 3181 1291 ³,
3225 1231 3279 1279 et
3317 1225 3555 1280 delicata
3584 1225 3675 1278 ni-

1986 1312 2216 1383 tidaque
2247 1312 2523 1378 convivia,
2556 1316 2613 1365 et
2656 1312 2993 1367 domesticos
3031 1313 3357 1379 histriones,
3390 1318 3677 1384 postremo

1988 1400 2268 1471 quidquid
2305 1415 2436 1453 eum
2467 1400 2672 1453 acriter
2699 1406 3021 1455 commovet
3050 1402 3110 1454 in
3138 1418 3524 1472 quascumque
3546 1401 3683 1455 deli-

1988 1490 2118 1553 cias,
2153 1488 2425 1558 abjiciens
2469 1493 2523 1542 et
2549 1488 2901 1559 relinquens,
2937 1489 3000 1543 ad
3036 1489 3155 1559 ejus
3192 1488 3679 1559 pulchritudinem

1988 1577 2229 1632 blandus
2260 1582 2479 1630 amator
2508 1582 2563 1630 et
2582 1582 2829 1642 sanctus,
2853 1577 3087 1643 mirans,
3112 1578 3406 1643 anhelans,
3439 1581 3685 1630 aestuans

1989 1667 2296 1721 advolaret.
2330 1667 2505 1721 habet
2540 1666 2694 1719 enim
2725 1671 2782 1719 et
2810 1666 2926 1733 ille,
2958 1667 3105 1736 quod
3155 1665 3545 1719 conﬁtendum
3575 1667 3683 1731 est,

1990 1756 2279 1827 quoddam
2320 1755 2489 1809 decus
2533 1754 2729 1820 animi,
2775 1755 2862 1807 vel
2909 1754 3103 1824 potius
3145 1754 3362 1807 decoris
3396 1752 3558 1823 quasi
3597 1767 3683 1804 se-

1990 1848 2243 1899 mentem
2275 1849 2314 1910 ',
2349 1842 2502 1914 quod
2543 1858 2844 1912 erumpere
2873 1842 2936 1894 in
2962 1858 3154 1895 veram
3198 1840 3684 1912 pulchritudinem

1992 1934 2198 1998 nitens,
2229 1936 2484 1985 tortuose
2515 1947 2579 1984 ac
2608 1930 2941 1984 deformiter
2966 1930 3116 1983 inter
3153 1930 3350 1984 scabra
3391 1930 3680 1991 vitiorum,

1994 2027 2049 2077 et
2077 2022 2228 2075 inter
2251 2020 2586 2092 opinionum
2616 2018 2903 2073 fallacium
2942 2019 3174 2073 dumeta
3214 2017 3518 2072 frondescit
3547 2032 3561 2070 :
3592 2020 3685 2069 ta-

1995 2127 2125 2165 men
2171 2127 2287 2164 non
2313 2114 2492 2163 cessat
2519 2108 2900 2174 frondescere,
2935 2112 2989 2160 et
3018 2106 3214 2177 paucis
3257 2111 3417 2160 acute
3456 2122 3521 2158 ac
3559 2104 3689 2159 dili-

1995 2205 2196 2271 genter
2224 2201 2283 2254 in
2309 2200 2483 2254 densa
2512 2198 2865 2252 intuentibus
2886 2200 3164 2267 quantum
3187 2195 3395 2249 sinitur
3415 2194 3688 2248 eminere.

1996 2289 2132 2342 lnde
2164 2292 2247 2342 est
2274 2289 2373 2341 illa
2402 2286 2775 2356 hospitalitas,
2810 2285 2942 2339 inde
2974 2285 3033 2338 in
3076 2284 3346 2339 conviviis
3374 2283 3556 2336 multa
3584 2282 3692 2335 hu-

1996 2376 2287 2431 manitatis
2308 2375 2699 2439 condimenta,
2718 2375 2850 2428 inde
2866 2375 2989 2444 ipsa
3010 2373 3312 2444 elegantia,
3327 2372 3500 2436 nitor,
3525 2386 3692 2423 mun-

1999 2464 2232 2519 dissima
2258 2464 2429 2517 facies
2459 2479 2650 2517 rerum
2679 2463 2959 2529 omnium,
2990 2462 3308 2531 etundique
3338 2463 3539 2515 cuncta
3562 2474 3692 2529 per-

1998 2554 2243 2607 fundens
2272 2553 2623 2606 adumbrata:
2652 2552 2961 2606 venustatis
2991 2550 3301 2604 urbanitas.

2000 2643 2222 2697 CAPUT
2251 2642 2350 2695 IlI.
2379 2672 2445 2680 —
2487 2641 2859 2699 Philocaliaet
2898 2638 3265 2706 Philosophia.
3302 2637 3697 2692 Romanianum

2338 2744 2529 2783 rursus
2559 2729 2634 2781 ad
2655 2729 3059 2797 philosophiam
3088 2726 3347 2779 accendit.

2070 2824 2122 2873 7.
2184 2818 2494 2873 Philocalia
2565 2816 2671 2869 ista
2719 2817 2888 2885 vulgo
2942 2813 3185 2868 dicitur:
3247 2828 3319 2865 ne
3369 2814 3699 2865 contemnas

2002 2924 2209 2963 nomen
2266 2908 2372 2960 hoc
2423 2922 2488 2959 ex
2544 2904 2700 2975 vulgi
2751 2903 3016 2957 nomine:
3080 2917 3213 2955 nam
3270 2899 3580 2969 philocalia
3645 2902 3701 2951 et

2002 2996 2367 3069 philosophia
2416 3010 2594 3065 prope
2643 2992 2903 3046 similiter
2952 2988 3368 3060 cognominatae
3435 2990 3588 3053 sunt,
3646 2991 3701 3039 et

2004 3084 2165 3156 quasi
2190 3081 2433 3153 gentiles
2465 3082 2662 3135 ‘inter
2703 3096 2760 3132 se
2801 3077 2982 3133 videri
3023 3078 3242 3141 volunt,
3276 3079 3333 3129 et
3362 3078 3517 3129 sunt.
3557 3074 3701 3136 Quid

2005 3180 2090 3230 est
2119 3174 2272 3229 enim
2304 3170 2714 3243 philosophia?
2734 3171 2910 3222 Amor
2938 3165 3251 3237 sapientiae.
3278 3164 3424 3229 Quid
3453 3163 3703 3234 philoca-

2006 3265 2080 3318 lia
2095 3264 2309 3318 ?Amor
2336 3258 2801 3333 pulchritudinis.
2829 3257 3029 3321 Quaere
3052 3256 3121 3309 de
3153 3254 3377 3309 Graecis.
3406 3252 3702 3323 Quidergo

2005 3352 2285 3423 sapientia
2300 3354 2327 3405 ?
2350 3366 2541 3405 nonne
2562 3347 2688 3418 ipsa
2710 3363 2840 3400 vera
2861 3349 2944 3399 est
2963 3343 3324 3414 pulchritudo
3344 3341 3371 3394 ?
3408 3343 3703 3396 Germana

2006 3442 2182 3511 igitur
2220 3442 2340 3494 istae
2367 3443 2498 3493 sunt
2526 3452 2782 3508 prorsus,
2816 3438 2871 3488 et
2892 3433 3096 3486 eodem
3124 3435 3362 3501 parente
3394 3432 3703 3499 procreatae

2006 3531 2147 3598 (Lib.
2187 3532 2207 3582 l
2247 3532 2507 3591 Retract.,
2550 3541 2668 3593 cap.
2704 3528 2751 3591 l,
2787 3540 2843 3577 η.
2886 3521 2968 3589 3):
3002 3521 3098 3574 sed
3140 3520 3236 3573 illa
3270 3518 3419 3572 visco
3450 3516 3703 3571 libidinis

2009 3620 2260 3673 detracta
2288 3616 2428 3670 coelo
2460 3630 2583 3679 suo,
2609 3618 2664 3667 et
2689 3612 2907 3666 inclusa
2930 3625 3097 3663 cavea
3119 3606 3403 3678 populari,
3438 3604 3703 3659 viciniam

2008 3712 2200 3761 tamen
2232 3703 2484 3758 nominis
2514 3700 2716 3766 tenuit,
2741 3699 2812 3753 ad
2833 3696 3316 3753 commonendum
3340 3709 3619 3764 aucupem
3634 3709 3704 3747 ne

2011 3813 2067 3851 se
2098 3800 2118 3833 ⁵
2145 3798 2491 3850 contemnat.
2526 3793 2679 3845 Hanc
2698 3788 2874 3860 igitur
2890 3787 3012 3841 sine
3044 3784 3247 3856 pennis
3277 3784 3625 3838 sordidatam
3652 3786 3708 3835 et

2012 3888 2273 3955 egentem
2301 3883 2541 3937 volitans
2568 3881 2745 3934 libere
2776 3893 2938 3931 soror
2969 3891 3119 3946 szepe
3150 3872 3426 3944 agnoscit,
3451 3872 3547 3925 sed
3576 3887 3705 3924 raro

2014 3976 2248 4030 liberat:
2293 3988 2410 4026 non
2451 3970 2606 4024 enim
2648 3966 2954 4040 philocalia
2984 3964 3092 4017 ista
3122 3963 3272 4017 unde
3303 3978 3485 4032 genus
3540 3961 3709 4014 ducat

2012 4061 2284 4135 agnoscit,
2312 4060 2420 4114 nisi
2445 4056 2829 4135 phi1050phia.
2860 4055 3041 4118 Quam
3071 4057 3251 4107 totam
3273 4050 3524 4105 fabulam
3557 4050 3709 4115 (nam

2014 4132 2198 4205 subito
2246 4149 2488 4219 jEsopus
2536 4147 2714 4200 factus
2772 4132 2918 4214 sum)
2984 4140 3267 4197 Licentius
3302 4138 3406 4192 tibi
3458 4136 3709 4189 carmine

2015 4240 2240 4293 suavius
2270 4236 2576 4291 indicabit:
2604 4238 2772 4304 poeta
2802 4237 2885 4286 est
2907 4231 3059 4286 enim
3072 4243 3218 4299 pene
3232 4226 3534 4296 perfectus.
3563 4224 3707 4292 Ergo

2014 4329 2129 4392 illc,
2163 4327 2209 4380 si
2238 4341 2430 4386 veram
2459 4320 2945 4393 pulchritudinem
2976 4319 3138 4388 cujus
3158 4316 3315 4369 falsa:
3345 4316 3566 4367 amator
3601 4314 3706 4379 est,

2016 4415 2224 4470 sanatis
2258 4412 2657 4482 renudatisque
2686 4410 2986 4481 paululum
3036 4404 3211 4459 oculis
3244 4405 3434 4473 posset
3475 4399 3707 4465 intueri,

2015 4508 2228 4575 quanta
2281 4503 2572 4571 voluptate
2611 4496 2991 4569 philosophia
3021 4491 3239 4564 gremio
3270 4506 3329 4543 se
3356 4488 3711 4542 involveret?

2016 4592 2309 4657 Quomodo
2340 4589 2445 4644 tibi
2472 4593 2526 4642 te
2563 4587 2875 4658 cognitum,
2910 4583 3054 4636 sicut
3096 4595 3293 4634 verum
3322 4578 3555 4631 fratrem
3587 4594 3709 4631 am-

2017 4684 2359 4752 plecteretur
2395 4681 2423 4732 ?
2450 4676 2668 4733 Miraris
2700 4676 2844 4741 haec,
2895 4676 2951 4725 et
2978 4668 3217 4723 forsitan
3264 4666 3435 4721 rides.
3476 4666 3621 4730 Quid
3662 4664 3709 4718 si

2018 4773 2136 4825 haec
2167 4769 2507 4839 explicarem
2538 4771 2601 4820 ut
2634 4762 2938 4818 volebam?
2987 4758 3122 4830 quid
3156 4758 3201 4811 si
3243 4757 3443 4810 saltem
3474 4771 3599 4821 vox,
3630 4754 3711 4807 si-

2086 4932 2096 4963 ¹
2134 4927 2256 4986 Bad,
2292 4928 2412 4976 Am.
2452 4926 2539 4974 Er.
2578 4928 2629 4973 et
2658 4923 2785 4986 Mss.
2824 4918 3181 4986 quamplures,
3213 4920 3382 4986 Mque
3402 4914 3711 4986 castissime.

2020 4991 2182 5040 Paulo
2202 4976 2333 5051 post,
2354 4990 2407 5036 in
2432 4988 2686 5051 hactenus
2698 4976 2925 5051 vulgatis
2953 4976 3004 5051 et
3028 4980 3229 5051 aliquot
3257 4976 3377 5051 Mss.
3402 4976 3618 5051 legitur,
3634 4976 3713 5051 in:

2021 5040 2457 5123 cognata/apta;
2508 5053 2617 5123 aut,
2650 5040 2921 5108 incoghita:
2958 5040 3138 5102 [animi
3180 5040 3279 5091 Sed
3322 5040 3622 5099 castigatius
3659 5040 3709 5081 in

2020 5110 2135 5163 aliis
2171 5110 2457 5171 codicibus,
2498 5110 2657 5174 fame.
2814 5172 2822 5175 _
2967 5167 2979 5175 _
3196 5166 3205 5175 ,
3478 5164 3520 5175 ,Α
3638 5157 3683 5175 __,

2083 5160 2577 5239 éiUbiquelegi'nius
2594 5172 2875 5239 pomafrja,
2888 5167 2983 5239 vel
2997 5166 3271 5239 pomeria,
3283 5160 3713 5239 corrupuajlitvi-

2021 5240 2174 5289 detur
2197 5255 2208 5299 ;
2241 5230 2366 5286 nam
2384 5230 2677 5299 hvicagithr
2693 5231 2962 5299 evidenter
2982 5230 3045 5279 de
3076 5230 3322 5293 pomariis
3339 5236 3454 5286 quae
3480 5234 3579 5267 vox
3594 5232 3711 5267 sen-

2021 5316 2136 5351 sum
2168 5294 2386 5349 omnino
2416 5294 2575 5346 alium
2596 5296 2774 5344 habet.
2909 5294 2971 5341 M.

2084 5348 2510 5417 37.S'eminarimn,
2534 5361 2688 5421 juxta
2718 5358 2834 5405 Par.
2869 5356 2952 5403 Er.
2987 5355 3117 5403 Ven.
3161 5352 3278 5398 Lov.
3314 5348 3378 5396 M.

2084 5429 2104 5460 ι
2135 5427 2192 5473 1η
2224 5424 2456 5486 quinque
2485 5423 2628 5486 Mss,
2648 5431 2940 5486 germana;

2085 5492 2103 5522 ⁵
2140 5476 2295 5535 ιιιιῂη
2324 5476 2476 5547 juxta
2500 5476 2623 5531 Par.
2647 5476 2728 5530 Er.
2758 5482 2887 5529 Ven.
2918 5480 3039 5527 Lov.
3072 5476 3137 5524 Μ.
