4062 6188
399 226 501 278 923

399 346 584 402 adhuc
612 345 784 400 facies
807 345 1034 401 videria
1052 351 1109 402 te
1132 362 1253 401 non
1275 351 1484 418 potest.
1515 346 1694 417 ipsius
1721 347 2097 418 philosophiae

403 438 594 507 posset
622 435 810 490 audiri
838 438 866 489 ?
912 435 1195 490 Mirareris
1239 437 1531 506 profecto;
1579 436 1678 490 sed
1707 451 1826 490 non
1865 437 2098 504 rideres,

409 541 524 578 non
555 523 907 594 desperares.
952 525 1128 579 Crede
1167 525 1334 593 mihi,
1374 525 1443 578 de
1479 524 1637 577 nullo
1678 524 2100 594 desperandum

407 616 511 679 est,
545 613 616 667 de
647 613 854 667 talibus
883 619 1076 667 autem
1107 613 1364 667 minime.
1384 613 1630 667 Omnino
1651 618 1785 666 sunt
1811 616 2101 684 exempla;

407 700 570 754 facile
603 701 811 766 evadit,
843 701 1008 754 facile
1037 694 1298 754 revolat‘
1331 701 1440 754 hoc
1459 716 1640 771 genus
1663 701 1876 768 avium,
1907 703 2101 757 multis

405 788 637 843 inclusis
665 789 913 843 multum
940 787 1302 842 mirantibus.

477 880 530 929 8.
564 876 672 930 Sed
701 875 772 929 ad
803 892 906 929 nos
952 877 1272 942 redeamus,
1303 894 1407 932 nos
1435 878 1694 949 inquam,
1728 879 2098 947 Romaniane,

405 964 909 1034 philosophemur:
955 965 1188 1020 reddam
1220 965 1324 1020 tibi
1349 967 1612 1037 gratiam,
1647 968 1798 1022 filius
1826 973 1959 1023 tuus
1988 984 2099 1022 cas-

406 1052 492 1122 pit
514 1053 634 1122 jam
663 1053 1084 1123 philosophari:
1119 1070 1224 1124 ego
1243 1071 1376 1108 eum
1403 1056 1672 1127 reprimo,
1703 1061 1765 1111 ut
1786 1057 2101 1127 disciplinis

407 1139 740 1194 necessariis
763 1141 923 1212 prius
947 1143 1197 1196 excultus
1217 1143 1502 1214 vigentior
1522 1145 2099 1215 etfirmiorinsurgat,

405 1245 650 1300 quarum
680 1234 734 1284 te
763 1245 836 1283 ne
855 1235 1076 1284 metuas
1107 1237 1418 1301 expertem,
1455 1233 1500 1286 si
1530 1233 1675 1286 bene
1711 1237 1768 1287 te
1797 1233 1947 1299 novi,
1999 1250 2099 1287 au-

407 1333 498 1370 ras
517 1321 539 1353 ²
567 1317 673 1372 tibi
698 1317 908 1372 liberas
929 1323 1151 1373 tantum
1183 1324 1336 1389 opto.
1373 1321 1514 1374 Nam
1544 1321 1613 1375 de
1641 1321 1831 1376 indole
1853 1321 1990 1392 quid
2021 1321 2102 1375 di-

405 1421 529 1459 cam
552 1406 579 1459 ?
601 1405 827 1460 Utinam
856 1423 972 1460 non
1003 1412 1119 1460 tam
1147 1424 1272 1461 rara
1298 1413 1443 1462 esset
1466 1409 1523 1462 in
1553 1409 1898 1476 hominibus,
1927 1425 2100 1480 quam

404 1499 558 1548 certa
595 1498 679 1547 est
705 1494 765 1546 in
787 1498 838 1546 te
864 1493 876 1546 !
907 1496 1141 1548 Restant
1169 1495 1281 1549 duo
1312 1496 1464 1562 vitia,
1497 1502 1554 1551 et
1573 1497 1988 1568 impedimenta
2010 1497 2099 1550 in-

403 1582 700 1636 veniendae
730 1582 1002 1650 veritatis,
1033 1599 1064 1636 a
1094 1583 1303 1653 quibus
1331 1584 1436 1638 tibi
1466 1601 1580 1639 non
1609 1587 1854 1639 multum
1887 1585 2096 1651 timeo;

404 1671 580 1725 timeo
601 1674 793 1724 tamen
822 1686 894 1724 ne
924 1676 977 1724 te
1003 1677 1357 1738 contemnas,
1393 1678 1559 1744 atque
1581 1673 1949 1728 inventurum
1979 1689 2100 1728 esse

404 1760 689 1828 desperes,
725 1763 822 1812 aut
875 1764 1027 1812 certe
1077 1775 1148 1813 ne
1178 1759 1456 1814 invenisse
1505 1766 1559 1815 te
1599 1763 1812 1816 credas.
1845 1765 2100 1826 Quorum

405 1847 672 1916 primum,
706 1846 752 1899 si
779 1851 973 1901 tamen
1016 1847 1181 1914 inest,-
1223 1847 1330 1902 ista
1370 1849 1474 1902 tibi
1513 1849 1822 1920 disputatio
1861 1852 2099 1904 fortasse

403 1937 679 1992 detrahet.
733 1936 951 2006 Saepius
1008 1937 1161 1991 enim
1201 1939 1570 1993 succensuisti
1617 1940 1988 2007 Academicis,
2031 1958 2098 1996 eo

404 2025 635 2096 quidem
661 2026 910 2095 gravius,
939 2042 1054 2097 quo
1085 2026 1274 2081 minus
1304 2027 1562 2082 eruditus
1591 2045 1740 2083 esses
1765 2047 1777 2096 ;
1811 2030 1906 2084 sed
1937 2045 2005 2084 eo
2037 2029 2100 2083 li-

403 2113 653 2180 bentius,
688 2115 840 2185 quod
869 2114 1122 2169 veritatis
1153 2131 1348 2171 amore
1375 2116 1720 2172 illiciebaris.
1757 2121 1952 2189 Itaque
1979 2119 2100 2188 jam

403 2217 536 2256 cum
563 2202 845 2273 Aypio,‘te
866 2203 1110 2268 fautore,
1135 2204 1463 2274 confligam,
1494 2211 1551 2259 et
1570 2205 1672 2259 tibi
1692 2206 1853 2260 facile
1869 2223 2102 2277 persua-

402 2290 546 2345 debo
563 2291 717 2360 quod
730 2291 877 2356 volo,
901 2291 1276 2360 probabiliter
1289 2297 1500 2347 tamen.
1525 2295 1665 2348 Nam
1688 2293 1878 2364 ipsum
1902 2311 2100 2349 verum

402 2395 519 2433 non
548 2379 785 2445 videbis,
805 2379 918 2432 nisi
948 2379 1009 2432 in
1041 2379 1459 2450 philosophiam
1477 2385 1630 2435 totus
1659 2381 1984 2436 intraveris.
2017 2384 2098 2436 Il-

402 2467 502 2521 lud
533 2473 726 2521 autem
748 2467 989 2521 alterum
1017 2468 1172 2538 quod
1202 2472 1256 2522 te
1288 2469 1527 2523 fortasse
1557 2469 1776 2540 aliquid
1815 2470 2100 2525 invenisse

405 2555 727 2627 praesumis,
754 2556 1014 2626 quamvis
1035 2573 1069 2610 a
1095 2557 1257 2610 nobis
1272 2558 1395 2627 jam
1413 2574 1694 2628 quaerens,
1717 2559 2100 2631 dubitansque

406 2644 752 2712 discesseris,
773 2649 970 2699 tamen
998 2645 1042 2699 si
1058 2645 1198 2717 quid
1216 2646 1637 2717 superstitionis
1657 2647 1715 2701 in
1728 2647 1986 2702 animum
2012 2665 2100 2702 re-

408 2733 664 2786 volutum
695 2736 799 2798 est,
829 2733 1088 2803 ejicietur
1115 2734 1391 2803 profecto,
1422 2735 1511 2790 vel
1543 2751 1675 2790 cum
1716 2736 1821 2790 tibi
1852 2736 2109 2808 aliquam

406 2820 557 2876 inter
584 2836 688 2876 nos
719 2821 1168 2892 disputationem
1194 2823 1264 2877 de
1293 2822 1572 2895 religione
1592 2824 1821 2892 misero,
1855 2825 1942 2879 vel
1971 2841 2102 2879 cum

408 2925 660 2980 praesens
689 2914 879 2964 tecum
904 2913 1087 2965 multa
1114 2912 1426 2968 contulere.

475 3003 526 3052 9.
561 2999 675 3068 Ego
717 2998 870 3051 enim
914 3014 1066 3053 nunc
1105 2999 1262 3054 aliud
1305 2999 1449 3054 nihil
1480 3016 1608 3071 ago,
1641 3017 1816 3071 quam
1861 3017 1952 3056 me
1979 3001 2102 3073 ipse

401 3101 590 3154 purgo
620 3101 654 3138 a
682 3085 841 3139 vanis
868 3087 1314 3157 perniciosisque
1345 3088 1732 3160 opinionibus.
1767 3092 1962 3160 Itaque
1986 3108 2104 3145 non

407 3172 606 3226 dubito
638 3171 845 3226 melius
875 3173 1015 3227 mihi
1048 3190 1188 3239 esse,
1221 3191 1394 3244 quam
1420 3176 1545 3230 tibi.
1573 3178 1758 3230 Unum
1780 3181 2000 3231 tantum
2021 3185 2105 3233 est

408 3260 557 3314 unde
588 3259 872 3316 invideam
901 3261 1148 3315 fortunae
1178 3265 1313 3329 tum,
1344 3265 1495 3333 quod
1525 3265 1679 3317 solus
1706 3264 1914 3318 frueris
1945 3266 2102 3320 Luci-

408 3347 562 3401 liano
592 3363 720 3402 meo
745 3351 794 3401 ιε
828 3364 901 3402 an
952 3353 1010 3403 et
1045 3353 1107 3402 tu
1153 3349 1372 3404 invides
1413 3352 1551 3421 quia
1589 3351 1727 3421 dixi,
1775 3369 1904 3407 meo
1927 3356 1954 3407 ?
1995 3355 2103 3408 Sed

408 3435 546 3506 quid
575 3434 690 3490 dixi
736 3433 891 3491 aliud
945 3453 1118 3508 quam
1165 3442 1287 3507 tuo,
1345 3444 1400 3493 et
1448 3440 1708 3494 omnium
1759 3441 2105 3513 quicumque

416 3539 596 3578 unum
629 3525 874 3578 sumus?
905 3527 984 3579 De
1012 3542 1124 3596 quo
1155 3530 1345 3580 tamen
1374 3532 1441 3581 ut
1481 3528 1782 3583 subvenias
1827 3530 2108 3587 desiderio

411 3629 564 3680 meo,
592 3612 733 3683 quid
762 3617 818 3666 te
844 3629 1040 3684 rogem
1066 3616 1094 3668 ‘P
1121 3615 1203 3668 Tu
1229 3621 1282 3668 te
1321 3615 1441 3685 ipse
1492 3632 1596 3687 pro
1624 3633 1714 3672 me
1743 3634 1884 3690 roga
1933 3637 2108 3691 quan-

411 3707 537 3755 tum
565 3701 691 3769 scis,
718 3701 855 3772 quia
880 3702 1068 3756 debes.
1103 3703 1212 3758 Sed
1243 3719 1396 3758 nunc
1425 3705 1705 3760 ambobus
1739 3707 1886 3775 dico,
1919 3714 2108 3763 cavete

415 3806 486 3843 ne
517 3789 657 3860 quid
685 3806 784 3843 vos
814 3806 978 3843 nosse
1007 3790 1388 3858 arbitremini,
1421 3793 1533 3846 nisi
1561 3795 1715 3864 quod
1740 3795 1819 3849 ita
1844 3795 2108 3851 didiceri-

409 3877 505 3944 tis,
539 3879 737 3931 saltem
768 3883 834 3932 ut
861 3878 1061 3946 nostis,
1092 3895 1292 3944 unum,
1326 3881 1460 3948 duo,
1492 3881 1625 3951 tria,
1668 3888 1915 3953 quatuor
1941 3885 2106 3940 simul

413 3967 648 4020 collecta
677 3965 737 4019 in
768 3982 1053 4020 summam
1084 3968 1208 4022 fieri
1237 3969 1453 4023 decem.
1486 3970 1595 4024 Sed
1625 3971 1763 4026 item
1807 3979 1997 4027 cavete
2038 3991 2109 4029 ne

415 4071 514 4108 vos
542 4055 600 4108 in
632 4054 996 4126 philosophia
1021 4057 1318 4112 veritatem
1348 4063 1446 4113 aut
1477 4075 1593 4114 non
1630 4061 1980 4131 cognituros,
2014 4068 2112 4118 aut

413 4144 573 4198 nullo
603 4143 776 4198 modo
804 4143 884 4198 ita
900 4160 1070 4215 posse
1100 4147 1369 4217 cognosci
1398 4147 1777 4203 arbitremini.
1803 4151 1944 4204 Nam
1968 4152 2109 4205 mihi

411 4232 499 4286 vel
552 4231 746 4302 potius
798 4232 882 4286 illi
931 4233 1143 4288 credite
1189 4235 1290 4306 qui
1336 4236 1436 4306 ait,
1469 4240 1702 4308 Quzrite
1737 4245 1787 4293 et
1829 4242 2110 4295 invenietis

412 4319 634 4389 (Matth.
675 4338 770 4388 vn,
821 4323 896 4391 7),
935 4337 1040 4376 nec
1081 4323 1467 4393 cognitionem
1510 4326 1923 4397 desperandam
1969 4345 2108 4396 esse,

413 4415 472 4464 et
519 4408 974 4464 manifestiorem
1017 4410 1289 4479 futuram,
1343 4429 1516 4483 quam
1548 4401 1696 4468 sunt.
1726 4415 1810 4468 illi
1862 4418 2108 4470 numeri.

415 4499 573 4551 Nunc
612 4497 681 4551 ad
711 4497 1070 4569 propositum
1110 4499 1427 4554 veniamus.
1455 4503 1579 4556 Jam
1616 4503 1772 4556 enim
1804 4520 1927 4558 sero
1967 4506 2111 4576 ccepi

414 4591 694 4651 metuere,
725 4603 796 4640 ne
826 4587 934 4641 hoc
961 4585 1308 4658 principium
1325 4589 1560 4643 modum
1593 4591 1904 4658 excederet,
1929 4597 2111 4647 etnon

414 4679 500 4726 est
529 4673 676 4727 leve.
703 4675 1265 4748 Nammodusprocul
1283 4677 1457 4731 dubio
1471 4677 1693 4732 divinus
1719 4683 1827 4733 est:
1850 4681 1944 4734 sed
1959 4681 2114 4735 fefel-

415 4761 545 4815 lerit
571 4777 699 4815 cum
729 4763 970 4819 dulciter
988 4765 1164 4831 ducit,
1187 4781 1284 4819 ero
1301 4766 1520 4820 cautior
1531 4783 1662 4821 cum
1681 4767 1907 4842 sapiens
1926 4770 2109 4824 fuero.

983 4878 1302 4917 DISPUTATIO
1344 4881 1524 4918 PRIMA.

487 4957 717 5013 CAPUT
747 4957 834 5012 IV.
869 4988 935 4997 —
966 4963 1299 5029 Repetuntur
1327 4964 1385 5016 in
1418 4967 1600 5031 priore
1639 4964 1776 5018 libro
1807 4963 2107 5033 disputata.

491 5059 582 5110 10.
630 5056 765 5110 Post
810 5055 1116 5127 pristinum
1165 5075 1507 5127 sermonem,
1541 5077 1712 5131 quem
1752 5061 1811 5115 in
1857 5061 2111 5132 primum

483 5175 496 5208 ι
535 5172 619 5220 Sic
636 5171 751 5220 Am.
768 5171 853 5220 Er.
876 5174 928 5220 et
953 5185 1112 5234 prOpe
1125 5187 1308 5222 omnes
1321 5175 1521 5224 Mss.At
1536 5175 1660 5224 Bad.
1684 5180 1735 5225 et
1753 5176 1896 5234 Lov.,
1920 5177 2107 5226 evolat.

477 5237 497 5271 9
526 5236 640 5283 Am.
672 5234 831 5300 Er._et
853 5234 998 5300 Lov._,
1013 5248 1198 5300 aures.
1231 5236 1330 5284 Sed
1345 5237 1622 5300 legendum
1641 5252 1760 5286 cum
1779 5238 1902 5286 Bad.
1921 5243 1974 5287 et
1988 5240 2108 5287 Mss.

413 5310 594 5351 auras.
618 5310 752 5363 quas
764 5296 1093 5345 Romaniano
1109 5297 1298 5363 liberas
1319 5296 1464 5363 optat
1483 5301 1828 5363 Augustinus,
1863 5304 1918 5349 ut
1942 5315 2109 5351 assur-

417 5363 506 5422 gat
534 5364 585 5407 et
613 5359 830 5408 revolet.
851 5385 917 5422 -ν
939 5363 1132 5418 Auras,
1153 5359 1310 5422 juxta
1333 5359 1447 5412 Par.
1485 5363 1551 5411 Μ.

477 5423 498 5487 ξι
528 5421 613 5487 Sic
635 5422 881 5487 scribitur
909 5421 963 5469 in
994 5421 1385 5487 vetustioribus
1398 5428 1448 5472 et
1463 5424 1702 5487 pluribus
1715 5425 1836 5474 Mss.
1861 5426 2021 5474 Porro
2056 5426 2109 5474 in

414 5482 559 5549 prius
577 5483 706 5532 Edd.
727 5487 1018 5535 Luciniano
1040 5496 1189 5543 meo;
1201 5489 1253 5534 et
1273 5484 1327 5533 in
1339 5482 1720 5550 Maefquatuor,
1736 5490 1984 5538 Luciano.

1475 224 1761 282 CONTRA
1803 226 2280 294 ACADEMICOS,
2331 226 2389 282 S.
2432 225 2819 283 AUGUSTINI
3758 240 3834 293 924

2209 347 2422 402 librum
2485 345 2854 413 contulimus,
2925 351 3146 417 septem
3203 349 3323 402 fere
3387 348 3578 405 diebus
3617 369 3644 404 a
3687 355 3836 426 dispu-

2207 435 2381 489 tando
2413 433 2628 488 fuimus
2659 432 2850 498 otiosi,
2894 449 3022 487 cum
3073 438 3186 488 tres
3220 438 3442 489 tantum
3479 437 3682 508 Virgilii
3708 441 3840 498 libros

2206 528 2337 594 post
2364 521 2616 593 primum
2647 537 3096 589 recenseremus,
3122 528 3290 594 atque
3321 523 3460 578 utin
3487 529 3720 597 tempore
3739 546 3840 584 cou-

2207 627 2412 682 gruere
2444 611 2763 676 videbatur,
2808 615 3200 665 tractaremus.
3239 612 3362 676 Quo
3391 617 3574 668 tamen
3601 632 3751 686 opere
3776 620 3841 672 Li-

2206 701 2424 754 centius
2453 699 2512 752 in
2544 699 2783 769 poetica:
2812 697 2831 732 ¹
2865 700 3122 754 studium
3161 699 3240 754 sic
3281 701 3652 758 inﬂammatus
3677 709 3765 771 est,
3796 713 3844 761 ut

2206 788 2567 858 aliquantum
2612 787 2754 841 mihi
2801 788 2975 842 etiam
3006 789 3407 859 reprimendus
3437 790 3720 846 videretur.
3749 795 3843 849 Jam

2207 875 2360 930 enim
2391 875 2458 928 ad
2518 875 2623 928 hac
2675 874 2992 929 intentione
3031 877 3104 930 ad
3134 877 3354 931 nullam
3389 893 3446 932 se
3489 894 3606 932 rem
3634 879 3845 936 devocari

2205 964 2452 1018 libenter
2500 963 2738 1018 ferebat.
2793 965 3046 1019 Tandem
3116 970 3309 1020 tamen
3357 967 3426 1021 ad
3481 970 3844 1024 retractaudln

2207 1068 2382 1124 quam
2429 1051 2832 1107 distuleramus
2863 1053 2934 1106 de
2959 1053 3311 1108 Academicis
3341 1055 3720 1125 quaestionem,
3745 1073 3843 1111 cum

2209 1158 2241 1194 a
2279 1157 2391 1206 me,
2434 1144 2712 1210 quantum
2753 1139 2931 1210 potui,
2983 1141 3179 1196 lumen
3224 1141 3601 1212 philosophiae
3636 1145 3844 1199 laudare-

2208 1233 2320 1295 tur,
2353 1245 2470 1282 non
2514 1229 2726 1282 invitus
2779 1228 3041 1283 accessit:
3092 1234 3149 1283 et
3195 1231 3338 1284 forte
3381 1231 3499 1284 dies
3546 1231 3620 1285 ita
3660 1247 3846 1285 serenus

2209 1318 2517 1385 eﬂ'ulserat,
2553 1322 2616 1371 ut
2644 1317 2786 1370 nulli
2816 1333 3049 1388 prorsus
3074 1319 3157 1371 rei
3189 1319 3390 1389 magis.
3427 1335 3596 1390 quam
3625 1335 3846 1373 serenan-

2207 1407 2294 1462 dis
2324 1407 2528 1461 animis
2548 1406 2761 1460 nostris
2797 1423 3116 1476 congruere
3147 1407 3458 1462 videretur.
3493 1409 3743 1463 Maturius
3769 1409 3848 1460 ita-

2209 1512 2320 1568 que
2347 1495 2512 1549 solito
2560 1495 2736 1548 lectos
2777 1495 3138 1565 reliquimus,
3184 1495 3599 1566 paululumque
3639 1512 3751 1549 cum
3775 1512 3848 1549 ru-

2209 1584 2363 1638 sticis
2405 1583 2646 1654 egimus,
2696 1583 2849 1652 quod
2892 1587 3120 1652 tempus
3149 1583 3411 1654 urgebat.
3451 1585 3589 1637 Tum
3621 1583 3844 1653 Alypius:

2206 1676 2527 1743 Antequam
2559 1687 2676 1737 vos,
2707 1671 2914 1742 inquit,
2946 1672 3177 1726 audiam
3207 1673 3277 1725 de
3306 1669 3651 1726 Academicis
3699 1672 3847 1741 dispu-

2208 1766 2412 1828 tantes,
2440 1761 2568 1814 volo
2599 1760 2742 1814 mihi
2781 1761 3004 1830 legatur
3033 1776 3220 1814 sermo
3253 1760 3349 1814 ille
3377 1766 3564 1815 vester
3599 1776 3751 1830 quem
3786 1759 3846 1812 di-

2207 1849 2334 1904 citis
2357 1865 2447 1903 me
2481 1849 2712 1903 absente
2739 1848 3057 1918 perfectum
3082 1864 3095 1902 :
3119 1864 3236 1902 non
3269 1847 3429 1902 enim
3460 1864 3679 1919 possum
3708 1847 3848 1913 aliter,

2208 1954 2339 1992 cum
2387 1937 2520 1992 inde
2563 1936 2733 2006 hujus
2785 1935 3214 2006 disceptationis
3275 1936 3496 1990 occasio
3538 1941 3663 1990 nata
3693 1937 3768 2001 sit,
3806 1937 3846 1988 in

2209 2025 2508 2081 audiendis
2553 2025 2712 2078 vobis
2753 2040 2869 2078 non
2924 2028 3024 2078 aut
3052 2040 3263 2090 errare,
3299 2029 3399 2078 aut
3431 2029 3580 2078 certe
3623 2024 3844 2077 laborare.

2209 2116 2373 2180 Quod
2405 2131 2535 2168 cum
2566 2114 2780 2168 factum
2801 2118 2970 2179 esset,
3003 2117 3063 2168 et
3089 2113 3150 2166 in
3175 2129 3243 2166 eo
3265 2129 3415 2184 pene
3444 2117 3620 2167 totum
3648 2117 3846 2166 anteme-

2210 2203 2499 2258 ridianum
2526 2207 2754 2272 tempus
2783 2205 3190 2272 consumptum
3221 2201 3546 2256 videremus
3572 2222 3587 2269 ;
3618 2200 3778 2254 redire
3798 2200 3847 2252 ab

2211 2307 2367 2362 agro,
2396 2291 2497 2363 qui
2525 2291 2959 2345 deambulantes
2990 2306 3096 2343 nos
3124 2295 3443 2360 acceperat,
3481 2291 3700 2345 domum
3725 2288 3846 2342 iusti-

2209 2381 2441 2435 tuimus.
2477 2381 2542 2434 Et
2572 2379 2888 2434 Licentius:
2925 2379 3149 2444 Quaeso,
3184 2377 3395 2448 inquit,
3442 2383 3568 2432 ante
3600 2377 3848 2448 prandium

2213 2469 2353 2523 mihi
2381 2469 2628 2523 breviter
2659 2472 2837 2522 totam
2867 2466 3338 2521 Academicorum
3356 2467 3684 2520 sententiam
3710 2479 3844 2534 expo-

2213 2557 2399 2612 nendo
2426 2560 2682 2627 repetere
2713 2572 2784 2609 ne
2811 2555 3082 2626 graveris,
3124 2570 3196 2608 ne
3227 2555 3368 2625 quid
3400 2555 3462 2608 in
3488 2571 3553 2608 ea
3586 2569 3667 2608 me
3692 2551 3847 2622 fugiat,

2212 2645 2364 2716 quod
2393 2661 2498 2715 pro
2554 2642 2808 2714 partibus
2845 2643 2988 2697 meis
3029 2641 3120 2697 sit.
3175 2643 3420 2710 Faciam,
3458 2643 3700 2714 inquam,
3729 2647 3774 2694 et
3803 2653 3848 2690 eo

2210 2733 2480 2788 libentius
2510 2748 2624 2803 quo
2650 2732 2720 2786 de
2743 2732 2851 2785 hac
2875 2747 2935 2786 re
2968 2732 3224 2802 cogitans
3249 2747 3458 2802 parum
3488 2731 3757 2802 prandeas.
3777 2729 3848 2786 Ne,

2208 2821 2400 2892 inquit
2444 2821 2562 2887 ille,
2608 2820 2814 2874 isthinc
2855 2835 3090 2874 securus
3133 2819 3246 2874 sis:
3296 2836 3435 2874 nam
3490 2827 3546 2874 et
3585 2819 3781 2880 multos,
3811 2820 3850 2866 et

2211 2910 2459 2964 maxime
2511 2913 2733 2980 patrem
2786 2923 2979 2962 meum
3049 2924 3202 2978 saepe
3245 2907 3621 2963 animadverti
3655 2923 3712 2970 eo
3750 2904 3848 2958 eda-

2211 2999 2443 3065 ciorem,
2476 3014 2589 3068 quo
2638 2996 2899 3051 refertior
2944 2995 3094 3049 curis
3136 3001 3299 3050 esset.
3337 2996 3556 3051 Deinde
3589 3001 3647 3050 tu
3672 3004 3848 3065 quoque

2212 3089 2281 3144 de
2304 3087 2424 3142 istis
2448 3084 2645 3140 metris
2673 3084 3017 3156 cogitantem
3043 3100 3160 3138 non
3187 3084 3266 3138 sic
3289 3090 3646 3154 expertuses,
3676 3087 3727 3134 ut
3750 3093 3849 3133 cura

2212 3192 2338 3230 mea
2366 3191 2563 3229 mensa
2583 3189 2779 3228 secura
2805 3173 2901 3228 sit.
2950 3173 3111 3237 Quod
3147 3173 3382 3243 quidem
3430 3175 3580 3244 apud
3626 3171 3846 3240 meipsum

2212 3264 2412 3318 mirari
2438 3263 2620 3317 soleo:
2655 3261 2793 3332 quid
2825 3260 2980 3314 enim
3007 3261 3114 3314 sibi
3163 3262 3301 3330 vult,
3349 3263 3508 3332 quod
3555 3267 3679 3315 tunc
3707 3258 3849 3311 cibum

2213 3352 2560 3424 pertinacius
2588 3350 2908 3421 appetimus
2953 3365 3083 3403 cum
3119 3351 3178 3403 in
3213 3350 3370 3404 aliud
3415 3350 3738 3405 intendimus
3762 3341 3846 3397 ani-

2214 3456 2375 3494 mum
2397 3443 2426 3496 ?
2455 3440 2568 3493 Aut
2597 3437 2737 3508 quid
2765 3442 2848 3490 est
2876 3437 3029 3507 quod
3053 3439 3075 3472 ³
3113 3436 3384 3491 manibus
3419 3443 3477 3491 et
3504 3436 3742 3491 dentibus
3777 3447 3849 3484 uo-

2215 3529 2368 3598 stris,
2397 3527 2682 3598 occupatis
2722 3525 2905 3590 nobis,
2954 3525 3184 3579 animus
3233 3525 3578 3596 imperiosus
3612 3525 3710 3578 fit?
3745 3516 3851 3574 Audi

2215 3617 2428 3690 potius,
2459 3617 2718 3686 inquam,
2753 3615 2822 3669 de
2847 3613 3203 3669 Academicis
3229 3614 3386 3685 quod
3416 3629 3716 3684 rogaveras,
3742 3624 3796 3663 ne
3817 3611 3852 3656 te

2218 3709 2397 3759 metra
2431 3704 2540 3757 ista
2566 3703 2908 3769 volventem,
2943 3719 3060 3756 non
3100 3702 3288 3756 solum
3318 3702 3380 3756 in
3416 3703 3597 3771 epulis
3625 3701 3730 3754 sine
3767 3709 3848 3748 me-

2217 3798 2324 3854 tro,
2357 3793 2453 3846 sed
2485 3791 2743 3846 etiamin
2770 3791 3182 3862 quaestionibus
3211 3791 3424 3860 patiar.
3460 3792 3517 3846 Si
3546 3789 3673 3861 quid
3711 3789 3850 3840 autem

2217 3898 2322 3954 pro
2349 3897 2478 3934 mea
2502 3884 2663 3950 parte
2695 3879 3008 3945 occultabo,
3060 3879 3267 3949 prodet
3306 3879 3564 3950 Alypius.
3615 3879 3748 3930 Bona
3773 3869 3849 3923 fide

2217 3976 2316 4024 tua
2343 3985 2488 4039 opus
2518 3974 2622 4031 est,
2654 3967 2843 4038 inquit
2873 3967 3110 4038 Alypius
3135 3983 3148 4021 :
3180 3983 3314 4021 nam
3336 3967 3383 4021 si
3414 3964 3759 4022 metuendum
3779 3959 3849 4018 εει,

2217 4075 2290 4112 ne
2317 4057 2533 4128 aliquid
2583 4057 2856 4124 occultes,
2889 4071 2921 4109 a
2955 4071 3047 4109 me
3086 4055 3443 4126 deprehendi
3485 4053 3696 4110 difﬁcile
3733 4058 3851 4119 posse

2218 4147 2466 4202 arbitror
2493 4161 2648 4212 eum,
2677 4162 2711 4199 a
2741 4161 2855 4216 quo
2885 4160 2976 4198 me
3024 4145 3133 4198 ista
3170 4144 3435 4200 didicisse
3466 4143 3651 4199 nullus
3677 4137 3758 4211 qui
3790 4147 3851 4187 me

2217 4237 2376 4292 novit
2429 4236 2676 4308 ignorat,
2729 4233 3050 4305 praesertim
3107 4249 3238 4288 cum
3288 4233 3353 4288 in
3418 4231 3701 4306 prodendo
3757 4236 3852 4276 vero

2218 4341 2335 4380 non
2364 4324 2546 4395 magis
2576 4322 2852 4390 victoriae,
2877 4338 3052 4393 quam
3076 4322 3270 4377 animo
3301 4326 3402 4377 tuo
3432 4321 3764 4377 consulturus
3786 4311 3850 4365 sis.

2503 4431 2731 4485 CAPUT
2763 4431 2826 4484 V.
2853 4459 2921 4469 ——
2941 4429 3393 4484 Academicorum
3409 4431 3628 4500 placita.

2294 4533 2378 4583 11.
2412 4532 2612 4598 Agam,
2670 4527 2931 4598 inquam,
2987 4527 3138 4581 bona
3185 4527 3317 4594 fide,
3370 4527 3638 4599 quoniam
3677 4522 3735 4576 de
3758 4517 3853 4588 jure

2218 4617 2558 4688 praescribis.
2620 4617 2763 4669 Nam
2829 4620 2886 4670 et
2951 4615 3304 4670 Academicis
3375 4616 3600 4686 placuit,
3666 4626 3750 4664 nec
3788 4605 3854 4657 ho

2218 4706 2364 4759 mini
2405 4703 2701 4758 scientiam
2744 4720 2910 4774 posse
2940 4703 3270 4774 contingere
3293 4720 3492 4758 earum
3525 4699 3766 4757 duntaxat
3789 4705 3851 4744 N-

2218 4810 2372 4863 rum,
2404 4810 2532 4865 quae
2583 4793 2654 4847 ad
2699 4792 3128 4864 philosophiam
3164 4793 3485 4864 pertinent;
3532 4805 3656 4845 nam
3700 4787 3853 4838 cetera

2219 4899 2418 4938 curare
2458 4899 2516 4936 se
2577 4882 2896 4937 Carneades
2957 4881 3233 4953 negabat;
3288 4887 3344 4936 et
3382 4885 3573 4935 tamen
3616 4871 3853 4931 hominem

2219 4987 2386 5042 posse
2418 4987 2536 5025 esse
2569 4971 2907 5041 sapientem,
2941 4970 3330 5041 sapientisque
3356 4973 3538 5024 totum
3583 4976 3780 5022 munus,
3811 4957 3855 5007 υί

2222 5064 2320 5118 abs
2350 5067 2406 5116 te
2453 5077 2708 5133 quoque,
2752 5059 2992 5127 Licenti,
3023 5060 3120 5114 illo
3163 5074 3428 5114 sermone
3479 5056 3751 5111 dissertum
3777 5047 3852 5104 εει,

2287 5179 2300 5211 ¹
2325 5179 2557 5234 Poetriw,
2579 5176 2734 5240 juxta
2764 5176 2878 5224 Par.
2916 5174 3179 5226 Poclicum
3207 5173 3465 5229 studium,
3493 5171 3638 5234 juxta
3655 5166 3726 5214 Er.
3759 5159 3850 5205 V8“-

2220 5240 2567 5366 Lgﬁbleri‘que
2585 5301 2728 5366 Mss,
2753 5303 2853 5349 aut
2867 5299 2986 5366 quis
3001 5301 3085 5366 est
3105 5301 3196 5362 qui
3212 5297 3479 5366 manibus,
3493 5294 3614 5366 Mox
3627 5286 3855 5366 exigat

2217 5363 2431 5416 nulli.et
2455 5352 2940 5412 dentibus'nosti'is
2968 5352 3398 5422 nobis'occupalis
3423 5358 3576 5422 nimis
3599 5352 3854 5422 ἐτηρσνίίῘΞΨ

2217 5422 2293 5485 ﬁt.
2325 5425 2424 5474 Alii
2445 5439 2600 5488 porro
2614 5429 2743 5488 tres,
2763 5427 2808 5473 et
2831 5424 3076 5474 dentibus
3095 5415 3291 5475 nostris
3309 5421 3578 5484 occupatis
3597 5418 3752 5465 mium
3763 5415 3851 5456 6³³⁸

2219 5484 2333 5537 mus
2356 5484 2682 5553 imperiosus
2708 5484 2789 5552 ﬁt.
