4062 6188
222 246 325 299 925

219 371 281 424 in
324 367 743 440 conquisitione
791 369 908 423 veri
959 369 1247 440 explicari.
1291 373 1367 426 Ex
1416 388 1530 441 quo
1574 374 1798 444 conﬁci,
1850 380 1913 429 ut

220 458 367 513 nulli
395 458 568 511 etiam
598 457 681 511 rei
726 458 948 527 sapiens
978 460 1360 514 assentiatur:
1414 468 1565 515 erret
1607 462 1763 516 enim
1810 480 1911 517 ne-

218 562 371 601 cesse
398 550 500 612 est,
530 546 685 615 quod
714 545 957 615 sapienti
984 548 1141 601 nefas
1157 552 1260 614 est,
1290 548 1334 602 si
1366 550 1711 604 assentiatur
1740 554 1913 606 rebus

218 632 470 688 incertis.
522 633 589 686 Et
624 631 816 686 omnia
855 632 1069 687 incerta
1098 650 1219 688 esse
1251 651 1368 688 non
1396 635 1659 689 dicebant
1703 639 1911 703 solum,

219 737 421 775 verum
452 720 622 775 etiam
662 720 1068 790 copiosissimis
1103 718 1121 753 ¹
1152 722 1472 776 rationibus
1528 724 1911 780 afﬁrmabant.

218 810 330 865 Sed
358 825 556 864 verum
589 824 700 863 non
740 826 905 879 posse
939 811 1369 880 comprehendi,
1402 828 1469 865 ex
1501 813 1598 865 illa
1627 814 1787 866 stoici
1820 818 1915 868 Ze-

220 898 390 952 nonis
421 897 750 952 deﬁnitione
779 898 1087 969 arripuisse
1105 899 1480 969 :videbantur,
1512 901 1609 971 qui
1637 900 1715 954 ait
1746 902 1803 955 id
1831 919 1920 956 ve-

220 1003 352 1041 rum
373 986 591 1057 percipi
615 1003 799 1057 posse,
820 988 974 1058 quod
995 988 1072 1041 ita
1097 993 1242 1042 esset
1272 988 1465 1041 animo
1484 990 1828 1059 impressum
1850 1008 1918 1044 ex

220 1091 291 1129 eo
323 1076 474 1128 unde
516 1078 681 1141 esset,
732 1080 798 1128 ut
839 1092 960 1129 esse
1004 1092 1122 1129 non
1161 1082 1353 1146 posset
1397 1093 1466 1130 ex
1512 1093 1578 1131 eo
1615 1079 1768 1132 unde
1801 1095 1918 1131 non

220 1168 386 1218 esset.
419 1164 577 1227 Quod
607 1162 833 1217 brevius
862 1163 1207 1234 planiusque
1248 1167 1328 1218 sic
1359 1164 1585 1230 dicitur,
1619 1166 1708 1219 his
1741 1166 1920 1236 signis

221 1269 422 1307 verum
460 1269 624 1322 posse
668 1253 1097 1322 comprehendi,
1156 1270 1285 1324 quae
1342 1254 1505 1323 signa
1557 1271 1673 1307 non
1732 1260 1920 1325 potest

220 1341 437 1395 habere
467 1341 619 1411 quod
647 1340 855 1394 falsum
884 1346 985 1395 est.
1020 1343 1132 1395 Hoc
1156 1358 1387 1411 prorsus
1413 1358 1531 1396 non
1565 1359 1729 1413 posse
1762 1345 1917 1398 inve-

219 1429 357 1495 niri,
408 1429 903 1483 vehementissime
953 1434 1014 1481 ut
1062 1429 1464 1483 convincerent
1513 1430 1916 1485 incubuerunt.

225 1518 366 1572 Inde
412 1517 789 1571 dissensiones
819 1518 1319 1587 philosophorum,
1350 1519 1482 1573 inde
1513 1536 1784 1573 sensuum
1815 1521 1919 1574 fal-

223 1606 405 1672 lacias,
439 1605 569 1659 inde
614 1606 839 1659 somnia
884 1608 1239 1676 furoresque,
1282 1607 1416 1660 inde
1462 1609 1835 1677 pseudomeni
1866 1614 1923 1662 et

224 1695 415 1748 soritas
444 1694 504 1747 in
526 1694 680 1747 illius
706 1711 888 1748 causae
911 1695 1227 1765 patrocinio
1255 1696 1577 1765 viguerunt.
1604 1698 1819 1751 Etcum
1850 1697 1920 1750 ab

225 1783 431 1837 eodem
481 1783 703 1836 Zenone
746 1783 1113 1854 accepissent,
1162 1783 1307 1837 nihil
1346 1800 1466 1837 esse
1494 1784 1721 1854 turpius
1749 1801 1922 1854 quam

226 1871 475 1941 opinari,
523 1871 889 1925 confecerunt
935 1871 1319 1933 callidissime,
1355 1877 1419 1925 ut
1448 1872 1495 1925 si
1526 1872 1669 1926 nihil
1706 1872 1921 1943 percipi

224 1964 441 2031 posset,
471 1965 528 2014 et
556 1964 701 2014 esset
723 1959 977 2030 opinatio
1009 1960 1362 2030 turpissima,
1392 1961 1533 2015 nihil
1560 1977 1815 2032 unquam
1842 1978 1924 2015 sa-

229 2050 392 2120 piens
420 2048 775 2119 approbaret.

305 2140 389 2191 t2.
430 2138 570 2191 Hinc
599 2136 680 2190 eis
710 2135 924 2190 invidia
953 2152 1163 2206 magna
1190 2140 1434 2191 conflata
1464 2140 1583 2192 est:
1630 2137 1925 2191 videbatur

228 2223 387 2278 enim
434 2238 554 2277 esse
594 2238 968 2293 consequens,
1002 2227 1065 2276 ut
1093 2223 1237 2276 nihil
1268 2228 1484 2292 ageret,
1518 2224 1618 2294 qui
1646 2224 1791 2278 nihil
1823 2241 1923 2295 ap-

227 2313 518 2384 probaret.
565 2312 723 2366 Unde
771 2311 1153 2365 dormientem
1208 2328 1456 2381 semper,
1506 2318 1563 2366 et
1605 2313 1925 2367 ofﬁciorum

229 2401 494 2455 omnium
528 2401 899 2467 desertorem,
927 2400 1243 2470 sapientem
1276 2417 1445 2455 suum
1473 2400 1799 2455 Academici
1828 2402 1925 2455 de-

230 2490 481 2544 scribere
510 2488 867 2555 videbantur,
896 2504 1068 2559 quem
1089 2490 1232 2542 nihil
1258 2490 1575 2559 approbare
1598 2490 1923 2543 censebant.

228 2579 334 2633 Hic
377 2578 459 2631 illi
505 2578 737 2633 inducto
769 2577 1021 2647 quodam
1066 2578 1372 2647 probabili,
1406 2579 1560 2648 quod
1587 2578 1759 2632 etiam
1787 2578 1928 2631 veri-

226 2667 418 2721 simile
469 2666 865 2729 nominabant,
920 2666 1081 2719 nullo
1123 2666 1292 2719 modo
1343 2683 1561 2720 cessare
1608 2667 1927 2737 sapientem

226 2757 302 2811 ab
331 2756 531 2810 ofﬁciis
562 2756 906 2815 asserebant,
951 2771 1083 2808 cum
1120 2756 1355 2809 haberet
1384 2757 1517 2826 quid
1550 2762 1921 2827 sequeretur:

225 2845 437 2899 veritas
488 2849 677 2898 autem
728 2844 842 2897 sive
890 2848 1127 2914 propter
1169 2848 1389 2897 natura:
1442 2845 1705 2899 tenebras
1760 2862 1928 2915 quas-

224 2934 384 3001 dam,
426 2931 543 2986 sive
588 2936 824 3003 propter
870 2931 1308 2986 similitudinem
1356 2948 1569 2999 rerum,
1622 2934 1709 2987 vel
1756 2935 1927 2988 obru-

227 3028 310 3087 ta,
361 3023 447 3075 vel
493 3021 725 3075 confusa
769 3019 1035 3073 latitaret.
1087 3020 1354 3084 Quamvis
1413 3026 1468 3075 et
1518 3021 1702 3091 ipsum
1752 3022 1928 3075 refre-

225 3110 524 3165 nationem
552 3114 609 3163 et
637 3109 800 3180 quasi
828 3109 1259 3179 suspensionem
1288 3108 1630 3163 assensionis
1664 3126 1929 3180 magnam

225 3215 466 3271 prorsus
494 3196 774 3252 actionem
795 3198 1064 3268 sapientis
1090 3214 1209 3251 esse
1238 3197 1519 3252 dicebant.
1554 3199 1759 3252 Videor
1787 3199 1930 3253 mihi

224 3286 481 3341 breviter
526 3289 729 3351 totum,
774 3291 838 3340 ut
878 3285 1125 3351 voluisti,
1158 3286 1505 3356 exposuisse,
1537 3287 1799 3358 nihilque
1840 3304 1927 3341 re-

228 3374 467 3429 cessisse
497 3391 531 3428 a
576 3374 1030 3445 praescriptione,
1077 3374 1267 3444 Alypi,
1313 3378 1448 3428 tua:
1484 3374 1540 3428 id
1593 3380 1678 3429 est
1726 3376 1926 3444 egisse,

230 3470 299 3518 ut
329 3464 555 3530 dicitur,
607 3464 755 3517 bona
797 3464 926 3517 ﬁde.
960 3463 1017 3517 Si
1059 3463 1214 3517 enim
1244 3464 1461 3534 aliquid
1490 3464 1577 3517 vel
1609 3481 1724 3518 non
1761 3466 1839 3519 ita
1866 3470 1931 3519 ut

229 3558 319 3607 est
360 3552 495 3615 dixi,
526 3553 613 3606 vel
642 3553 786 3606 forte
818 3568 933 3605 non
963 3550 1117 3618 dixi;
1152 3551 1295 3605 nihil
1328 3552 1618 3606 voluntate
1650 3568 1683 3605 a
1720 3569 1809 3605 me
1845 3554 1929 3606 fa-

230 3648 392 3696 ctum
432 3646 536 3695 est.
585 3643 740 3695 Bona
792 3657 926 3710 ergo
977 3640 1117 3694 ﬁdes
1159 3644 1263 3706 est,
1313 3656 1381 3693 ex
1413 3639 1592 3693 animi
1622 3640 1925 3694 sententia.

230 3730 465 3788 Homini
495 3730 648 3784 enim
692 3730 866 3783 homo
904 3730 1075 3783 falsus
1114 3730 1419 3796 docendus,
1453 3730 1619 3783 fallax
1649 3730 1929 3783 cavendus

231 3819 407 3873 debet
426 3817 634 3872 videri:
660 3834 908 3888 quorum
928 3817 1089 3888 prius
1119 3818 1461 3888 magistrum
1485 3818 1722 3888 bonum,
1746 3823 1929 3888 poste-

231 3907 357 3961 rius
386 3906 728 3977 discipulum
758 3911 988 3961 cautum
1015 3907 1314 3962 desiderat.

312 4000 396 4051 13.
447 3997 591 4049 Tum
630 3996 899 4066 Alypius:
948 3997 1201 4062 Gratum,
1234 3996 1443 4067 inquit,
1476 3995 1679 4063 habeo,
1714 4011 1843 4050 cum
1875 4000 1929 4049 et

235 4083 490 4139 Licentio
534 4100 567 4138 a
614 4088 668 4138 te
714 4084 1065 4137 satisfactum
1094 4090 1199 4151 est,
1238 4088 1295 4137 et
1338 4100 1429 4137 me
1460 4099 1630 4137 onere
1660 4082 1929 4153 imposito

230 4171 516 4225 relevasti.
563 4173 685 4225 Non
747 4172 899 4224 enim
946 4171 1131 4241 magis
1184 4170 1287 4225 tibi
1330 4172 1646 4225 verendum
1684 4176 1825 4236 erat,
1860 4187 1930 4225 ne

231 4260 376 4332 quid
398 4259 725 4330 explorandi
754 4260 868 4313 mei
898 4276 1068 4313 causa
1097 4259 1290 4313 minus
1319 4275 1353 4311 a
1381 4264 1434 4313 te
1467 4259 1747 4313 diceretur
1773 4262 1929 4329 (nam

231 4348 348 4404 alio
380 4350 549 4403 modo
590 4349 690 4419 qui
724 4348 850 4402 ﬁeri
893 4348 1175 4418 poterat?)
1208 4364 1379 4418 quam
1412 4347 1573 4412 mihi,
1608 4348 1653 4401 si
1688 4348 1747 4401 in
1781 4364 1931 4418 quo—

231 4452 413 4507 quam
437 4441 493 4489 te
525 4436 768 4506 prodere
790 4436 991 4489 fuisset
1020 4451 1268 4489 necesse.
1299 4437 1482 4498 Quare
1516 4434 1675 4499 faxis,
1702 4439 1761 4488 ut
1793 4435 1930 4487 illud

231 4525 395 4596 quod
426 4526 598 4585 deest,
652 4541 762 4577 non
793 4529 909 4578 tam
954 4523 1392 4593 percontationi,
1445 4538 1618 4593 quam
1657 4523 1761 4593 ipsi
1802 4540 1933 4593 per-

232 4614 514 4677 contanti,
547 4614 616 4668 de
647 4613 971 4668 differentia
1019 4630 1179 4667 nova:
1220 4630 1283 4666 ac
1330 4612 1537 4667 veteris
1585 4612 1928 4678 Academiae,

232 4718 310 4756 ne
331 4706 386 4755 te
403 4702 591 4772 pigeat
613 4718 914 4772 exponere.
941 4703 1196 4767 Prorsus,
1228 4701 1488 4771 inquam,
1520 4700 1718 4767 fateor,
1753 4700 1928 4770 piget.

232 4792 424 4855 Quare
452 4791 791 4845 beneﬁcium
821 4790 1043 4845 dederis
1073 4790 1225 4860 (nam
1257 4794 1316 4843 et
1360 4790 1466 4843 hoc
1496 4789 1647 4860 quod
1682 4804 1931 4842 comme—

230 4896 446 4945 moras,
467 4880 537 4934 ad
559 4896 683 4934 rem
704 4879 948 4933 maxime
972 4878 1254 4950 pertinere
1281 4894 1489 4947 negare
1512 4894 1627 4931 non
1654 4882 1930 4947 possum),

230 4970 281 5023 si
325 4984 416 5022 me
447 4970 747 5039 paululum
776 4968 1239 5038 conquiescente,
1274 4968 1427 5038 apud
1460 4984 1551 5021 me
1582 4966 1932 5037 distinguere

229 5058 343 5112 ista
373 5057 627 5123 nomina,
676 5061 731 5110 et
771 5073 1003 5111 causam
1032 5072 1193 5111 novas
1234 5056 1555 5110 Academiae
1584 5056 1807 5124 aperire
1833 5072 1931 5109 vo-

227 5146 429 5202 lueris.
468 5147 788 5212 Crederem,
824 5146 1032 5217 inquit,
1086 5162 1176 5199 me
1231 5160 1459 5215 quoque
1507 5161 1539 5197 a
1581 5143 1821 5214 prandio
1880 5149 1934 5196 te

229 5251 470 5292 avocare
517 5236 781 5300 voluisse,
829 5235 888 5288 ni
940 5241 996 5288 te
1024 5233 1047 5268 ³
1077 5234 1259 5303 magis
1303 5250 1336 5287 a
1378 5233 1627 5287 Licentio
1673 5232 1934 5285 territum

228 5326 455 5381 dudum
483 5329 766 5395 putarem,
804 5328 861 5378 et
889 5324 1011 5393 ejus
1038 5322 1343 5394 postulatio
1368 5322 1445 5375 ita
1475 5320 1638 5375 nobis
1672 5322 1935 5391 praescri-

298 5452 317 5485 ι
350 5450 409 5497 In
439 5450 560 5497 Mss.
593 5450 846 5512 quinque,
872 5446 1359 5512 perniciosissimis.

292 5514 317 5548 2
346 5513 408 5560 In
432 5512 507 5571 B.,
538 5508 792 5562 ethuxia
820 5523 1003 5559 omnes
1027 5509 1158 5557 alios
1195 5508 1344 5568 Edd.,
1377 5510 1439 5556 te.
1473 5509 1541 5557 M.

1645 250 1858 309 LIBER
1900 251 2297 309 SECUNDUS.

3628 256 3730 310 926

2020 376 2245 446 psisset,
2264 380 2327 429 ut
2356 374 2559 446 eiiante
2586 375 2892 446 prandium
2916 374 3197 447 quidquid
3217 374 3385 445 hujus
3415 374 3724 429 involutio-

2023 465 2109 517 nis
2142 468 2304 527 esset,
2340 463 2717 534 expediretur.
2746 466 2957 519 Etcum
2986 464 3206 535 reliqua
3223 464 3412 518 dicere
3436 463 3725 530 tenderet,

2024 557 2207 606 mater
2236 557 2430 606 nostra
2458 554 2607 609 (nam
2641 553 2796 605 domi
2817 554 2940 622 jam
2967 554 3212 621 eramus)
3248 552 3325 605 ita
3355 568 3459 605 nos
3492 551 3723 605 trudere

2022 641 2081 694 in
2109 640 2416 711 prandium
2445 640 2637 710 capit,
2664 647 2723 693 ut
2750 642 2922 694 verba
2939 642 3181 695 faciendi
3214 642 3368 695 locus
3398 655 3517 694 non
3545 644 3712 695 esset.

2563 743 2870 779 DISPU'I‘ATIO
2911 743 3177 781 SECUNDA.

2027 816 2249 869 CAPUT
2288 816 2375 867 Vl.
2426 846 2486 853 -η
2527 816 2835 870 Academiae
2876 829 3025 868 novae
3068 821 3117 867 et
3166 817 3359 867 veteris
3409 816 3721 869 discidium.

2102 907 2200 994 ὥς
2255 902 2493 972 Deinde,
2563 919 2695 956 cum
2744 907 2969 956 tantum
3017 903 3422 957 alimentorum
3474 903 3722 972 accepis-

2027 991 2237 1056 semus,
2269 994 2548 1059 quantum
2588 992 3018 1061 compescenda:
3070 991 3209 1043 fami
3246 991 3380 1043 satis
3422 995 3602 1052 esset;
3659 991 3726 1044 ad

2026 1084 2255 1148 pratum
2316 1079 2587 1149 regressis
2644 1080 2826 1144 nobis,
2888 1079 3142 1149 Alypius,
3202 1081 3459 1141 Paream,
3519 1077 3725 1147 inquit,

2028 1167 2324 1221 sententia:
2355 1174 2491 1228 tuae,
2522 1184 2626 1221 nec
2656 1168 2841 1220 ausim
2874 1182 3152 1221 recusare.
3186 1166 3243 1220 Si
3273 1167 3428 1219 enim
3453 1164 3597 1219 nihil
3634 1182 3723 1217 me

2026 1256 2257 1326 fugerit,
2306 1256 2617 1325 gratabor‘
2668 1272 2799 1308 cum
2848 1255 3119 1309 doctrina:
3173 1260 3307 1320 tuae,
3368 1259 3492 1308 tum
3542 1254 3718 1307 etiam

2028 1344 2321 1398 memoria:
2340 1360 2502 1397 meai.
2522 1346 2591 1398 At
2613 1344 2660 1397 si
2684 1343 2743 1396 in
2770 1360 3063 1413 quoquam
3091 1343 3328 1397 fortasse
3358 1343 3727 1406 aberravero,

2028 1432 2318 1487 recurabis
2363 1432 2443 1497 id,
2500 1438 2562 1485 ut
2608 1432 2876 1501 deinceps
2924 1432 3257 1501 hujusmodi
3301 1430 3723 1499 delegationem

2029 1537 2143 1574 non
2198 1520 2618 1589 pertimescam.
2676 1522 2845 1573 Novae
2891 1519 3212 1573 Academia:
3257 1519 3563 1572 discidium
3604 1534 3721 1570 non

2028 1615 2147 1662 tam
2176 1615 2376 1662 contra
2404 1614 2654 1662 veterem
2686 1614 3045 1678 conceptum,
3079 1624 3253 1678 quam
3279 1612 3480 1661 contra
3508 1606 3727 1660 Stoicos

2032 1698 2275 1751 arbitror
2303 1714 2423 1751 esse
2454 1702 2823 1751 commotum.
2860 1699 2971 1751 Nec
3002 1713 3135 1750 vero
3176 1696 3478 1751 discidium
3508 1700 3596 1749 est
3623 1711 3729 1763 pu-

2029 1786 2291 1850 tandum,
2330 1784 2615 1855 siquidem
2646 1802 2678 1837 a
2715 1787 2935 1837 Zenone
2965 1784 3185 1837 illatam
3222 1798 3424 1836 novam
3446 1781 3728 1859 quaestio-

2031 1889 2165 1928 nem
2204 1874 2431 1927 dissolvi
2462 1873 2781 1942 discutique
2810 1872 3127 1942 oportebat.
3164 1872 3305 1924 Nam
3346 1870 3415 1923 de
3444 1885 3561 1923 non
3604 1885 3731 1937 per-

2031 1961 2313 2033 cipiendo,
2348 1961 2607 2032 quamvis
2638 1961 2808 2014 nullis
2839 1959 3355 2014 conﬂictationibus
3382 1957 3612 2027 agitata,
3647 1955 3730 2009 in-

2034 2052 2222 2105 colens
2268 2056 2463 2104 tamen
2505 2050 2673 2104 etiam
2717 2054 2977 2104 veterum
3006 2048 3479 2102 Academicorum
3510 2049 3731 2099 mentes

2034 2139 2315 2193 sententia
2340 2155 2457 2192 non
2482 2138 2848 2208 impudenter
2878 2138 3201 2192 existimata
3230 2141 3334 2191 est.
3369 2134 3528 2199 Quod
3557 2132 3731 2186 etiam

2035 2228 2213 2298 ipsius
2258 2227 2499 2281 Socratis
2548 2226 2915 2296 Platonisque
2963 2243 3026 2280 ac
3074 2225 3429 2296 reliquorum
3472 2226 3732 2275 veterum

2035 2316 2369 2369 auctoritate
2398 2316 2636 2385 probatu
2680 2314 2843 2370 facile
2873 2320 2980 2382 est,
3017 2314 3117 2383 qui
3147 2329 3204 2368 se
3235 2314 3513 2366 hactenus
3543 2308 3733 2363 credi-

2037 2405 2247 2459 derunt
2285 2405 2355 2457 ab
2386 2420 2579 2457 errore
2613 2418 2777 2473 posse
2815 2402 3067 2471 defendi,
3100 2402 3146 2455 si
3172 2417 3231 2455 se
3262 2399 3575 2455 assensioni
3614 2413 3735 2451 non

2037 2499 2250 2547 temere
2282 2492 2732 2545 commisissent:
2778 2491 3038 2561 quamvis
3081 2488 3373 2561 propriam
3416 2487 3485 2541 de
3527 2486 3632 2539 hac
3673 2500 3733 2537 re

2039 2580 2481 2650 disputationem
2514 2580 2573 2632 in
2604 2580 2823 2633 scholas
2852 2596 2981 2632 suas
3005 2595 3124 2632 non
3153 2575 3596 2638 introduxerint,
3632 2589 3735 2626 nec

2038 2670 2108 2723 ab
2148 2669 2261 2722 illis
2308 2669 2601 2721 enucleate
2650 2667 2961 2736 aliquando
3010 2665 3320 2736 quaesitum
3351 2663 3445 2731 sit,
3490 2660 3731 2733 percipi,

2038 2774 2218 2811 necne
2250 2757 2455 2809 veritas
2494 2755 2687 2825 possit.
2722 2755 2885 2817 Quod
2921 2770 3049 2807 cum
3079 2755 3225 2805 Zeno
3258 2750 3398 2805 rude
3428 2766 3493 2803 ac
3519 2764 3731 2802 novum

2038 2845 2342 2909 intulisset,
2402 2843 2883 2913 contenderetque
2928 2842 3071 2895 nihil
3117 2838 3335 2909 percipi
3387 2854 3573 2908 posse,
3625 2836 3735 2889 nisi

2038 2935 2193 3004 quod
2221 2948 2421 2987 verum
2467 2932 2548 2985 ita
2591 2936 2757 2996 esset,
2800 2934 2862 2983 ut
2905 2928 3279 2983 dissimilibus
3323 2927 3477 2981 notis
3518 2942 3551 2978 a
3591 2925 3734 2978 falso

2040 3024 2475 3085 discerneretur,
2527 3036 2712 3091 neque
2759 3018 3149 3089 opinationem
3202 3014 3559 3070 subeundam
3614 3031 3735 3067 esse

2039 3110 2301 3182 sapienti,
2337 3114 2507 3179 atque
2536 3108 2595 3163 id
2622 3108 2942 3162 Archesilas
2973 3106 3199 3161 audiret
3224 3122 3237 3171 ;
3270 3103 3502 3173 negavit
3530 3104 3733 3173 hujus-

2038 3200 2194 3254 modi
2224 3198 2539 3270 quidquam
2562 3213 2727 3268 posse
2757 3197 2826 3250 ab
2869 3195 3105 3250 homine
3134 3192 3399 3265 reperiri,
3434 3209 3623 3263 neque
3650 3191 3736 3245 illi

2040 3287 2325 3359 opinionis
2354 3286 2650 3356 naufragio
2691 3285 2962 3357 sapientis
2993 3284 3469 3338 committendam
3503 3297 3622 3335 esse
3651 3280 3733 3333 vi-

2040 3381 2177 3431 tam.
2245 3376 2401 3431 Unde
2455 3375 2627 3429 etiam
2680 3374 2977 3441 conclusit,
3034 3372 3179 3427 nulli
3233 3371 3323 3426 rei
3372 3387 3492 3425 esse
3547 3385 3732 3424 assen-

2038 3465 2318 3519 tiendum.

2114 3558 2196 3607 15.
2237 3555 2445 3607 Verum
2471 3568 2601 3606 cum
2627 3552 2707 3605 ita
2735 3566 2823 3604 res
2855 3566 2913 3603 se
2944 3549 3203 3614 haberet,
3236 3551 3302 3601 ut
3329 3550 3493 3600 vetus
3518 3545 3733 3598 Acade-

2040 3641 2155 3695 mia
2186 3641 2367 3711 magis
2388 3646 2568 3705 aucta,
2601 3656 2775 3711 quam
2804 3642 3139 3707 oppugnata
3166 3635 3493 3699 videretur;
3526 3632 3735 3687 exstitit

2041 3730 2296 3783 Philonis
2344 3728 2570 3783 auditor
2618 3727 2949 3791 Antiochus,
2993 3724 3112 3795 qui,
3167 3727 3226 3777 ut
3277 3721 3541 3776 nonnulli
3585 3720 3735 3773 visus

2040 3822 2145 3884 est,
2195 3818 2393 3888 glorize
2436 3816 2695 3888 cupidior
2742 3831 2917 3887 quam
2963 3811 3233 3878 veritatis,
3286 3812 3342 3865 in
3386 3811 3736 3864 simultatem

2042 3907 2278 3961 adduxit
2304 3906 2623 3961 Academia:
2649 3904 2947 3974 utriusque
2969 3901 3298 3956 sententias.
3330 3900 3561 3954 Dicebat
3582 3898 3736 3952 enim

2038 4012 2161 4049 rem
2194 3996 2500 4061 insolitam,
2534 4000 2591 4049 et
2614 3995 2684 4048 ab
2708 3993 2980 4065 opinione
3010 3995 3265 4045 veterum
3296 3988 3735 4043 remotissimam

2036 4084 2402 4139 Academicos
2432 4100 2607 4137 novos
2637 4086 2871 4136 conatos
2896 4080 3187 4134 inducere.
3218 4080 3281 4131 In
3306 4092 3478 4147 quam
3500 4090 3620 4128 rem
3646 4089 3737 4125 ve-

2039 4176 2228 4225 terum
2298 4170 2667 4240 physicorum
2726 4168 3086 4236 aliorumque
3145 4178 3490 4234 magnorum
3549 4160 3733 4229 philo-

1998 4256 2001 4261 ’
2041 4259 2351 4329 sophorum
2374 4257 2717 4326 implorabat
2746 4256 2955 4319 ﬁdem;
2988 4254 3139 4323 ipsos
3166 4252 3338 4305 etiam
3368 4246 3737 4303 Academicos

2040 4362 2403 4415 oppugnans,
2457 4345 2556 4415 qui
2608 4361 2667 4398 se
2723 4342 3033 4396 verisimile
3087 4338 3495 4393 contenderent
3548 4334 3731 4404 sequi,

2040 4450 2171 4487 cum
2215 4434 2403 4503 ipsum
2451 4448 2648 4486 verum
2690 4448 2747 4486 se
2780 4431 3042 4501 ignorare
3082 4428 3413 4482 faterentur.
3449 4424 3734 4492 Multaque

2041 4525 2379 4591 argumenta
2415 4521 2743 4592 collegerat,
2796 4520 3005 4591 quibus
3057 4532 3207 4569 nunc
3247 4512 3736 4584 supersedendum

2042 4611 2285 4664 arbitror
2308 4628 2320 4664 :
2358 4611 2502 4665 nihil
2532 4616 2726 4665 tamen
2751 4608 2931 4680 magis
2957 4605 3302 4661 defendebat
3337 4618 3511 4674 quam
3534 4616 3733 4656 verum

2040 4700 2334 4770 percipere
2377 4717 2544 4770 posse
2585 4700 2920 4770 sapientem.
2960 4698 3113 4749 Hanc
3160 4699 3299 4764 puto
3333 4692 3483 4746 inter
3520 4691 3734 4745 Acade-

2042 4790 2217 4841 micos
2255 4805 2428 4843 novos
2468 4805 2530 4842 ac
2567 4792 2781 4841 veteres
2811 4782 3255 4838 controversiam
3284 4782 3475 4835 fuisse.
3511 4781 3647 4844 Quae
3688 4777 3736 4831 si

2042 4894 2199 4930 secus
2244 4894 2299 4931 se
2350 4878 2540 4941 habet,
2594 4879 2659 4929 ut
2717 4872 3031 4928 Licentium
3074 4870 3406 4941 plenissime
3444 4868 3732 4927 informes,

2040 4983 2144 5036 pro
2170 4972 2416 5037 utroque
2449 4962 2877 5035 postulaverim.
2924 4960 2982 5015 Si
3010 4975 3142 5013 vero
3189 4959 3269 5013 ita
3310 4963 3415 5026 est,
3448 4963 3515 5011 ut
3548 4956 3735 5009 dicere

2043 5055 2222 5125 potui,
2253 5060 2572 5123 susceptam
2602 5050 3048 5122 disputationem
3080 5048 3355 5119 peragite.

2150 5144 2372 5197 CAPUT
2408 5143 2523 5195 VII.
2556 5170 2624 5179 —
2651 5141 2928 5195 Adversus
2960 5139 3328 5193 Academicos.

2120 5235 2202 5285 16.
2265 5232 2406 5283 Tum
2463 5245 2604 5300 ego:
2675 5228 2980 5294 Quamdiu,
3045 5226 3303 5297 inquam,
3382 5218 3617 5286 Licenti,
3672 5216 3735 5269 in

2043 5321 2150 5374 isto
2200 5324 2395 5373 nostro
2452 5318 2712 5388 longiore
2766 5334 2937 5389 quam
2986 5316 3260 5386 putabam
3300 5323 3558 5365 sermone
3597 5322 3735 5359 con-

2045 5407 2283 5479 quiescis
2304 5407 2331 5460 ?
2360 5407 2581 5461 Audisti
2621 5406 2720 5477 qui
2750 5406 2859 5460 sint
2896 5401 3220 5459 Academici
3251 5398 3384 5452 tui?
3414 5400 3481 5450 At
3512 5394 3604 5447 ille
3636 5410 3733 5451 ve-

2111 5509 2122 5539 ι
2153 5506 2233 5553 Sic
2270 5506 2389 5552 Mss.
2419 5507 2483 5552 At
2508 5506 2657 5563 Edd.,
2685 5503 3020 5567 gratulabor.
