4062 6188
361 241 460 292 9’27
1446 229 1729 286 CONTRA
1770 225 2243 294 ACADEMICOS,
2296 227 2349 282 S.
2411 224 2794 283 AUGUSTINI
3732 235 3813 286 [ηε

364 357 614 412 recunde
664 355 940 422 arridens,
989 360 1045 410 et
1089 353 1447 425 aliquantum
1484 355 1590 408 hac
1625 352 2057 423 compellatione

367 446 684 502 turbatior:
721 445 966 500 Paenitet
995 460 1107 510 me,
1143 443 1352 514 inquit,
1400 446 1698 512 tantopere
1746 442 2058 496 affirmasse

369 538 569 588 contra
595 534 946 604 Trygetium,
979 533 1204 586 beatam
1232 531 1406 584 vitam
1443 530 1504 583 in
1531 528 1784 584 veritatis
1824 529 2060 600 inquisi-

367 623 525 678 tione
554 623 881 676 consistere.
918 623 1060 675 Nam
1100 636 1190 673 me
1220 619 1326 672 ista
1355 618 1594 688 quaestio
1624 617 1706 672 ita
1742 618 2058 688 perturbat,

373 715 439 765 ut
465 711 557 764 vix
586 726 700 764 non
731 711 904 763 miser
931 709 1061 777 sim,
1097 707 1196 778 qui
1223 711 1373 760 certe
1403 706 1580 773 vobis,
1612 707 1658 760 si
1688 707 1825 778 quid
1855 706 2059 760 huma-

373 799 568 855 uitatis
599 797 816 869 geritis,
860 797 1055 851 videor
1092 795 1468 850 miserandus.
1501 795 1611 850 Sed
1651 795 1789 866 quid
1818 812 1910 850 me
1938 794 2061 865 ipse

371 888 600 957 ineptus
627 885 818 940 crucio
843 884 870 938 ?
899 888 998 939 aut
1026 883 1164 955 quid
1195 885 1473 939 exhorreo
1502 887 1660 938 tanta
1687 900 1873 938 causa:
1902 883 2062 938 boni-

371 979 484 1029 tate
517 973 838 1028 subnixus?
866 975 1104 1028 Prorsus
1140 988 1257 1026 non
1289 973 1486 1027 cedam
1515 972 1628 1026 nisi
1653 972 1898 1027 veritati.
1931 973 2064 1026 Pla-

373 1066 598 1127 centne,
647 1061 907 1131 inquam,
957 1060 1064 1115 tibi
1123 1060 1258 1115 novi
1311 1059 1678 1115 Academici?
1722 1060 2062 1127 Plurimum,

373 1150 581 1220 inquit.
603 1152 746 1220 Ergo
768 1164 968 1203 verum
990 1149 1257 1203 videntur
1277 1149 1379 1202 tibi
1401 1149 1586 1203 dicere
1607 1151 1636 1202 ‘?
1656 1151 1800 1202 Tum
1819 1148 1915 1202 ille
1932 1165 2064 1204 cum

367 1241 490 1308 jam
521 1243 670 1293 esset
699 1254 1051 1303 assensurus,
1087 1238 1364 1291 arrisione
1392 1237 1583 1308 Alypii
1612 1237 1831 1292 cautior
1860 1239 2061 1302 factus,

373 1328 541 1382 haesit
574 1327 955 1398 aliquantum.
991 1328 1056 1400 Et
1082 1325 1325 1381 deinde:
1368 1327 1604 1397 Repete,
1651 1325 1860 1398 inquit,
1901 1343 2066 1397 roga-

370 1416 714 1471 tiunculam.
757 1417 1062 1481 Verumne,
1102 1415 1360 1486 inquam,
1401 1415 1505 1469 tibi
1547 1414 1811 1469 videntur
1849 1415 2066 1469 Acade-

373 1504 507 1558 mici
536 1503 765 1557 dicere?
813 1505 878 1557 Et
920 1519 1151 1556 rursum
1194 1519 1324 1557 cum
1368 1503 1465 1557 diu
1506 1503 1808 1558 tacuisset:
1844 1504 2066 1572 Utrum,

374 1592 470 1655 ait,
503 1607 705 1646 verum
743 1591 836 1657 sit,
884 1590 1075 1645 nescio
1104 1607 1116 1644 :
1168 1591 1464 1661 probabile
1504 1595 1589 1644 est
1625 1595 1840 1645 tamen.
1876 1593 2069 1663 Neque

375 1680 528 1734 enim
575 1680 703 1750 plus
756 1679 916 1733 video
959 1679 1112 1749 quod
1159 1695 1382 1749 sequar.
1434 1679 1753 1748 Probabile,
1809 1679 2068 1750 inquam,

377 1767 560 1822 scisne
581 1767 650 1821 ab
681 1767 817 1837 ipsis
846 1766 1018 1820 etiam
1041 1766 1347 1820 verisimile
1376 1765 1701 1820 nominari?
1731 1767 1834 1833 Ita,
1861 1767 2070 1837 inquit,

375 1856 620 1910 videtur.
655 1857 823 1926 Ergo,
844 1855 1105 1926 inquam,
1133 1855 1458 1909 verisimilis
1488 1859 1573 1909 est
1602 1854 2070 1910 Academicorum

355 1943 676 2006 _sententia.
709 1945 811 2009 Ita,
856 1943 1070 2014 inquit.
1107 1945 1232 1998 Iam
1282 1959 1474 2014 quaeso
1523 1943 1770 2011 attende,
1810 1943 2067 2015 inquam,

378 2030 733 2102 diligentius.
783 2030 840 2085 Si
891 2030 1196 2102 quisquam
1242 2031 1478 2085 fratrem
1531 2036 1694 2085 tuum
1731 2031 1917 2085 visum
1968 2047 2069 2102 pa-

376 2119 482 2174 tris
507 2119 592 2173 tui
620 2118 864 2173 similem
891 2134 1012 2173 esse
1037 2119 1303 2180 affirmet,
1336 2119 1641 2190 ipsumque
1661 2123 1825 2174 tuum
1849 2123 2072 2191 patrem

381 2222 500 2262 non
530 2206 785 2274 noverit;
816 2222 1009 2261 nonne
1046 2207 1152 2261 tibi
1180 2207 1433 2275 insanus,
1466 2211 1566 2262 aut
1593 2207 1825 2278 ineptus
1854 2207 2071 2262 videbi-

377 2300 475 2350 tur
493 2298 521 2350 ?
547 2296 613 2350 Et
654 2294 745 2348 hic
774 2294 871 2350 diu
915 2294 1112 2350 tacuit.
1154 2296 1297 2350 Tum
1326 2295 1426 2363 ait,
1459 2297 1585 2351 Non
1611 2295 1754 2350 mihi
1780 2296 1886 2351 hoc
1913 2296 2074 2351 vide-

379 2388 475 2438 tur
499 2384 833 2439 absurdum.

457 2475 542 2528 17.
576 2471 679 2527 Cui
710 2488 816 2542 ego
847 2486 977 2526 cum
1025 2471 1373 2542 respondere
1413 2460 1750 2543 crepissem;
1782 2473 2072 2543 Exspecta,

381 2560 596 2632 inquit,
624 2576 840 2631 quaeso,
866 2561 1186 2631 paululum.
1220 2563 1299 2614 Ac
1322 2563 1454 2632 post
1482 2561 1757 2627 arridens,
1787 2561 1884 2615 Dic
1909 2561 2072 2616 mihi.

387 2650 484 2716 ait,
509 2664 608 2704 oro
636 2653 712 2716 te,
730 2649 927 2719 jamne
953 2653 1140 2704 certus
1161 2665 1220 2703 es
1249 2650 1317 2704 de
1337 2649 1575 2703 victoria
1592 2648 1727 2704 tua?
1755 2649 1900 2703 Tum
1929 2665 2034 2720 ego
2059 2665 2072 2703 :

389 2739 496 2792 Fac
539 2753 655 2797 me,
691 2724 964 2808 inquam,
995 2742 1213 2792 certum
1245 2753 1403 2792 esse:
1457 2753 1574 2791 non
1617 2736 1746 2791 ideo
1788 2741 1982 2791 tamen
2013 2742 2079 2792 tu

386 2841 614 2880 causam
645 2830 800 2879 tuam
832 2825 1002 2880 debes
1033 2826 1308 2889 deserere,
1348 2823 1662 2896 praesertim
1692 2840 1821 2878 cum
1849 2824 1969 2878 haec
1996 2823 2078 2878 in-

392 2919 480 2968 ter
507 2930 610 2968 nos
638 2913 944 2984 disputatio
975 2918 1237 2984 suscepta
1263 2914 1334 2968 sit
1372 2913 1669 2968 exercendi
1689 2912 1773 2967 tui
1803 2929 1993 2979 causa,
2023 2917 2081 2967 et

386 3003 459 3058 ad
516 3003 871 3058 elimandum
909 3003 1167 3057 animum
1206 3003 1570 3074 provocandi.
1623 3002 2077 3074 Numquidnam,

384 3092 595 3162 inquit,
629 3095 728 3145 aut
755 3090 1123 3145 Academicos
1150 3091 1286 3162 legi,
1336 3094 1434 3145 aut
1471 3095 1554 3145 tot
1597 3090 1914 3161 disciplinis
1945 3106 2081 3144 eru-

387 3180 540 3234 ditus
561 3194 712 3247 sum,
733 3177 943 3248 quibus
970 3183 1031 3232 tu
1064 3180 1131 3233 ad
1153 3195 1244 3233 me
1266 3179 1576 3233 instructus
1604 3179 1872 3232 adventas
1887 3180 1917 3233 ?
1947 3181 2081 3232 Aca-

388 3267 657 3331 demicos,
686 3266 943 3335 inquam,
998 3283 1103 3321 nec
1151 3267 1234 3320 illi
1278 3268 1530 3336 legerant
1567 3282 1600 3319 a
1647 3267 1854 3336 quibus
1892 3266 2080 3336 primo

389 3355 672 3411 sententia
700 3355 806 3410 ista
845 3355 1078 3410 defensa
1106 3363 1208 3410 est.
1244 3356 1494 3411 Eruditio
1527 3360 1719 3410 autem
1758 3355 2081 3426 disciplina-

389 3459 636 3514 rumque
661 3442 826 3513 copia
853 3442 898 3496 si
927 3447 983 3497 te
1011 3441 1219 3509 deficit,
1247 3458 1362 3496 non
1390 3458 1570 3513 usque
1601 3441 1742 3496 adeo
1771 3445 1964 3496 tamen
1993 3443 2083 3496 in-

390 3531 627 3601 genium
666 3535 830 3585 tuum
868 3548 989 3586 esse
1036 3531 1204 3586 debet
1249 3530 1588 3597 invalidum,
1633 3533 1698 3585 ut
1728 3531 1887 3584 nullo
1935 3530 2084 3584 facto

392 3620 612 3690 impetu
642 3620 1001 3690 paucissimis
1032 3619 1218 3675 verbis
1247 3619 1392 3674 meis
1420 3618 1930 3690 rogationibusque
1960 3635 2084 3673 suc-

391 3708 644 3762 cumbas.
680 3709 822 3764 Illud
871 3709 1026 3763 enim
1057 3709 1181 3780 jam
1223 3708 1407 3763 vereri
1448 3708 1614 3780 crepi,
1663 3724 1733 3762 ne
1774 3707 1877 3762 tibi
1920 3709 2086 3763 citius

393 3813 566 3868 quam
605 3797 733 3850 volo
777 3798 1040 3852 succedat
1077 3797 1314 3867 Alypius
1354 3813 1467 3867 quo
1499 3796 1822 3851 adversario
1861 3813 1974 3851 non
2006 3797 2088 3851 ita

394 3900 628 3938 securus
693 3885 1018 3938 deambulo.
1080 3887 1224 3956 Ergo
1283 3885 1522 3949 utinam,
1555 3884 1745 3954 inquit
1785 3885 1902 3953 ille,
1967 3887 2088 3956 jam

395 3971 608 4033 vincar,
642 3976 706 4025 ut
734 3972 1043 4042 aliquando
1064 3989 1162 4027 vos
1193 3971 1422 4026 audiam
1456 3973 1817 4039 disserentes,
1851 3978 1907 4028 et
1935 3974 2087 4044 quod

395 4061 523 4131 plus
571 4065 673 4126 est,
710 4059 972 4128 videam;
1021 4077 1135 4132 quo
1167 4060 1310 4115 mihi
1353 4061 1673 4132 spectaculo
1720 4061 1863 4115 nihil
1906 4067 2091 4133 potest

392 4149 614 4205 felicius
638 4149 916 4204 exhiberi.
949 4151 1090 4204 Nam
1120 4149 1395 4222 quoniam
1424 4149 1813 4220 placuitlvobis
1834 4150 1942 4204 ista
1962 4151 2089 4205 fun-

399 4239 553 4307 dere,
583 4239 776 4309 potius
815 4255 984 4310 quam
1017 4239 1344 4305 effundere;
1377 4239 1660 4310 siquidem
1691 4254 1788 4293 ore
1824 4256 2089 4310 prorum-

399 4327 590 4398 pentia
633 4326 762 4381 stilo
811 4327 1088 4398 excipitis,
1133 4343 1238 4381 nec
1267 4327 1327 4380 in
1367 4331 1599 4394 terram,
1634 4332 1696 4381 ut
1724 4327 1953 4394 dicitur,
1994 4345 2087 4382 ca-

397 4417 532 4471 dere
573 4415 791 4483 sinitis;
836 4417 1026 4487 legere
1070 4415 1242 4470 etiam
1284 4431 1384 4469 vos
1432 4414 1709 4470 licebit‘:
1756 4417 1854 4471 sed
1898 4418 2089 4471 nescio

399 4504 707 4573 quomodo,
755 4520 883 4558 cum
929 4505 1307 4558 admoventur
1346 4502 1524 4557 oculis
1565 4502 1743 4558 iidem
1789 4503 1898 4574 ipsi
1949 4521 2091 4576 quos

398 4590 551 4644 inter
571 4609 758 4647 sermo
779 4593 1014 4647 caeditur
1045 4591 1070 4625 ²
1094 4612 1109 4660 ;
1134 4593 1283 4647 bona
1312 4590 1622 4662 disputatio
1655 4591 1701 4644 si
1731 4607 1845 4646 non
1872 4592 2088 4661 utilius,

400 4683 457 4732 at
485 4684 635 4733 certe
660 4681 842 4735 laetius
867 4681 1157 4752 perfundit
1185 4680 1460 4735 animum.

476 4770 560 4820 18.
607 4768 840 4822 Gratum
886 4769 1184 4836 habemus,
1225 4769 1460 4840 inquam
1491 4785 1504 4835 ;
1537 4769 1633 4824 sed
1663 4769 1964 4840 repentina
1987 4769 2096 4825 ista

396 4854 608 4926 gaudia
637 4859 735 4909 tua
763 4860 975 4912 temere
1017 4858 1177 4912 illam
1229 4857 1572 4912 sententiam
1617 4857 1856 4912 evadere
1899 4874 2096 4929 coege-

401 4946 558 5009 runt,
605 4958 720 5014 qua
751 4943 959 5011 dixisti,
995 4947 1219 5000 nullum
1266 4945 1371 5001 tibi
1422 4947 1802 5018 spectaculum
1845 4947 2097 5002 exhiberi

399 5049 564 5104 posse
597 5029 842 5086 felicius.
881 5033 1026 5096 Quid
1057 5034 1103 5087 si
1134 5035 1287 5088 enim
1314 5035 1476 5089 illum
1507 5039 1729 5106 patrem
1763 5039 1950 5099 tuum,
1981 5052 2094 5107 quo

401 5122 654 5192 profecto
701 5137 869 5175 nemo
895 5121 1324 5192 philosophiam
1355 5129 1438 5178 est
1466 5128 1595 5196 post
1624 5129 1739 5178 tam
1774 5125 2003 5194 longam
2034 5125 2097 5178 si-

469 5239 482 5271 ¹
514 5236 728 5298 Aliquot
753 5237 841 5295 M.,
867 5236 1012 5287 vobis
1037 5234 1228 5298 licebit.

465 5300 487 5364 ξ
516 5297 631 5348 Am}
656 5299 830 5364 Er.__et
859 5299 1003 5364 Lov.,
1035 5297 1241 5364 utimr:
1258 5299 1357 5364 sed
1379 5301 1523 5364 Mss,
1552 5301 1700 5350 nullo
1723 5301 1830 5350 fere
1858 5305 2095 5364 excepto,

402 5361 616 5415 habent.
647 5361 883 5410 caeditur.
919 5363 996 5409 Ita
1025 5361 1184 5408 etiam
1218 5362 1338 5410 Bad.
1374 5363 1584 5411 Phrasis
1618 5378 1649 5411 a
1671 5364 1914 5412 Terentio
1941 5361 2096 5412 usur-

403 5427 521 5486 pata
549 5427 630 5472 est
659 5424 711 5471 in
753 5425 937 5472 Heaut.
969 5428 1067 5471 act.
1097 5425 1143 5481 2,
1175 5437 1315 5472 sceu.
1341 5427 1367 5472 3
1394 5439 1405 5471 :
1450 5441 1476 5470 α
1505 5426 1696 5474 Verum
1736 5426 1935 5476 interea
1968 5426 2095 5474 dum

403 5498 675 5534 sermones
705 5487 974 5535 caedimus.
1020 5503 1042 5525 ιι

2167 350 2272 406 tim
2301 351 2615 406 hausturus
2647 348 2966 418 ardentius,
3014 349 3314 405 nobiscum
3359 350 3465 406 ista
3507 359 3816 424 quaerentem

2167 450 2232 489 ac
2261 435 2633 490 disserentem
2663 435 2921 502 videbis;
2955 451 3086 490 cum
3134 452 3240 506 ego
3290 453 3384 492 me
3427 438 3819 497 fortunatiorem

2165 539 2465 594 nunquam
2499 523 2734 595 putabo,
2781 523 2920 595 quid
2969 529 3024 579 te
3070 525 3303 580 tandem
3339 527 3542 582 sentire
3579 545 3638 583 ac
3665 530 3820 585 dicere

2168 612 2482 668 convenit?
2513 613 2612 667 Hic
2636 627 2770 666 vero
2793 613 2890 667 ille
2911 613 3278 683 aliquantum
3307 614 3642 685 lacrymavit,
3671 621 3723 671 et
3742 618 3823 671 ubi

2167 699 2326 771 loqui
2362 699 2570 770 potuit,
2624 705 2890 770 porrecta
2936 717 3115 755 manu
3154 702 3360 756 caelum
3407 703 3740 774 suspiciens:
3773 707 3825 759 Et

2169 789 2400 858 quando
2439 804 2564 859 ego,
2596 788 2806 859 inquit,
2848 790 3016 856 Deus,
3048 790 3158 844 hoc
3184 790 3389 845 videho
3409 791 3437 844 ?
3463 792 3560 846 sed
3597 792 3726 846 nihil
3756 799 3825 846 est

2170 876 2239 931 de
2268 880 2324 930 te
2353 876 2791 946 desperandum.
2829 876 2932 931 Hic
2974 893 3106 932 cum
3148 893 3295 949 pene
3337 895 3534 934 omnes
3573 880 3639 934 ab
3663 881 3822 936 inten-

2169 965 2327 1019 tione
2371 965 2776 1035 disputationis
2819 966 3042 1020 remitti
3071 967 3131 1020 in
3174 968 3452 1038 lacrymas
3478 969 3823 1039 ccepissemus,

2171 1053 2462 1108 obluctans
2493 1070 2741 1122 mecum,
2791 1060 2847 1109 et
2894 1054 2987 1108 vix
3018 1071 3109 1110 me
3147 1056 3458 1126 colligens:
3499 1059 3612 1128 Age
3647 1058 3822 1128 potius,

2173 1142 2429 1213 inquam,
2463 1147 2520 1196 et
2535 1142 2595 1197 in
2613 1143 2760 1196 vires
2780 1147 2908 1197 tuas
2931 1144 3053 1198 redi
3077 1164 3092 1211 ;
3115 1161 3254 1215 quas
3272 1151 3338 1200 ut
3355 1161 3685 1216 congereres
3702 1147 3823 1200 unde

2172 1231 2326 1285 unde
2356 1247 2573 1301 posses,
2608 1236 2884 1302 patronus
2907 1232 3231 1287 Academia:
3257 1233 3504 1301 futurus,
3538 1235 3696 1304 longe
3721 1240 3824 1287 ante

2172 1335 2512 1373 monueram
2537 1335 2551 1373 :
2584 1335 2702 1374 non
2731 1320 2938 1392 opinor
2966 1321 3094 1375 ideo
3124 1325 3187 1375 ut
3211 1322 3380 1376 modo
3404 1327 3528 1376 ante
3555 1323 3724 1376 tubam
3746 1328 3826 1376 trs

2173 1424 2290 1462 mor
2327 1414 2540 1478 occupet
2571 1414 2724 1464 artus
2755 1410 2964 1478 (Eneid
3011 1410 3107 1465 lib.
3150 1414 3235 1473 tt,
3269 1427 3323 1464 v.
3363 1413 3490 1480 424)
3515 1431 3531 1478 ;
3559 1415 3652 1464 aut
3675 1414 3732 1464 ut
3762 1410 3825 1462 vi-

2176 1497 2364 1552 senda:
2391 1497 2593 1551 alienae
2620 1513 2830 1568 pugnae
2853 1497 3159 1562 desiderio,
3187 1503 3306 1553 tam
3335 1499 3445 1552 cito
3476 1503 3533 1553 te
3561 1503 3708 1569 optes
3731 1515 3825 1551 esse

2177 1585 2483 1657 captivum.
2512 1585 2611 1640 Hic
2642 1586 2960 1657 Trygetius,
2989 1586 3089 1640 ubi
3111 1586 3245 1640 satis
3271 1586 3512 1640 attendit
3533 1587 3651 1656 jam
3674 1589 3828 1640 vultus

2178 1677 2400 1728 nostros
2441 1678 2768 1728 serenatos:
2819 1673 3027 1738 Quidni
3075 1674 3182 1728 iste
3229 1678 3409 1744 optet,
3454 1673 3652 1745 inquit,
3688 1675 3825 1728 homo

2178 1766 2298 1816 tam
2343 1766 2589 1829 sanctus,
2629 1766 2696 1816 ut
2728 1763 2838 1816 hoc
2881 1762 2935 1816 ei
2978 1763 3128 1816 Deus
3167 1768 3302 1817 ante
3331 1766 3465 1816 vota
3491 1761 3827 1816 concesserit?

2180 1851 2356 1906 Crede
2383 1851 2526 1921 jam,
2576 1851 2826 1918 Licenti;
2856 1867 2990 1905 nam
3039 1851 3142 1922 qui
3183 1867 3300 1906 non
3340 1851 3562 1906 invenis
3601 1851 3726 1922 quid
3759 1866 3824 1904 re-

2179 1939 2476 2010 spondeas,
2525 1944 2582 1994 et
2624 1940 2810 1994 adhuc
2858 1944 2920 1994 ut
2976 1939 3204 1995 vincere
3256 1945 3441 2012 optas,
3497 1956 3676 2011 parvas
3722 1937 3826 1993 ﬁdei

2179 2027 2321 2082 mihi
2367 2027 2596 2082 videris.
2656 2028 2988 2084 Arrisimus.
3047 2030 3190 2083 Tum
3243 2029 3561 2084 Licentius:
3615 2030 3825 2099 Loquere

2178 2115 2400 2182 beatus,
2451 2115 2658 2187 inquit,
2707 2132 2824 2170 non
2877 2117 3221 2172 inveniendo
3267 2133 3494 2185 verum,
3550 2116 3643 2172 sed
3689 2120 3824 2178 certe,

2181 2220 2296 2258 non
2325 2205 2658 2275 quaerendo.

2258 2295 2341 2348 19.
2387 2293 2509 2357 Qua
2537 2292 2826 2348 hilaritate
2866 2293 3427 2349 adolescentulorum
3459 2310 3585 2349 cum
3621 2307 3826 2348 essemus

2182 2381 2464 2447 laetiores;
2507 2381 2768 2450 Attende,
2809 2381 3067 2453 inquam,
3099 2382 3487 2453 rogationem,
3528 2387 3582 2436 et
3622 2382 3677 2436 in
3710 2380 3825 2434 viam

2181 2469 2306 2524 redi
2334 2469 2557 2524 firmior
2585 2473 2643 2524 et
2672 2469 2975 2537 valentior,
3009 2470 3054 2524 si
3084 2475 3264 2541 potes.
3301 2471 3387 2525 En
3417 2471 3631 2540 adsum,
3657 2469 3823 2540 inquit,

2186 2561 2465 2628 quantum
2494 2573 2747 2628 possum.
2783 2559 2932 2622 Quid
2959 2558 3113 2612 enim
3155 2559 3203 2612 si
3241 2558 3340 2614 ille
3371 2559 3559 2615 fratris
3586 2557 3689 2613 mei
3713 2558 3826 2611 visor

2186 2647 2338 2701 fama
2365 2651 2726 2716 compertum
2779 2647 2988 2702 habeat
3027 2663 3160 2702 eum
3212 2664 3337 2702 esse
3389 2648 3629 2703 similem
3671 2646 3824 2717 patris,

2186 2740 2370 2805 potest
2396 2734 2632 2789 insanus
2669 2739 2768 2789 aut
2799 2736 3026 2807 ineptus
3055 2752 3198 2803 esse,
3244 2736 3291 2789 si
3317 2737 3541 2791 credit?
3566 2737 3824 2796 Stultusue,

2188 2824 2446 2894 inquam,
2497 2823 2697 2877 saltem
2728 2823 2839 2878 dici
2886 2824 3118 2895 potest?
3165 2825 3290 2878 Non
3334 2826 3620 2890 continuo,
3663 2822 3825 2893 inquit.

2191 2912 2301 2966 nisi
2348 2928 2407 2966 se
2451 2912 2510 2966 id
2549 2911 2691 2965 scire
2721 2912 3092 2966 contenderit.
3126 2913 3267 2967 Nam
3300 2913 3350 2966 si
3379 2918 3443 2967 ut
3470 2911 3735 2984 probabile
3759 2925 3824 2962 se-

2190 3000 2388 3073 quitur
2416 3001 2573 3072 quod
2619 3001 2817 3055 crebra
2845 3001 2997 3055 fama
3019 3001 3272 3072 jactavit,
3304 3003 3522 3057 nullius
3545 2996 3827 3056 temeritatis

2189 3089 2354 3160 argui
2387 3093 2592 3159 potest.
2627 3091 2770 3144 Tum
2813 3105 2952 3160 ego:
2997 3091 3139 3145 Rem
3167 3089 3358 3160 ipsam
3388 3091 3668 3161 paulisper
3689 3085 3826 3140 consi-

2189 3179 2475 3242 deremus,
2508 3180 2563 3231 et
2593 3178 2758 3249 quasi
2789 3181 2920 3231 ante
2949 3179 3142 3232 oculos
3171 3180 3598 3234 constituamus.
3629 3179 3745 3232 Ecce
3763 3173 3826 3228 fac

2190 3267 2355 3321 illum
2384 3267 2576 3320 nescio
2603 3282 2776 3337 quem
2806 3265 3100 3320 hominem
3132 3283 3306 3336 quem
3339 3267 3712 3330 describimus,
3736 3276 3825 3316 esse

2191 3359 2569 3425 praesentem:
2611 3355 2838 3409 advenit
2883 3355 3142 3410 alicunde
3174 3355 3352 3410 frater
3401 3361 3568 3423 tuus;
3613 3354 3683 3409 ibi
3716 3352 3822 3405 iste:

2193 3445 2364 3515 Cujus
2402 3444 2495 3498 hic
2523 3459 2670 3515 puer
2715 3444 2913 3498 ﬁlius?
2946 3443 3388 3514 Respondetur:
3437 3443 3717 3516 Cujusdam
3742 3441 3824 3494 Βο·

2194 3531 2469 3586 maniani.
2503 3534 2575 3585 At
2592 3532 2683 3586 hic
2704 3549 2717 3587 :
2737 3533 2916 3596 Quam
2943 3532 3093 3603 patri
3114 3531 3318 3587 similis
3340 3537 3426 3588 est
3454 3539 3466 3588 !
3498 3549 3660 3604 quam
3684 3529 3740 3584 ad
3760 3541 3824 3582 me

2195 3622 2302 3675 hoc
2330 3636 2447 3675 non
2494 3625 2707 3674 temere
2754 3621 2908 3676 fama
2959 3621 3270 3676 detulerat!
3337 3622 3438 3676 Hic
3491 3626 3569 3688 tu,
3613 3620 3691 3674 vel
3732 3615 3825 3688 quis

2194 3709 2376 3780 alius:
2432 3709 2587 3763 Nosti
2633 3709 2785 3763 enim
2838 3709 3279 3775 Romanianum,
3319 3711 3471 3766 bone
3516 3709 3713 3764 homo?
3737 3706 3824 3760 Non

2197 3798 2353 3864 novi,
2399 3796 2626 3869 inquit:
2666 3802 2860 3852 tamen
2900 3798 3103 3852 similis
3132 3798 3256 3869 ejus
3279 3799 3426 3854 mihi
3453 3799 3675 3855 videtur.
3704 3798 3825 3850 Pote-

2198 3886 2348 3941 ritne
2389 3885 2693 3958 quisquam
2741 3885 2924 3940 risum
2966 3888 3205 3942 tenere?
3239 3889 3412 3943 Nullo
3452 3888 3634 3952 modo,
3668 3882 3824 3954 inquit.

2199 3977 2364 4047 Ergo,
2396 3975 2657 4046 inquam,
2689 3975 2829 4046 quid
2873 3979 3142 4047 sequatur
3183 3975 3364 4030 vides.
3405 3975 3738 4034 Iamdudum,
3765 3969 3826 4021 in-

2198 4064 2340 4135 quit,
2374 4063 2572 4120 video.
2627 4065 2735 4119 Sed
2779 4068 2971 4118 tamen
3024 4063 3190 4118 istam
3234 4064 3643 4120 conclusionem
3677 4061 3756 4114 abs
3790 4060 3826 4107 te

2202 4152 2401 4207 audire
2447 4153 2612 4207 volo:
2663 4157 2891 4222 oportet
2937 4152 3094 4208 enim
3137 4153 3290 4207 alere
3323 4153 3572 4224 incipias,
3601 4163 3745 4222 quem
3768 4159 3827 4197 ce-

2201 4241 2358 4311 pisti.
2394 4240 2629 4310 Quidni,
2679 4240 2940 4311 inquam,
2992 4241 3373 4296 concludam?
3407 4243 3532 4313 Ipsa
3566 4256 3647 4294 res
3672 4233 3828 4290 clamat

2201 4328 2468 4384 similiter
2489 4329 2758 4384 ridendos
2783 4345 2907 4383 esse
2929 4329 3298 4384 Academicos
3319 4335 3467 4398 tuos,
3496 4328 3588 4400 qui
3614 4344 3664 4381 se
3684 4325 3731 4378 iu
3747 4319 3827 4373 vita

2199 4418 2320 4472 veri
2363 4417 2798 4472 similitudinem
2839 4417 3001 4489 sequi
3049 4418 3265 4488 dicunt,
3305 4435 3434 4473 cum
3477 4419 3651 4489 ipsum
3678 4422 3825 4466 verum

2201 4507 2338 4578 quid
2367 4507 2458 4576 sit,
2491 4506 2772 4578 ignorent.

2406 4645 2634 4700 CAPUT
2668 4645 2806 4698 VIII.
2835 4673 2904 4685 —
2931 4645 3374 4700 Academicorum
3403 4643 3676 4700 cavillatio.

2273 4772 2361 4824 20.
2448 4770 2592 4824 Tum
2660 4769 3002 4840 Trygetius:
3061 4771 3255 4840 Longe
3325 4769 3488 4835 mihi,
3539 4764 3718 4837 inquit,
3771 4757 3827 4809 vi-

2206 4859 2374 4914 detur
2447 4856 2738 4912 dissimilis
2811 4857 3280 4912 Academicorum
3347 4857 3530 4911 cautio
3582 4855 3644 4908 ab
3698 4847 3826 4916 hujus

2206 4963 2379 5020 quem
2428 4946 2778 5018 descripsisti
2807 4946 3046 5018 ineptia.
3098 4947 3184 5002 Illi
3226 4947 3375 5001 enim
3403 4943 3691 5000 rationibus
3714 4949 3826 4991 asse-

2207 5039 2465 5108 quuntur
2491 5036 2648 5104 quod
2669 5035 2870 5090 dicunt
2896 5051 3017 5091 esse
3038 5035 3346 5090 verisimile
3371 5052 3384 5089 :
3426 5034 3528 5088 iste
3554 5035 3719 5086 autem
3742 5024 3827 5075 ine-

2204 5131 2339 5196 ptus
2387 5125 2603 5178 famam
2633 5128 2858 5178 secutus
2889 5123 3002 5194 :est,
3054 5125 3216 5196 cujus
3262 5123 3584 5178 auctoritate
3623 5113 3740 5171 nihil
3765 5109 3826 5198 est

2204 5213 2393 5268 vilius.
2435 5213 2608 5278 Quasi
2654 5230 2809 5280 vero,
2861 5213 3116 5285 inquam,
3169 5230 3286 5268 non
3331 5212 3571 5284 ineptior
3618 5206 3750 5260 esset,
3793 5207 3827 5244 SI

2206 5302 2441 5368 diceret,
2476 5304 2704 5357 Patrem
2743 5302 2978 5373 quidem
3015 5303 3138 5374 ejus
3169 5301 3403 5356 minime
3431 5297 3572 5362 novi,
3600 5288 3824 5380 nectit?!

2206 5389 2458 5462 comperi
2481 5406 2654 5462 quam
2679 5390 2752 5446 sit
2777 5390 2982 5445 similis
3005 5389 3204 5462 patris.
3236 5395 3292 5446 et
3314 5388 3453 5443 mihi
3472 5392 3646 5441 tamen
3669 5370 3824 5462 simillf

2208 5454 2452 5534 videtur.
2497 5454 2759 5549 Ineptior
2808 5485 2980 5550 certe,
3005 5454 3239 5552 -iuquit.
3297 5477 3400 5534 Sed
3430 5483 3677 5547 quorsum
3713 5454 3825 5516 ista?

3965 1231 3967 1358 1

3966 1401 3967 1486 l

3966 1497 3967 1586 ι
