3996 6170
176 319 282 370 929

173 436 321 501 Quia
347 435 506 502 tales,
541 434 798 505 inquam,
831 438 983 500 sunt,
1017 434 1117 505 qui
1147 435 1364 500 dicunt,
1398 437 1607 490 Verum
1636 436 1873 507 quidem

172 540 294 579 non
324 524 617 590 novimus;
656 524 754 578 sed
782 522 887 577 hoc
918 524 1072 593 quod
1101 523 1385 591 videmus,
1420 526 1544 595 ejus
1576 526 1732 596 quod
1756 541 1874 580 non

171 613 443 668 novimus
466 612 650 667 simile
670 616 773 667 est.
799 612 1120 678 Probabile,
1158 612 1365 683 inquit,
1394 612 1478 666 illi
1511 613 1732 667 dicunt.
1773 614 1875 669 Cui

169 718 316 771 ego:
352 701 644 765 Quomodo
692 701 836 755 istuc
875 700 1055 755 dicis?
1080 703 1169 754 An
1220 716 1394 771 negas
1439 718 1535 755 eos
1568 702 1874 757 verisimile

170 790 402 844 dicere?
433 791 497 843 Et
547 789 643 844 ille
696 788 922 860 inquit:
959 790 1073 859 Ego
1115 788 1184 843 ob
1216 788 1322 843 hoc
1367 790 1553 844 dicere
1589 790 1757 856 volui,
1809 795 1875 845 ut

168 879 333 933 illam
363 877 801 932 similitudinem
821 878 1200 933 excluderem.
1228 877 1539 932 Videbatur
1559 878 1713 932 enim
1733 879 1873 932 mihi

166 967 327 1021 fama
362 966 624 1037 improbe
660 966 894 1020 irruisse
925 966 985 1020 in
1014 965 1393 1037 quaestionem
1430 970 1694 1032 vestram,
1742 983 1873 1021 cum

164 1054 494 1109 Academici
526 1070 598 1108 ne
629 1054 808 1108 oculis
829 1053 1062 1125 quidem
1084 1054 1318 1108 credant
1340 1053 1624 1122 humanis,
1656 1055 1871 1109 nedum

166 1145 340 1198 famae
371 1144 526 1198 mille
557 1143 813 1214 quidem,
844 1148 910 1197 ut
936 1147 1121 1213 poetae
1148 1142 1394 1213 tingunt,
1416 1144 1512 1199 sed
1537 1142 1873 1197 monstrosis

164 1237 367 1286 tamen
401 1230 729 1285 luminibus.
764 1232 906 1285 Nam
936 1231 1065 1302 quis
1098 1248 1204 1302 ego
1235 1231 1467 1286 tandem
1501 1247 1627 1285 sum
1656 1231 1870 1285 Acade-

167 1319 307 1373 miae
337 1317 644 1372 defensor?
666 1320 755 1372 An
790 1318 850 1372 in
879 1318 1194 1389 quaestione
1224 1318 1335 1372 ista
1364 1318 1629 1373 invidetis
1660 1318 1871 1373 securi-

165 1408 277 1461 tati
306 1408 491 1460 meae?
521 1408 602 1460 En
630 1407 805 1461 habes
848 1407 1140 1477 Alypium,
1188 1406 1349 1477 cujus
1387 1407 1663 1461 adventus
1688 1407 1871 1475 nobis,

166 1511 391 1567 quaaso,
419 1493 587 1548 ferias
607 1492 846 1561 dederit,
880 1510 1053 1565 quem
1083 1498 1139 1548 te
1154 1494 1499 1564 jamdudum
1521 1510 1638 1549 non
1664 1494 1874 1549 frustra

164 1583 483 1638 formidare
513 1582 878 1637 arbitramur.

246 1677 331 1727 2|.
384 1673 529 1725 Tum
576 1672 721 1725 facto
767 1670 1013 1738 silentio,
1064 1673 1260 1726 oculos
1310 1672 1476 1726 ambo
1515 1671 1576 1726 in
1604 1670 1872 1743 Alypium

163 1761 557 1815 contulerunt.
606 1761 748 1814 Tum
795 1760 924 1814 ille:
966 1760 1204 1827 Vellem,
1251 1759 1463 1831 inquit,
1513 1760 1769 1832 quidem,
1811 1765 1875 1815 ut

163 1866 316 1905 meae
347 1850 492 1903 vires
530 1848 848 1920 patiuntur,
896 1849 1160 1902 auxiliari
1205 1849 1570 1920 aliquatenus
1614 1850 1872 1920 partibus

163 1939 390 2002 vestris,
442 1938 555 1992 nisi
595 1936 738 1991 mihi
776 1953 945 1991 omen
990 1942 1241 1991 vestrum
1287 1938 1496 1991 terrori
1539 1942 1708 1992 esset.
1764 1937 1873 1993 Sed

162 2028 317 2081 hanc
342 2026 734 2092 formidinem,
764 2025 824 2080 ni
848 2042 939 2079 me
968 2042 1097 2096 spes
1116 2025 1401 2089 fefellerit,
1433 2025 1596 2079 facile
1612 2026 1804 2097 fugem
1832 2026 1869 2080 ⁸.

162 2115 352 2170 Simul
384 2116 539 2170 enim
583 2116 802 2169 solatur
842 2130 955 2183 me,
1009 2114 1165 2184 quod
1211 2129 1464 2184 praesens
1507 2114 1871 2168 Academico-

162 2220 299 2259 rum
330 2206 715 2275 oppugnator,
765 2218 907 2256 onus
950 2201 1199 2272 Trygetii
1247 2201 1379 2255 victi
1425 2217 1570 2272 pene
1612 2200 1870 2270 subierit,

164 2297 228 2347 et
265 2309 417 2348 nunc
455 2308 590 2346 eum
638 2291 907 2345 victorem
953 2295 1140 2344 vestra
1184 2289 1537 2344 confessione
1580 2289 1873 2360 probabile

165 2385 276 2437 est.
312 2381 456 2435 Illud
484 2379 668 2450 magis
696 2395 917 2445 vereor,
950 2394 1021 2432 ne
1053 2382 1109 2432 et
1139 2378 1350 2432 deserti
1377 2378 1550 2432 ofﬁcii
1576 2378 1871 2448 negligen-

164 2469 333 2538 tiam,
374 2472 430 2523 et
469 2466 651 2523 invasi
690 2465 1132 2537 impudentiam,
1174 2466 1423 2520 devitarc
1463 2481 1582 2519 non
1620 2465 1863 2535 possim.

166 2558 299 2611 Non
327 2556 481 2610 enim
514 2571 607 2609 vos
630 2554 837 2608 oblitos
860 2554 1051 2621 credo,
1072 2552 1279 2624 judicis
1299 2553 1443 2607 mihi
1469 2569 1679 2608 munus
1699 2554 1872 2608 fuisse

165 2646 445 2701 delatum.
475 2644 574 2699 Hic
611 2642 947 2713 Trygetius:
980 2642 1148 2704 Illud,
1188 2641 1394 2713 inquit,
1425 2641 1603 2709 aliud,
1635 2642 1741 2695 hoc
1769 2658 1869 2696 au-

168 2740 287 2789 tem
317 2733 474 2787 aliud
504 2736 622 2799 est;
659 2725 849 2802 quare~
875 2746 1227 2801 quaesumus,
1254 2735 1319 2784 ut
1346 2734 1401 2784 te
1427 2730 1734 2796 aliquando
1764 2746 1869 2799 pa-

165 2822 313 2876 tiare
361 2821 667 2892 privatum.
703 2821 782 2873 Ne
814 2818 1128 2885 renuerim,
1170 2817 1284 2884 ait;
1323 2817 1535 2871 nedum
1566 2818 1870 2888 impuden-

165 2912 311 2965 tiam
340 2911 427 2965 vel
459 2908 868 2979 negligentiam
909 2907 1086 2961 vitare
1115 2906 1303 2977 cupio,
1334 2905 1395 2959 iu
1426 2905 1730 2976 superbia,
1758 2922 1872 2976 quo

164 3000 305 3053 vitio
337 2998 480 3053 nihil
510 3002 593 3053 est
639 2996 970 3062 immanius,
1022 2996 1257 3066 laqueos
1302 2994 1575 3061 incidam,
1608 2994 1656 3048 si
1687 2994 1874 3048 hono-

166 3104 291 3142 rem
322 3086 467 3141 mihi
501 3102 533 3139 a
572 3086 734 3141 vobis
776 3099 1129 3151 concessum,
1176 3082 1391 3138 diutius
1428 3098 1604 3153 quam
1634 3083 1870 3153 permit-

167 3177 290 3231 titis
320 3182 571 3229 teneam.
1181 3163 1184 3167 ’

164 3283 395 3339 CAPUT
424 3281 510 3336 IX.
543 3310 612 3322 —
641 3283 716 3335 De
753 3279 1200 3335 Academicorum
1237 3279 1502 3332 sententia
1539 3278 1678 3332 serio
1716 3276 1872 3332 dein-

738 3383 858 3437 ceps
890 3366 1305 3437 disputandum.

240 3469 329 3520 22.
394 3463 639 3520 Proinde
708 3463 880 3518 velim
947 3462 1089 3517 mihi
1153 3478 1424 3532 exponas,
1492 3461 1641 3516 bone
1706 3477 1871 3517 accu-

164 3559 327 3609 sator
354 3552 841 3619 Academicorum,
888 3551 1142 3606 ofﬁcium
1182 3554 1386 3617 tuum;
1416 3549 1472 3604 id
1504 3554 1605 3617 est,
1637 3549 1699 3603 in
1728 3566 1870 3620 quo-

163 3659 303 3697 rum
352 3642 740 3697 defensionem
791 3641 895 3694 hos
943 3655 1261 3711 oppugnes.
1322 3639 1505 3693 Metuo
1564 3638 1740 3705 enim,
1799 3655 1871 3692 ne

164 3730 535 3786 Academicos
577 3730 859 3795 refellens,
915 3727 1315 3783 Academicum
1345 3731 1402 3782 te
1440 3727 1683 3797 probare
1711 3726 1869 3783 velis.

165 3823 598 3885 Accusatorum,
642 3818 901 3888 inquam,
945 3820 1008 3870 ut
1050 3816 1274 3887 opinor,
1322 3816 1436 3870 duo
1484 3832 1695 3887 genera
1750 3831 1869 3869 esse

164 3910 317 3962 bene
350 3907 500 3961 nosti
529 3924 555 3965 ε»
574 3922 691 3959 non
721 3906 875 3959 enim
910 3905 957 3958 si
987 3921 1021 3958 a
1044 3904 1305 3959 Cicerone
1335 3904 1749 3959 modestissime
1779 3903 1869 3957 di-

165 4002 326 4051 ctum
352 4000 455 4061 est,
500 3995 579 4048 ita
608 4011 738 4048 eum
772 3994 959 4048 Verris
989 4010 1108 4047 esse
1161 3998 1565 4061 accusatorem,
1608 3998 1672 4048 ut
1709 3993 1870 4047 Sicu-

165 4087 360 4140 lorum
405 4084 668 4138 defensor
713 4086 861 4137 esset
905 4083 1119 4153 (Cicero
1162 4084 1220 4135 in
1270 4083 1507 4148 Verrem,
1558 4084 1765 4135 actione
1796 4082 1867 4151 l),

164 4177 472 4245 propterea
498 4187 726 4226 necesse
752 4175 856 4237 est,
886 4186 1015 4225 eum
1064 4169 1165 4240 qui
1196 4169 1448 4239 aliquem
1488 4173 1733 4236 accusat,
1764 4170 1867 4223 ha-

162 4263 306 4316 bere
329 4262 571 4316 alterum
601 4275 773 4331 quem
794 4258 1078 4313 defendat.
1114 4259 1178 4311 Et
1205 4258 1300 4311 ille
1325 4274 1339 4311 :
1380 4257 1591 4311 Saltem
1617 4258 1869 4312 habesne

165 4356 235 4405 tu
267 4350 584 4420 quidquam
613 4348 674 4402 in
702 4364 816 4418 quo
847 4346 1128 4401 sententia
1148 4349 1246 4399 tua
1263 4345 1388 4415 jam
1408 4345 1643 4399 fundata
1664 4346 1870 4400 consti-

163 4438 341 4493 terit?
374 4438 555 4491 Facile
587 4441 688 4502 est,
730 4435 989 4506 inquam,
1019 4434 1152 4488 huic
1182 4432 1469 4504 rogationi
1497 4433 1864 4502 respondere,

165 4526 314 4582 mihi
343 4524 662 4596 praesertim
692 4524 784 4579 cui
805 4523 1107 4594 repentina
1126 4538 1240 4577 non
1263 4526 1347 4577 est
1370 4538 1382 4575 :
1406 4523 1527 4593 jam
1547 4520 1655 4575 hoc
1682 4525 1868 4576 totum

165 4630 396 4669 mecum
429 4613 541 4684 egi,
573 4618 629 4667 et
652 4613 751 4667 diu
781 4614 1143 4683 multumque
1167 4610 1383 4665 versavi
1415 4610 1628 4666 animo.
1656 4610 1869 4673 Quam-

167 4704 371 4758 obrem
418 4701 571 4767 audi,
621 4701 809 4772 Alypi,
860 4701 1032 4772 quod,
1083 4705 1149 4754 ut
1191 4700 1456 4765 arbitror,
1490 4699 1612 4769 jam
1651 4697 1866 4767 optime

167 4790 313 4845 scis:
347 4806 463 4845 non
501 4806 607 4861 ego
646 4790 815 4843 istam
854 4788 1297 4859 disputationem
1327 4785 1656 4858 disputandi
1686 4786 1868 4855 gratia

168 4884 493 4950 susceptam
520 4878 681 4945 volo;
715 4877 848 4932 satis
886 4876 960 4930 sit
986 4876 1139 4947 quod
1180 4890 1311 4929 cum
1342 4875 1465 4929 istis
1493 4873 1867 4929 adolescenti-

165 4970 276 5023 bus
306 4967 688 5037 praalusimus,
729 4964 828 5019 ubi
876 4965 1122 5019 libenter
1167 4962 1463 5017 nobiscum
1510 4960 1869 5033 philosophia

165 5056 331 5127 quasi
353 5056 541 5126 jocata
572 5060 675 5109 est.
708 5056 889 5118 Quare
908 5051 1239 5107 auferantur
1266 5051 1335 5104 de
1367 5050 1630 5105 manibus
1661 5049 1869 5104 nostris

165 5143 391 5198 fabellae
412 5144 678 5213 pueriles.
706 5144 783 5196 De
806 5141 919 5195 vita
942 5144 1156 5205 nostra,
1190 5139 1259 5193 de
1280 5139 1558 5205 moribus,
1584 5139 1653 5193 de
1675 5137 1868 5192 animo

166 5248 261 5287 res
292 5232 512 5302 agitur;
544 5231 644 5302 qui
688 5246 746 5284 se
792 5233 1193 5299 superaturum
1238 5226 1568 5281 inimicitias
1611 5227 1869 5280 omnium

166 5320 543 5385 fallaciarum,
573 5324 630 5373 et
666 5318 904 5373 veritate
934 5316 1366 5386 comprehensa,
1397 5314 1561 5385 quasi
1591 5313 1650 5369 in
1674 5314 1870 5387 regio-

168 5425 303 5464 nem
332 5424 450 5463 suae
492 5407 732 5479 originis
776 5404 1024 5472 rediens,
1051 5404 1545 5475 triumphaturum
1572 5404 1641 5459 de
1668 5403 1868 5459 libidi-

234 5567 248 5600 ¹
286 5566 344 5613 lu
372 5564 629 5614 hactenus
658 5562 904 5626 vulgatis,
933 5558 1089 5625 facile
1116 5558 1343 5624 fugiam.

1602 315 1816 371 LIBER
1874 313 2261 372 SECUNDUS.

3582 328 3686 379 930

1984 454 2175 522 nibus,
2218 459 2388 527 atque
2435 455 2513 509 ita
2541 456 2919 525 temperantia
2970 458 3125 511 velut
3169 460 3409 529 conjuge
3456 468 3684 532 accepta

1985 548 2360 613 regnaturum
2390 560 2509 598 esse
2540 544 2856 613 praesumit,
2886 546 3137 599 securior
3163 546 3447 601 rediturus
3473 550 3533 602 in
3564 565 3680 603 coe-

1983 630 2103 684 lum
2132 633 2273 699 (Lib.
2314 637 2333 686 l
2368 635 2628 698 Retract.,
2660 648 2779 701 cap.
2816 637 2865 697 1,
2897 650 2952 687 n.
2986 634 3058 704 3).
3084 634 3249 688 Vides
3276 636 3413 705 quid
3458 637 3683 691 dicam?

1981 720 2268 774 Tollamus
2286 721 2356 775 de
2378 721 2566 775 medio
2578 721 2698 791 jam
2721 726 2921 776 cuncta
2942 722 3080 775 ista:
3107 739 3260 777 arma
3281 727 3400 778 acri
3425 727 3685 792 facienda

1980 809 2097 861 viro
2145 806 2380 875 (Enez’d.
2434 810 2527 864 lib.
2573 812 2625 874 8,
2675 826 2726 863 v.
2774 811 2931 879 304);
2977 826 3083 863 nec
3129 811 3444 881 quidquam
3492 814 3683 866 minus

1982 911 2207 966 semper
2255 896 2465 967 optavi,
2517 913 2690 968 quam
2732 898 2881 951 inter
2923 914 3037 965 eos,
3073 898 3170 969 qui
3213 916 3405 953 secum
3435 901 3682 954 multum

1979 983 2263 1053 vixerunt,
2296 986 2659 1056 multumque
2704 986 3067 1040 sermocinati
3109 992 3258 1053 sunt,
3295 988 3434 1042 oriri
3463 989 3679 1059 aliquid

1981 1073 2132 1128 unde
2170 1074 2331 1127 novis
2377 1075 2541 1146 quasi
2597 1075 2893 1129 conﬂictus
2938 1085 3229 1146 exsurgat.
3291 1076 3397 1130 Sed
3445 1084 3683 1147 propter

1980 1162 2341 1230 memoriam,
2385 1179 2514 1233 qua:
2546 1162 2721 1217 inﬁda
2747 1168 2936 1217 custos
2968 1168 3053 1217 est
3084 1164 3561 1234 excogitatorum,
3591 1182 3683 1219 re-

1980 1249 2114 1303 ferri
2145 1250 2203 1303 in
2228 1250 2444 1304 litteras
2473 1250 2645 1315 volui,
2692 1251 2843 1320 quod
2880 1251 3030 1304 inter
3058 1267 3163 1305 nos
3189 1268 3341 1322 saepe
3367 1258 3682 1322 pertracta-

1980 1336 2186 1402 vimus,
2220 1337 2390 1389 simul
2420 1341 2482 1390 ut
2508 1336 2597 1389 isti
2631 1336 3032 1402 adolescentes,
3066 1340 3119 1389 et
3149 1336 3210 1389 in
3237 1337 3357 1392 haec
3391 1340 3681 1393 attendere

1982 1423 2287 1490 discerent,
2323 1428 2380 1477 et
2411 1423 2645 1494 aggredi
2676 1439 2740 1476 ac
2771 1424 2962 1477 subire
2990 1428 3300 1478 tentarent.

2049 1514 2138 1565 23.
2171 1512 2325 1565 Tunc
2356 1527 2492 1581 ergo
2544 1510 2747 1579 nescis,
2798 1510 2941 1564 nihil
2990 1526 3084 1564 me
3116 1515 3331 1565 certum
3362 1514 3551 1567 adhuc
3578 1516 3682 1568 ha-
3737 1578 3739 1580 η

1979 1598 2113 1653 bere
2148 1600 2298 1671 quod
2325 1601 2569 1654 sentiam
2599 1602 2701 1670 (a),
2733 1599 2824 1653 sed
2860 1600 2929 1653 ab
2960 1616 3025 1653 eo
3049 1602 3362 1670 quaerendo
3385 1602 3685 1657 Academi-

1980 1703 2177 1742 corum
2219 1687 2573 1759 argumentis
2628 1692 2798 1758 atque
2850 1686 3331 1757 disputationibus
3378 1690 3686 1761 impediri?

1982 1777 2179 1831 Nescio
2233 1777 2388 1831 enim
2419 1777 2708 1847 quomodo
2763 1777 3019 1829 fecerunt
3046 1775 3109 1829 in
3153 1777 3343 1830 animo
3375 1779 3681 1847 quamdam

1980 1865 2442 1936 probabilitatem
2476 1866 2558 1934 (ut
2584 1866 2654 1918 ab
2680 1880 2882 1918 eorum
2907 1864 3078 1918 verbo
3103 1865 3357 1918 nondum
3375 1866 3682 1936 recedam),

1983 1953 2131 2024 quod
2157 1954 2331 2007 homo
2362 1969 2560 2007 verum
2592 1952 2849 2006 invenire
2871 1968 2988 2005 non
3018 1953 3228 2024 possit:
3260 1953 3408 2007 unde
3438 1953 3601 2024 piger
3630 1960 3686 2008 et

1980 2057 2217 2112 prorsus
2246 2042 2436 2112 segnis
2476 2042 2705 2094 effectus
2744 2057 2921 2107 eram,
2954 2057 3057 2095 nec
3095 2057 3352 2111 quaerere
3380 2042 3680 2109 audebam,

1982 2130 2134 2201 quod
2166 2130 2508 2183 acutissimis
2547 2146 2612 2183 ac
2642 2128 2984 2183 doctissimis
3014 2128 3148 2182 viris
3180 2128 3434 2183 invenire
3465 2146 3583 2183 non
3614 2130 3685 2183 li-

1982 2219 2115 2273 cuit.
2146 2218 2267 2272 Nisi
2289 2234 2425 2289 ergo
2450 2217 2612 2288 prius
2632 2222 2750 2272 tam
2777 2218 2919 2271 mihi
2940 2233 3275 2288 persuasero
3300 2233 3496 2271 verum
3517 2234 3681 2288 posse

1981 2304 2247 2371 inveniri,
2276 2321 2449 2376 quam
2497 2305 2605 2359 sibi
2633 2305 2719 2358 illi
2747 2321 2865 2358 non
2892 2320 3059 2374 posse
3088 2310 3495 2374 persuaserunt
3519 2325 3534 2372 ;
3564 2323 3683 2360 non

1982 2394 2203 2448 audebo
2246 2409 2522 2465 quaerere,
2554 2410 2657 2448 nec
2701 2394 2883 2447 habeo
2921 2392 3138 2463 aliquid
3173 2394 3327 2463 quod
3356 2392 3677 2448 defendam.

1983 2482 2179 2553 Itaque
2221 2482 2391 2536 istam
2437 2481 2946 2553 interrogationem
2997 2496 3240 2547 remove,
3285 2481 3332 2534 si
3372 2481 3579 2551 placet,
3627 2488 3684 2535 et

1980 2571 2172 2641 potius
2204 2569 2570 2624 discutiamus
2603 2570 2753 2623 inter
2790 2585 2913 2631 nos,
2955 2585 3129 2640 quam
3166 2568 3443 2639 sagaciter
3481 2585 3681 2640 possu-

1983 2675 2130 2724 mus,
2166 2663 2497 2712 utrumnam
2534 2658 2713 2727 possit
2746 2672 2945 2711 verum
2990 2657 3259 2711 inveniri.
3299 2658 3365 2710 Et
3394 2673 3495 2726 pro
3524 2662 3684 2727 parte

1980 2762 2108 2800 mea
2131 2746 2334 2799 videor
2364 2744 2505 2799 mihi
2534 2746 2743 2799 habere
2766 2745 2890 2815 jam
2916 2744 3116 2810 multa,
3151 2744 3359 2814 quibus
3383 2750 3584 2799 contra
3604 2762 3685 2799 ra-

1980 2836 2197 2888 tionem
2225 2833 2697 2887 Academicorum
2734 2832 2843 2885 niti
2881 2832 3121 2885 molior:
3153 2831 3303 2884 inter
3332 2847 3476 2901 quos
3505 2837 3562 2886 et
3591 2849 3681 2887 me

1978 2923 2153 2977 modo
2179 2921 2411 2977 interim
2430 2921 2571 2975 nihil
2595 2922 2784 2987 distat,
2816 2920 2927 2973 nisi
2946 2919 3102 2989 quod
3131 2918 3244 2972 illis
3273 2919 3568 2989 probabile
3594 2921 3682 2973 vi-

1982 3027 2110 3065 sum
2147 3014 2252 3070 est,
2291 3025 2408 3063 non
2439 3025 2602 3079 posse
2640 3008 2882 3062 inveniri
2920 3008 3255 3074 veritatem;
3300 3008 3444 3061 mihi
3485 3013 3679 3063 autem

1980 3099 2224 3155 inveniri
2251 3115 2417 3170 posse
2456 3098 2749 3169 probabile
2785 3103 2884 3152 est.
2917 3099 3058 3152 Nam
3089 3098 3375 3169 ignoratio
3416 3097 3556 3164 veri,
3586 3102 3686 3152 aut

1982 3188 2146 3255 mihi,
2180 3187 2225 3241 si
2256 3187 2339 3241 illi
2378 3186 2688 3257 fingebant,
2720 3186 3023 3257 peculiaris
3064 3192 3168 3254 est,
3198 3189 3297 3239 aut
3325 3191 3477 3240 certe
3508 3186 3680 3239 utris-

1982 3293 2093 3349 que
2125 3274 2468 3330 communis.

1983 3384 2205 3440 CAPUT
2235 3384 2295 3438 X.
2330 3411 2392 3422 -
2430 3381 2723 3437 Verborum
2768 3383 3129 3436 controversia
3173 3396 3279 3435 non
3318 3386 3396 3436 est
3437 3399 3556 3452 qua:
3584 3384 3682 3438 ha-

2321 3471 2474 3525 betur
2502 3486 2621 3524 cum
2649 3470 2989 3524 Academicis
3020 3469 3113 3523 sed
3144 3485 3343 3523 rerum.

2050 3572 2141 3623 24.
2185 3570 2331 3623 Tum
2374 3568 2643 3639 Alypius:
2684 3568 2830 3636 Jam,
2868 3567 3075 3637 inquit,
3123 3581 3350 3619 securus
3385 3566 3679 3622 incedam:

1979 3658 2143 3711 video
2190 3657 2343 3711 enim
2393 3662 2448 3710 te
2505 3672 2623 3709 non
2672 3659 2789 3708 tam
2840 3658 3247 3720 accusatorem,
3299 3670 3473 3724 quam
3516 3655 3679 3725 adju-

1979 3751 2165 3801 torem
2213 3744 2350 3799 fore.
2403 3746 2600 3815 Itaque
2648 3759 2718 3797 ne
2765 3743 2993 3812 longius
3040 3741 3330 3807 abeamus,
3386 3742 3680 3798 videamus

1980 3850 2174 3907 quasso
2198 3833 2356 3905 prius
2385 3848 2457 3887 ne
2480 3849 2584 3903 per
2612 3832 2758 3886 hanc
2788 3831 3166 3903 quaestionem
3195 3831 3254 3885 in
3300 3848 3414 3902 qua
3464 3849 3680 3887 succes-

1979 3923 2115 3977 sisse
2156 3923 2353 3977 videor
2395 3921 2462 3974 iis
2507 3920 2606 3992 qui
2654 3920 2758 3974 tibi
2797 3925 3105 3987 cesserunt,
3149 3919 3210 3973 in
3251 3920 3410 3974 verbi
3449 3926 3679 3975 contro-

1977 4012 2222 4067 versiam
2251 4010 2600 4077 decidamus,
2630 4010 2785 4079 quod
2814 4013 2868 4064 te
2892 4009 3014 4080 ipso
3038 4009 3366 4063 insinuante
3396 4025 3463 4063 ex
3491 4015 3681 4065 aucto-

1977 4100 2144 4155 ritate
2174 4100 2272 4153 illa
2315 4099 2578 4153 Tulliana
2622 4098 3018 4168 turpissimum
3065 4115 3204 4164 esse,
3256 4115 3405 4168 saepe
3436 4100 3680 4153 confessi

1978 4205 2194 4244 sumus.
2227 4188 2371 4242 Cum
2401 4186 2577 4254 enim,
2621 4186 2683 4239 ni
2713 4186 2898 4252 fallor,
2941 4184 3224 4238 Licentius
3253 4184 3536 4253 placuisse
3569 4186 3677 4239 sibi

1979 4276 2191 4331 diceret
2236 4275 2305 4329 de
2344 4273 2746 4344 probabilitate
2793 4272 3261 4327 Academicorum
3311 4274 3676 4340 sententiam,

1976 4362 2265 4433 subjecisti
2293 4362 2447 4432 quod
2478 4361 2571 4415 ille
2615 4361 2765 4415 haud
2808 4361 2979 4416 dubie
3017 4360 3398 4425 confirmavit,
3432 4361 3675 4416 sciretne

1974 4452 2121 4505 hanc
2150 4451 2219 4504 ab
2248 4449 2463 4504 eisdem
2484 4449 2653 4504 etiam
2676 4448 3233 4503 verisimilitudinem
3265 4447 3576 4503 nominari.
3614 4452 3678 4505 Et

1974 4541 2120 4594 bene
2144 4538 2295 4606 novi,
2322 4539 2603 4610 siquidem
2635 4556 2699 4593 ex
2729 4542 2783 4593 te
2812 4537 2953 4591 mihi
2970 4541 3106 4591 nota
3124 4540 3277 4604 sunt,
3307 4552 3424 4590 non
3455 4537 3669 4609 absque

1976 4632 2030 4682 te
2079 4643 2198 4681 esse
2241 4627 2710 4681 Academicorum
2758 4624 2987 4695 placita.
3048 4623 3186 4687 Quae
3231 4640 3383 4691 cum,
3433 4630 3498 4680 ut
3535 4627 3670 4695 dixi,

1974 4716 2169 4770 animo
2198 4720 2298 4769 tuo
2330 4715 2503 4769 inﬁxa
2541 4715 2681 4779 sint;
2715 4712 2853 4783 quid
2875 4713 2892 4747 ί
2933 4711 3104 4766 verba
3146 4713 3400 4782 secteris,
3432 4714 3665 4785 ignoro.

1976 4806 2102 4860 Non
2147 4808 2231 4857 est
2274 4803 2400 4871 ista,
2447 4804 2704 4873 inquam,
2762 4799 2904 4853 mihi
2961 4800 3149 4867 crede,
3201 4802 3528 4870 verborum,
3577 4805 3676 4858 sed

1974 4908 2169 4949 rerum
2200 4892 2452 4964 ipsarum
2496 4905 2703 4959 magna
2749 4889 3170 4943 controversia:
3213 4906 3331 4945 non
3359 4892 3517 4946 enim
3550 4892 3676 4947 illos

2045 5004 2057 5037 ¹
2086 5000 2397 5063 Quw,juxta
2424 5000 2539 5047 Par.
2572 4997 2655 5063 Er.
2688 4996 2817 5063 Ven.
2887 4997 2954 5063 Μ.

2039 5063 2113 5126 (a)
2138 5058 2228 5111 Hic
2246 5058 2427 5126 'ﬁgura
2459 5058 2877 5126 quadam__utitur
2895 5059 3476 5126 Augustinusrsolemni
3507 5060 3675 5126 dialo-

1978 5119 2166 5189 gorum
2196 5119 2357 5189 mor'e.
2378 5119 2510 5171 Nam
2532 5119 2776 5189 nonnihil
2800 5119 3250 5189 certunihabebat
3274 5123 3413 5189 quod
3440 5122 3675 5189 sentiret,

1979 5182 2069 5258 qui
2090 5185 2629 5258 jamdudum__mente
2667 5196 2697 5229 α
2716 5187 3025 5258 pervenerat
3055 5182 3121 5231 ad
3150 5183 3203 5254 id
3241 5182 3384 5258 quod
3417 5187 3511 5241 est,
3536 5202 3559 5223 η
3602 5184 3677 5255 uti

1979 5244 2068 5297 lib.
2090 5244 2116 5297 ’Ἰ
2149 5246 2295 5295 Conf.
2329 5260 2374 5294 c.
2408 5248 2462 5293 Π
2489 5244 2733 5306 legimus:
2762 5244 2825 5292 Et
2852 5245 3123 5307 perspicue
3153 5244 3208 5292 in
3235 5244 3474 5307 ejusdem
3496 5246 3680 5307 operis

1979 5311 2073 5359 lib.
2101 5312 2147 5368 8,
2166 5323 2210 5357 c.
2227 5312 2272 5366 5,
2295 5308 2359 5355 de
2370 5321 2424 5356 se
2442 5307 2841 5355 conversionem
2854 5306 3130 5355 diﬂ'e’rente
3143 5306 3445 5354 confitetur:
3466 5306 3677 5355 «Etnon

1982 5388 2009 5418 α
2029 5375 2141 5419 erat
2163 5371 2282 5432 jam,
2307 5369 2397 5418 illa
2418 5369 2709 5426 excusatio,
2743 5382 2847 5431 qua
2875 5368 3037 5432 videri
3063 5368 3192 5417 mihi
3204 5368 3446 5432 solebam
3469 5374 3679 5432 propte-

1983 5452 2009 5479 α
2030 5447 2117 5481 rea
2144 5429 2381 5493 nondum
2413 5444 2496 5479 me
2526 5429 2827 5493 contempto
2857 5430 3051 5493 saeculo
3081 5429 3275 5493 servire
3299 5429 3413 5493 tibi,
3444 5429 3678 5493 quia‘in-

1983 5512 2009 5542 ‹‹
2031 5499 2171 5543 certa
2207 5492 2336 5541 mihi
2374 5496 2513 5542 esset
2540 5489 2803 5556 perceptio
2845 5492 3113 5541 veritatis:
3148 5489 3259 5552 jam
3296 5490 3438 5539 enim
3461 5489 3529 5541 ‘et
3566 5492 3679 5555 ipsa

1986 5574 2012 5603 α
2033 5559 2172 5605 certa
2202 5560 2329 5605 erat.
2352 5572 2378 5600 »
