4062 6188
383 341 479 394 931

380 460 532 515 viros
563 473 658 512 eos
694 453 866 510 fuisse
902 451 1165 517 arbitror,
1211 448 1311 520 qui
1352 449 1520 501 rebus
1544 444 1828 500 nescirent
1850 441 2087 497 nomina

381 549 704 618 imponere;
733 543 830 597 sed
874 540 1017 596 mihi
1059 541 1182 594 haec
1212 536 1486 591 vocabula
1519 534 1787 588 videntur
1821 531 2082 602 elegisse,

382 641 438 691 et
467 636 534 690 ad
579 631 973 688 occultandam
1017 626 1386 689 tardioribus,
1429 627 1484 677 et
1530 623 1602 677 ad
1649 620 2082 691 signiﬁcandam

385 720 833 791 vigilantioribus
868 716 1206 770 sententiam
1241 728 1422 766 suam.
1456 711 1620 775 Quod
1651 727 1829 781 quare
1860 714 1915 762 et
1945 728 2084 778 quu-

384 809 551 863 modo
581 807 724 862 mihi
752 806 1031 871 videatur,
1060 817 1364 872 exponam,
1397 815 1527 854 cum
1547 799 1708 869 prius
1738 797 1835 851 illa
1865 796 2088 851 discus-

382 915 528 964 sero,
563 913 691 966 quae
719 894 788 946 ab
837 893 918 946 eis
956 897 1228 961 tanquam
1273 887 1613 959 cognitionis
1661 887 1927 941 humanas
1973 885 2085 939 ini-

382 985 542 1039 micis
571 983 720 1037 dicta
765 980 1027 1035 homines
1068 982 1290 1048 putant.
1342 978 1540 1046 Itaque
1584 975 1936 1045 perlibenter
1980 974 2082 1026 ha-

383 1075 489 1126 beo
525 1074 819 1140 hucusque
852 1067 1023 1122 hodie
1064 1071 1326 1120 nostrum
1363 1063 1703 1135 processisse
1739 1077 2082 1125 sermonem,

382 1166 446 1216 ut
478 1160 611 1214 satis
641 1160 776 1230 quid
810 1159 956 1211 inter
1011 1173 1114 1210 nos
1167 1158 1542 1226 quaereretur,
1591 1155 1902 1222 aperteque
1954 1166 2086 1203 con-

383 1251 573 1302 staret.
608 1248 748 1301 Nam
781 1245 862 1299 illi
891 1243 1033 1298 mihi
1064 1243 1329 1296 videntur
1358 1256 1555 1310 graves
1583 1239 1818 1292 omnino
1849 1254 1910 1290 ac
1943 1253 2082 1307 pru-

386 1336 587 1390 dentes
635 1334 742 1386 viri
799 1333 992 1387 fuisse.
1050 1331 1109 1384 Si
1160 1329 1298 1400 quid
1357 1332 1442 1382 est
1490 1331 1704 1394 autem,
1748 1326 1904 1396 quod
1933 1341 2085 1379 nunc

384 1422 802 1494 disputabimus
831 1421 1102 1474 adversus
1132 1435 1228 1472 eos
1256 1418 1366 1470 erit
1387 1418 1425 1482 ¹,
1463 1415 1564 1486 qui
1603 1413 1967 1468 Academicos
1995 1413 2086 1466 in—

386 1511 640 1566 ventioni
668 1508 919 1562 veritatis
963 1507 1225 1560 adversos
1272 1505 1445 1558 fuisse
1494 1503 1876 1558 crediderunt.
1923 1503 1986 1555 Et
2014 1518 2084 1553 ne

383 1615 474 1652 me
501 1598 767 1652 territum
798 1599 984 1666 putes,
1018 1595 1190 1649 etiam
1220 1597 1418 1648 contra
1438 1609 1534 1646 eos
1554 1593 1706 1662 ipsos
1728 1607 1843 1645 non
1873 1590 2084 1643 invitus

384 1686 665 1747 armabor,
699 1685 744 1738 si
776 1701 889 1738 non
931 1683 1281 1736 occultaudac
1319 1680 1616 1734 sententiae
1646 1695 1762 1733 suae
1791 1695 1978 1743 causa,
2013 1695 2083 1732 ne

384 1775 454 1827 ab
485 1774 566 1827 eis
599 1777 813 1826 temere
858 1771 1090 1842 pollutis
1134 1770 1441 1836 mentibus,
1493 1774 1550 1823 et
1599 1767 1763 1838 quasi
1808 1767 2081 1838 profanis,

383 1861 646 1930 quaodam
692 1858 950 1913 veritatis
990 1874 1147 1912 sacra
1191 1858 1603 1928 proderentur;
1653 1857 1748 1910 sed
1794 1873 1861 1909 ex
1891 1855 2083 1909 animo

385 1949 482 2002 illa
512 1965 640 2018 quas
670 1949 728 2001 in
758 1963 959 2001 eorum
986 1947 1144 2000 libris
1172 1946 1437 2016 legimus,
1481 1945 1882 1999 defenderunt.
1921 1943 2084 2007 Quod

384 2037 551 2090 hodie
599 2037 866 2102 facerem,
917 2035 1026 2088 nisi
1075 2051 1174 2088 nos
1222 2035 1358 2088 solis
1401 2050 1630 2088 occasus
1677 2035 1798 2103 jam
1845 2032 2082 2086 domum

384 2127 566 2180 redire
598 2125 984 2195 compelleret.
1019 2125 1299 2177 Hactenus
1338 2122 1435 2176 illo
1482 2122 1572 2176 die
1596 2121 1948 2191 disputatum
1977 2124 2081 2174 est.

955 2228 1264 2266 DISPL'TATIO
1301 2228 1506 2265 TERTIA.

702 2302 926 2357 CAPUT
965 2302 1047 2354 XI.
1090 2330 1154 2341 —
1185 2299 1466 2354 Probabile
1501 2299 1636 2367 quid
1673 2301 1764 2353 sit.

451 2394 541 2444 25.
603 2389 884 2444 Postridie
937 2393 1127 2442 autem
1189 2387 1450 2458 quamvis
1505 2403 1625 2440 non
1671 2387 1864 2440 minus
1921 2385 2083 2440 blan-

386 2478 494 2532 dus
547 2477 1008 2548 tranquillusque
1075 2476 1194 2531 dies
1245 2475 1532 2540 illuxisset,
1602 2475 1693 2529 vix
1743 2480 1934 2529 tamen
1992 2475 2086 2528 do-

386 2566 634 2621 mesticis
674 2565 921 2636 negotiis
959 2564 1176 2619 evoluti
1218 2581 1433 2619 sumus.
1487 2565 1630 2618 Nam
1664 2580 1932 2634 magnam
1963 2565 2086 2634 ejus

385 2659 605 2726 partem
632 2655 692 2708 in
725 2654 1093 2724 epistolarum
1115 2653 1361 2707 maxime
1380 2653 1684 2723 scriptione
1713 2669 2082 2723 consumpse-

384 2760 595 2798 ramus.
638 2745 704 2797 Et
748 2759 878 2798 cum
903 2743 1025 2813 jam
1069 2743 1198 2796 duae
1244 2743 1402 2796 horae
1450 2742 1539 2795 vix
1588 2741 1826 2813 reliquae
1875 2742 2082 2810 forent,

383 2833 451 2887 ad
499 2835 727 2904 pratum
775 2832 1180 2903 processimus.
1229 2831 1371 2885 Nam
1414 2830 1690 2885 invitabat
1729 2830 1856 2885 coeli
1904 2831 2084 2885 nimia

384 2922 679 2988 serenitas,
720 2921 1070 2992 placuitque,
1108 2923 1174 2974 ut
1210 2935 1282 2973 ne
1320 2919 1511 2990 ipsum
1549 2919 1779 2990 quidem
1809 2920 1961 2992 quod
1992 2937 2081 2973 re-

383 3010 603 3065 stiterat
630 3014 881 3079 tempus,
911 3009 1101 3080 perire
1126 3012 1472 3082 pateremur.
1508 3010 1702 3080 Itaque
1733 3024 1864 3062 cum
1893 3008 1962 3062 ad
1991 3025 2080 3062 ar-

384 3099 581 3152 borem
614 3097 838 3152 solitam
870 3102 1106 3151 ventum
1158 3101 1322 3163 esset,
1378 3103 1436 3151 et
1473 3097 1877 3152 mansissemus
1918 3098 2079 3151 loco:

387 3186 564 3239 Velim
600 3201 718 3253 vos,
751 3185 1010 3255 inquam,
1043 3185 1469 3247 adolescentuli,
1523 3185 1795 3255 quoniam
1842 3201 1958 3239 non
1997 3189 2082 3238 est

380 3273 553 3327 hodie
581 3287 792 3342 magna
817 3288 910 3326 res
937 3271 1339 3342 aggredienda,
1372 3272 1431 3326 in
1460 3273 1794 3326 memoriam
1827 3273 1966 3328 mihi
1997 3289 2082 3327 re-

380 3361 614 3426 vocetis,
651 3359 939 3431 quomodo
973 3359 1240 3414 hesterno
1271 3360 1363 3413 die
1392 3360 1802 3430 rogatiunculae
1834 3378 1963 3432 quae
1984 3378 2081 3416 vos

381 3449 648 3518 turbavit,
696 3448 932 3520 Alypius
984 3448 1359 3518 responderit.
1422 3449 1520 3502 Hic
1574 3449 1861 3504 Licentius
1897 3466 1910 3503 :
1944 3451 2080 3504 Tam

381 3539 548 3593 breve
577 3542 678 3605 est,
715 3536 924 3608 inquit,
956 3541 1021 3591 ut
1048 3535 1191 3591 nihil
1241 3536 1458 3607 negotii
1489 3537 1560 3590 sit
1605 3537 1712 3591 hoc
1753 3538 2076 3606 recordari;

379 3644 553 3698 quam
581 3627 702 3681 leve
734 3625 806 3680 sit
829 3629 1022 3680 autem
1053 3629 1114 3678 tu
1165 3624 1393 3679 videris.
1426 3626 1588 3692 Nam,
1623 3630 1687 3679 ut
1716 3625 1936 3696 opinor,
1981 3643 2080 3680 ve-

379 3717 489 3770 tuit
517 3720 592 3782 te,
628 3731 718 3769 res
749 3731 878 3769 cum
909 3717 1213 3779 constaret,
1243 3715 1311 3769 de
1331 3714 1517 3768 verbis
1547 3731 1773 3768 movere
1803 3715 2076 3786 quaestio—

380 3820 536 3858 nem.
569 3805 635 3857 Et
665 3819 770 3873 ego
805 3818 817 3856 :
854 3804 964 3856 Hoc
993 3802 1206 3872 ipsum,
1242 3802 1500 3872 inquam,
1542 3803 1678 3874 quid
1711 3803 1802 3870 sit,
1836 3819 2078 3874 quamve

381 3891 589 3945 habeat
632 3889 772 3956 vim,
820 3889 953 3942 satis
1007 3889 1527 3943 animadvertistis?
1583 3890 1809 3958 Videor,
1868 3891 2078 3962 inquit,

379 3976 523 4030 mihi
544 3976 736 4030 videre
765 3976 904 4046 quid
924 3975 1028 4043 sit;
1057 3977 1152 4030 sed
1175 3993 1391 4046 qumso,
1413 3981 1475 4030 tu
1506 3977 1562 4032 id
1592 3978 1882 4049 paulisper
1908 3997 2079 4050 expo-

378 4080 499 4118 nas.
538 4065 678 4118 Nam
701 4080 850 4135 saepe
874 4065 970 4119 abs
999 4069 1054 4118 te
1085 4065 1294 4131 audivi,
1321 4069 1484 4136 turpe
1511 4083 1630 4120 esse
1661 4067 2082 4138 disputantibus

383 4151 441 4205 in
498 4153 808 4206 verborum
867 4152 1187 4224 quazstione
1241 4152 1562 4220 immorari,
1619 4171 1750 4208 cum
1793 4159 2079 4210 certamen

381 4241 605 4295 nullum
640 4240 709 4296 de
741 4241 910 4296 rebus
959 4241 1320 4296 remanserit.
1361 4243 1468 4298 Sed
1508 4243 1615 4298 hoc
1661 4243 1926 4298 subtilius
1975 4249 2077 4313 est,

379 4345 552 4401 quam
581 4332 644 4383 ut
664 4329 1065 4400 explicandum
1095 4346 1125 4382 a
1157 4345 1247 4383 me
1274 4330 1478 4385 debeat
1495 4332 1757 4402 flagitari.

448 4421 536 4474 26.
570 4417 777 4472 Audite
805 4433 963 4488 ergo,
996 4417 1259 4488 inquam,
1292 4418 1431 4489 quid
1454 4420 1544 4485 sit,
1598 4437 1714 4476 vos.
1759 4422 1817 4476 Id
1866 4423 2078 4492 proba—

321 4545 344 4564 η
380 4506 494 4560 bile
524 4506 612 4560 vel
657 4505 964 4561 verisimile
1011 4505 1332 4561 Academici
1378 4512 1601 4572 vocant,
1648 4511 1798 4580 quod
1851 4529 1954 4566 nos
2011 4513 2080 4567 ad

382 4595 670 4664 agendum
711 4595 830 4649 sine
861 4595 1185 4649 assensione
1215 4598 1400 4665 potest
1431 4596 1689 4652 invitare.
1734 4599 1865 4654 Sine
1897 4619 2083 4655 assen-

383 4683 546 4736 sione
572 4687 764 4736 autem
791 4684 937 4751 dico,
971 4686 1040 4739 Ut
1069 4683 1123 4738 id
1159 4685 1312 4755 quod
1353 4684 1575 4755 agimus
1616 4703 1730 4741 non
1779 4689 2082 4760 epinemur

382 4785 582 4824 verum
617 4786 758 4838 esse,
788 4777 886 4826 aut
916 4789 1030 4827 non
1061 4773 1118 4828 id
1153 4773 1293 4828 scire
1326 4774 1706 4842 arbitremur;
1739 4793 1975 4846 agamus
1996 4784 2080 4834 ta-

385 4874 537 4913 men.
575 4859 646 4912 Ut
672 4859 829 4912 verbi
858 4877 1046 4927 causa,
1080 4866 1274 4916 utrum
1324 4862 1591 4917 hesterna
1637 4869 1798 4918 nocte
1847 4871 1962 4920 tam
2019 4869 2082 4922 li-

381 4945 558 5018 quida
587 4961 651 4998 ac
679 4961 844 5016 pura,
877 4947 1044 5002 hodie
1076 4953 1191 5003 tam
1224 4951 1388 5004 lastus
1428 4952 1510 5004 sol
1573 4957 1872 5007 exorturus
1911 4960 2078 5022 esset,

383 5034 430 5088 si
461 5050 564 5088 nos
595 5033 878 5104 quispiam
908 5041 1172 5106 rogaret;
1204 5038 1373 5092 credo
1403 5039 1552 5110 quod
1584 5056 1686 5094 nos
1707 5041 1760 5095 id
1791 5041 1931 5096 scire
1978 5061 2079 5098 ne-

383 5137 669 5193 garemus,
710 5121 1030 5176 diceremus
1057 5127 1248 5179 tamen
1297 5127 1375 5180 ita
1417 5127 1621 5184 videri.
1675 5129 1848 5197 Talia,
1891 5131 2083 5202 inquit

379 5210 769 5279 Academicus,
800 5209 944 5264 mihi
972 5210 1236 5266 videntur
1264 5215 1462 5270 omnia
1499 5233 1628 5287 qua:
1657 5218 1974 5289 probabilia
1992 5222 2082 5276 vel

379 5298 713 5367 verisimilia
741 5299 936 5370 putavi
967 5299 1356 5371 nominanda;
1385 5320 1514 5375 quae
1541 5309 1603 5360 tu
1631 5307 1680 5360 si
1709 5308 1820 5362 alio
1846 5309 2080 5364 nomine

379 5386 462 5440 vis
489 5403 708 5456 vocare,
739 5387 881 5443 nihil
909 5404 1192 5460 repugno.
1227 5391 1372 5444 Satis
1402 5393 1555 5448 enim
1585 5394 1728 5450 mihi
1755 5401 1857 5465 est,
1888 5401 1943 5451 te
1957 5398 2079 5469 jam

441 5512 471 5588 ξ
483 5510 621 5588 lien,
651 5509 910 5588 siquidem
939 5512 1082 5577 quod
1108 5511 1510 5577 disputabimus,
1548 5522 1739 5572 contra
1773 5533 1861 5571 eos
1889 5523 2080 5588 dispu-

382 5569 638 5634 tabimus,
673 5569 790 5635 q'ui.
822 5575 893 5624 Μ.

1467 323 1749 381 CONTRA
1788 317 2268 386 ACADEMICOS,
2311 320 2366 373 S.
2409 318 2813 378 AUGUSTINI.
3589 305 3604 313 ’
3759 333 3838 384 932

2194 441 2340 496 bene
2393 442 2672 512 accepisse
2703 441 2842 514 quid
2895 442 3104 511 dicam,
3135 444 3194 499 id
3226 450 3310 500 est
3340 446 3541 517 quibus
3568 450 3724 504 rebus
3748 452 3842 507 hac

2194 528 2432 583 nomina
2470 530 2784 600 imponam.
2819 531 2943 584 Non
2973 531 3130 584 enim
3161 532 3565 589 vocabulorum
3594 537 3838 607 opiﬁcem,

2195 617 2292 672 sed
2324 634 2519 672 rerum
2546 618 2943 690 inquisitorem
2976 619 3138 674 decet
3167 637 3288 675 esse
3319 622 3641 693 sapientem.
3662 627 3843 683 Satisne

2195 706 2567 773 intellexistis,
2617 708 2905 778 quomodo
2945 707 3090 762 mihi
3139 709 3355 763 ludicra
3403 711 3498 764 illa
3539 713 3732 782 quibus
3771 732 3845 770 vos

2196 795 2502 865 agitabam,
2531 796 2600 849 de
2649 797 2914 850 manibus
2960 813 3191 850 excussa
3224 797 3382 852 sint?
3411 799 3508 852 llic
3549 817 3669 854 cum
3709 804 3844 858 ambo

2195 899 2253 937 se
2297 883 2641 938 intellexisse
2684 885 3132 954 respondissent,
3180 887 3458 958 vultuque
3505 887 3625 958 ipso
3657 904 3846 960 respon-

2196 972 2416 1026 sionem
2454 973 2813 1043 postularent
2854 989 3042 1028 meam
3074 989 3088 1028 :
3125 974 3270 1038 Quid
3325 975 3557 1044 putatis,
3606 977 3845 1048 inquam?

2195 1059 2524 1114 Ciceronem
2554 1061 2714 1130 cujus
2739 1061 2861 1114 haec
2885 1062 3056 1115 verba
3094 1067 3247 1132 sunt,
3311 1063 3539 1128 inopem
3597 1064 3750 1119 fuisse
3783 1067 3846 1120 la-

2194 1149 2331 1202 tinae.
2362 1148 2597 1218 linguas,
2645 1153 2709 1202 ut
2752 1149 2942 1204 minus
2986 1155 3119 1221 apta
3163 1150 3335 1206 rebus
3376 1152 3693 1223 inponeret,
3735 1172 3845 1225 quas

2195 1237 2492 1290 sentiebat.
2526 1237 2760 1291 nomina
2778 1239 2808 1291 ?

2264 1327 2489 1380 CAPUT
2526 1327 2639 1380 XII.
2672 1357 2742 1368 —
2767 1328 3010 1381 Rursum
3050 1327 3115 1381 de
3133 1328 3414 1398 probabili
3441 1335 3492 1384 et
3514 1333 3792 1386 verisimili.

2263 1417 2358 1470 27.
2419 1417 2562 1468 Tum
2619 1416 3137 1485 Trygetiusdam,
3196 1417 3405 1488 inquit,
3465 1419 3647 1489 placet
3696 1421 3843 1484 nobis,

2191 1517 2322 1554 cum
2353 1517 2442 1555 res
2472 1507 2610 1556 nota
2657 1503 2746 1570 sit,
2799 1504 2868 1558 de
2916 1503 3104 1558 verbis
3147 1506 3334 1559 nullas
3381 1507 3688 1562 calumnias
3725 1523 3844 1561 com-

2194 1607 2441 1646 movere.
2503 1591 2688 1654 Quare
2741 1592 2868 1648 vide
2923 1594 3110 1664 potius
3165 1594 3303 1664 quid
3360 1595 3496 1649 huic
3549 1597 3846 1666 respondeas

2193 1678 2418 1749 quinos
2465 1679 2742 1745 liberavit,
2798 1681 2857 1734 in
2911 1697 3053 1752 quos
3099 1687 3159 1734 tu
3220 1683 3504 1753 impulsus
3557 1688 3728 1738 tantas
3775 1684 3847 1738 ite-

2195 1783 2322 1820 rum
2351 1767 2590 1821 irruere.
2627 1770 2691 1822 Et
2725 1768 3010 1822 Licentius
3040 1787 3052 1823 :
3093 1770 3273 1836 Mane,
3330 1770 3434 1837 ait,
3493 1787 3678 1842 quteso
3709 1789 3719 1824 :
3747 1788 3844 1825 nam

2194 1856 2337 1910 mihi
2367 1857 2626 1911 sublucet
2655 1856 2846 1911 nescio
2877 1857 3036 1927 quid,
3070 1875 3184 1928 quo
3229 1858 3453 1914 videam
3500 1876 3614 1914 non
3640 1861 3732 1914 tibi
3757 1866 3842 1914 tam

2192 1946 2356 2000 facile
2387 1950 2611 2000 tantum
2641 1951 3048 2016 argumentum
3073 1947 3216 2018 eripi
3246 1947 3529 2006 debuisse.
3558 1951 3620 2004 Et
3646 1967 3758 2004 cum
3777 1951 3843 2004 de

2193 2035 2337 2089 ﬁxus
2369 2035 2430 2088 in
2459 2034 2806 2106 cogitatione
2854 2035 3106 2089 siluisset
3151 2036 3514 2106 aliquantum
3551 2054 3563 2092 :
3595 2038 3755 2108 Rogo,
3783 2038 3843 2090 in-

2194 2121 2337 2192 quit,
2363 2121 2506 2175 nihil
2539 2123 2682 2176 mihi
2708 2122 2934 2176 videtur
2955 2139 3076 2177 esse
3107 2124 3439 2192 absurdius,
3474 2142 3640 2196 quam
3671 2127 3840 2187 dicere,

2195 2227 2252 2264 sc
2279 2209 2586 2264 verisimile
2617 2210 2799 2282 sequi,
2835 2227 2966 2265 eum
3000 2212 3100 2282 qui
3129 2227 3327 2265 verum
3353 2213 3495 2284 quid
3523 2213 3593 2266 sit
3619 2213 3840 2283 ignoret:

2194 2315 2300 2354 nec
2331 2298 2427 2352 illa
2452 2315 2544 2354 me
2582 2303 2684 2353 tua
2722 2298 3039 2354 similitudo
3071 2300 3402 2356 conturbat.
3441 2302 3578 2355 Nam
3609 2306 3742 2355 recte
3764 2315 3841 2368 ego

2194 2387 2600 2456 interrogatus,
2631 2392 2825 2441 utrum
2857 2403 2922 2441 ex
2973 2388 3084 2442 ista
3129 2389 3411 2458 temperie
3459 2389 3583 2443 coeli
3630 2389 3765 2442 nulla
3801 2389 3839 2440 in

2193 2474 2503 2528 crastinum
2532 2475 2724 2544 pluvia
2748 2480 3004 2546 cogatur,
3055 2475 3378 2544 respondeo
3410 2491 3531 2529 esse
3563 2474 3838 2534 verisimile,

2193 2565 2293 2636 qui
2325 2582 2413 2620 me
2437 2582 2555 2620 non
2585 2583 2732 2637 nego
2749 2583 2913 2620 nosse
2959 2566 3175 2637 aliquid
3223 2567 3366 2621 veri.
3418 2567 3558 2622 Nam
3588 2567 3693 2620 scio
3717 2565 3840 2618 arbo-

2193 2671 2314 2708 rem
2346 2654 2514 2709 istam
2545 2655 2714 2710 modo
2747 2659 3077 2726 argenteam
3109 2655 3236 2709 ﬁeri
3284 2671 3406 2710 non
3448 2672 3630 2726 posse,
3672 2654 3837 2708 multa-

2193 2759 2303 2814 que
2333 2743 2472 2798 talia
2499 2760 2632 2798 vera
2660 2760 2775 2798 non
2820 2744 3185 2814 impudenter
3228 2759 3321 2798 me
3366 2745 3510 2798 scire
3556 2745 3694 2807 dico,
3731 2758 3837 2813 quo-

2190 2849 2321 2889 rum
2351 2833 2515 2887 video
2535 2847 2656 2886 esse
2686 2833 2895 2887 similia
2926 2849 2992 2887 ea
3011 2849 3141 2904 qua:
3161 2832 3498 2887 verisimilia
3524 2833 3756 2887 nomino.
3781 2831 3838 2883 Tu

2191 2939 2345 2990 vero,
2380 2923 2712 2987 Carneades,
2749 2923 2837 2976 vel
2869 2938 2996 2993 qum
3012 2922 3121 2975 alia
3143 2938 3328 2992 graeca
3360 2923 3556 2994 pestis,
3587 2926 3647 2976 ut
3674 2920 3837 2976 nostris

2190 3029 2420 3083 parcam
2454 3011 2611 3082 (quid
2643 3010 2796 3065 enim
2831 3010 3086 3064 dubitem
3133 3011 3191 3064 in
3247 3010 3398 3065 hanc
3449 3013 3662 3082 partem
3703 3013 3838 3062 trans-

2190 3102 2273 3155 ire
2307 3101 2375 3156 ad
2408 3117 2538 3155 eum
2562 3099 2653 3154 cui
2681 3099 2934 3170 captivus
2950 3099 3163 3153 debeor
3177 3098 3308 3168 jure
3321 3099 3573 3153 victoria;
3592 3098 3714 3165 ?):tu
3735 3109 3836 3163 ergo

2190 3206 2317 3244 cum
2350 3193 2403 3243 te
2435 3189 2576 3242 nihil
2613 3187 2732 3242 veri
2763 3188 2904 3241 scire
2933 3187 3104 3254 dicas,
3133 3187 3287 3241 unde
3330 3188 3444 3242 hoc
3473 3185 3752 3242 verisimile
3777 3198 3833 3234 se-

2190 3278 2423 3350 queris?
2459 3280 2530 3332 At
2555 3277 2711 3330 enim
2739 3291 2951 3330 nomen
2967 3275 3019 3329 ei
3040 3291 3155 3329 non
3187 3275 3348 3346 potui
3382 3276 3538 3331 aliud
3571 3276 3833 3345 imponam.

2189 3367 2338 3431 Quid
2370 3383 2506 3436 ergo
2533 3364 2696 3420 nobis
2724 3364 3133 3434 disputandum
3165 3369 3252 3418 est
3280 3380 3416 3419 cum
3443 3381 3530 3426 eo,
3565 3364 3654 3436 qui
3681 3361 3832 3416 necle-

2188 3455 2288 3526 qui
2317 3453 2552 3525 potest?

2260 3545 2350 3597 28.
2389 3543 2513 3596 Non
2568 3557 2697 3611 ego,
2740 3540 2930 3612 inquit
2973 3539 3230 3610 Alypius,
3271 3539 3546 3612 perfugas
3585 3543 3831 3594 metuam:

2189 3634 2403 3703 quanto
2432 3630 2623 3684 minus
2647 3630 2743 3684 ille
2776 3629 3114 3694 Carneades,
3147 3629 3207 3684 in
3238 3645 3417 3700 quem
3462 3629 3645 3684 nescio
3685 3631 3833 3682 utrum

2181 3719 2424 3791 juvenili
2455 3736 2528 3774 an
2551 3718 2760 3790 puerili
2791 3719 3017 3773 levitate
3076 3722 3424 3786 commotus,
3456 3718 3735 3773 maledicta
3759 3730 3831 3784 po-

2187 3809 2298 3863 tius
2332 3825 2505 3880 quam
2529 3809 2949 3879 aliquodtelum
2970 3807 3183 3878 putasti
3213 3823 3336 3862 esse
3358 3803 3710 3878 jaciendum?
3729 3802 3830 3856 Nam

2187 3897 2270 3951 illi
2301 3897 2534 3968 quidem
2579 3897 2647 3950 ad
2683 3897 3067 3950 roborandam
3109 3896 3457 3950 sententiam
3515 3910 3687 3958 suam,
3736 3902 3831 3959 qua?

2189 4002 2417 4056 semper
2445 3990 2612 4040 tenus
2629 3985 2950 4055 probabili‘
2983 3985 3218 4039 fundata
3247 3985 3378 4052 fuit,
3402 3985 3513 4039 hoc
3540 3981 3745 4037 interim
3764 3975 3832 4030 ad-

2187 4090 2417 4128 versum
2445 4078 2500 4128 te
2540 4073 2702 4126 facile
2751 4073 3056 4140 suffecerit,
3090 4073 3169 4127 ita
3213 4088 3318 4126 nos
3349 4089 3384 4126 a
3413 4072 3531 4127 veri
3560 4067 3832 4125 inventione

2189 4163 2390 4233 procul
2420 4178 2541 4216 esse
2569 4161 2804 4232 positos,
2837 4167 2899 4215 ut
2929 4167 2992 4216 tu
3022 4161 3125 4216 tibi
3154 4160 3274 4230 ipse
3309 4177 3522 4232 magno
3550 4155 3832 4229 argumento

2189 4267 2309 4305 esse
2335 4251 2536 4322 possis,
2568 4251 2669 4321 qui
2698 4250 2776 4305 ita
2805 4266 2918 4304 una
2944 4249 3500 4320 interrogatiuncula
3538 4249 3656 4302 loco
3683 4245 3833 4298 motus

2189 4355 2266 4406 es,
2316 4345 2382 4394 ut
2427 4339 2531 4393 tibi
2578 4340 2845 4394 standum
2900 4343 3062 4404 esset,
3123 4338 3355 4408 penitus
3406 4339 3705 4410 ignorares.
3754 4325 3830 4382 Sed

2186 4429 2330 4494 haec,
2363 4432 2532 4498 atque
2563 4428 2857 4482 scientiam
2888 4432 3066 4493 tuam,
3095 4443 3270 4497 quam
3298 4427 3404 4481 tibi
3441 4427 3750 4497 impressam
3782 4415 3832 4468 de

2187 4517 2292 4571 hac
2325 4517 2526 4571 arbore
2554 4517 2726 4587 paulo
2757 4521 2885 4571 ante
2920 4517 3211 4572 confessus
3241 4533 3320 4583 es,
3355 4516 3417 4570 in
3463 4513 3610 4569 aliud
3651 4516 3832 4576 tempus

2187 4605 2536 4660 dill‘eramus.
2571 4605 2838 4670 Quamvis
2858 4605 3014 4659 enim
3041 4606 3161 4676 jam
3189 4605 3327 4658 alias
3355 4608 3546 4675 partes
3579 4593 3831 4667 delegeriS.

2187 4698 2381 4748 tamen
2409 4695 2606 4749 sedulo
2637 4694 2929 4748 docendus
2961 4711 3020 4748 es
3066 4693 3203 4765 quid
3255 4694 3427 4764 paulo
3459 4696 3585 4745 ante
3615 4683 3829 4741 dixerim.

2190 4784 2452 4838 Nondum
2479 4783 2657 4853 enim,
2687 4787 2751 4836 ut
2777 4782 3000 4854 opinor,
3041 4783 3101 4836 in
3147 4797 3274 4836 eam
3328 4779 3710 4852 quaestionem.
3748 4783 3833 4840 qua

2189 4877 2383 4927 utrum
2414 4872 2656 4927 inveniri
2685 4889 2884 4927 verum
2915 4873 3098 4942 possit
3125 4873 3427 4944 quaeritur,
3460 4865 3724 4942 progressi
3739 4862 3830 4915 fue-

2187 4977 2382 5016 ramus
2415 4961 2548 5016 :sed
2585 4961 2726 5015 illud
2749 4965 2973 5016 tantum
3003 4960 3063 5015 in
3106 4959 3230 5032 ipso
3277 4959 3554 5014 vestibulo
3598 4948 3829 5011 defensio-

2188 5049 2276 5103 nis
2305 5065 2446 5104 mete
2468 5065 2586 5120 prae
2614 5049 2974 5104 scribendum
3005 5050 3221 5120 putavi,
3241 5049 3299 5104 in
3328 5066 3440 5120 quo
3458 5047 3707 5102 telassum
3733 5050 3831 5108 pro-

2189 5142 2543 5209 stratumque
2570 5153 2980 5208 prospexeram
3007 5155 3020 5204 ;
3052 5139 3162 5193 hoc
3182 5143 3302 5205 est;
3333 5143 3523 5192 utrum
3550 5124 3826 5189 verisimile.

2189 5242 2260 5280 an
2291 5226 2611 5298 probabile,
2645 5243 2717 5282 an
2748 5227 2860 5281 alio
2891 5227 2938 5281 si
2965 5244 3078 5298 quo
3107 5227 3345 5283 nomine
3376 5220 3640 5296 appellari
3664 5213 3828 5288 potest,

2188 5314 2344 5386 quod
2375 5315 2482 5369 sibi
2509 5315 2833 5371 Academici
2863 5319 2949 5370 sat
2972 5331 3092 5370 esse
3123 5315 3334 5379 dicant,
3362 5309 3712 5386 quaerendum
3737 5310 3825 5390 nell

2189 5383 2330 5456 esse.
2365 5403 2508 5456 Nam
2539 5402 2585 5456 si
2615 5406 2676 5456 tu
2717 5403 2970 5473 optimus
3021 5403 3142 5474 jam
3176 5383 3435 5457 inventor
3483 5392 3713 5452 veritatis
3748 5383 3825 5478 tibi

2188 5489 2419 5557 videris,
2443 5490 2586 5545 nihil
2618 5491 2690 5545 ad
2738 5507 2852 5546 me.
2906 5493 3110 5546 Postea
3148 5491 3196 5545 si
3241 5491 3493 5560 ingratus
3541 5498 3646 5539 non
3686 5478 3824 5532 fueris

2251 5590 2266 5622 1
2295 5589 2407 5637 Par.
2441 5588 2526 5638 Er.
2559 5589 2712 5651 Ven.,
2734 5590 3040 5653 swpetenus
3049 5587 3319 5654 probabili
3337 5585 3552 5638 ratione.
3613 5579 3673 5628 Μ.
