3996 6170
119 339 222 391 933

123 456 259 511 huic
309 454 625 526 patrocinio
682 470 833 521 meo,
889 455 1091 509 eadam
1147 455 1382 510 fortasse
1432 472 1522 511 me
1563 456 1815 512 docebis.

128 544 350 598 CAPUT
404 544 542 597 XIII.
578 574 645 582 —
693 546 787 597 An
816 544 1131 598 Academici
1160 545 1569 600 dissimularint
1596 562 1651 600 se
1689 548 1825 600 scire

884 648 1089 686 verum.

197 722 293 775 29.
368 720 466 773 Hic
532 736 672 791 ego,
729 736 857 774 cum
921 720 1239 774 verecunde
1300 722 1585 775 Licentius
1640 720 1827 791 Alypii

128 810 409 879 impetum
464 808 834 875 formidaret;
884 809 1089 863 Omnia
1146 810 1355 880 potius,
1400 812 1655 880 inquam,
1690 810 1825 880 Aly-

128 896 211 966 pi,
243 895 402 965 loqui
441 896 715 961 maluisti,
749 913 922 967 quam
973 897 1459 967 quemadmodum
1507 897 1667 950 nobis
1698 914 1827 950 cum

131 985 220 1051 iis,
253 984 354 1054 qui
384 984 543 1054 loqui
573 985 845 1046 nesciant,
871 986 1280 1055 disputandum
1310 986 1401 1040 sit.
1426 989 1489 1040 Et
1517 987 1610 1040 ille
1637 1003 1649 1040 ε
1679 987 1827 1049 Quo-

131 1072 286 1125 niam
314 1072 452 1125 olim
480 1078 605 1126 tum
635 1072 798 1139 mihi,
854 1078 979 1127 tum
1036 1075 1302 1128 omnibus
1357 1083 1559 1129 notum
1613 1078 1716 1135 est,
1775 1079 1832 1127 et

132 1175 287 1212 nunc
318 1162 417 1212 tua
463 1160 812 1229 professione
842 1161 978 1213 satis
1008 1161 1223 1215 indicas
1258 1166 1312 1215 te
1362 1162 1633 1232 loquendi
1680 1161 1829 1232 peri-

132 1254 252 1300 tum
282 1263 433 1313 esse;
494 1248 664 1301 velim
697 1248 943 1318 explices
978 1248 1279 1303 utilitatem
1326 1250 1513 1319 primo
1543 1250 1711 1318 hujus
1742 1250 1827 1302 in-

131 1336 457 1405 quisitionis
497 1353 615 1390 suae
650 1338 689 1401 ί,
736 1353 866 1407 quin
905 1342 1005 1391 aut
1043 1340 1331 1407 superﬂua
1359 1344 1463 1403 est,
1508 1342 1573 1391 ut
1604 1337 1828 1407 opinor,

129 1429 186 1478 ct
214 1424 265 1477 ei
298 1425 482 1478 multo
513 1424 695 1494 magis
738 1426 1082 1495 respondere
1114 1426 1468 1495 superﬂuum
1497 1430 1612 1491 est;
1660 1430 1756 1478 aut
1786 1424 1830 1476 si

130 1514 435 1567 commoda
455 1513 572 1565 visa
591 1512 783 1581 fuerit,
808 1518 865 1567 et
901 1531 930 1566 a
954 1529 1042 1566 me
1071 1513 1340 1583 explicari
1370 1513 1673 1581 nequierit,
1708 1529 1831 1583 pre-

129 1602 282 1656 cario
314 1602 415 1655 abs
446 1606 500 1655 te
539 1602 866 1671 impetrem,
898 1608 963 1655 ut
1017 1601 1276 1672 magistri
1309 1601 1561 1656 ofﬁcium
1592 1618 1661 1655 ne
1703 1617 1831 1671 gra-

133 1706 281 1744 vere.
321 1689 649 1755 Meministi,
684 1691 943 1761 inquam,
976 1690 1102 1743 heri
1132 1707 1223 1743 me
1254 1706 1373 1744 esse
1406 1690 1724 1760 pollicitum
1764 1690 1832 1743 de

135 1779 252 1833 istis
281 1778 575 1832 vocabulis
606 1783 734 1849 post
760 1784 1039 1832 acturum.
1098 1779 1163 1832 Et
1189 1794 1342 1832 nunc
1393 1778 1487 1832 ille
1519 1780 1603 1832 sol
1632 1778 1832 1832 admo-

131 1872 246 1932 net,
279 1871 347 1920 ut
379 1882 505 1937 qua:
537 1867 756 1921 ludicra
784 1866 979 1937 pueris
1031 1867 1322 1938 proposui,
1375 1867 1629 1935 redigam
1661 1867 1719 1919 in
1752 1867 1831 1920 ci-

134 1960 277 2021 stas;
311 1955 636 2025 praesertim
669 1972 801 2009 cum
862 1972 929 2010 ea
982 1956 1223 2010 ornandi
1245 1956 1364 2026 jam
1418 1955 1609 2026 potius
1659 1972 1832 2025 quam

132 2044 421 2098 vendendi
467 2045 651 2115 gratia
698 2061 1037 2115 proponam.
1091 2047 1251 2099 Nunc
1288 2049 1599 2115 antequam
1639 2044 1834 2097 stilum

132 2136 393 2185 nostrum
424 2133 675 2185 tenebras
707 2138 1006 2203 occupent,
1030 2149 1157 2203 quae
1188 2136 1444 2201 patrona:
1474 2131 1836 2185 Academico-

135 2236 259 2274 rum
318 2222 507 2275 solent
562 2236 700 2285 esse,
753 2222 878 2275 volo
932 2221 1083 2275 inter
1140 2237 1241 2274 nos
1280 2220 1448 2274 hodie
1505 2218 1836 2290 plenissime

135 2312 379 2376 constet,
426 2310 497 2363 ad
545 2326 717 2380 quam
784 2310 1164 2380 qumstionem
1230 2309 1392 2362 nobis
1440 2308 1833 2378 explicandam

138 2414 301 2452 mane
335 2399 691 2468 surgendum
717 2398 806 2452 sit.
833 2400 1031 2469 Itaque
1060 2399 1363 2468 responde,
1395 2414 1611 2468 quaeso,
1644 2402 1837 2451 utrum

138 2486 238 2539 tibi
263 2487 573 2541 videantur
608 2488 927 2542 Academici
958 2487 1225 2541 habuisse
1254 2491 1467 2540 certam
1506 2488 1574 2540 de
1600 2487 1833 2539 veritate

140 2575 508 2641 sententiam,
542 2581 599 2629 et
628 2592 755 2629 eam
782 2580 997 2630 temere
1044 2575 1256 2645 ignotis
1310 2576 1396 2629 vel
1431 2590 1546 2628 non
1576 2576 1834 2645 purgatis

136 2662 346 2717 animis
399 2664 639 2734 prodere
690 2664 972 2727 noluisse;
1026 2680 1097 2717 an
1145 2680 1277 2718 vero
1312 2663 1390 2717 ita
1422 2663 1727 2726 senserint,
1774 2667 1837 2716 ut

133 2768 329 2806 eorum
361 2753 772 2823 disputationes
803 2769 862 2806 se
892 2753 1127 2807 habent.

193 2877 205 2908 ¹
239 2874 371 2924 Bad.
410 2876 492 2924 Er.
524 2878 576 2924 et
605 2877 747 2931 Lov.,
774 2874 1155 2939 inquisitionis.
1179 2877 1285 2926 tuac
1304 2874 1405 2923 Sed
1430 2874 1619 2923 melius
1640 2874 1753 2925 Am.
1788 2879 1840 2924 et

134 2936 249 2985 Mss.
275 2952 423 2995 suae;
456 2940 679 2987 refertur
698 2936 855 2987 enim'
874 2938 938 2987 ad
966 2939 1277 2987 Licentium.

534 3061 757 3069 ——————_

1586 333 1799 390 LIBER
1854 334 2183 411 TERTIUS.

3529 346 3633 397 934

2006 462 2090 513 30.
2120 460 2263 514 Tum
2294 459 2389 513 ille
2422 475 2434 514 :
2468 459 2615 523 Quid
2644 459 2754 513 illis
2807 461 2983 515 animi
3025 461 3215 529 fuerit,
3267 463 3476 535 inquit,
3512 483 3628 522 non

1933 553 2145 602 temere
2166 548 2537 602 conﬁrmabo.
2573 550 2711 602 Nam
2744 555 3020 619 quantum
3043 568 3111 605 ex
3135 551 3295 605 libris
3324 553 3513 622 colligi
3537 556 3633 607 da-

1933 641 2047 705 tur,
2076 643 2139 691 tu
2171 637 2374 691 melius
2406 636 2553 691 nosti
2584 653 2719 707 quas
2756 637 2815 690 in
2864 638 3032 691 verba
3080 640 3419 694 sententiam
3469 658 3629 696 suam

1934 741 2198 794 promere
2224 726 2482 779 soleant:
2519 726 2600 779 Me
2631 729 2821 779 autem
2874 726 2943 779 de
2993 728 3210 797 meipso
3263 728 3309 782 si
3356 730 3627 793 consulis,

1936 814 2228 866 inventum
2252 815 2507 868 nondum
2523 830 2719 867 verum
2746 830 2867 866 esse
2897 820 3063 884 puto.
3104 816 3261 869 Addo
3282 817 3454 870 etiam
3474 818 3629 888 quod

1938 902 2006 955 de
2036 903 2383 955 Academicis
2412 902 2725 972 ﬂagitabas,
2761 919 2859 956 nec
2893 920 3054 973 posse
3103 903 3346 957 inveniri
3395 922 3485 959 me
3516 922 3622 975 pu-

1939 994 2079 1055 tare,
2105 1006 2222 1043 non
2256 992 2437 1044 solum
2469 992 2683 1055 inclita,
2718 1007 2889 1060 quam
2926 1007 3151 1060 semper
3200 992 3316 1045 fere
3366 993 3627 1047 animad-

1938 1078 2158 1131 vertisti
2190 1079 2461 1147 opinione
2493 1095 2640 1145 mea,
2675 1079 2770 1131 sed
2803 1079 2973 1132 etiam
3015 1080 3350 1134 auctoritate
3390 1097 3628 1151 magno-

1940 1184 2067 1220 rum
2119 1167 2695 1235 excellentiorumque
2743 1166 3218 1235 philosophorum
3267 1169 3471 1237 quibus
3526 1185 3630 1221 nos

1939 1256 2195 1324 praebere
2222 1255 2363 1307 colla
2394 1254 2507 1305 sive
2538 1253 2893 1306 imbecillitas
2950 1258 3161 1315 nostra,
3204 1254 3317 1308 sive
3350 1256 3627 1325 sagacitas

1942 1345 2219 1413 ipsorum,
2264 1343 2412 1394 ultra
2451 1358 2624 1410 quam
2665 1340 2806 1393 nihil
2848 1341 2967 1409 jam
3017 1342 3260 1395 inveniri
3304 1360 3465 1413 posse
3511 1360 3630 1397 cre-

1942 1431 2192 1484 dendum
2226 1434 2327 1493 est,
2361 1430 2551 1481 nescio
2584 1429 2865 1499 quomodo
2896 1430 3203 1497 compellit.
3256 1433 3369 1483 Hoc
3412 1438 3515 1499 est,
3549 1432 3634 1484 in-

1942 1534 2134 1589 quam,
2171 1518 2323 1588 quod
2350 1517 2522 1570 volui.
2557 1517 2697 1569 Nam
2728 1517 2980 1582 verebar,
3017 1532 3084 1569 ne
3126 1532 3255 1569 cum
3278 1517 3376 1569 tibi
3406 1534 3637 1588 quoque

1942 1608 2000 1660 id
2031 1607 2322 1660 videretur
2350 1606 2506 1676 quod
2538 1605 2713 1671 mihi;
2742 1605 3049 1675 disputatio
3090 1611 3282 1658 nostra
3313 1622 3513 1659 manca
3548 1622 3636 1660 re-

1942 1699 2218 1760 maneret,
2254 1694 2409 1746 nullo
2440 1694 2711 1746 existente
2743 1692 2843 1762 qui
2872 1709 2937 1746 ex
2968 1694 3145 1745 altera
3193 1698 3352 1763 parte
3397 1710 3515 1747 rem
3552 1710 3638 1746 ve—

1942 1781 2065 1835 nire
2096 1781 2155 1834 in
2186 1797 2388 1835 manus
2418 1785 2662 1851 cogeret,
2693 1784 2754 1833 ut
2780 1779 3083 1849 diligenter
3112 1786 3391 1850 quantum
3442 1798 3635 1851 possu-

1944 1885 2070 1923 mus
2098 1874 2438 1923 versaretur.
2474 1870 2670 1938 Itaque
2698 1867 2744 1920 si
2775 1868 2830 1921 id
2862 1868 3157 1935 evenisset,
3202 1873 3431 1937 paratus
3477 1884 3631 1921 eram

1942 1962 1997 2012 te
2030 1973 2252 2026 rogare,
2302 1962 2367 2011 ut
2417 1956 2888 2011 Academicorum
2934 1960 3123 2024 partes
3167 1956 3247 2009 ita
3303 1956 3634 2025 susciperes,

1944 2046 2106 2116 quasi
2131 2046 2234 2099 tibi
2267 2062 2385 2098 non
2438 2045 2624 2098 solum
2658 2043 2991 2113 disputasse,
3039 2044 3137 2097 sed
3178 2044 3346 2097 etiam
3393 2046 3633 2097 sensisse

1944 2134 2294 2199 viderentur,
2327 2148 2525 2187 verum
2556 2148 2671 2185 non
2699 2148 2863 2201 posse
2895 2132 3321 2201 comprehendi.
3355 2132 3642 2195 Quaeritur

1947 2238 2083 2291 ergo
2115 2221 2266 2275 inter
2291 2237 2416 2286 nos,
2452 2224 2644 2273 utrum
2675 2219 2905 2273 illorum
2954 2223 3306 2289 argumentis
3344 2220 3642 2289 probabile

1948 2311 2019 2363 sit
2044 2310 2188 2363 nihil
2218 2309 2434 2379 percipi
2460 2324 2644 2378 posse,
2678 2323 2742 2360 ac
2770 2307 2914 2360 nulli
2936 2307 3019 2360 rei
3050 2324 3169 2361 esse
3191 2307 3638 2362 assentiendum.

1948 2399 2107 2463 Quod
2141 2398 2186 2451 si
2226 2397 2563 2465 obtinueris,
2612 2397 2805 2464 cedam
2849 2396 3099 2449 libenter
3140 2413 3152 2450 :
3204 2396 3249 2449 si
3296 2402 3487 2450 autem
3542 2396 3640 2449 dc-

1949 2492 2266 2540 monstrare
2297 2490 2538 2555 potuero
2578 2484 2758 2536 multo
2816 2499 2933 2535 esse
2982 2482 3350 2552 probabilius,
3387 2488 3442 2537 et
3477 2500 3645 2554 posse

1948 2576 2019 2629 ad
2051 2574 2349 2628 veritatem
2396 2571 2692 2643 pervenire
2754 2571 3092 2640 sapientem,
3148 2577 3203 2625 et
3263 2570 3644 2626 assensionem

1949 2679 2068 2716 non
2125 2676 2350 2731 semper
2409 2675 2528 2712 esse
2587 2658 2963 2712 cobibendam
3011 2679 3026 2725 ;
3069 2659 3213 2712 nihil
3278 2659 3531 2725 habebis,
3582 2664 3647 2712 ut

1950 2751 2177 2820 opinor,
2208 2765 2308 2802 cur
2337 2764 2453 2801 non
2481 2751 2536 2801 te
2568 2746 2627 2800 in
2657 2762 2845 2800 meam
2889 2747 3229 2800 sententiam
3262 2747 3502 2799 transire
3550 2762 3646 2815 pa-

1948 2837 2125 2893 tiaris.
2178 2837 2337 2901 Quod
2381 2852 2512 2889 cum
2561 2834 2642 2888 iili
2691 2836 2995 2905 placuisset
3041 2841 3098 2889 et
3142 2834 3357 2888 caeteris
3390 2834 3486 2904 qui
3520 2834 3646 2887 adc-

1952 2929 2101 2992 rant,
2128 2925 2247 2995 jam
2279 2939 2511 2993 vespere
2534 2924 2861 2977 obumbrati
2891 2923 3121 2976 domum
3156 2922 3516 2976 revertimus.

1208 3158 1722 3279 LIBER
1814 3153 2575 3279 TERTIUS.

196 3343 420 3392 Exhibet
444 3342 825 3406 disputationes
867 3343 1017 3400 duas,
1050 3356 1274 3406 quarum
1306 3342 1458 3406 initio
1490 3340 2039 3406 statuiturfortunam
2063 3339 2200 3406 nihil
2230 3338 2680 3406 sive_adjume_11to
2706 3335 2814 3406 sive
2847 3333 3224 3406 impedimento
3250 3345 3363 3403 esse
3394 3330 3638 3406 sapienti.

140 3406 251 3469 Mox
283 3395 631 3469 Augustinus,
663 3395 1115 3469 repugnante'pro
1151 3405 1406 3469 susceptis
1445 3404 1679 3469 partibus
1710 3402 2153 3469 Alypio,_prob_at
2188 3395 2455 3469 nonnihil."
2475 3399 2671 3469 sciri‘a
2700 3398 2961 3467 sapiente,
2994 3402 3175 3469 utpote
3215 3395 3527 3469 qui'saltem
3568 3408 3648 3464 sa:

141 3456 399 3528 pientiamv
428 3456 650 3515 noverit.
683 3456 880 3515 Deinde
916 3456 1143 3515 Zenonis
1183 3456 1563 3529 deﬁnitionem
1588 3456 1827 3529 discutit;
1847 3456 2032 3529 et'duo
2055 3464 2164 3529 illa
2196 3461 2463 3529 redarguit
2491 3456 2922 3529 Academicorum
2958 3456 3149 3529 placita
3175 3473 3191 3504 :
3226 3476 3250 3499 α
3457 3456 3651 3529 percipi

142 3518 285 3590 posse
305 3546 315 3590 ;
337 3547 363 3575 υ
402 3534 471 3588 et,
507 3550 529 3571 «
557 3529 699 3577 Nulli
720 3530 792 3577 rei
824 3530 1013 3578 debere
1033 3529 1340 3577 assentiri.»
1373 3528 1507 3577 Dicit
1537 3527 1749 3575 demum
1778 3518 1944 3575 videri
1968 3526 2067 3573 sibi
2099 3518 2436 3573 Academicos
2462 3536 2569 3571 non
2596 3522 2667 3570 ita
2696 3522 2921 3569 sensisse
2954 3518 3027 3567 uti
3065 3518 3223 3579 vulgo
3257 3518 3644 3566 existimantur.

727 3741 1033 3778 DISPUTATIO
1065 3739 1248 3777 PRIMA.

212 3816 438 3871 CAPUT
489 3815 780 3869 PRIMUM.
835 3844 903 3854 —
960 3816 1285 3882 Magnopcre
1314 3810 1606 3879 quaerenda
1634 3810 1838 3865 veritas

634 3904 776 3957 unde
802 3902 998 3972 pendet
1022 3905 1139 3955 vita
1169 3902 1346 3956 beata.

217 3996 264 4047 1.
297 3994 442 4048 Cum
500 3996 628 4062 post
682 3991 847 4045 illum
893 4006 1215 4045 sermonem
1262 4004 1434 4058 quem
1467 3986 1748 4040 secundus
1777 3984 1840 4037 li-

146 4080 241 4134 ber
268 4083 545 4147 continet,
578 4082 689 4135 alio
724 4082 813 4136 die
839 4080 1290 4135 consedissemus
1322 4079 1382 4131 in
1410 4077 1667 4142 balneis;
1708 4090 1839 4127 nam

149 4174 262 4223 erat
290 4170 508 4224 tristior
536 4185 712 4240 quam
742 4173 805 4223 ut
836 4170 907 4223 ad
945 4173 1173 4238 pratum
1230 4167 1434 4220 liberet
1464 4163 1837 4227 descendere;

150 4258 224 4311 sic
253 4275 490 4313 exorsus
521 4274 676 4312 sum:
708 4258 967 4312 Arbitror
1015 4274 1115 4310 vos
1159 4258 1279 4325 jam
1314 4254 1449 4309 satis
1489 4252 1844 4306 animadver-

150 4346 277 4400 tisse
310 4364 425 4418 qua
454 4348 523 4401 de
568 4362 631 4400 re
661 4346 809 4399 inter
839 4361 941 4398 nos
972 4342 1327 4397 discutienda
1355 4339 1594 4411 qumstio
1626 4338 1841 4391 consti-

153 4439 268 4489 tuta
294 4436 383 4490 sit.
438 4435 548 4489 Sed
578 4438 885 4505 antequam
915 4432 987 4485 ad
1013 4435 1204 4501 partes
1236 4445 1392 4483 meas
1423 4426 1680 4493 veniam;
1711 4442 1840 4496 qua:

153 4523 219 4575 ad
258 4539 384 4577 eam
441 4522 733 4593 pertinent
788 4521 1199 4593 explicandam,
1253 4534 1453 4589 pauca,
1504 4531 1719 4586 quaeso,
1776 4515 1843 4568 de

150 4625 264 4679 spe,
302 4612 373 4665 de
403 4611 536 4676 vita,
566 4613 638 4665 de
663 4610 921 4664 instituto
957 4613 1149 4663 nostro
1197 4624 1311 4661 non
1340 4607 1409 4660 ab
1437 4621 1495 4659 re
1526 4604 1841 4657 abhorren-

155 4698 225 4750 tia
254 4700 499 4754 libenter
528 4698 790 4758 audiatis.
829 4697 1134 4767 Negotium
1167 4701 1427 4749 nostrum
1455 4709 1574 4747 non
1600 4693 1719 4746 leve
1748 4696 1847 4744 aut

154 4790 525 4857 superﬂuum,
558 4788 657 4843 sed
688 4786 1069 4843 necessarium
1115 4802 1177 4838 ac
1210 4798 1503 4837 summum
1536 4798 1659 4835 esse
1692 4779 1847 4834 arbi«

155 4878 286 4941 tror,
328 4892 681 4947 magnopere
738 4891 995 4947 quaerere
1050 4873 1378 4927 veritatem:
1414 4873 1521 4925 hoc
1578 4871 1728 4924 inter
1754 4884 1846 4922 me

156 4968 320 5034 atque
359 4965 632 5035 Alypium
672 4963 951 5017 convenit.
1011 4963 1151 5015 Nam
1192 4966 1248 5015 et
1296 4960 1488 5014 caeteri
1517 4956 1845 5029 philosophi

158 5053 469 5121 sapientem
500 5069 670 5107 suum
708 5069 835 5107 eam
888 5051 1171 5105 invenisse
1200 5053 1577 5121 putaverunt;
1612 5052 1669 5100 et
1707 5048 1846 5099 Aca-

158 5140 357 5195 demici
418 5142 663 5213 sapienti
730 5158 831 5196 suo
889 5156 1113 5194 summo
1169 5144 1381 5193 conatu
1443 5134 1847 5189 inveniendam

158 5244 271 5283 esse
300 5231 541 5300 professi
599 5235 753 5297 sunt,
807 5230 980 5300 idque
1036 5228 1199 5282 illum
1230 5242 1401 5297 agere
1460 5224 1689 5287 sedulo;
1751 5222 1848 5275 sed

160 5320 427 5385 quoniam
456 5321 545 5374 vel
572 5321 774 5373 lateret
803 5318 1027 5385 obruta,
1076 5319 1164 5372 vel
1194 5316 1428 5370 confusa
1484 5329 1597 5366 non
1629 5311 1848 5366 emine-

162 5410 262 5473 ret,
286 5408 357 5461 ad
400 5408 680 5478 agendam
708 5408 885 5462 vitam
914 5406 971 5460 id
1002 5422 1136 5460 eum
1180 5404 1341 5475 sequi
1372 5402 1523 5475 quod
1552 5399 1848 5472 probabile

161 5510 221 5547 ac
247 5496 550 5551 verisimile
582 5499 925 5551 occurreret.
958 5495 1021 5549 Id
1053 5493 1227 5548 etiam
1256 5496 1442 5547 vestra
1472 5490 1713 5561 pristina
1742 5487 1849 5543 dis-

164 5585 477 5653 ceptatione
502 5586 827 5642 confectum
858 5589 959 5641 est.
995 5584 1135 5639 Nam
1166 5600 1295 5639 cum
1328 5583 1468 5638 alter
1496 5580 1727 5636 inventa
1754 5594 1849 5633 ve-

1950 3718 2115 3771 ritate
2159 3716 2391 3770 beatum
2430 3713 2555 3767 ﬁeri
2604 3710 2906 3766 asseruerit
2947 3708 3261 3775 hominem,
3316 3707 3457 3760 alter
3497 3722 3633 3759 vero

1950 3811 2172 3860 tantum
2192 3804 2495 3874 diligenter
2523 3801 2789 3872 quaesita;
2816 3799 2959 3853 nulli
2982 3802 3243 3851 nostrum
3265 3796 3501 3851 dubium
3533 3799 3637 3857 est,

1952 3896 2095 3949 nihil
2128 3910 2250 3948 esse
2281 3892 2495 3946 anobis
2512 3891 2643 3943 huic
2672 3888 2899 3959 negotio
2930 3887 3405 3958 praeponendum,
3440 3884 3645 3948 Quam-

1954 3984 2150 4037 obrem
2218 3983 2445 4053 qualem
2502 3978 2657 4032 vobis
2704 3993 2921 4049 qumso,
2968 3978 3300 4030 hesternum
3347 3973 3497 4028 diem
3572 3973 3653 4025 vi-

1955 4072 2158 4125 demur
2188 4070 2456 4125 duxisse?
2498 4066 2669 4121 Vobis
2720 4065 2953 4137 quidem
2996 4064 3053 4117 in
3088 4064 3289 4117 studiis
3328 4062 3525 4115 vestris
3565 4062 3644 4113 vi-

1952 4175 2083 4213 vere
2113 4159 2300 4213 licuit.‘
2327 4158 2465 4210 Nam
2497 4160 2552 4209 et
2588 4160 2672 4222 tu,
2713 4154 2963 4225 Trygeti,
3009 4152 3229 4222 Virgilii
3276 4156 3329 4202 te
3385 4148 3653 4202 carmini-

1954 4249 2060 4303 bus
2090 4246 2401 4310 oblectasti,
2434 4249 2489 4298 et
2521 4243 2800 4297 Licentius
2820 4241 3101 4312 fingendis
3132 4238 3385 4293 versibus
3412 4238 3646 4301 vacavit,

1956 4352 2203 4407 quorum
2251 4350 2446 4388 amore
2485 4333 2563 4385 ita
2604 4333 2897 4401 perculsus
2945 4335 3048 4395 est,
3116 4333 3180 4381 ut
3226 4330 3461 4395 propter
3518 4341 3647 4377 erm

1955 4425 2203 4479 maxime
2237 4422 2381 4477 mihi
2412 4421 2585 4475 istum
2609 4436 2929 4474 sermonem
2961 4415 3320 4471 inferendum
3358 4416 3644 4483 putarem,

1956 4531 2069 4585 quo
2100 4513 2159 4565 in
2190 4512 2311 4582 ejus
2352 4510 2544 4564 animo
2596 4508 2959 4580 philosophia
3014 4508 3181 4575 (nunc
3228 4502 3379 4555 enim
3426 4505 3651 4571 tempus

1957 4604 2056 4670 est)
2092 4602 2370 4671 majorem
2401 4603 2646 4669 partem,
2692 4614 2804 4651 non
2834 4595 3004 4647 modo
3050 4608 3220 4662 quam
3268 4590 3513 4660 poetica,
3554 4590 3649 4642 sed

1957 4691 2172 4762 qumvis
2204 4690 2315 4743 alia
2338 4688 2639 4759 disciplina
2670 4685 2778 4739 sibi
2807 4685 3062 4751 usurpet,
3095 4697 3157 4733 ac
3178 4679 3451 4736 vindicet.

2093 4799 2316 4853 CAPUT
2348 4799 2416 4853 II.
2454 4828 2522 4837 —
2553 4798 2647 4848 Λη
2675 4796 2901 4860 fortuna
2932 4792 3166 4860 sapienti
3193 4792 3525 4844 necessaria.

2029 4898 2089 4949 2.
2152 4896 2261 4950 Sed
2313 4910 2508 4965 quaeso
2543 4908 2658 4958 vos,
2728 4906 2919 4944 nonne
2987 4888 3202 4941 miserti
3258 4885 3277 4920 ‘
3326 4888 3503 4943 nostri
3569 4903 3653 4939 es-

1960 4984 2051 5050 tis,
2087 5000 2216 5037 cum
2255 4983 2438 5053 pridie
2484 4981 2564 5034 ita
2603 4978 2857 5033 cubitum
2884 4978 3143 5039 issemus,
3194 4982 3258 5032 ut
3308 4978 3377 5031 ad
3425 4976 3657 5029 dilatam

1961 5073 2362 5144 quaestionem,
2396 5073 2451 5122 et
2499 5083 2732 5138 prorsus
2764 5066 2835 5120 ad
2884 5066 3027 5119 nihil
3072 5066 3225 5119 aliud
3274 5067 3649 5133 sui-geretur;

1961 5161 2117 5233 quod
2145 5164 2303 5213 tanta
2329 5158 2396 5211 de
2420 5174 2479 5210 re
2504 5154 2773 5209 familiari
2802 5154 3118 5208 necessario
3150 5152 3474 5224 peragenda
3487 5149 3661 5203 exsti-

1964 5254 2173 5314 terunt,
2227 5250 2289 5301 ut
2327 5247 2416 5299 his
2463 5243 2691 5315 penitus
2733 5244 3010 5313 occupati,
3060 5243 3152 5295 vix
3201 5242 3338 5295 duas
3377 5243 3659 5292 extremas

1962 5338 2075 5393 diei
2105 5337 2274 5391 horas
2307 5334 2368 5387 in
2402 5332 2779 5404 nosmetipsos
2800 5332 3080 5403 respirare
3103 5328 3442 5401 possemus?
3471 5326 3659 5390 Quare

2029 5462 2043 5493 ί
2072 5460 2131 5506 In
2166 5458 2218 5505 C.
2244 5457 2515 5517 miserati,
2545 5470 2662 5521 qua:
2692 5457 2850 5521 lectio
2882 5470 3052 5519 neque
3094 5453 3340 5521 adoptata
3367 5452 3459 5521 est.
3475 5449 3541 5496 ab
3576 5450 3659 5497 Er.

1964 5522 2092 5569 Ven.
2139 5520 2284 5577 Lov.,
2328 5511 2511 5581 neque
2546 5511 2863 5631 adobptanda,
2893 5511 3073 5581 utpote
3119 5511 3336 5563 minime
3372 5511 3555 5571 latina,
3580 5526 3659 5560 se-

1964 5585 2159 5631 uuente
2189 5595 2313 5631 casu
2344 5582 2600 5631 genitivo.
2683 5618 2693 5631 .

1964 5585 2159 5646 quente
2189 5595 2313 5631 casu
2344 5585 2600 5643 genitivo.
2627 5585 2693 5631 M.
