3996 6170
413 314 514 366 935

415 445 641 499 semper
677 427 785 482 fuit
813 427 1094 482 sententia
1125 443 1272 495 mea,
1320 425 1561 495 sapienti
1586 425 1706 496 jam
1754 424 1976 478 homini
2019 423 2104 477 ni-

414 519 495 572 hil
521 533 662 588 opus
693 532 848 582 esse;
883 521 945 570 ut
989 519 1179 569 autem
1226 514 1450 583 sapiens
1482 512 1601 578 tiat,
1651 512 1966 582 plurimum
2014 528 2110 565 ne-

415 605 717 660 cessariam
749 621 867 659 esse
893 604 1180 658 fortunam
1214 603 1349 670 (Lib.
1389 605 1410 654 1
1439 601 1682 654 Retract.
1717 617 1835 670 cap.
1885 605 1930 663 l,
1957 618 2007 653 η.
2045 601 2105 666 l):

416 695 524 748 nisi
556 694 690 765 quid
727 693 877 746 aliud
908 692 1131 744 videtur
1185 689 1406 760 Alypio.
1456 690 1595 742 Tum
1645 689 1740 742 ille
1776 706 1788 742 :
1823 689 2109 752 Quantum

409 783 576 852 juris,
618 781 825 851 inquit,
873 781 1117 833 fortuna
1165 778 1400 844 tribuas,
1453 777 1706 831 nondum
1765 777 1910 831 bene
1955 776 2102 830 novi.

418 873 556 924 Nam
616 869 662 922 si
714 869 780 922 ad
829 868 1307 921 contemnendam
1351 867 1664 932 fortunam,
1710 867 1938 920 fortuna
1984 865 2107 936 ipsa

418 973 561 1027 opus
591 973 709 1010 esse
753 955 1068 1021 arbitraris,
1120 972 1211 1009 me
1259 971 1488 1026 quoque
1539 954 1807 1008 comitem
1861 954 1919 1007 in
1960 955 2106 1007 hanc

415 1046 752 1099 sententiam
790 1045 861 1098 do
887 1044 1010 1098 tibi.
1044 1045 1144 1099 Sin
1171 1045 1415 1097 fortuna
1450 1044 1592 1097 nihil
1624 1043 1778 1097 aliud
1821 1042 2102 1107 concedis,

415 1149 589 1203 quam
620 1149 687 1187 ea
715 1149 844 1203 qua
873 1132 1128 1202 corporis
1172 1131 1494 1186 necessitati
1542 1148 1655 1185 non
1706 1135 1962 1200 possunt,
1997 1129 2107 1182 nisi

415 1221 539 1290 ipsa
581 1221 823 1285 volente,
867 1224 1167 1289 suppetere
1203 1236 1216 1286 ;
1247 1235 1361 1272 non
1419 1219 1496 1272 ita
1542 1219 1745 1274 sentio.
1799 1223 1911 1272 Aut
1952 1218 2104 1272 enim

413 1309 546 1361 licet
591 1308 790 1361 eadem
837 1311 1194 1376 repugnante
1246 1313 1416 1377 atque
1466 1307 1660 1372 invita,
1711 1307 1969 1360 nondum
2018 1323 2106 1359 sa~

415 1397 617 1467 pienti,
649 1397 854 1466 cupido
885 1401 1079 1449 tamen
1110 1395 1426 1465 sapientia,
1461 1412 1525 1448 ea
1555 1411 1778 1449 sumere
1809 1411 1937 1465 qua
1979 1394 2108 1448 vita

416 1484 734 1537 necessaria
767 1483 1139 1550 confitemur;
1195 1489 1290 1537 aut
1345 1484 1772 1538 concedendum
1824 1488 1909 1538 est
1938 1482 2109 1536 etiam

415 1573 477 1626 in
507 1572 664 1625 omni
695 1571 964 1642 sapientis
995 1572 1107 1626 vita
1136 1589 1258 1626 eam
1285 1572 1590 1639 dominari,
1623 1589 1752 1626 cum
1784 1577 1840 1626 et
1866 1571 1985 1642 ipse
2025 1587 2109 1625 sa-

417 1660 580 1730 piens
611 1660 679 1712 iis
711 1676 838 1729 quae
871 1659 1098 1728 corpori
1128 1660 1444 1713 necessaria
1491 1665 1642 1726 sunt,
1692 1675 1810 1713 non
1852 1659 2109 1729 indigere

415 1765 532 1801 non
563 1747 757 1818 possit.

489 1840 537 1890 3.
575 1835 722 1888 Dicis
753 1851 909 1905 ergo,
939 1836 1200 1905 inquam,
1230 1835 1519 1889 fortunam
1563 1852 1683 1889 esse
1729 1834 2104 1890 necessariam

413 1924 667 1978 studioso
701 1923 1068 1993 sapientiaa,
1101 1923 1346 1994 sapienti
1387 1940 1519 1978 vero
1550 1940 1750 1994 negas.
1794 1925 1916 1977 Non
1946 1922 2015 1976 ab
2048 1939 2106 1976 re

414 2017 499 2066 est
529 2012 725 2066 eadem
755 2016 1031 2082 repetere,
1061 2012 1267 2083 inquit.
1301 2015 1499 2084 Itaque
1541 2029 1692 2068 nunc
1722 2012 1891 2066 etiam
1924 2013 2022 2065 abs
2053 2017 2106 2066 te

413 2117 626 2171 quaro,
663 2105 854 2155 utrum
903 2101 1189 2154 fortunam
1234 2101 1306 2155 ad
1344 2101 1589 2171 seipsam
1632 2101 2105 2154 contemnendam

411 2188 627 2258 aliquid
661 2189 855 2259 juvare
891 2189 1155 2242 aestimes.
1207 2189 1368 2251 Quod
1413 2188 1459 2241 si
1499 2187 1812 2254 arbitraris,
1851 2188 1974 2242 dico
2013 2206 2105 2241 sa-

412 2275 646 2346 pientia
673 2275 942 2345 cupidum
973 2292 1325 2346 magnopere
1356 2277 1618 2346 indigere
1657 2275 1908 2331 fortuna.
1939 2276 2104 2330 Arbi-

413 2368 552 2431 tror,
589 2363 846 2433 inquam,
879 2363 1162 2434 siquidem
1209 2380 1312 2433 per
1361 2364 1517 2416 illam
1564 2364 1672 2418 erit
1720 2364 1866 2431 talis,
1922 2364 2106 2435 qualis

413 2467 538 2505 eam
571 2451 749 2521 possit
778 2455 1162 2506 contemnere.
1195 2450 1305 2504 Nec
1344 2452 1652 2506 absurdum
1697 2457 1782 2506 est
1812 2469 1826 2505 :
1857 2469 1990 2506 nam
2027 2453 2107 2506 sic

414 2539 585 2592 etiam
643 2539 833 2608 parvis
891 2539 1053 2592 nobis
1101 2539 1279 2593 ubera
1321 2540 1638 2594 necessaria
1690 2546 1844 2606 sunt,
1900 2541 2108 2611 quibus

412 2626 676 2692 efﬁcitur,
710 2630 772 2678 ut
802 2625 922 2679 sine
952 2626 1042 2680 his
1062 2631 1257 2696 postea
1282 2627 1487 2693 vivere,
1507 2643 1570 2680 ac
1595 2628 1778 2681 valere
1799 2629 2101 2699 possimus.

410 2713 750 2781 Sententias,
783 2713 880 2779 ait,
913 2717 1136 2768 nostras
1163 2714 1211 2767 si
1262 2714 1439 2768 animi
1487 2715 1782 2785 conceptio
1826 2732 1940 2769 non
1988 2716 2102 2769 dis-

409 2807 590 2868 sonat,
619 2801 963 2856 concordare
993 2802 1138 2856 mihi
1169 2803 1347 2873 liquet
1382 2820 1394 2856 :
1429 2802 1539 2856 nisi
1579 2803 1719 2857 forte
1771 2803 2102 2858 discernen-

407 2890 543 2944 dum
575 2890 840 2960 cuiquam
880 2889 1102 2944 videtur
1129 2891 1280 2960 quod
1307 2891 1391 2944 vel
1423 2890 1667 2944 fortunae
1697 2892 1803 2959 Lvel
1841 2891 2104 2957 uberum,

408 2995 525 3034 non
556 2979 678 3049 ipsa
700 2978 877 3032 ubera
907 2994 1009 3032 seu
1047 2979 1297 3048 fortuna,
1330 2979 1426 3032 sed
1459 2979 1569 3033 alia
1591 2996 1678 3033 res
1709 2981 1970 3050 quadam
2002 2996 2105 3033 nos

407 3067 579 3120 faciat
606 3069 1042 3135 contemptores.
1080 3066 1231 3119 Nihil
1261 3083 1535 3138 magnum
1568 3073 1672 3133 est,
1702 3069 1959 3139 inquam,
1992 3069 2102 3122 alio

407 3154 580 3207 simili
604 3153 704 3207 uti.
742 3155 882 3207 Nam
923 3159 988 3207 ut
1015 3153 1138 3208 sine
1185 3155 1334 3223 navi,
1386 3157 1472 3208 vel
1521 3155 1778 3224 quolibet
1819 3155 2100 3222 vehiculo,

406 3246 505 3296 aut
525 3241 783 3303 omnino.
833 3257 906 3295 ne
949 3243 1037 3295 vel
1080 3242 1271 3312 ipsum
1323 3244 1612 3297 Dadalum
1660 3244 1916 3311 timeam,
1969 3245 2090 3300 sine

406 3330 536 3384 ullis
565 3330 638 3384 ad
692 3330 838 3382 hanc
887 3345 1010 3384 rem
1055 3331 1496 3385 accommodatis
1549 3333 1966 3397 instrumentis,
2001 3339 2100 3388 aut

401 3418 596 3489 aliqua
625 3418 930 3472 occultiore
960 3417 1236 3488 potentia,
1260 3421 1498 3490 Aigeum
1543 3436 1699 3474 mare
1726 3436 1894 3474 nemo
1921 3425 2101 3475 trans-

403 3506 615 3574 mittit;
646 3506 906 3577 quamvis
955 3507 1098 3561 nihil
1159 3506 1333 3573 aliud,
1393 3523 1571 3579 quum
1618 3509 1914 3578 pervenire
1958 3526 2099 3580 pro—

401 3601 610 3668 ponat;
643 3597 796 3668 quod
825 3613 954 3652 cum
989 3597 1041 3651 ei
1072 3597 1346 3665 evenerit,
1378 3597 1475 3651 illa
1505 3598 1698 3652 omnia
1746 3598 1952 3669 quibus
1995 3599 2098 3653 ad-

401 3690 592 3740 vectus
625 3690 728 3751 est,
763 3689 994 3756 paratus
1041 3685 1111 3739 sit
1155 3685 1398 3756 abjicere
1456 3689 1626 3756 atque
1683 3691 2046 3741 contemnere
2082 3704 2094 3741 :

399 3773 477 3827 ita
510 3774 770 3844 quisquis
801 3775 871 3827 ad
906 3774 1204 3844 sapientia
1244 3778 1497 3846 portum,
1533 3780 1609 3833 et,
1635 3776 1796 3844 quasi
1839 3775 2097 3829 ﬁrmissi-

399 3877 559 3914 mum
574 3865 629 3914 et
655 3861 1074 3931 quietissimum
1097 3863 1283 3916 solum
1313 3862 1609 3932 pervenire
1638 3863 1912 3930 voluerit;
1952 3880 2096 3934 quo-

399 3948 577 4014 niam,
608 3954 675 4002 ut
703 3949 815 4002 alia
847 3949 1127 4017 omittam,
1162 3949 1208 4002 si
1230 3965 1410 4003 cacus
1441 3965 1504 4002 ac
1534 3950 1739 4002 surdus
1759 3950 1948 4018 fuerit,
1981 3968 2097 4006 non

396 4040 602 4107 potest,
639 4037 791 4107 quod
821 4037 1078 4106 positum
1129 4041 1214 4090 est
1251 4038 1311 4090 in
1357 4041 1636 4106 potestate
1680 4037 1944 4105 fortuna,
1995 4056 2094 4094 ne-

396 4127 699 4179 cessariam
733 4124 876 4179 mihi
907 4124 1130 4179 videtur
1158 4125 1228 4179 ad
1257 4125 1336 4191 id,
1391 4126 1545 4195 quod
1591 4127 1934 4196 concupivit,
1989 4129 2092 4181 ha-

396 4214 532 4268 bere
561 4215 869 4268 fortunam.
907 4213 1066 4277 Quod
1080 4213 1552 4280 cumobtinuerit,
1575 4215 1833 4284 quamvis
1863 4219 2096 4285 putetur

396 4301 655 4372 indigere
686 4302 1028 4373 quibusdam
1074 4301 1243 4354 rebus
1275 4302 1344 4355 ad
1402 4303 1655 4372 corporis
1709 4303 2095 4358 valetudinem

393 4389 848 4460 pertinentibus;
900 4389 1040 4443 illud
1095 4393 1287 4443 tamen
1343 4395 1583 4455 constat,
1635 4406 1752 4445 non
1812 4391 1902 4445 his
1951 4409 2094 4462 opus

394 4493 517 4531 esse
549 4481 612 4531 ut
643 4477 868 4547 sapiens
901 4475 992 4542 sit,
1023 4476 1117 4530 sed
1150 4481 1214 4530 ut
1243 4476 1391 4530 inter
1420 4477 1681 4530 homines
1731 4479 1895 4533 vivat.
1948 4481 2091 4549 Imo,

387 4566 466 4619 ait
495 4565 612 4629 ille,
652 4565 698 4617 si
728 4579 908 4618 cacus
957 4579 1021 4617 ac
1053 4564 1257 4618 surdus
1301 4565 1410 4630 sit;
1464 4569 1519 4618 et
1575 4565 1909 4635 sapientiam
1973 4568 2091 4622 adi-

386 4652 740 4723 piscendam,
773 4656 829 4706 et
855 4651 1061 4722 gipsam
1103 4652 1277 4707 vitam
1320 4657 1557 4723 propter
1595 4670 1768 4724 quam
1813 4657 2093 4726 sapientia

393 4739 694 4811 quaritur,
721 4755 848 4794 mea
879 4741 1180 4808 sententia,
1208 4741 1336 4812 jure
1368 4746 1698 4796 contemnet.
1727 4744 1764 4796 ¹.

459 4830 513 4882 4.
549 4829 779 4895 Tamen,
813 4828 1071 4900 inquam,
1105 4846 1238 4884 cum
1269 4829 1394 4900 ipsa
1424 4829 1537 4883 vita
1594 4833 1808 4896 nostra,
1859 4847 1974 4902 qua
2002 4831 2093 4885 hic

383 4915 647 4984 vivimus,
693 4917 762 4970 sit
806 4917 868 4971 in
914 4922 1192 4988 potestate
1241 4918 1524 4984 fortuna;
1580 4935 1682 4972 nec
1733 4919 1846 4972 nisi
1896 4920 2092 4974 vivens

384 5005 630 5077 quisque
661 5005 885 5076 sapiens
912 5007 1037 5060 fieri
1066 5007 1245 5077 possit
1265 5023 1486 5062 :nonne
1515 5007 1812 5062 fatendum
1844 5012 1925 5061 est
1949 5026 2092 5079 opus

384 5111 503 5148 esse
545 5094 666 5164 ejus
713 5094 921 5161 favore,
974 5111 1088 5165 quo
1146 5096 1218 5148 ad
1261 5095 1603 5165 sapientiam
1663 5097 2092 5166 pervehamur?

382 5183 491 5236 Sed
522 5198 653 5237 cum
703 5181 1000 5253 sapientia,
1051 5183 1263 5254 inquit,
1315 5199 1431 5238 non
1484 5181 1598 5238 nisi
1653 5183 1972 5238 viventibus
2023 5185 2094 5239 sit

383 5270 718 5338 necessaria,
764 5275 1100 5342 remotaque
1147 5271 1262 5326 vita
1308 5273 1468 5326 nulla
1515 5273 1588 5326 sit
1637 5271 1952 5342 indigentia
2005 5289 2091 5327 sa-

379 5359 636 5429 pientia,
667 5359 811 5416 nihil
839 5360 899 5414 in
930 5359 1306 5432 propaganda
1357 5360 1473 5415 vita
1529 5360 1868 5431 pertimesco
1921 5361 2094 5415 furtu-

381 5463 536 5502 nam.
569 5450 793 5505 Etenim
836 5449 972 5521 quia
1007 5449 1156 5516 vivo,
1206 5452 1510 5521 propterea
1557 5451 1684 5504 volo
1727 5450 2088 5520 sapientiam,

445 5546 460 5579 ί
484 5545 600 5596 Par.
620 5546 705 5595 Er.
729 5547 860 5599 Ven.
887 5549 1188 5600 contrmnil.
1215 5547 1281 5598 Μ.

1503 308 1782 363 CONTRA
1825 305 2294 371 ACADEMICOS,
2339 306 2394 362 S.
2436 307 2822 363 AUGUSTINI
3775 321 3852 372 936

2220 439 2337 477 non
2387 425 2536 494 quod
2584 424 2924 495 sapientiam
2978 425 3264 489 desidero,
3312 428 3444 481 volo
3506 429 3688 484 vitam.
3732 432 3855 484 Unde

2219 511 2450 566 fortuna
2478 513 2525 566 si
2542 513 2685 567 mihi
2717 514 3014 568 abstulerit
3041 516 3239 585 vitam,
3270 518 3495 571 auferet
3510 534 3720 571 causam
3742 535 3859 590 qua-

2221 601 2413 655 renda
2444 601 2756 671 sapientia.
2793 603 2944 657 Nihil
2984 603 3164 673 igitur
3192 605 3396 671 habeo,
3429 622 3528 659 cur
3556 611 3614 660 ut
3649 606 3768 660 ﬁam
3794 625 3858 661 sa-

2218 690 2402 759 piens,
2440 696 2540 744 aut
2567 692 2816 746 favorem
2849 697 3042 762 optem
3075 694 3338 760 fortuna,
3371 700 3476 748 aut
3506 695 3862 764 impedimenta

2219 778 2544 845 formidem,
2601 780 2711 834 nisi
2767 781 2877 834 alia
2923 782 3162 836 fortasse
3213 783 3544 854 protuleris.
3585 785 3714 837 Tum
3757 801 3858 854 ego:

2218 868 2340 921 Non
2379 867 2558 938 igitur
2585 884 2781 924 censes
2834 871 3130 940 sapientia
3160 872 3479 926 studiosum
3517 887 3676 942 posse
3718 890 3746 925 a
3771 874 3862 926 for-

2219 959 2371 1021 tuna,
2425 973 2498 1010 ne
2529 957 2599 1011 ad
2629 957 2964 1028 sapientiam
2996 960 3308 1029 perveniat,
3356 960 3646 1030 impediri,
3683 960 3860 1016 etiamsi

2218 1045 2269 1097 ei
2296 1061 2410 1098 non
2440 1045 2660 1100 auferat
2695 1046 2911 1102 vitam?
2937 1049 3061 1102 Non
3090 1048 3356 1115 arbitror,
3390 1050 3599 1118 inquit.

2218 1134 2443 1187 CAPUT
2480 1134 2578 1186 IlI.
2608 1164 2676 1175 —
2711 1135 2981 1202 Diﬂ‘erunt
3008 1140 3225 1205 sapiens
3278 1142 3326 1191 et
3355 1136 3652 1190 studiosus.
3682 1136 3858 1207 Sapien-

2352 1225 2454 1273 tem
2480 1219 2729 1276 nonnihil
2754 1225 2910 1290 scire,
2943 1226 3073 1291 quia
3093 1225 3284 1277 saltem
3303 1227 3406 1278 scit
3429 1227 3760 1292 sapientiam.

2398 1309 2555 1375 Volo,
2609 1309 2868 1380 inquam,
2934 1312 3078 1365 mihi
3124 1313 3429 1382 paululum
3479 1311 3712 1382 aperias,
3762 1313 3861 1382 quid

2218 1395 2322 1449 tibi
2379 1396 2530 1450 inter
2582 1398 2900 1467 sapientem
2958 1404 3013 1453 et
3093 1400 3510 1470 philosophum
3569 1401 3761 1454 distare
3803 1403 3861 1453 vi-

2221 1483 2459 1538 deatur?
2486 1485 2816 1555 Sapientem
2856 1504 2887 1540 a
2917 1487 3189 1552 studioso,
3240 1488 3334 1551 ait,
3389 1488 3555 1542 nulla
3599 1504 3658 1540 re
3685 1488 3862 1542 diﬁ‘erre

2219 1571 2493 1640 arbitror;
2524 1573 2634 1626 nisi
2684 1575 2839 1644 quod
2870 1593 3112 1646 quarum
3166 1592 3360 1631 rerum
3411 1577 3475 1630 in
3505 1577 3744 1648 sapiente
3767 1577 3859 1647 qui-

2220 1660 2350 1713 dam
2380 1660 2606 1714 habitus
2663 1661 2830 1728 inest,
2883 1679 3080 1716 earum
3129 1667 3215 1716 est
3268 1663 3330 1716 in
3362 1663 3622 1717 studioso
3650 1665 3757 1717 sola
3782 1667 3862 1716 lla-

2219 1747 2458 1817 grantia.
2495 1749 2633 1812 Qua
2689 1755 2823 1804 sunt
2851 1751 3081 1805 tandem
3130 1751 3252 1806 ista
3306 1767 3422 1818 res,
3464 1751 3732 1823 inquam?
3758 1753 3858 1805 Nam

2219 1836 2362 1890 mihi
2392 1836 2536 1890 nihil
2584 1838 2738 1892 aliud
2790 1838 3014 1893 videtur
3070 1839 3362 1906 interesse,
3399 1840 3514 1894 nisi
3566 1840 3710 1911 quod
3757 1841 3861 1893 alter

2220 1925 2322 1978 scit
2351 1925 2712 1995 sapientiam,
2767 1927 2910 1980 alter
2961 1927 3100 1980 scire
3149 1927 3459 1982 desiderat.
3491 1927 3549 1981 Si
3601 1928 3854 1991 scientiam,

2219 2012 2427 2082 inquit,
2470 2014 2723 2068 modesto
2756 2015 2868 2068 line
2921 2015 3285 2082 determines,
3317 2016 3510 2086 ipsam
3539 2033 3654 2070 rem
3684 2018 3857 2087 planius

2217 2101 2472 2155 elocutus
2503 2117 2580 2157 es.
2640 2105 2876 2173 Quoquo
2931 2104 3120 2170 modo,
3173 2104 3436 2176 inquam,
3489 2121 3614 2158 eam
3643 2105 3853 2159 determi-

2219 2206 2373 2258 nem,
2403 2190 2544 2245 illud
2573 2191 2840 2245 omnibus
2894 2192 3129 2262 placuit,
3163 2193 3465 2248 scientiam
3514 2194 3764 2248 falsarum
3791 2210 3853 2246 re-

2218 2293 2347 2330 rum
2377 2293 2498 2331 esse
2530 2294 2644 2331 non
2691 2294 2874 2348 posse.
2909 2280 2975 2332 In
3031 2280 3140 2334 hoc
3170 2280 3334 2347 mihi,
3397 2281 3588 2352 inquit
3639 2281 3742 2346 ille,
3774 2282 3852 2333 visa

2219 2365 2324 2418 fuit
2352 2365 2669 2436 objicienda
2698 2365 3070 2436 prascriptio,
3121 2383 3194 2421 ne
3222 2368 3645 2423 inconsiderata
3670 2385 3850 2422 consen-

2219 2454 2377 2507 sione
2409 2470 2536 2508 mea
2563 2454 2726 2508 facile
2751 2455 2810 2508 in
2840 2455 3170 2525 principalis
3201 2456 3358 2510 illius
3392 2457 3719 2528 quastionis
3743 2473 3850 2509 θεων

2216 2542 2305 2612 pis
2333 2546 2432 2595 tua
2474 2543 2758 2613 equitaret
2787 2543 2988 2598 oratio.
3033 2544 3229 2613 Plane,
3273 2545 3537 2615 inquam,
3590 2545 3716 2599 mihi
3753 2545 3848 2598 nihil

2218 2631 2314 2684 ubi
2351 2631 2606 2701 equitare
2635 2647 2862 2701 possem
2891 2632 3195 2703 reliquisti.
3231 2634 3373 2687 Nam
3407 2633 3522 2687 nisi
3551 2634 3720 2695 fallor,
3746 2633 3850 2702 quod

2211 2719 2552 2789 jamdudum
2593 2719 2817 2785 molior,
2871 2721 2938 2775 ad
2985 2721 3176 2790 ipsum
3209 2722 3388 2776 ﬁnem
3444 2722 3791 2792 pervenimus.
3813 2720 3847 2772 Si

2217 2807 2394 2876 enim,
2425 2812 2487 2860 ut
2512 2808 2796 2862 subtiliter
2815 2825 3061 2881 vereque
3093 2809 3305 2876 dixisti,
3331 2811 3480 2865 nihil
3511 2812 3657 2865 inter
3682 2810 3847 2879 sapien-

2217 2893 2311 2947 tia
2337 2894 2656 2949 studiosum
2713 2901 2769 2949 et
2799 2897 3114 2967 sapientem
3144 2898 3404 2966 interest,
3465 2899 3576 2954 nisi
3621 2899 3748 2970 quod
3778 2898 3845 2948 ista

2215 2987 2388 3050 amat,
2425 2983 2519 3037 ille
2551 2988 2740 3038 autem
2773 2985 2944 3039 habet
2974 2985 3268 3056 sapientia
3316 2986 3701 3058 disciplinam;
3742 2985 3845 3037 unde

2215 3070 2386 3125 etiam
2418 3088 2628 3126 nomen
2658 3073 2873 3142 ipsum,
2905 3073 2963 3127 id
2991 3079 3094 3140 est,
3126 3074 3388 3129 habitum
3449 3075 3735 3147 quemdam
3781 3087 3844 3124 ex-

2213 3159 2461 3229 primere
2492 3177 2607 3214 non
2638 3166 2933 3214 cunctatus
2956 3178 3042 3226 es;
3077 3179 3244 3217 nemo
3272 3168 3472 3218 autem
3495 3165 3690 3218 habere
3724 3160 3842 3215 disci-

2211 3248 2432 3318 plinam
2461 3253 2648 3319 potest
2676 3249 2732 3302 in
2788 3249 3003 3318 animo,
3037 3250 3136 3321 qui
3189 3251 3331 3305 nihil
3364 3253 3592 3317 didicit;
3622 3249 3744 3304 nihil
3774 3263 3841 3300 au-

2212 3341 2328 3390 tem
2362 3337 2580 3404 didicit,
2615 3337 2713 3408 qui
2753 3337 2897 3392 nihil
2944 3339 3128 3405 novit;
3187 3344 3241 3394 et
3272 3356 3442 3395 nosse
3497 3342 3690 3396 falsum
3715 3351 3839 3391 nemo

2211 3429 2427 3496 potest:
2461 3426 2620 3480 novit
2650 3426 2828 3496 igitur
2867 3427 3094 3496 sapiens
3149 3429 3475 3495 veritatem,
3527 3445 3685 3499 quem
3722 3424 3840 3478 disci-

2210 3510 2430 3579 plinam
2460 3511 2754 3583 sapientia
2785 3514 2994 3569 habere
3050 3515 3109 3568 in
3157 3516 3373 3571 animo.
3431 3518 3490 3572 id
3540 3521 3618 3571 est
3643 3513 3839 3592 habitum

2203 3598 2325 3668 jam
2379 3599 2504 3669 ipse
2533 3601 2821 3655 confessus
2866 3618 2944 3658 es.
2977 3603 3194 3670 Nescio,
3250 3604 3465 3676 inquit,
3507 3607 3658 3675 cujus
3703 3602 3837 3668 impu-

2209 3687 2418 3740 dentia
2449 3687 2580 3758 sim,
2634 3688 2680 3742 si
2709 3690 2970 3744 habitum
3010 3690 3402 3762 inquisitionis
3435 3693 3730 3747 divinarum
3766 3687 3837 3739 hu-

2213 3791 2629 3846 manarumque
2660 3793 2850 3832 rerum
2883 3794 3004 3833 esse
3061 3779 3122 3833 in
3178 3780 3435 3850 sapiente
3465 3780 3754 3834 confessum
3778 3788 3836 3826 me

2209 3880 2421 3934 negare
2475 3865 2730 3919 voluero.
2787 3865 2892 3921 Sed
2946 3867 3046 3938 qui
3093 3867 3198 3922 tibi
3238 3868 3501 3923 videatur
3546 3869 3832 3921 inventorum

2208 3952 2594 4021 probabilium
2642 3954 2872 4009 habitus
2927 3972 3042 4009 non
3073 3971 3214 4024 esse,
3245 3973 3365 4010 non
3396 3958 3584 4012 video.
3629 3950 3833 4008 Concedis

2207 4040 2372 4110 mihi,
2395 4041 2654 4112 inquam,
2688 4042 2824 4096 falsa
2855 4043 3144 4098 neminem
3176 4045 3358 4099 scire?
3418 4045 3597 4099 Facile
3649 4041 3699 4096 id
3742 4037 3832 4109 qui-

2207 4128 2360 4197 dem,
2391 4129 2600 4200 inquit.
2654 4130 2754 4184 Dic
2795 4131 2916 4201 jam
2962 4132 3006 4185 si
3056 4136 3236 4202 potes,
3287 4133 3549 4205 inquam,
3586 4130 3832 4200 sapientem

2210 4217 2424 4270 nescire
2453 4218 2808 4288 sapientiam.
2861 4219 3006 4283 Quid
3053 4221 3228 4283 enim,
3290 4222 3388 4288 ait,
3433 4223 3539 4276 hoc
3563 4219 3722 4274 limite
3745 4213 3830 4268 uni-

2205 4321 2367 4359 versa
2391 4306 2704 4373 concludis,
2754 4311 2816 4362 ut
2868 4307 3046 4362 videri
3093 4309 3200 4364 sibi
3245 4327 3364 4364 non
3414 4309 3604 4382 possit,
3639 4316 3830 4371 compre-

2207 4392 2470 4447 hendisse
2505 4411 2563 4449 se
2595 4394 2974 4466 sapientiam?
2995 4398 3093 4462 Da,
3128 4397 3388 4468 inquam,
3423 4400 3708 4453 dexteram.
3732 4392 3830 4444 Nam

2206 4481 2252 4535 si
2278 4482 2607 4548 meministi,
2642 4483 2744 4537 hoc
2786 4489 2871 4538 est
2894 4486 3058 4555 quod
3107 4485 3232 4540 heri
3264 4503 3357 4540 me
3387 4487 3503 4542 dixi
3541 4485 3827 4540 effecturum.

2206 4570 2356 4640 quod
2389 4586 2540 4623 nunc
2570 4586 2685 4624 non
2718 4588 2746 4624 a
2780 4588 2870 4626 me
2901 4574 3250 4640 conclusum,
3284 4575 3381 4629 sed
3431 4593 3462 4628 a
3493 4580 3542 4627 te
3573 4572 3701 4624 ultro
3729 4562 3828 4619 mihi

2206 4658 2458 4711 oblatum
2492 4674 2613 4713 esse
2653 4660 2892 4728 gaudeo.
2928 4663 3068 4715 Nam
3097 4678 3228 4716 cum
3255 4663 3409 4734 inter
3437 4679 3524 4716 me
3578 4663 3626 4713 et
3666 4651 3826 4710 Acade-

2206 4745 2380 4799 micos
2403 4747 2506 4802 hoc
2536 4746 2808 4801 interesse
2839 4749 3126 4815 dixissem,
3161 4751 3314 4820 quod
3353 4751 3466 4805 illis
3493 4744 3750 4820 probabile
3771 4738 3826 4790 vi-

2204 4851 2329 4888 sum
2364 4839 2448 4888 est
2474 4835 2765 4890 veritatem
2800 4853 2913 4890 non
2942 4855 3108 4908 posse
3138 4838 3566 4909 comprehendi;
3610 4831 3729 4888 mihi
3760 4840 3827 4880 δυ·

2205 4927 2317 4976 tem
2351 4923 2610 4977 nondum
2640 4925 2872 4994 quidem
2904 4943 2933 4979 a
2962 4943 3051 4980 me
3089 4927 3400 4993 inventam,
3433 4923 3655 4981 inveniri
3683 4925 3824 4972 tamen

2204 5029 2369 5082 posse
2404 5029 2432 5066 a
2462 5012 2716 5083 sapiente
2746 5015 3032 5070 videatur:
3092 5033 3243 5071 nunc
3299 5021 3360 5071 tu
3405 5033 3527 5071 cum
3558 5027 3667 5068 mea
3691 5007 3822 5060 inter-

2207 5100 2503 5170 rogatione
2553 5101 2862 5172 urgereris,
2919 5109 3114 5158 utrum
3165 5104 3390 5176 sapiens
3417 5103 3617 5159 nesciat
3649 5092 3818 5164 sapien-

2205 5187 2365 5254 tiam,
2398 5189 2636 5243 Videtur
2679 5190 2786 5244 sibi
2833 5190 2996 5254 scire,
3058 5192 3268 5247 dixisti.
3322 5193 3463 5256 Quid
3514 5196 3625 5244 tum
3651 5185 3814 5256 postea,

2204 5274 2432 5346 inquit?
2483 5276 2627 5340 Quia
2685 5277 2732 5330 si
2766 5277 2993 5332 videtur
3023 5279 3148 5342 sibi,
3185 5280 3442 5350 inquam,
3472 5278 3601 5332 scire
3647 5268 3814 5339 sapien'

2206 5362 2364 5429 tiam,
2411 5379 2528 5416 non
2577 5363 2629 5417 ei
2674 5363 2898 5418 videtur
2947 5365 3092 5420 nihil
3139 5367 3280 5419 scire
3331 5381 3489 5437 posse
3535 5360 3807 5431 sapientem.

2204 5453 2313 5505 Aut
2346 5449 2391 5503 si
2417 5450 2696 5521 sapientia
2734 5451 2873 5506 nihil
2903 5458 3006 5520 est,
3035 5454 3164 5508 volo
3186 5455 3448 5508 afﬁrmes.

2274 5543 2326 5594 6.
2387 5539 2683 5595 Crederem
2742 5556 2894 5608 vere,
2929 5541 3136 5614 inquit,
3177 5543 3246 5599 ad
3276 5543 3481 5599 calcem
3527 5553 3619 5592 nos
3661 5531 3808 5586 ﬁnem-
