4062 6188
160 273 270 325 937

167 410 285 464 que
318 391 576 458 venisse;
613 393 708 447 sed
737 397 973 463 repente
1004 409 1135 448 cum
1164 394 1419 449 dexteras
1453 395 1870 466 interposuisti,

164 480 659 551 disjunctissimos
701 498 803 535 nos
835 498 953 535 esse
984 487 1040 536 et
1072 482 1129 536 in
1162 483 1396 554 longum
1427 500 1758 554 progressos
1788 484 1872 537 vi-

163 569 317 623 deo:
360 569 622 623 videlicet
670 570 820 640 quod
867 570 1134 625 hesterno
1179 572 1269 625 die
1302 589 1334 625 a
1372 572 1540 626 nobis
1577 572 1733 625 nulla
1762 571 1872 624 alia

166 658 416 728 quzestio
449 657 755 711 constituta
784 658 1083 712 videbatur
1121 659 1229 712 nisi
1270 660 1420 729 quod
1455 659 1771 729 sapientem
1804 659 1869 713 ad

165 746 748 815 comprehensionem
789 747 907 799 veri
958 748 1254 817 pervenire
1311 764 1495 816 posse,
1554 748 1871 801 afﬁrmante

168 838 255 903 te,
288 851 391 904 ego
424 850 803 903 negaveram:
852 852 1003 888 nunc
1043 852 1174 888 vero
1206 836 1349 889 nihil
1378 852 1466 889 me
1497 835 1702 905 opinor
1731 852 1871 888 con—

165 924 409 977 cessisse
441 922 562 986 tibi,
607 939 778 993 quam
810 923 989 977 videri
1020 940 1182 994 posse
1208 922 1454 993 sapienti
1482 923 1870 993 probabilium

161 1027 365 1064 rerum
401 1028 457 1063 se
504 1015 870 1064 consecutum
905 1027 1024 1064 esse
1055 1010 1390 1081 sapientiam
1427 1028 1442 1062 :
1472 1028 1642 1081 quam
1676 1017 1868 1065 tamen

166 1097 519 1169 sapientiam
551 1097 607 1150 in
640 1098 1075 1167 investigatione
1106 1099 1426 1153 divinarum
1459 1102 1869 1154 humanarum-

164 1204 287 1258 que
320 1203 509 1239 rerum
537 1202 627 1239 me
656 1188 1012 1242 constituisse
1044 1189 1187 1241 nulli
1213 1194 1465 1242 nostrum
1495 1188 1743 1241 arbitror
1772 1190 1872 1241 du-

162 1276 356 1329 bium.
411 1276 554 1343 Non,
600 1276 860 1345 inquam,
892 1275 1021 1329 ideo
1069 1276 1201 1346 quia
1245 1276 1501 1341 involvis,
1543 1276 1814 1336 evolveris
1854 1292 1866 1329 :

161 1363 380 1418 videris
406 1363 558 1417 enim
584 1364 703 1434 jam
732 1364 875 1417 mihi
906 1364 1205 1417 exercendi
1235 1364 1317 1417 tui
1351 1380 1519 1417 causa
1546 1363 1860 1434 disputare.

164 1454 237 1506 Et
270 1452 406 1521 quia
451 1452 595 1507 bene
644 1453 794 1506 nosti
848 1452 981 1505 istos
1038 1453 1488 1507 adolescentulos
1540 1452 1629 1505 vix
1687 1452 1870 1506 adhuc

158 1556 340 1611 posse
374 1539 692 1593 discernere
732 1557 860 1611 qua:
891 1545 1052 1594 acute
1087 1557 1150 1594 ac
1180 1540 1462 1594 subtiliter
1491 1540 1865 1606 disseruntur,

162 1636 452 1698 tanquam
491 1628 751 1699 judicum
792 1628 1043 1683 abuteris
1078 1629 1420 1699 ignorantia,
1460 1634 1522 1683 ut
1551 1628 1655 1682 tibi
1684 1645 1870 1699 quan-

161 1718 441 1771 tumlibet
486 1718 644 1787 loqui
692 1717 849 1771 nullo
898 1718 1066 1771 liceat
1108 1719 1473 1771 reclamante.
1522 1718 1664 1770 Nam
1698 1719 1868 1787 paulo

167 1811 307 1860 ante
340 1806 548 1871 dixisti,
593 1822 719 1859 cum
753 1823 1070 1877 quaererem
1098 1810 1292 1860 utrum
1327 1805 1493 1859 sciret
1528 1805 1751 1874 sapiens
1781 1822 1869 1858 sa-

162 1896 475 1967 pientiam,
521 1896 661 1949 scire
706 1896 812 1949 sibi
843 1895 1042 1949 videri.
1092 1894 1192 1948 Cui
1226 1910 1361 1961 ergo
1390 1893 1613 1947 videtur
1642 1893 1868 1962 sapien-

164 1994 311 2049 tem,
346 1984 487 2038 scire
528 1984 888 2054 sapientiam,
922 1999 1039 2037 non
1078 1982 1274 2053 utique
1301 1983 1527 2035 videtur
1554 1981 1697 2034 nihil
1729 1982 1869 2035 scire

162 2075 511 2149 sapientem.
557 2074 671 2126 Hoc
702 2071 856 2125 enim
891 2071 1155 2125 contendi
1184 2087 1298 2124 non
1327 2073 1535 2140 potest,
1570 2068 1679 2122 nisi
1710 2068 1869 2139 quis-

160 2178 349 2233 quam
381 2161 567 2215 dicere
604 2161 825 2226 audeat,
876 2160 1019 2213 nihil
1067 2175 1187 2213 esse
1240 2158 1598 2231 sapientiam.
1640 2159 1717 2211 Ex
1755 2174 1868 2227 quo

163 2252 261 2319 tit,
316 2254 382 2303 ut
430 2250 548 2319 jam
600 2250 707 2302 hoc
760 2248 886 2314 tibi,
937 2248 1089 2318 quod
1127 2247 1299 2300 etiam
1358 2246 1519 2311 mihi,
1572 2246 1869 2312 videatur;

159 2354 308 2392 nam
359 2337 503 2391 mihi
557 2337 781 2391 videtur
848 2337 1163 2407 sapientem
1214 2352 1331 2389 non
1383 2334 1529 2389 nihil
1587 2335 1751 2401 scire,
1816 2339 1873 2389 et

163 2427 303 2492 tibi,
358 2426 583 2496 opinor,
643 2426 734 2479 cui
782 2426 987 2495 placet,
1031 2424 1209 2477 videri
1255 2424 1495 2494 sapienti
1553 2424 1871 2493 sapientem

170 2514 326 2569 scire
380 2515 740 2584 sapientiam.
791 2516 932 2568 Tum
988 2513 1105 2577 ille,
1163 2514 1287 2567 Non
1336 2512 1520 2581 magis
1566 2527 1657 2564 me
1706 2510 1869 2581 inge-

173 2604 347 2658 nium
419 2619 679 2657 exercere
751 2603 892 2655 velle
965 2617 1136 2672 quam
1202 2605 1280 2669 te,
1354 2600 1632 2665 arbitror;
1702 2604 1759 2652 et
1812 2598 1871 2652 id

170 2692 381 2758 miror,
413 2708 529 2745 non
569 2691 718 2744 enim
751 2690 853 2744 tibi
898 2690 1013 2742 ulla
1044 2690 1099 2742 in
1131 2688 1275 2741 hanc
1317 2704 1440 2741 rem
1471 2686 1872 2741 exercitatione

164 2796 322 2851 opus
344 2783 445 2833 est.
481 2780 620 2833 Nam
646 2778 787 2832 mihi
810 2778 988 2831 adhuc
1014 2777 1251 2830 fortasse
1278 2792 1423 2830 caeco
1451 2775 1672 2829 videtur
1702 2773 1874 2827 inter-

166 2885 299 2923 esse
342 2868 493 2921 inter
539 2866 718 2920 videri
765 2866 872 2920 sibi
920 2864 1082 2931 scire,
1151 2868 1206 2918 et
1250 2864 1422 2930 scire;
1484 2866 1539 2915 et
1594 2862 1743 2915 inter
1784 2877 1873 2913 sa-

164 2957 455 3029 pientiam
488 2972 617 3027 quae
654 2955 712 3008 in
744 2952 1176 3023 investigatione
1219 2951 1405 3021 posita
1437 2955 1540 3019 est,
1572 2954 1627 3003 et
1662 2948 1873 3003 verita-

165 3054 325 3101 tem:
356 3061 483 3116 quas
512 3062 541 3098 a
572 3043 736 3097 nobis
771 3059 897 3097 cum
930 3043 1204 3096 alterutra
1233 3040 1515 3104 dicantur,
1542 3038 1647 3093 sibi
1678 3054 1873 3107 quem-

168 3134 492 3190 admodum
540 3133 824 3205 quadrent
874 3147 991 3185 non
1048 3129 1295 3183 invenio.
1350 3130 1492 3181 Tum
1559 3143 1683 3197 ego,
1742 3142 1873 3179 cum

158 3228 295 3297 jam
338 3223 408 3276 ad
446 3222 754 3293 prandium
804 3235 1174 3285 vocaremur;
1230 3218 1376 3282 Non,
1427 3215 1685 3286 inquam,
1733 3214 1873 3268 mihi

171 3312 331 3385 quod
364 3316 587 3365 tantum
624 3309 885 3364 reniteris
919 3308 1214 3379 displicet:
1249 3309 1347 3359 aut
1381 3304 1534 3358 enim
1573 3304 1740 3357 ambo
1773 3320 1875 3356 ne-

172 3401 392 3456 scimus
426 3399 566 3469 quid
620 3399 945 3469 loquamur,
995 3400 1050 3451 et
1090 3394 1276 3449 danda
1307 3396 1391 3447 est
1433 3406 1606 3462 opera
1642 3407 1713 3444 ne
1754 3394 1872 3444 tam

172 3494 376 3559 turpes
422 3486 632 3551 simus;
677 3489 776 3538 aut
823 3499 968 3537 unus
1006 3485 1285 3545 nostrum,
1331 3479 1480 3549 quod
1519 3478 1656 3531 item
1706 3476 1875 3532 relin-

177 3592 363 3649 quere
393 3579 564 3646 atque
600 3574 891 3644 negligere
925 3586 1040 3625 non
1066 3568 1257 3623 minus
1284 3571 1450 3636 turpe
1476 3570 1561 3619 est
1594 3582 1606 3619 :
1636 3565 1731 3619 sed
1769 3582 1872 3635 po-

175 3663 515 3721 meridianis
544 3662 704 3717 horis
725 3661 1014 3717 rediemus
1035 3658 1106 3711 ad
1126 3656 1389 3710 invicem.
1412 3653 1548 3708 Mihi
1568 3652 1719 3707 enim
1744 3669 1873 3707 cum

173 3755 471 3809 videretur
515 3753 635 3823 jam
701 3767 806 3805 nos
868 3749 937 3803 ad
997 3747 1207 3801 calcem
1251 3743 1597 3815 pervenisse,
1652 3757 1873 3813 pugnos

174 3844 351 3898 etiam
377 3840 671 3896 miscuisti.
705 3839 805 3893 Hic
833 3853 960 3891 cum
988 3834 1328 3900 arrisissent,
1352 3831 1727 3887 discessimus.

727 3942 1031 3981 DISPUTATIO
1071 3939 1332 3978 SECUNDA.

176 4022 427 4078 CAPUT.
470 4048 537 4060 —
567 4020 774 4073 Rursus
805 4014 948 4085 quod
981 4015 1196 4083 sapiens
1228 4026 1332 4065 non
1360 4010 1557 4078 estqui
1586 4009 1724 4062 nihil
1750 4010 1870 4063 scit.

250 4116 306 4165 7.
344 4111 408 4163 Et
452 4123 579 4162 cum
629 4103 992 4167 redissemus,
1036 4099 1358 4154 invenimus
1402 4097 1736 4160 Licentium,
1784 4095 1877 4151 cui

178 4208 484 4263 nunquam
530 4190 745 4247 sitienti
795 4190 1027 4245 Helicon
1070 4186 1443 4252 subvenisset,
1489 4185 1875 4255 excogitandis

174 4282 439 4337 versibus
483 4281 823 4335 inhiantem.
882 4280 1024 4332 Nam
1075 4277 1144 4330 de
1185 4275 1373 4330 medio
1416 4289 1564 4344 pene
1610 4272 1871 4342 prandio,

177 4370 445 4444 quamvis
474 4369 653 4423 nostri
702 4366 931 4438 prandii
979 4365 1133 4418 idem
1167 4363 1397 4417 initium
1442 4361 1541 4432 qui
1570 4360 1700 4413 ﬁnis
1746 4358 1872 4421 fuit,

176 4462 332 4515 clam
384 4461 729 4525 surrexerat,
782 4454 1040 4524 nihilque
1091 4452 1332 4505 biberat.
1393 4449 1495 4504 Cui
1552 4464 1678 4518 ego,
1732 4448 1876 4517 Opto

175 4548 434 4619 quidem,
485 4546 743 4616 inquam,
774 4542 883 4605 tibi
927 4546 992 4595 ut
1021 4540 1187 4594 istam
1227 4537 1508 4609 poeticam
1539 4551 1711 4607 quam
1742 4552 1876 4589 con-

174 4635 410 4706 cupisti,
443 4631 836 4704 complectaris
866 4628 1206 4700 aliquando:
1250 4643 1366 4681 non
1396 4625 1549 4696 quod
1588 4641 1677 4678 me
1706 4623 1879 4678 nimis

176 4725 425 4780 delectet
480 4722 590 4776 ista
632 4719 947 4791 perfectio;
1000 4717 1092 4771 sed
1143 4715 1296 4786 quod
1339 4714 1507 4768 video
1552 4717 1608 4767 te
1655 4716 1878 4766 tantum

177 4812 480 4878 exarsisse,
525 4814 591 4864 ut
632 4808 744 4863 nisi
782 4806 1008 4862 fastidio
1042 4805 1277 4859 evadere
1306 4804 1377 4857 ab
1406 4803 1511 4857 hoc
1540 4817 1732 4855 amore
1760 4817 1879 4855 non

178 4900 406 4973 possis;
452 4898 606 4969 quod
647 4895 872 4951 evenire
908 4897 1039 4965 post
1079 4891 1491 4963 perfectionem
1521 4890 1681 4944 facile
1715 4890 1875 4943 solet.

181 4989 404 5044 Deinde
431 5003 556 5041 cum
592 4986 668 5040 sis
696 4986 843 5039 bene
872 4998 1136 5049 canorus,
1164 4980 1365 5035 malim
1401 4979 1633 5033 auribus
1668 4977 1881 5031 nostris

182 5076 438 5131 inculces
484 5080 612 5129 tuos
658 5089 900 5139 versus;
942 5086 1116 5143 quam
1168 5073 1233 5123 ut
1274 5068 1333 5122 in
1376 5067 1487 5121 illis
1530 5065 1727 5137 graecis
1765 5069 1881 5119 tra-

182 5146 411 5237 goediis,
474 5179 633 5217 more
680 5160 1033 5216 avicularum
1091 5173 1233 5229 quas
1286 5156 1347 5210 in
1403 5154 1584 5210 caveis
1638 5154 1884 5208 inclusas

183 5254 471 5317 videmus,
512 5251 684 5305 verba
723 5266 850 5320 quae
891 5264 1009 5302 non
1047 5244 1320 5315 intelligis
1356 5247 1563 5297 cantes.
1592 5242 1884 5297 Admoneo

182 5348 388 5397 tamen
412 5346 475 5394 ut
502 5356 709 5411 pergas
756 5342 979 5410 potum,
1030 5335 1077 5389 si
1112 5334 1281 5401 voles,
1316 5337 1373 5387 et
1401 5332 1472 5387 ad
1503 5331 1756 5386 scholam
1793 5346 1882 5385 re-

192 5433 333 5487 deas
364 5434 642 5495 nostram,
676 5426 723 5481 si
750 5431 944 5481 tamen
980 5422 1197 5494 aliquid
1223 5422 1343 5492 jam
1373 5421 1440 5475 de
1470 5424 1525 5475 te
1556 5419 1887 5475 Hortensius

190 5525 251 5575 et
281 5517 647 5591 philosophia
673 5520 944 5581 meretur,
967 5512 1057 5567 cui
1081 5510 1432 5567 dulcissimas
1460 5509 1742 5580 primitias
1765 5510 1884 5579 jam

501 5622 778 5688 PATROL.
830 5618 1076 5686 XXXII.

1632 272 1844 327 LIBER
1892 272 2225 328 TERTIUS.

3571 284 3673 339 938

1979 400 2163 450 vestro
2192 396 2289 450 illo
2320 413 2580 451 sermone
2610 398 2820 463 libasti,
2859 399 2956 471 qui
2986 404 3041 454 te
3071 400 3463 456 vehementius
3498 421 3669 474 quam

1980 480 2084 534 ista
2129 483 2352 551 poetica
2398 484 2730 539 incenderat
2784 487 2851 540 ad
2899 503 3241 557 magnarum
3289 493 3344 541 et
3384 506 3511 542 vere
3552 492 3668 543 fru-

1980 576 2306 623 ctuosarum
2357 588 2549 624 rerum
2603 573 2913 628 scientiam.
2962 576 3069 629 Sed
3124 576 3260 630 dum
3312 577 3382 629 ad
3434 578 3671 632 istarum

1981 657 2434 727 disciplinarum,
2496 660 2703 730 quibus
2762 663 3099 715 excoluntur
3153 664 3348 728 animi,
3410 665 3671 719 circuml

1979 762 2240 803 revocare
2268 765 2366 801 vos
2410 748 2577 818 cupio
2606 766 2617 815 ;
2653 754 2845 802 metuo
2877 766 2947 803 ne
2977 750 3138 803 vobis
3167 752 3521 821 labyrinthus
3554 756 3671 822 fiat,

1980 840 2037 888 et
2065 852 2241 904 prope
2286 853 2377 890 me
2419 836 2658 907 poenitet
2698 838 2767 890 ab
2810 838 2907 891 illo
2956 842 3011 892 te
3061 838 3279 907 impetu
3317 842 3670 909 repressisse.

1979 924 2219 977 Erubuit
2248 925 2361 985 ille,
2398 925 2765 995 discessitque
2796 930 2858 979 ut
2889 925 3128 979 biberet.
3165 927 3305 979 Nam
3344 932 3400 979 et
3430 930 3675 983 multum

1978 1011 2221 1080 sitiebat,
2289 1018 2344 1067 et
2422 1012 2638 1066 occasio
2699 1014 2939 1067 dabatur
3014 1014 3263 1068 evitandi
3319 1031 3431 1083 me,
3507 1019 3676 1087 plura

1976 1100 2211 1154 fortasse
2244 1105 2412 1170 atque
2443 1102 2727 1170 asperiora
2761 1103 3063 1155 dicturum.

2049 1191 2100 1242 8.
2136 1190 2200 1241 Et
2241 1206 2369 1241 cum
2419 1189 2699 1254 rediisset,
2749 1189 2981 1242 intentis
3024 1189 3305 1255 omnibus,
3355 1190 3432 1244 sic
3477 1194 3621 1263 ωείηὶ
3656 1211 3668 1247 :

1978 1278 2134 1329 Itane
2183 1282 2286 1339 est,
2335 1277 2523 1347 Alypi,
2576 1282 2639 1330 ut
2689 1277 2840 1330 inter
2890 1294 2995 1330 nos
3034 1278 3103 1330 de
3150 1295 3209 1330 re
3246 1279 3388 1348 jam,
3429 1285 3492 1334 ut
3530 1283 3673 1335 mihi

1978 1364 2218 1432 videtur,
2268 1364 2726 1418 manifestissima
2772 1382 2887 1418 non
2919 1366 3259 1419 conveniat?
3298 1368 3417 1420 Non
3460 1370 3671 1424 mirum

1979 1458 2080 1519 est,
2116 1453 2323 1522 inquit,
2350 1452 2396 1505 si
2433 1454 2581 1523 quod
2612 1452 2714 1506 tibi
2750 1453 2809 1505 in
2836 1459 3108 1523 promptu
3140 1470 3259 1506 esse
3284 1456 3503 1520 asseris,
3531 1459 3671 1510 mihi

1980 1542 2284 1594 obscurum
2315 1541 2386 1593 sit
2416 1557 2429 1593 :
2472 1541 2753 1611 siquidem
2792 1542 3067 1611 pleraque
3107 1541 3424 1608 manifesta,
3456 1545 3674 1612 possint

1978 1629 2101 1682 aliis
2165 1629 2569 1695 manifestiora,
2621 1634 2678 1683 et
2722 1628 2861 1683 item
2908 1630 3147 1683 obscura
3207 1632 3492 1699 quaedam,
3535 1649 3675 1686 non-

1978 1717 2149 1771 nullis
2180 1718 2506 1771 obscuriora
2538 1733 2676 1771 esse.
2732 1718 2872 1769 Nam
2920 1717 2965 1770 si
3016 1721 3070 1770 et
3110 1717 3215 1787 hoc
3245 1718 3347 1771 tibi
3392 1736 3521 1773 vere
3553 1738 3672 1775 ma-

1978 1807 2249 1860 nifestum
2304 1811 2406 1871 est,
2470 1805 2613 1858 mihi
2656 1806 2842 1871 crede,
2902 1821 3021 1858 esse
3095 1805 3271 1859 alium
3322 1823 3672 1877 quemquam

1978 1894 2070 1947 cui
2109 1898 2162 1947 et
2191 1893 2299 1947 hoc
2346 1894 2713 1947 manifestum
2741 1897 2903 1946 tuum
2936 1892 3292 1946 manifestius
3319 1894 3425 1960 sit;
3451 1900 3506 1948 et
3536 1896 3671 1949 item

1979 1982 2155 2035 alium
2208 1981 2298 2035 cui
2345 1997 2538 2035 meum
2593 1982 2898 2035 obscurum
2958 1981 3251 2034 obscurius
3287 1982 3383 2036 sit.
3440 1983 3547 2036 Sed
3602 2001 3671 2037 ne

1978 2083 2070 2121 me
2101 2084 2526 2138 perpugnacem
2556 2068 2769 2122 diutius
2798 2073 2985 2137 putes,
3030 2070 3443 2123 obsecraverim
3473 2076 3536 2125 ut
3566 2072 3674 2125 hoc

1978 2156 2343 2209 manifestum
2379 2156 2736 2209 manifestius
2776 2156 3070 2209 edisseras.
3111 2157 3369 2223 Attende,
3414 2157 3671 2228 inquam,

1979 2260 2173 2313 quaeso
2239 2244 2562 2314 diligenter,
2618 2248 2673 2296 et
2729 2243 2890 2313 quasi
2950 2242 3196 2313 seposita
3236 2246 3535 2312 paululum
3585 2263 3673 2301 re-

1980 2331 2301 2401 spondendi
2346 2348 2501 2384 cura.
2548 2331 2604 2385 Si
2636 2331 2789 2384 enim
2820 2332 2964 2383 bene
2998 2347 3088 2383 me
3117 2336 3287 2401 atque
3330 2336 3385 2385 te
3429 2333 3561 2386 novi
3592 2334 3672 2386 fa-

1979 2420 2084 2473 cile
2115 2420 2244 2473 data
2274 2435 2447 2489 opera
2476 2418 2712 2471 clarebit
2743 2414 2896 2488 quod
2937 2418 3084 2487 dico,
3114 2423 3167 2471 et
3199 2420 3342 2473 alter
3368 2421 3530 2474 alteri
3569 2422 3678 2475 cito

1978 2509 2366 2579 persuadebit.
2429 2509 2703 2562 Dixistine
2756 2510 3011 2576 tandem,
3072 2526 3142 2563 an
3196 2510 3432 2564 fortasse
3475 2513 3676 2566 obsur-

1979 2599 2236 2663 dueram,
2276 2597 2451 2651 videri
2484 2597 2725 2667 sapienti
2764 2614 2819 2650 se
2854 2596 2996 2650 scire
3025 2598 3360 2667 sapientiam
3384 2600 3410 2653 ?
3437 2601 3675 2655 Annuit.

1982 2686 2349 2751 Omittamus,
2380 2686 2639 2755 inquam,
2671 2685 2972 2755 paululum
3004 2685 3176 2738 istum
3211 2688 3548 2757 sapientem.
3595 2691 3676 2743 Tu

1980 2775 2100 2845 ipse
2143 2773 2368 2845 sapiens
2416 2790 2495 2839 es,
2531 2789 2603 2826 an
2636 2774 2797 2826 non?
2828 2772 2997 2839 Nihil,
3044 2773 3253 2843 inquit,
3293 2774 3503 2830 minus.
3537 2777 3676 2829 Volo

1979 2868 2194 2928 tamen,
2228 2862 2485 2932 inquam,
2518 2861 2867 2930 respondeas
2916 2861 3059 2913 mihi
3107 2861 3241 2931 quid
3298 2862 3417 2931 ipse
3468 2863 3677 2916 sentias

1983 2952 2051 3006 de
2081 2950 2337 3021 sapiente
2368 2949 2704 3002 Academico
2733 2969 2747 3015 ;
2771 2952 3098 3001 utrumnam
3124 2948 3227 3001 tibi
3248 2950 3507 3003 videatur
3532 2951 3674 3004 scire

1982 3036 2364 3109 sapientiam?
2407 3038 2605 3091 Utrum
2658 3035 2785 3102 sibi,
2836 3034 3045 3106 inquit,
3104 3037 3244 3090 scire
3298 3037 3555 3092 videatur
3605 3056 3675 3093 an

1982 3126 2138 3193 sciat,
2172 3141 2428 3179 unumne
2477 3141 2548 3177 an
2598 3124 2884 3178 diversum
2924 3124 3140 3194 putas?
3186 3126 3369 3179 Metuo
3416 3128 3569 3180 enim
3607 3145 3677 3183 ne

1980 3214 2104 3269 hcce
2160 3212 2415 3267 confusio
2460 3212 2727 3283 cuiquam
2760 3216 3016 3267 nostrum
3058 3212 3369 3283 suffugium
3404 3216 3674 3284 przebeat.

2055 3306 2108 3357 9.
2142 3303 2257 3355 Hoc
2305 3305 2407 3367 est,
2455 3300 2712 3371 inquam,
2758 3301 3001 3353 Tuscum
3042 3301 3185 3355 illud
3224 3302 3483 3373 jurgium
3522 3304 3674 3375 quod

1981 3389 2091 3445 dici
2121 3392 2284 3451 solet,
2318 3405 2445 3443 cum
2483 3387 2789 3459 quiestioni
2823 3387 3119 3442 intentata:
3151 3406 3265 3442 non
3298 3393 3418 3460 ejus
3450 3392 3674 3459 solutio,

1983 3478 2081 3532 sed
2107 3478 2340 3532 alterius
2359 3476 2602 3547 objectio
2625 3476 2848 3529 videtur
2868 3476 3106 3531 mederi.
3133 3478 3291 3541 Quod
3314 3478 3483 3533 etiam
3508 3484 3677 3549 poeta

1980 3570 2174 3621 noster
2197 3566 2282 3633 (ut
2307 3581 2395 3617 me
2426 3564 2784 3633 aliquantum
2808 3564 3045 3617 Licentii
3066 3565 3302 3618 auribus
3328 3566 3555 3634 dedam)
3586 3568 3677 3621 de-

1981 3658 2173 3708 center
2212 3653 2272 3706 in
2311 3652 2569 3706 Bucolico
2599 3651 2851 3707 carmine
2890 3651 2997 3705 hoc
3032 3653 3385 3707 rusticanum
3417 3659 3471 3708 et
3509 3657 3678 3725 plane

1981 3736 2347 3814 pastoricium
2370 3756 2488 3793 esse
2498 3739 2794 3810 judicavit,
2830 3756 2961 3794 cum
2982 3740 3147 3794 aliter
3168 3742 3410 3795 alterum
3431 3742 3675 3797 interro-

1981 3834 2096 3902 gat,
2146 3827 2244 3881 ubi
2273 3828 2399 3881 coeli
2430 3827 2677 3897 spatium
2708 3843 2824 3881 non
2855 3828 3103 3898 amplius
3147 3845 3321 3900 quam
3351 3834 3465 3885 tres
3513 3833 3678 3887 ulnas

1979 3922 2172 3989 pateat
2195 3934 2207 3970 :
2236 3917 2331 3971 ille
2361 3920 2578 3979 autem,

2199 4015 2291 4063 Dic
2316 4014 2508 4076 quibus
2530 4015 2583 4062 in
2606 4014 2758 4063 terris
2785 4013 3026 4077 inscripti
3057 4015 3275 4065 nomina
3298 4029 3479 4081 regum

2198 4096 2492 4144 Nascantur
2517 4094 2688 4143 flores.

2571 4177 2756 4237 (Virg.,
2790 4174 2987 4237 Ecloga
3020 4178 3070 4237 3,
3100 4190 3183 4227 vv.
3220 4180 3321 4233 106,
3359 4179 3486 4239 107.)

1983 4264 2145 4329 Quod
2174 4279 2391 4335 quaeso,
2436 4262 2625 4333 Alypi,
2660 4279 2732 4317 ne
2777 4263 2839 4316 in
2871 4263 3004 4318 villa
3041 4264 3201 4318 nobis
3246 4264 3417 4319 licere
3446 4266 3680 4319 arbitre-

1983 4353 2097 4406 ris:
2141 4355 2289 4405 certe
2318 4351 2407 4404 vel
2437 4350 2557 4404 ista:
2595 4350 2872 4405 balneolze
2904 4352 3155 4423 aliquam
3181 4352 3397 4406 decoris
3435 4369 3677 4423 gymna-

1985 4442 2199 4495 siorum
2231 4439 2439 4494 faciant
2476 4439 2930 4494 recordationem
2957 4457 2969 4494 :
3002 4440 3074 4494 ad
3104 4440 3183 4506 id,
3218 4439 3263 4492 si
3289 4440 3493 4510 placet,
3526 4444 3678 4512 quod

1984 4544 2146 4598 rogo,
2224 4527 2521 4599 responde.
2584 4527 2891 4582 Videturne
2938 4526 3042 4581 tibi
3098 4526 3325 4596 sapiens
3377 4529 3711 4587 Academi-l

1985 4632 2181 4671 corum
2214 4616 2354 4670 scire
2386 4614 2776 4685 sapientiam?
2820 4618 2898 4670 Ne
2935 4615 3107 4668 verba
3134 4614 3320 4669 verbis
3357 4616 3676 4686 referendo,

1985 4705 2193 4776 inquit,
2225 4705 2286 4758 in
2332 4705 2571 4776 longum
2613 4720 2830 4768 eamus,
2862 4703 3088 4757 videtur
3128 4702 3309 4757 videri
3359 4704 3465 4759 sibi
3513 4708 3674 4764 scire.

1988 4794 2223 4848 Videtur
2252 4810 2412 4864 ergo,
2464 4794 2723 4863 inquam,
2775 4792 2878 4845 tibi
2925 4790 3185 4845 nescire?
3223 4792 3347 4847 Non
3387 4794 3541 4849 enim
3575 4814 3679 4867 ego

1987 4899 2183 4954 quaero
2225 4882 2363 4953 quid
2407 4882 2510 4936 tibi
2544 4880 2801 4933 videatur
2836 4878 3014 4933 videri
3060 4880 3318 4949 sapienti,
3349 4883 3445 4937 sed
3486 4888 3680 4939 utrum

1986 4971 2091 5026 tibi
2150 4970 2410 5025 videatur
2465 4967 2693 5037 sapiens
2748 4967 2889 5020 scire
2958 4966 3317 5037 sapientiam.
3378 4973 3559 5035 Potes,
3619 4977 3683 5027 ut

1989 5059 2211 5131 opinor,
2257 5059 2350 5113 hic
2391 5060 2489 5111 aut
2530 5056 2702 5121 aiere,
2737 5060 2835 5110 aut
2863 5071 3092 5127 negare.
3122 5057 3165 5111 Ο
3195 5058 3434 5121 utinam,
3473 5061 3678 5131 inquit,

1992 5153 2088 5202 aut
2136 5146 2216 5201 ita
2260 5145 2404 5199 mihi
2442 5144 2604 5198 facile
2652 5148 2797 5198 esset
2852 5147 2914 5198 ut
2964 5144 3086 5212 tibi,
3139 5150 3238 5199 aut
3284 5146 3363 5200 ita
3419 5148 3523 5201 tibi
3573 5150 3681 5203 dif-

1993 5236 2138 5290 ﬁcile
2185 5238 2249 5289 ut
2279 5234 2454 5289 mihi!
2492 5249 2597 5287 nec
2627 5237 2744 5287 tam
2800 5233 3076 5288 molestus
3127 5251 3297 5305 esses,
3344 5252 3446 5290 nec
3488 5236 3546 5290 in
3594 5238 3683 5293 his

1993 5324 2307 5396 quidquam
2339 5337 2614 5392 sperares.
2648 5323 2791 5376 Nam
2821 5339 2949 5376 cum
2982 5339 3075 5377 me
3106 5323 3506 5395 interrogares,
3547 5326 3683 5396 quid

1994 5413 2133 5468 mihi
2166 5413 2233 5467 de
2277 5410 2611 5465 Academico
2658 5411 2914 5482 sapiente
2954 5412 3249 5477 videatur;
3282 5414 3570 5482 respondi,
3598 5416 3684 5469 vi-

2064 5520 2075 5550 ¹
2093 5515 2229 5565 Editi
2244 5515 2462 5575 habent,
2482 5515 2762 5566 circulum.
2778 5515 2879 5565 Sed
2904 5515 3091 5564 melius
3110 5515 3230 5569 Mss,
3246 5514 3445 5576 decem,
3463 5519 3686 5571 circum.

3048 5612 3131 5691 (T
3126 5616 3357 5696 rente.)
