4062 6188
462 308 565 361 939

464 428 589 482 deri
614 426 756 481 mihi
780 425 936 497 quod
965 424 1229 479 videatur
1258 421 1366 476 sibi
1392 421 1536 475 scire
1561 418 1916 489 sapientiam,
1953 436 2025 474 ne
2056 423 2159 474 aut

462 520 679 570 temere
716 530 809 569 me
856 514 997 569 scire
1043 512 1423 576 afﬁrmarem‘,
1456 512 1553 562 aut
1593 506 1753 562 illum
1794 523 1912 561 non
1942 507 2159 575 minus,

463 609 680 659 temere
710 603 851 656 scire
882 603 1149 657 dicerem.
1184 602 1291 655 Pro
1322 614 1552 669 magno,
1584 596 1843 667 inquam,
1874 596 2160 651 beneﬁcos

466 692 610 747 mihi
637 691 867 746 obsecro
913 689 1186 744 concedas
1238 685 1449 756 primo,
1490 689 1555 739 ut
1606 686 1677 739 ad
1735 685 1792 738 id
1834 684 1987 755 quod
2028 699 2156 753 ego,

466 797 585 835 non
610 780 680 835 ad
708 779 767 833 id
798 778 949 849 quod
979 782 1041 830 tu
1071 781 1128 830 te
1159 775 1478 843 interrogas
1508 772 1854 842 respondere
1885 771 2156 842 digneris.

468 869 681 925 Deinde
711 871 775 921 ut
804 882 962 936 spem
1005 880 1216 931 meam,
1260 878 1432 933 quam
1473 861 1576 915 tibi
1611 877 1727 915 non
1760 860 1951 914 minus
1984 876 2157 925 curae,

467 973 639 1027 quam
674 960 833 1009 tuam
874 969 996 1007 esse
1035 954 1187 1005 certo
1220 950 1354 1013 scio,
1397 964 1550 1002 nunc
1578 949 1880 1018 paululum
1911 947 2159 1001 omittas.

467 1045 629 1099 Certe
667 1042 717 1095 si
745 1057 837 1096 me
867 1041 974 1095 ista
1016 1037 1467 1109 interrogatione
1504 1037 1802 1105 decepere,
1835 1035 1945 1089 cito
1977 1038 2161 1088 trans-

465 1132 557 1186 ibo
614 1131 675 1183 in
743 1135 903 1184 tuam
958 1132 1203 1199 partem,
1260 1125 1817 1195 controversiamque
1874 1123 2160 1177 ﬁniemus.

466 1222 759 1275 Postremo
807 1223 871 1272 ut
918 1218 1082 1288 pulsa
1128 1214 1321 1269 nescio
1366 1230 1480 1285 qua
1520 1212 1927 1281 sollicitudine,
1967 1228 2082 1283 qua
2109 1215 2163 1264 te

464 1308 624 1377 tangi
660 1307 851 1371 video,
898 1304 1234 1375 diligentius
1264 1302 1703 1369 animadvertas,
1737 1318 1850 1373 quo
1881 1300 2042 1354 facile
2074 1298 2162 1352 in-

464 1396 693 1466 telligas
736 1393 875 1465 quid
921 1392 1066 1446 mihi
1117 1391 1214 1445 abs
1242 1394 1297 1445 te
1344 1390 1679 1461 responderi
1710 1390 1903 1443 velim.
1963 1386 2166 1442 Dixisti

467 1483 623 1538 enim
653 1482 779 1536 ideo
810 1486 865 1536 te
906 1473 1023 1535 non
1065 1484 1164 1534 aut
1202 1479 1353 1533 aiere
1392 1484 1492 1532 aut
1518 1494 1751 1549 negare,
1785 1477 1935 1549 quod
1968 1476 2164 1546 utique

466 1571 793 1625 faciendum
840 1573 927 1624 est
974 1568 1046 1623 ad
1085 1567 1145 1621 id
1176 1567 1329 1638 quod
1376 1583 1542 1638 rogo,
1584 1583 1656 1621 ne
1686 1571 1897 1620 temere
1929 1569 1984 1618 te
2024 1563 2164 1617 scire

470 1658 620 1712 dicas
651 1658 803 1729 quod
834 1657 1017 1711 nescis
1041 1675 1058 1710 :
1111 1656 1275 1726 quasi
1312 1671 1446 1709 vero
1495 1670 1602 1725 ego
1653 1654 1791 1725 quid
1837 1653 1977 1707 scias
2006 1668 2164 1723 quae-

469 1746 684 1813 sierim,
718 1750 774 1801 et
801 1761 919 1799 non
948 1744 1084 1815 quid
1127 1742 1235 1797 tibi
1264 1743 1536 1797 videatur.
1581 1744 1778 1813 Itaque
1822 1757 1975 1795 nunc
2012 1740 2166 1794 idem

468 1834 697 1906 planius
736 1833 806 1903 (si
836 1837 1034 1887 tamen
1062 1832 1289 1902 planius
1319 1831 1432 1885 dici
1461 1830 1665 1901 potest)
1695 1830 2023 1901 interrogo:
2064 1828 2165 1881 Vi-

468 1924 708 1979 deturne
736 1922 839 1976 tibi
887 1921 1028 1976 scire
1077 1920 1416 1991 sapientiam
1446 1920 1691 1991 sapiens,
1734 1936 1807 1974 an
1854 1935 1969 1974 non
2017 1918 2168 1973 vide-

468 2015 610 2067 tur?
649 2012 708 2067 Si
746 2010 1014 2077 inveniri,
1062 2009 1271 2081 inquit,
1323 2009 1549 2080 sapiens
1581 2010 1810 2081 qualem
1840 2009 1984 2089 ratio
2033 2024 2169 2079 pro-

472 2102 573 2168 dit,
606 2103 780 2172 queat
805 2121 819 2168 ;
849 2102 1037 2170 potest
1065 2098 1209 2153 mihi
1239 2097 1419 2153 videri
1444 2097 1585 2153 scire
1606 2097 1965 2169 sapientiam.
2002 2096 2168 2152 Ratio

469 2190 668 2259 igitur,
696 2188 959 2259 inquam,
989 2186 1162 2241 talem
1193 2185 1297 2240 tibi
1325 2185 1521 2257 prodit
1546 2201 1666 2240 esse
1698 2184 2034 2256 sapientem,
2068 2183 2169 2256 qui

472 2277 813 2349 sapientiam
854 2291 974 2331 non
1008 2275 1278 2346 ignoret:
1325 2279 1383 2330 et
1427 2279 1578 2330 recte
1617 2273 1823 2329 isthuc.
1853 2274 1982 2329 Non
2010 2273 2167 2328 enim

474 2368 640 2422 aliter
671 2366 909 2421 decebat
931 2364 1114 2419 videri
1143 2363 1268 2418 tibi.
1334 2414 1343 2425 ι

547 2458 633 2509 10.
666 2454 870 2519 Quaero
921 2469 1054 2524 ergo
1096 2452 1239 2523 jam,
1296 2452 1493 2505 utrum
1539 2450 1718 2521 possit
1754 2450 1977 2521 sapiens
2015 2451 2170 2507 inve-

473 2542 606 2598 niri.
649 2542 708 2597 Si
739 2541 891 2596 enim
935 2544 1142 2612 potest,
1192 2542 1381 2611 potest
1421 2538 1595 2593 etiam
1626 2539 1766 2593 scire
1807 2538 2165 2610 sapientiam,

475 2631 775 2702 omnisque
806 2629 1045 2701 quaestio
1076 2628 1228 2683 inter
1273 2643 1378 2683 nos
1418 2628 1693 2682 dissoluta
1739 2630 1839 2682 est.
1891 2627 1945 2683 Si
1979 2633 2170 2684 autem

472 2737 590 2776 non
605 2735 772 2792 posse
797 2720 956 2786 dicis,
981 2719 1104 2790 jam
1131 2734 1248 2772 non
1273 2720 1564 2790 quaeretur
1587 2722 1782 2772 utrum
1812 2717 2040 2789 sapiens
2070 2719 2172 2773 ali-

474 2809 612 2880 quid
643 2808 801 2876 sciat,
851 2809 948 2864 sed
997 2812 1190 2862 utrum
1230 2806 1455 2878 sapiens
1483 2805 1789 2878 quisquam
1820 2822 1939 2861 esse
1969 2806 2167 2878 possit.

474 2897 596 2962 Quo
626 2897 956 2966 constituto,
980 2896 1103 2968 jam
1131 2895 1516 2950 recedendum
1546 2893 1654 2948 erit
1686 2894 1756 2949 ab
1795 2894 2166 2962 Academicis,

474 2989 531 3040 et
574 2989 761 3040 tecum
802 2985 913 3039 ista
956 2985 1198 3056 quaestio
1238 2987 1518 3055 quantum
1548 2983 1822 3049 valemus,
1865 2982 2171 3055 diligenter

475 3077 751 3143 cauteque
773 3073 1065 3127 versanda.
1095 3074 1236 3126 Nam
1258 3072 1369 3125 illis
1390 3071 1626 3142 placuit,
1650 3071 1739 3125 vel
1766 3071 1957 3143 potius
1986 3071 2170 3125 visum

477 3165 583 3228 est,
614 3165 670 3214 et
721 3176 841 3214 esse
887 3176 1054 3230 posse
1081 3159 1377 3214 hominem
1420 3158 1758 3231 sapientem,
1801 3162 1856 3213 ct
1884 3163 2077 3214 tamen
2108 3160 2171 3214 in

477 3247 773 3302 hominem
802 3247 1097 3301 scientiam
1127 3247 1325 3302 cadere
1353 3263 1471 3301 non
1498 3262 1687 3317 posse.
1732 3246 1916 3311 Quare
1953 3246 2039 3301 illi
2082 3264 2169 3301 sa-

476 3336 733 3406 pientem
776 3335 921 3389 nihil
965 3335 1106 3389 scire
1146 3335 1527 3389 afﬁrmarunt.
1568 3333 1694 3389 Tibi
1723 3338 1919 3389 autem
1946 3334 2172 3390 videtur

479 3424 619 3478 scire
650 3423 1012 3494 sapientiam,
1041 3423 1197 3493 quod
1224 3439 1341 3477 non
1368 3426 1452 3477 est
1482 3421 1679 3493 utique
1704 3422 1850 3477 nihil
1888 3422 2049 3478 scire.
2083 3423 2169 3478 Si-

476 3513 599 3567 mul
628 3513 783 3567 enim
822 3512 1036 3583 placuit
1062 3512 1213 3567 inter
1245 3528 1368 3578 nos,
1401 3512 1553 3583 quod
1592 3510 1766 3566 etiam
1792 3511 1943 3566 inter
1969 3527 2169 3568 omnes

475 3605 713 3668 veteres,
745 3601 1009 3673 interque
1038 3600 1192 3671 ipsos
1222 3600 1611 3670 Academicos,
1643 3600 1786 3655 scire
1812 3600 1954 3655 falsa
1982 3601 2168 3656 nemi-

474 3706 608 3745 nem
638 3706 837 3761 posse:
868 3691 1023 3745 unde
1061 3690 1203 3745 illud
1244 3690 1365 3761 jam
1408 3693 1605 3750 restat,
1636 3694 1701 3744 ut
1735 3693 1833 3745 aut
1859 3691 2169 3745 contendas

474 3780 616 3832 nihil
643 3796 763 3833 esse
791 3779 1147 3850 sapientiam,
1176 3783 1275 3832 aut
1302 3779 1476 3833 talem
1507 3778 1827 3849 sapientem
1854 3779 1924 3833 ab
1951 3779 2167 3835 Acade-

473 3866 637 3920 micis
666 3867 931 3936 describi,
962 3867 1191 3937 qualem
1221 3867 1366 3919 ratio
1388 3882 1503 3920 non
1535 3866 1727 3935 habet,
1758 3867 2006 3922 fatearis.

616 3955 842 4009 CAPUT
872 3955 935 4008 V.
967 3984 1035 3993 —
1062 3954 1507 4009 Academicorum
1535 3956 1698 4009 inane
1727 3955 2027 4024 suﬂ’ugz‘um

1124 4041 1506 4111 praecluditur.

548 4136 633 4188 lt.
665 4134 730 4187 Et
756 4130 843 4185 his
881 4130 1106 4186 omissis
1136 4130 1456 4186 consentias
1487 4135 1553 4187 ut
1594 4146 1941 4201 quaeramus,
1973 4136 2167 4187 utrum

472 4221 652 4292 possit
681 4219 900 4274 homini
931 4219 1057 4274 talis
1093 4218 1394 4290 provenire
1434 4218 1735 4289 sapientia,
1766 4219 1995 4290 qualem
2032 4237 2166 4291 pro-

472 4308 557 4364 dit
590 4308 757 4364 ratio.
810 4310 931 4362 Non
979 4307 1135 4362 enirn
1188 4307 1359 4361 aliam
1391 4308 1683 4374 debemus,
1720 4312 1818 4363 aut
1853 4325 2167 4379 possumus

470 4403 620 4453 recte
647 4414 845 4452 vocare
875 4396 1233 4467 sapientiam.
1265 4395 1379 4450 Etsi
1408 4397 1740 4463 concedam,
1772 4396 1979 4469 inquit,
2013 4397 2167 4468 quod

470 4492 525 4541 te
556 4502 904 4557 magnopere
930 4486 1038 4540 niti
1067 4485 1255 4552 video,
1289 4484 1419 4539 sciri
1449 4503 1482 4540 a
1520 4485 1774 4555 sapiente
1806 4487 2162 4557 sapientiam,

471 4580 526 4628 et
553 4575 767 4646 aliquid
795 4575 944 4629 inter
972 4591 1076 4629 nos
1106 4574 1530 4645 deprehensum
1555 4574 1706 4645 quod
1736 4574 1961 4644 sapiens
1988 4575 2168 4646 possit

469 4664 763 4732 percipere
789 4680 801 4717 :
826 4669 1018 4718 tamen
1035 4679 1403 4734 nequaquam
1427 4662 1573 4716 mibi
1594 4664 1840 4717 occurrit
1867 4663 2164 4718 Academi-

469 4766 666 4804 corum
695 4751 1028 4806 labefactata
1054 4751 1241 4807 omnis
1271 4751 1534 4806 intentio.
1571 4750 1857 4821 Prospicio
1883 4751 2039 4806 enim
2069 4752 2164 4806 de-

467 4838 741 4893 fensionis
770 4840 851 4893 eis
894 4841 1082 4894 locum
1128 4856 1246 4895 non
1300 4839 1611 4894 minimum
1650 4844 2023 4908 reservatum,
2061 4857 2165 4895 nec

467 4928 627 4981 illam
669 4927 1009 4981 assensionis
1044 4929 1476 5000 suspensioncm
1520 4944 1643 4984 esse
1680 4929 2001 4999 praecisam,
2034 4946 2165 4985 cum

466 5016 575 5070 hoc
604 5014 727 5085 ipso
757 5030 939 5068 causa:
969 5032 1087 5070 sua:
1109 5017 1302 5071 deesse
1324 5033 1439 5071 non
1461 5017 1707 5089 possint,
1730 5033 1845 5087 quo
1877 5017 2163 5072 convictos

467 5108 648 5175 putas.
703 5103 901 5157 Dicent
944 5104 1096 5158 enim
1143 5105 1472 5176 usqueadco
1524 5104 1669 5160 nihil
1728 5106 2161 5176 comprehendi,

462 5193 723 5264 nullique
753 5190 839 5245 rei
868 5191 1253 5247 assenSionem
1303 5193 1695 5263 praebendam,
1746 5197 1811 5248 ut
1841 5194 2015 5248 etiam
2052 5194 2162 5248 hoc

464 5283 533 5336 de
572 5281 717 5336 nihil
759 5280 1148 5351 percipiendo,
1192 5282 1344 5352 quod
1377 5286 1494 5337 tota
1525 5282 1634 5337 sibi
1662 5297 1809 5354 pene
1839 5282 1953 5336 vita
1981 5298 2161 5353 usque

467 5371 538 5425 ad
567 5376 622 5424 te
650 5370 1025 5441 probabiliter
1044 5374 1465 5441 persuaserant,
1490 5388 1645 5426 nunc
1666 5371 1773 5426 ista
1798 5370 2160 5425 conclusione

461 5458 568 5511 sibi
600 5462 887 5514 extortum
916 5459 1026 5525 sit;
1071 5462 1131 5512 ut
1173 5458 1286 5512 sive
1320 5463 1475 5521 tunc,
1511 5460 1626 5514 sive
1656 5476 1807 5515 nunc
1852 5460 2024 5530 hujus
2074 5475 2161 5513 ar-

462 5548 722 5617 gumenti
770 5549 851 5602 vis
906 5547 1175 5604 tarditate
1219 5547 1439 5619 ingenii
1477 5549 1611 5611 mei,
1661 5548 1778 5603 sive
1827 5564 2023 5604 revera
2052 5564 2154 5604 suo

528 5778 865 5895 ex

1549 297 1833 354 CONTRA
1870 295 2344 365 ACADEMICOS,
2392 296 2445 353 S.
2488 297 2875 354 AUGUSTINI
2914 241 2936 263 Ι
3819 314 3895 365 940

2267 419 2471 475 robore
2499 419 2707 475 invicta
2735 421 2825 487 sit,
2870 436 2965 475 eos
3002 420 3127 475 loco
3177 438 3406 477 movere
3447 440 3561 479 non
3588 428 3766 497 possit,
3801 446 3897 485 cum

2269 509 2533 564 audacter
2560 508 2847 564 afﬁrmare
2863 509 3051 564 adhuc
3069 511 3317 579 valeant,
3338 527 3410 567 ne
3430 528 3578 567 nunc
3598 514 3806 586 quidem
3824 518 3897 572 ulli

2269 597 2354 652 rei
2382 597 2850 677 consentiendum
2881 614 3021 653 esse.
3058 599 3221 653 Forte
3252 600 3407 655 enim
3439 602 3728 673 aliquando
3747 611 3897 660 contra

2271 687 2378 741 hoc
2415 703 2639 758 quoque
2668 687 2931 741 nonnihil
2961 688 3049 741 vel
3079 704 3113 742 a
3153 704 3210 743 se
3247 689 3337 743 vel
3364 706 3396 743 a
3423 690 3683 761 quopiam
3712 695 3898 764 reperiri

2270 791 2456 844 posse,
2490 776 2646 846 quod
2678 779 2837 829 acute
2875 775 3363 847 probabiliterque
3395 778 3647 833 dicatur:
3678 797 3896 852 suamque

2272 863 2584 934 imaginem
2612 867 2669 919 et
2695 864 2858 935 quasi
2886 866 3181 935 speculum
3210 867 3499 937 quoddam
3528 868 3587 922 in
3614 869 3795 924 Proteo
3832 870 3897 925 illo

2274 951 2648 1006 animadverti
2678 956 2962 1023 oportere,
2993 952 3092 1023 qui
3122 954 3369 1009 traditur
3395 971 3463 1009 eo
3485 956 3662 1011 solere
3689 958 3797 1029 capi
3820 974 3898 1029 quo

2273 1040 2511 1095 minime
2564 1045 2880 1112 caperetur,
2926 1041 3474 1115 investigatoresque
3504 1045 3624 1115 ejus
3662 1062 3897 1117 nunquam

2274 1129 2539 1183 eumdem
2553 1129 2821 1193 tenuisse,
2849 1129 2958 1183 nisi
2982 1130 3167 1185 indice
3190 1130 3589 1202 alicujusmodi
3608 1134 3816 1189 numine
3832 1137 3895 1204 (ai.

2274 1216 2436 1281 Quod
2466 1217 2513 1272 si
2559 1217 2724 1284 adsit,
2767 1221 2823 1272 ct
2850 1218 3011 1273 illam
3041 1218 3204 1273 nobis
3243 1219 3542 1275 veritatem
3578 1238 3700 1292 qua:
3733 1227 3897 1277 tantum

2275 1318 2427 1360 curae
2457 1309 2541 1359 est
2570 1305 2960 1361 demonstrare
2999 1306 3285 1378 dignetur,
3328 1325 3434 1379 ego
3467 1325 3685 1382 quoque
3707 1310 3782 1365 vel
3807 1311 3899 1382 ipsis

2275 1394 2487 1463 invitis,
2518 1395 2671 1466 quod
2699 1395 2938 1449 minime
2973 1412 3120 1464 reor,
3160 1396 3290 1452 illos
3320 1402 3613 1469 superatos
3644 1415 3751 1454 esse
3775 1400 3899 1454 conﬁ-

2274 1483 2456 1538 tebor.

2352 1575 2434 1626 l2.
2486 1572 2636 1627 Bene
2679 1572 2870 1637 habet,
2916 1572 3196 1644 inquam;
3241 1590 3478 1645 prorsus
3529 1575 3668 1631 nihil
3713 1577 3898 1648 amplius

2277 1660 2492 1731 optavi.
2530 1661 2673 1714 Nam
2697 1660 2906 1729 videte,
2934 1677 3147 1732 quaeso,
3170 1662 3319 1717 bona
3347 1663 3496 1719 mihi
3519 1668 3656 1736 quot
3672 1670 3723 1719 et
3744 1670 3898 1736 quanta

2275 1750 2660 1820 provenerint.
2707 1750 2965 1805 Primum
3012 1756 3118 1820 est,
3168 1753 3324 1824 quod
3363 1754 3681 1809 Academici
3716 1756 3816 1825 jam
3846 1756 3895 1809 sic

2277 1838 2521 1894 convicti
2549 1855 2669 1893 esse
2699 1839 2984 1907 dicuntur,
3020 1843 3080 1894 ut
3107 1840 3255 1895 nihil
3290 1840 3372 1896 eis
3399 1847 3573 1897 restet
3599 1842 3666 1898 ad
3693 1842 3897 1897 defensis
3976 1838 3977 1907 ξ

2278 1943 2430 1991 nem,
2465 1926 2579 1981 nisi
2614 1928 2769 1998 quod
2798 1927 2921 1983 ﬁeri
2957 1945 3074 1983 non
3113 1932 3321 2001 potest.
3359 1931 3499 1995 Quis
3547 1932 3695 1986 enim
3719 1932 3806 1986 hoc
3833 1939 3897 1985 aut

2278 2015 2598 2087 intelligere
2646 2017 2763 2071 ullo
2802 2016 2996 2084 modo,
3032 2022 3130 2072 aut
3174 2018 3409 2074 credere
3451 2021 3650 2089 valeat,
3689 2037 3799 2074 eum
3833 2020 3896 2090 qui
3976 2015 3977 2090 Ῑ

2278 2104 2459 2159 victus
2498 2105 2590 2172 sit,
2637 2121 2703 2159 eo
2747 2104 2870 2176 ipso
2918 2122 3032 2176 quo
3081 2107 3257 2162 victus
3298 2112 3407 2176 est,
3451 2109 3714 2164 victorem
3749 2125 3894 2163 seesse

2279 2192 2562 2264 gloriari?
2593 2193 2808 2249 Deinde
2838 2193 2880 2248 si
2909 2194 3047 2265 quid
3066 2195 3188 2266 jam
3207 2201 3471 2252 remanet
3499 2213 3626 2252 cum
3653 2198 3731 2253 his
3750 2188 3893 2252 conﬂi-

2279 2282 2502 2349 ctionis,
2535 2298 2651 2336 non
2681 2298 2746 2336 ex
2773 2298 2839 2337 eo
2884 2287 2970 2337 est
3001 2284 3155 2355 quod
3189 2284 3413 2353 dicunt,
3442 2286 3587 2341 nihil
3616 2286 3733 2341 sciri
3764 2302 3891 2358 posse,

2280 2371 2381 2426 sed
2409 2388 2475 2426 ex
2519 2388 2585 2426 eo
2616 2372 2769 2443 quod
2809 2372 2953 2426 nulli
2998 2372 3085 2427 rei
3123 2374 3557 2430 assentiendum
3593 2392 3704 2430 esse
3730 2380 3893 2430 conten-

2280 2459 2442 2515 dunt.
2471 2460 2630 2514 Nunc
2651 2461 2843 2531 itaque
2869 2461 3172 2517 concordes
3197 2479 3427 2521 sumus.
3459 2466 3599 2519 Nam
3626 2469 3684 2519 ut
3699 2463 3829 2526 mihi,
3845 2463 3892 2515 ita

2281 2549 2455 2604 etiam
2482 2548 2597 2603 illis
2640 2550 2882 2618 videtur,
2930 2551 3245 2621 sapientem
3283 2552 3432 2608 scire
3480 2551 3892 2626 sapientiam.Sed

2279 2641 2473 2692 tamen
2493 2637 2562 2691 ab
2584 2638 2905 2693 assensione
2926 2638 3011 2693 illi
3034 2642 3481 2711 temperandum
3507 2646 3741 2698 monent.
3765 2640 3892 2695 Viden

2282 2726 2439 2781 enim
2466 2726 2574 2781 sibi
2615 2730 2841 2782 tantum
2874 2727 3111 2798 dicunt;
3141 2730 3284 2786 scire
3330 2736 3528 2787 autem
3570 2733 3714 2787 nullo
3746 2731 3890 2785 modo:

2283 2814 2446 2886 quasi
2472 2831 2577 2886 ego
2609 2832 2699 2870 me
2730 2816 2871 2872 scire
2890 2817 3183 2889 proﬁtear.
3215 2818 3349 2874 Mihi
3373 2836 3599 2893 quoque
3617 2820 3773 2876 videri
3789 2816 3892 2872 istud

2282 2904 2407 2959 dico
2432 2921 2443 2958 ε
2473 2920 2600 2958 sum
2630 2904 2784 2959 enim
2800 2907 3026 2974 stultus,
3057 2911 3125 2962 ut
3148 2907 3320 2962 etiam
3350 2908 3488 2980 ipsi,
3521 2910 3566 2964 si
3593 2909 3815 2965 nesciunt
3833 2922 3890 2959 sa-

2279 2991 2578 3067 pientiam.
2608 2993 2939 3064 Approbare
2966 2999 3159 3050 autem
3190 3011 3295 3050 nos
3325 2995 3538 3052 debere
3566 2995 3759 3069 aliquid
3780 2997 3891 3058 puto,

2281 3081 2339 3135 id
2372 3086 2473 3148 est,
2520 3082 2836 3138 veritatem.
2875 3085 2950 3137 De
2981 3091 3095 3154 quo
3119 3100 3215 3139 eos
3244 3086 3486 3141 consulo
3518 3091 3695 3141 utrum
3730 3084 3889 3153 negent;

2282 3169 2341 3224 id
2371 3174 2473 3237 est,
2522 3175 2718 3225 utrum
2749 3171 2831 3225 eis
2871 3171 3091 3243 placeat
3127 3173 3351 3228 veritati
3397 3174 3790 3230 assentiendum
3812 3181 3889 3223 non

2283 3274 2419 3313 esse.
2460 3261 2767 3331 Nunquam
2794 3261 2903 3315 hoc
2941 3261 3150 3331 dicent,
3182 3263 3278 3317 sed
3307 3279 3439 3318 eam
3473 3280 3584 3319 non
3612 3259 3814 3318 inveniri
3831 3273 3887 3310 as-

2282 3350 2640 3406 severabunt.
2667 3351 2813 3421 Ergo
2841 3354 2898 3405 et
2923 3350 3017 3405 hic
3038 3367 3104 3406 ex
3132 3354 3417 3408 nonnulla
3444 3358 3601 3425 parte
3625 3351 3805 3407 socium
3826 3360 3885 3399 me

2280 3441 2495 3502 tenent,
2519 3437 2674 3509 quod
2699 3438 2958 3509 utrisque
2973 3455 3092 3493 non
3106 3439 3391 3512 displicet,
3424 3447 3589 3512 atque
3614 3439 3735 3495 adeo
3757 3447 3886 3491 neces

2280 3527 2429 3581 sario
2459 3528 2662 3598 placet,
2711 3528 3185 3583 consentiendum
3231 3546 3357 3585 esse
3412 3529 3645 3586 veritati.
3689 3526 3775 3582 Sed
3802 3520 3884 3594 quis

2282 3633 2407 3672 eam
2458 3616 2891 3687 demonstrabit,
2922 3617 3232 3688 inquiunt?
3264 3618 3373 3674 Ubi
3403 3636 3509 3691 ego
3548 3634 3667 3674 cum
3697 3613 3787 3669 illis
3809 3625 3883 3666 non

2281 3707 2490 3760 curabo
2519 3710 2735 3760 certare
2758 3723 2772 3773 ;
2798 3706 2932 3760 satis
2958 3707 3103 3762 mihi
3123 3711 3209 3762 est
3227 3709 3388 3779 quod
3400 3709 3521 3780 jam
3538 3703 3791 3779 probabile
3806 3712 3880 3752 non

2281 3798 2384 3861 est,
2411 3793 2554 3848 nihil
2586 3794 2728 3850 scire
2757 3794 3099 3864 sapientem,
3121 3811 3194 3851 ne
3229 3812 3356 3851 rem
3382 3793 3803 3852 absurdissimam
3830 3785 3880 3840 di-

2280 3898 2407 3937 cere
2438 3887 2733 3953 cogantur,
2775 3888 2876 3938 aut
2904 3883 3048 3938 nihil
3073 3900 3194 3939 esse
3223 3885 3581 3956 sapientiam,
3610 3886 3700 3938 aut
3722 3876 3879 3949 sapien-

2278 3973 2419 4026 tiam
2449 3972 2665 4027 nescire
2694 3972 3031 4043 sapientem.

2281 4060 2623 4115 CAPUT‘VI.
2654 4090 2724 4100 —
2765 4061 3058 4115 Veritatem
3088 4063 3202 4116 nisi
3226 4061 3424 4118 divina
3460 4078 3553 4134 ope
3587 4075 3682 4115 non
3710 4051 3879 4128 percipi-

2354 4151 2437 4203 13.
2488 4148 2623 4213 Quis
2654 4151 2847 4203 autem
2897 4165 3097 4204 verum
3148 4150 3331 4222 possit
3378 4150 3681 4215 ostendere,
3731 4143 3803 4199 abs
3835 4142 3881 4201 te,

2278 4236 2467 4306 A'YPi,
2500 4236 2716 4292 dictum
2762 4241 2866 4308 est,
2911 4254 2945 4292 a
2989 4254 3103 4310 quo
3144 4255 3217 4294 ne
3265 4239 3593 4295 dissentiam
3620 4240 3879 4303 magnopere

2276 4324 2422 4379 mihi
2467 4325 2841 4382 laborandum
2889 4330 2990 4382 est.
3025 4327 3250 4381 Etenim
3295 4344 3513 4383 numen
3558 4322 3758 4397 aliquod
3799 4312 3879 4370 ais“

2279 4416 2463 4468 solum
2487 4430 2655 4485 posse
2668 4415 2963 4470 ostendere
2974 4414 3195 4470 homini
3214 4416 3355 4487 quid
3377 4418 3451 4471 sit
3467 4431 3674 4483 verum,
3688 4406 3879 4465 cumbfe'

2277 4503 2440 4570 viter,
2471 4507 2596 4558 tum
2638 4503 2813 4559 etiam
2860 4504 2975 4575 pie.
3020 4503 3172 4559 Nihil
3226 4505 3422 4578 itaque
3458 4505 3518 4560 in
3551 4504 3650 4559 hoc
3690 4503 3878 4578 sermonf:

2277 4596 2472 4646 nostro
2517 4590 2789 4646 libentius
2817 4591 3028 4658 audivi,
3060 4591 3204 4647 nihil
3235 4576 3485 4663 gravius,
3522 4589 3653 4646 nihil
3683 4576 3878 4658 probabi-

2276 4680 2406 4741 lius,
2440 4683 2510 4741 et,
2556 4679 2603 4734 si
2648 4679 2706 4735 id
2748 4696 2964 4735 numen
3012 4684 3076 4735 ut
3120 4681 3345 4736 conﬁdo
3384 4681 3547 4749 adsit,
3575 4676 3702 4732 nihil
3725 4668 3876 4724 verius-

2278 4768 2418 4822 Nam
2446 4772 2504 4822 et
2539 4768 2779 4823 Proteus
2826 4767 2922 4823 ille
2969 4773 3181 4840 quanta
3210 4770 3308 4824 abs
3339 4774 3394 4824 te
3419 4766 3615 4824 mentis
3647 4756 3876 4817 altitudine

2277 4861 2778 4926 commemoratus,
2796 4861 3012 4928 quanta
3032 4857 3351 4913 intentione
3377 4859 3436 4913 in
3463 4855 3719 4928 optimum
3742 4843 3877 4917 Pmlo‘

2276 4946 2493 5017 sophiae
2518 4962 2701 5017 genus
2720 4949 2749 5001 ‘?
2779 4949 3016 5003 Proteus
3042 4948 3196 5003 enim
3226 4948 3344 5017 ille,
3377 4952 3439 5002 ut
3465 4962 3556 5001 vos
3573 4934 3876 4999 adolescentes

2274 5052 2391 5090 non
2416 5036 2646 5106 penitus
2691 5040 2888 5108 poetas
2923 5054 2957 5091 a
2983 5037 3349 5108 philosophia
3376 5029 3776 5115 contemnendos

2274 5124 2533 5192 videatis,
2564 5124 2626 5179 in
2667 5125 2979 5196 imaginem
3019 5125 3273 5180 veritatis
3319 5124 3619 5181 inducitur.
3659 5113 3871 5170 Veritatis,

2275 5213 2534 5285 inquam,
2585 5214 2822 5267 Proteus
2860 5213 2924 5267 in
2962 5213 3312 5269 carminibus
3340 5215 3575 5268 ostentat
3601 5203 3874 5265 sustinentne

2274 5317 2599 5373 personam,
2628 5318 2801 5374 quam
2836 5302 3095 5357 obtinere
3128 5319 3297 5358 nemo
3324 5305 3526 5374 potest,
3552 5298 3595 5353 si
3621 5292 3748 5351 falsis
3766 5287 3874 5374 ima:

2274 5368 2502 5462 gmibus
2525 5368 2796 5462 deceptus
2826 5368 3346 5463 comprehensionis
3372 5389 3545 5445 nodos
3571 5384 3647 5441 vel
3668 5368 3874 5437 laxaverit

2334 5555 2405 5616 (α)
2438 5555 2537 5619 “Ui
2547 5570 2606 5605 us
2624 5555 2726 5607 loci
2746 5556 2944 5608 mentio
2964 5554 3022 5608 ﬁt
3044 5555 3136 5607 lib.
3162 5558 3191 5606 2
3210 5556 3275 5608 de
3296 5554 3501 5615 Ordine,
3526 5567 3567 5601 c.
3593 5552 3659 5605 15,
3680 5558 3724 5593 ιι.
3748 5539 3805 5588 65.
