3996 6170
36 352 109 402 9-1
121 354 139 403 1

33 472 127 524 vel
162 470 467 525 dimiserit.
507 471 651 526 Sunt
681 472 833 527 enim
864 474 984 528 ista:
1015 475 1315 546 imagines,
1348 494 1477 549 quae
1504 498 1742 538 consue-

36 560 246 613 tudine
285 576 480 613 rerum
510 562 895 631 corporalium
916 580 1020 633 per
1050 564 1185 619 istos
1218 567 1425 637 quibus
1465 571 1533 624 ad
1557 588 1746 626 neces-

36 649 194 702 saria
220 648 393 719 hujus
417 648 549 703 vita:
576 650 796 704 utimur
821 668 1039 718 sensus,
1066 670 1171 707 nos
1198 656 1369 709 etiam
1382 674 1509 711 cum
1539 660 1746 714 veritas

36 741 293 801 tenetur,
331 742 387 791 et
420 738 584 808 quasi
614 739 859 794 habetur
888 741 943 794 in
978 743 1262 810 manibus,
1288 745 1548 817 decipere
1577 754 1745 819 atque

36 826 287 880 illudere
316 828 654 883 moliuntur.
684 831 796 883 Hoc
827 847 962 902 ergo
992 832 1223 886 tertium
1248 834 1466 889 bonum
1499 837 1639 890 mihi
1661 854 1747 891 ac-

36 914 197 979 cidit,
231 916 512 986 quodnon
540 917 768 971 invenio
793 920 990 988 quanti
1011 921 1316 976 aestimem.
1347 924 1563 978 Mecum
1592 927 1746 979 enim

34 1003 524 1058 familiarissimus
538 1006 754 1059 amicus
785 1023 966 1074 meus,
990 1025 1104 1063 non
1129 1010 1313 1063 solum
1340 1011 1408 1063 de
1435 1010 1743 1081 probabili-

34 1096 156 1145 tate
181 1092 450 1146 humanm
472 1093 625 1163 vitae,
648 1111 847 1149 verum
875 1097 1046 1150 etiam
1068 1098 1135 1151 de
1155 1097 1277 1167 ipsa
1299 1099 1581 1169 religione
1611 1115 1745 1153 con-

35 1180 256 1249 cordat,
288 1183 439 1252 quod
464 1183 677 1237 estveri
696 1184 863 1237 amici
894 1186 1418 1241 manifestissimum
1444 1188 1740 1242 indicium.

32 1270 335 1341 Siquidem
357 1272 607 1326 amicitia
618 1274 931 1327 rectissime
945 1279 1114 1345 atque
1136 1277 1489 1331 sanctissime
1510 1277 1745 1332 deﬁnita

33 1366 141 1427 est,
176 1375 371 1415 rerum
395 1361 777 1416 humanarum
813 1362 1210 1418 etdivinarum
1237 1381 1364 1419 cum
1396 1366 1744 1420 benevolen-

31 1448 115 1500 tia
147 1451 208 1501 et
236 1448 509 1503 charitate
536 1451 851 1505 consensio.

34 1538 268 1591 CAPUT
292 1538 407 1591 VII.
441 1567 511 1579 —-
532 1541 883 1607 Augustinus
914 1541 1113 1610 Alypii
1144 1540 1367 1596 hortatu
1394 1542 1550 1596 habet
1580 1543 1738 1597 dein-

106 1641 235 1694 ceps
267 1629 561 1680 orationem
606 1633 794 1682 contra
832 1630 1199 1685 Academicos.
1233 1631 1469 1700 Lepidus
1517 1632 1739 1700 quidam

107 1715 257 1768 locus
289 1716 549 1769 Ciceronis
580 1718 834 1782 refertur.

110 1804 201 1856 14.
237 1804 447 1855 Tamen
477 1819 549 1856 ne
578 1808 676 1856 aut
703 1804 1171 1860 Academicorum
1200 1812 1540 1877 argumenta
1570 1824 1739 1878 quas-

34 1892 172 1943 dam
234 1890 469 1944 nebulas
516 1890 816 1946 videantur
861 1894 1177 1964 offundere,
1228 1900 1324 1949 aut
1386 1895 1738 1949 doctissimo-

31 1996 166 2033 rum
218 1978 469 2033 virorum
500 1980 846 2049 auctoritati,
874 1983 1022 2036 inter
1056 2000 1198 2053 quos
1238 1984 1484 2037 maxime
1528 1984 1739 2038 Tullius

29 2085 151 2122 non
179 2084 408 2122 movere
440 2085 545 2122 nos
579 2085 694 2123 non
729 2076 935 2140 potest,
983 2072 1226 2142 superbe
1274 2072 1566 2127 nonnullis
1596 2073 1738 2127 resi-

28 2163 183 2211 stere
213 2157 508 2211 videamur
536 2174 549 2222 ;
598 2158 645 2211 si
676 2159 835 2213 vobis
864 2160 1067 2229 placet,
1118 2160 1277 2231 prius
1320 2177 1501 2231 pauca
1540 2164 1741 2215 contra

30 2263 128 2299 eos
163 2244 464 2314 disseram,
507 2246 715 2316 quibus
742 2246 1007 2301 videntur
1034 2248 1446 2318 disputationes
1475 2249 1588 2303 illa:
1635 2250 1738 2303 ad-

30 2334 253 2387 versari
281 2333 526 2389 veritati.
577 2334 794 2390 Deinde
849 2341 914 2390 ut
958 2336 1101 2390 mihi
1147 2338 1392 2405 videtur,
1443 2339 1739 2391 ostendam

31 2440 167 2494 quae
218 2438 386 2478 causa
432 2423 605 2478 fuerit
649 2424 997 2479 Academicis
1044 2426 1393 2480 occultanda:
1439 2427 1738 2480 sententiae

32 2529 181 2575 suae,
206 2513 424 2582 Itaque,
457 2513 644 2584 Alypi,
679 2514 940 2584 quamvis
958 2518 1013 2569 te
1028 2518 1211 2568 totum
1234 2515 1291 2569 in
1310 2514 1452 2569 meis
1480 2515 1740 2585 partibus

31 2601 289 2666 videam,
322 2605 516 2654 tamen
546 2602 764 2672 suscipe
781 2619 885 2672 pro
907 2602 996 2656 his
1016 2604 1336 2673 paululum,
1362 2603 1620 2674 mihique
1646 2620 1737 2657 re-

31 2688 279 2759 sponde.
314 2688 597 2752 Quoniam
628 2688 818 2756 hodie,
850 2689 1059 2761 inquit,
1108 2692 1421 2762 auspicato,
1463 2697 1528 2745 ut
1556 2692 1735 2758 aiunt,

28 2776 383 2847 processisti,
440 2793 555 2830 non
612 2776 926 2847 impediam
975 2778 1367 2848 plenissimam
1445 2779 1738 2833 victoriam

31 2872 222 2930 tuam,
254 2868 309 2919 et
345 2868 535 2934 partes
568 2865 690 2918 illas
715 2866 835 2935 jam
867 2866 1139 2933 securius,
1188 2884 1301 2938 quo
1342 2868 1440 2921 abs
1470 2872 1524 2922 te
1554 2868 1741 2937 impo-

31 2959 281 3015 nuntur,
312 2953 543 3007 tentabo
577 2953 858 3024 suscipere
884 2973 897 3023 ;
932 2954 978 3007 si
1008 2959 1201 3009 tamen
1232 2956 1338 3010 hoc
1367 2956 1520 3026 quod
1562 2956 1739 3009 inter-

29 3042 436 3113 rogationibus
469 3047 523 3095 te
555 3047 817 3096 acturum
844 3059 964 3097 esse
995 3044 1304 3114 signiﬁcas,
1336 3044 1398 3097 in
1424 3044 1741 3098 orationem

28 3135 383 3201 perpetuam
416 3130 484 3201 (si
514 3130 616 3184 tibi
647 3132 1013 3186 commodum
1041 3132 1146 3201 est)
1173 3131 1339 3185 malis
1374 3136 1696 3185 convertere
1723 3149 1736 3197 ;

31 3238 101 3274 ne
128 3236 265 3273 vere
289 3224 355 3273 ut
382 3219 642 3289 pertinax
676 3220 1051 3283 adversarius,
1083 3221 1237 3292 quod
1276 3238 1307 3274 a
1336 3224 1435 3274 tua
1472 3220 1738 3274 humani-

30 3313 149 3362 tate
201 3307 599 3377 longissimum
652 3313 755 3376 est,
786 3309 1024 3363 minutis
1074 3309 1188 3364 illis
1226 3309 1354 3364 telis
1402 3308 1501 3363 abs
1538 3313 1593 3363 te
1616 3309 1738 3379 jam

30 3397 292 3468 captivus
313 3396 629 3451 excrucier.

242 3487 425 3555 Atque
446 3500 550 3556 ego
590 3502 720 3539 cum
751 3490 807 3539 et
830 3485 959 3540 illos
982 3486 1090 3540 hoc
1114 3489 1442 3556 exepectare
1481 3484 1737 3540 animad-

30 3580 340 3642 verterem,
370 3574 532 3645 quasi
582 3574 740 3628 aliud
780 3574 1069 3645 ingressus
1119 3575 1457 3629 exordium:
1506 3576 1714 3629 Morem

30 3663 296 3730 inquam,
322 3662 482 3716 vobis
514 3679 729 3733 geram.
768 3664 831 3716 Et
855 3664 1113 3733 quamvis
1143 3668 1271 3733 post
1290 3664 1453 3717 illum
1479 3664 1736 3717 laborem

29 3753 245 3806 scholae
276 3751 573 3805 rhetorica:
620 3752 679 3805 in
708 3751 815 3807 hac
867 3768 958 3805 me
994 3752 1102 3805 levi
1134 3756 1424 3806 armatura
1470 3752 1736 3807 nonnihil

28 3840 430 3912 requieturum
482 3857 599 3894 esse
647 3857 1146 3911 przesumpseram,
1214 3845 1277 3894 ut
1327 3841 1735 3911 interrogando

31 3931 141 3984 ista
166 3930 362 3999 potius
393 3945 621 4000 agerem
652 3946 826 4000 quam
849 3930 1089 3984 dicendo
1112 3946 1125 3997 ;
1155 3934 1348 3983 tamen
1366 3930 1501 4001 quia
1523 3936 1735 4001 etpau-

30 4018 249 4072 cissimi
278 4034 494 4084 sumus,
541 4022 606 4072 ut
653 4019 897 4071 clamare
928 4018 1070 4071 mihi
1101 4022 1298 4072 contra
1350 4020 1737 4073 valetudinem

30 4124 225 4162 meam
256 4123 374 4160 non
403 4107 475 4160 sit
501 4123 754 4173 necesse;
781 4111 834 4160 et
856 4106 1028 4161 istum
1054 4107 1249 4160 stilum
1280 4123 1448 4161 causa
1479 4108 1737 4177 ejusdem

30 4196 231 4249 salutis
263 4194 427 4266 quasi
455 4195 715 4265 aurigam
748 4194 1284 4266 moderatoremque
1313 4195 1593 4249 sermonis
1625 4195 1737 4249 mei

30 4303 154 4340 esse
185 4284 366 4351 volui,
412 4300 485 4337 ne
531 4284 867 4338 concitatius
906 4284 1097 4354 rapiar
1144 4284 1336 4338 animo
1378 4300 1551 4354 quam
1600 4301 1736 4338 cura

27 4374 289 4445 corporis
318 4373 527 4443 poscit:
574 4379 874 4444 perpetua,
917 4376 977 4425 ut
1006 4373 1197 4439 vultis,
1246 4372 1503 4426 oratione
1543 4372 1735 4427 audite

28 4464 173 4533 quid
201 4462 465 4516 sentiam.
512 4462 621 4517 Sed
669 4462 856 4531 primo
902 4461 1043 4515 illud
1084 4460 1379 4514 videamus
1428 4461 1595 4530 quale
1643 4459 1733 4527 sit,

26 4552 185 4607 unde
220 4550 986 4605 amatoresAcademicorum
1008 4548 1241 4621 gloriari
1264 4548 1507 4602 nimium
1531 4548 1733 4603 solent.
1767 4618 1774 4625 _

29 4643 176 4694 Nam
211 4644 298 4694 est
326 4640 385 4693 in
423 4640 583 4693 libris
614 4639 923 4708 Ciceronis,
951 4656 1095 4710 quos
1119 4639 1177 4692 in
1207 4639 1380 4709 hujus
1411 4654 1592 4691 causa:
1634 4654 1735 4707 pa-

27 4729 347 4783 trocinium
388 4727 630 4799 scripsit,
671 4728 828 4782 locus
888 4728 1143 4799 quidam,
1185 4732 1251 4781 ut
1298 4726 1441 4780 mihi
1488 4726 1733 4792 videtur,

29 4818 182 4871 mira
211 4816 537 4871 urbanitate
568 4816 848 4883 conditus,
881 4820 947 4871 ut
985 4815 1278 4870 nonnullis
1309 4819 1517 4880 autem,
1566 4814 1737 4869 etiam

27 4906 310 4960 ﬁrmitate
337 4906 648 4960 roboratus.
678 4905 918 4961 Difﬁcile
935 4910 1282 4977 estprorsus,
1307 4909 1369 4957 ut
1390 4920 1736 4973 quemquam

28 5012 149 5048 non
186 4997 434 5063 moveat,
466 4994 619 5065 quod
650 4993 730 5048 ibi
754 4994 969 5048 dictum
1000 4998 1106 5060 est,
1139 4992 1474 5047 Academico
1499 4992 1738 5062 sapienti

29 5083 100 5136 ab
135 5082 406 5136 omnibus
444 5087 777 5136 caeterarum
830 5086 1111 5137 sectarum
1163 5081 1261 5152 qui
1315 5081 1420 5134 sibi
1459 5081 1738 5151 sapientes

28 5172 327 5236 videntur,
355 5171 632 5225 secundas
652 5175 845 5242 partes
860 5170 1003 5234 dari,
1028 5186 1158 5225 cum
1177 5169 1387 5240 primas
1410 5168 1516 5221 sibi
1536 5184 1737 5238 quem-

29 5276 145 5330 que
170 5258 461 5313 vindicare
493 5275 719 5312 necesse
750 5258 840 5313 sit.
874 5260 951 5312 Ex
991 5276 1103 5330 quo
1151 5275 1316 5329 posse
1366 5256 1741 5327 probabiliter

27 5348 263 5413 confici,
324 5364 454 5401 eum
506 5353 659 5402 recte
714 5348 968 5419 primum
1015 5364 1137 5402 esse
1183 5346 1400 5417 judicio
1454 5361 1575 5412 suo,
1642 5344 1741 5415 qui

30 5438 300 5491 omnium
334 5442 672 5491 czeterorum
695 5436 917 5507 judicio
949 5437 1021 5490 sit
1050 5436 1349 5490 secundus.

110 5530 197 5580 16.
232 5527 338 5580 Fac
369 5525 544 5592 enim,
575 5526 735 5579 verbi
775 5541 963 5593 causa,
1008 5525 1260 5579 Stoicum
1293 5524 1486 5579 adesse
1518 5520 1742 5592 sapien-

32 5623 156 5672 tem
181 5632 195 5683 ;
226 5631 363 5670 nam
384 5618 582 5669 contra
603 5630 700 5670 eos
720 5613 1083 5685 potissimum
1101 5612 1568 5668 Academicorum
1589 5626 1745 5665 exar-

1538 360 1748 417 LIBER
1790 360 2075 416 PRIMUS.

3452 375 3554 427 942

1858 482 1929 536 sit
1981 483 2323 553 ingenium:
2372 501 2507 555 ergo
2538 488 2684 541 Zeno
2732 488 2819 542 vel
2847 488 3196 562 Chrysippus
3230 492 3275 547 si
3314 493 3557 549 interro-

1856 575 2085 639 gentur,
2116 572 2245 643 quis
2276 573 2349 627 sit
2380 575 2642 644 sapiens:
2682 579 3053 646 respondebit
3073 597 3204 635 eum
3236 598 3356 637 esse
3386 600 3557 653 quem

1853 658 1976 728 ipse
2007 661 2387 731 descripserit.
2424 665 2630 717 Contra
2674 666 2944 735 Epicurus
2988 669 3075 721 vel
3101 669 3228 739 quis
3275 670 3419 723 alius
3465 672 3559 724 ad-

1853 749 2239 803 versariorum
2286 751 2538 819 negabit,
2591 769 2872 823 suumque
2922 755 3111 825 potius
3147 757 3559 826 peritissimum

1854 838 2214 906 voluptatum
2246 854 2523 909 aucupem
2557 842 2875 909 sapientem
2918 860 3036 897 esse
3068 846 3386 900 contendet.
3423 849 3557 901 Inde

1854 926 1921 979 ad
1946 926 2243 996 jurgium:
2278 927 2485 981 clamat
2507 930 2675 995 Zeno,
2705 935 2761 983 et
2783 935 2902 984 tota
2941 932 3039 985 illa
3059 933 3311 1002 porticus
3343 938 3554 989 tumul-

1854 1017 2068 1079 tuatur,
2120 1015 2415 1069 hominem
2461 1021 2661 1071 natum
2712 1019 2780 1072 ad
2829 1019 2970 1073 nihil
3020 1037 3139 1075 esse
3189 1023 3343 1075 aliud
3382 1039 3556 1093 quam

1854 1100 2240 1167 honestatem;
2270 1102 2453 1173 ipsam
2507 1121 2608 1158 suo
2655 1106 2959 1175 splendore
3001 1108 3057 1161 in
3101 1126 3160 1163 se
3198 1110 3417 1165 animos
3450 1113 3555 1166 du-

1852 1206 1997 1255 cere,
2041 1191 2198 1243 nullo
2239 1208 2472 1260 prorsus
2512 1196 2812 1248 commodo
2864 1197 3209 1251 extrinsecus
3263 1200 3450 1269 posito
3498 1205 3554 1253 et

1852 1278 2013 1348 quasi
2046 1279 2401 1333 lenocinante
2436 1282 2735 1347 mercede;
2770 1284 3238 1356 voluptatemque
3268 1288 3367 1341 illa
3424 1287 3551 1358 Epi-

1851 1366 1971 1419 curi
2018 1365 2150 1419 solis
2199 1367 2350 1419 inter
2400 1384 2459 1420 se
2505 1369 2805 1438 pecoribus
2860 1388 2979 1425 esse
3029 1388 3432 1442 communem;
3493 1376 3553 1428 in

1851 1471 2099 1525 quorum
2125 1455 2449 1509 societatem
2485 1461 2540 1510 et
2568 1457 2862 1512 hominem
2896 1463 2953 1513 et
2978 1461 3291 1530 sapientem
3322 1464 3549 1517 trudere

1849 1544 2006 1597 nefas
2036 1559 2177 1597 esse.
2208 1544 2417 1597 Contra
2442 1545 2538 1599 ille
2570 1552 2875 1601 convocata
2920 1548 2989 1601 de
3020 1548 3263 1602 hortulis
3296 1550 3353 1603 in
3395 1550 3553 1603 auxi-

1802 1696 1816 1711 _
1851 1633 1990 1686 lium
2015 1632 2179 1702 quasi
2227 1632 2405 1685 libera
2450 1634 2618 1687 turba
2654 1637 3125 1703 temulentorum,
3168 1638 3552 1707 quaerentium

1848 1726 2043 1775 tamen
2056 1720 2544 1790 quemincomptis
2558 1723 2843 1792 unguibus
2871 1724 3209 1779 bacchantes
3236 1742 3551 1796 asperoque

1850 1825 1947 1862 ore
1975 1808 2320 1878 discerpant,
2360 1810 2669 1879 voluptatis
2715 1828 2945 1878 nomen,
2995 1813 3352 1876 suavitatem,
3387 1816 3546 1885 quie-

1848 1909 1985 1963 tem,
2018 1902 2161 1951 teste
2191 1899 2429 1968 populo,
2466 1915 2837 1969 exaggerans,
2882 1901 3057 1954 instat
3086 1901 3313 1971 acriter,
3344 1908 3408 1955 ut
3438 1903 3547 1955 nisi

1848 2002 1911 2038 ea
1943 1986 2143 2039 beatus
2163 2002 2333 2040 nemo
2358 2004 2477 2041 esse
2497 2004 2664 2056 posse
2694 1989 2971 2044 videatur.
3002 1991 3065 2043 In
3099 2007 3344 2060 quorum
3366 1991 3548 2045 rixam

1848 2074 1896 2127 si
1925 2074 2295 2129 Academicus
2326 2075 2654 2146 incurrerit,
2698 2080 2974 2147 utrosque
3027 2078 3219 2132 audiet
3262 2080 3550 2133 trahentes

1848 2178 1906 2215 se
1940 2163 2006 2216 ad
2038 2179 2168 2217 suas
2197 2168 2419 2233 partes:
2455 2164 2551 2218 sed
2590 2165 2637 2218 si
2668 2164 2727 2218 in
2757 2165 2886 2218 illos
2917 2169 3016 2219 aut
3045 2166 3102 2218 in
3133 2165 3268 2219 istos
3315 2184 3545 2221 conces-

1848 2249 2001 2316 serit,
2027 2250 2098 2303 ab
2131 2250 2209 2303 eis
2236 2267 2381 2321 quos
2412 2251 2642 2317 deserit,
2669 2250 2923 2313 insanus,
2957 2252 3277 2322 imperitus,
3310 2257 3550 2308 temera-

1848 2338 2081 2408 riusque
2107 2339 2466 2394 clamabitur.
2496 2340 2695 2409 Itaque
2722 2356 2850 2393 cum
2878 2345 2933 2394 et
2960 2340 3066 2394 hac
3092 2344 3147 2393 et
3181 2341 3310 2395 illac
3351 2358 3548 2396 aurem

1849 2426 2159 2495 diligenter
2188 2426 2527 2493 admoverit,
2568 2426 2952 2498 interrogatus
2983 2428 3121 2498 quid
3166 2428 3217 2481 ei
3260 2429 3541 2497 videatur,

1848 2514 2111 2567 dubitare
2142 2530 2199 2567 se
2232 2506 2398 2568 dicet.
2427 2516 2583 2585 Roga
2601 2531 2755 2569 nunc
2782 2516 3185 2586 stoicum,quis
3206 2518 3279 2571 sit
3303 2519 3508 2572 melior
3531 2536 3543 2586 ;

1850 2601 2198 2671 Epicurusne
2232 2602 2331 2670 qui
2360 2602 2602 2656 delirare
2623 2603 2785 2656 illum
2807 2605 3033 2668 clamat,
3070 2620 3144 2657 an
3172 2605 3545 2660 Academicus

1848 2690 1947 2760 qui
1979 2690 2087 2743 sibi
2113 2691 2296 2745 adhuc
2349 2692 2417 2745 de
2466 2707 2525 2744 re
2574 2695 2731 2745 tanta
2773 2692 3205 2747 deliberandum
3249 2710 3369 2748 esse
3411 2712 3546 2764 pro-

1846 2778 2092 2832 nuntiat.
2144 2780 2321 2832 Nemo
2379 2778 2603 2832 dubitat
2652 2779 3056 2833 Academicum
3093 2781 3395 2849 prcelatum
3450 2783 3540 2836 iri.

1849 2867 2065 2921 Rursus
2105 2870 2160 2919 te
2202 2866 2270 2919 ad
2305 2867 2468 2919 illum
2516 2871 2798 2931 converte,
2833 2872 2888 2921 et
2919 2883 3109 2937 quaare
3143 2884 3316 2936 quem
3364 2872 3545 2939 magis

1848 2959 2041 3019 amet;
2074 2957 2380 3019 Zenonem,
2420 2970 2452 3006 a
2486 2970 2598 3024 quo
2630 2954 2811 3008 bestia
2854 2955 3222 3022 nonimatur;
3266 2973 3339 3011 an
3375 2960 3543 3013 Arce-

1850 3043 2035 3106 silam,
2093 3059 2126 3095 a
2160 3059 2271 3112 quo
2323 3042 2516 3095 audit:
2580 3043 2660 3095 Tu
2709 3042 2945 3096 fortasse
2998 3060 3194 3097 verum
3252 3045 3411 3112 dicis,
3447 3048 3542 3101 sed

1848 3131 2138 3201 requiram
2169 3130 2517 3199 diligentius.
2555 3131 2753 3183 Nonne
2784 3134 3045 3201 apertum
3068 3137 3151 3186 est
3176 3137 3354 3187 totam
3386 3134 3544 3189 illam

1845 3219 2131 3289 porticum
2170 3219 2454 3284 insanam,
2487 3218 2850 3273 Academicos
2880 3225 3072 3274 autem
3100 3237 3219 3291 prae
3258 3222 3371 3276 illis
3424 3240 3542 3277 mo-

1847 3308 2034 3362 destos
2063 3310 2369 3377 cautosque
2391 3306 2651 3361 homines
2664 3307 2841 3361 videri
2859 3308 3137 3377 Epicuro?
3165 3312 3246 3363 Ita
3276 3328 3542 3382 peraeque

1845 3413 2025 3467 prope
2056 3396 2125 3450 de
2176 3395 2443 3449 omnibus
2491 3396 2655 3449 sectis
2686 3396 3076 3466 copiosissime
3117 3398 3309 3453 Cicero
3342 3402 3546 3470 jucun-

1847 3484 2146 3539 dissimum
2172 3484 2493 3553 legentibus
2515 3484 2675 3553 quasi
2716 3487 3100 3554 spectaculum
3120 3487 3357 3557 praebet,
3391 3490 3546 3543 velut

1846 3574 2147 3626 ostendens
2172 3573 2397 3626 nullum
2434 3573 2662 3625 illorum
2692 3588 2812 3626 esse
2843 3573 2943 3642 qui
2972 3589 3087 3627 non
3117 3590 3249 3627 cum
3278 3575 3386 3628 sibi
3424 3575 3543 3645 pri-

1844 3676 1965 3715 mas
2014 3665 2203 3731 partes
2236 3660 2473 3726 dederit,
2525 3661 2676 3729 quod
2730 3677 2959 3715 necesse
2998 3666 3097 3725 est,
3158 3664 3436 3717 secundus
3494 3664 3545 3717 ei

1845 3749 1995 3803 dicat
2022 3750 2174 3814 dare,
2223 3765 2392 3820 quem
2439 3765 2554 3801 non
2598 3764 2941 3819 repugnare,
2974 3750 3069 3803 sed
3120 3750 3380 3806 dubitare
3410 3768 3543 3806 con-

1844 3838 2108 3908 spexerit.
2145 3839 2209 3892 In
2247 3854 2359 3909 quo
2394 3853 2497 3907 ego
2530 3837 2673 3891 nihil
2707 3839 3069 3908 adversabor,
3092 3857 3196 3894 nec
3228 3842 3307 3895 eis
3328 3842 3544 3895 ullam1

1845 3926 2099 3980 auferam
2128 3926 2389 3996 gloriam.
2425 3926 2697 3979 Videatur
2718 3943 2850 3981 sane
2864 3928 3216 3998 quibuslibet
3248 3929 3439 3984 Cicero
3454 3930 3547 3984 hic

1845 4031 1962 4069 non
1984 4015 2227 4085 jocatus,
2260 4015 2357 4068 sed
2386 4014 2581 4068 inania
2611 4019 2667 4068 et
2695 4020 2930 4069 ventosa
2959 4017 3246 4087 quaedam,
3288 4018 3441 4087 quod
3473 4020 3543 4072 ab

1843 4104 2102 4174 ipsorum
2124 4103 2510 4157 Graeculorum
2538 4102 2770 4158 levitate
2793 4104 3064 4159 abhorret
3088 4109 3130 4173 ³,
3163 4106 3324 4176 sequi
3354 4112 3409 4160 et
3438 4108 3545 4161 col-

1843 4192 2021 4263 ligere
2050 4192 2314 4245 voluisse.

1986 4281 2212 4335 CAPUT
2244 4282 2389 4334 VIII.
2421 4280 2867 4346 —Redarguz’tur
2896 4282 3040 4335 locus
3081 4297 3107 4334 e
3158 4280 3402 4335 Cicerone

2580 4369 2803 4423 allatus.

1920 4461 2002 4510 l7.
2051 4455 2195 4520 Quid
2246 4455 2400 4510 enim
2450 4472 2540 4510 me
2588 4456 2850 4527 impedit,
2909 4456 3046 4528 quin
3094 4456 3140 4509 si
3203 4456 3335 4511 huic
3386 4458 3543 4511 vani-

1844 4545 1947 4599 tati
1995 4545 2252 4599 resistere
2307 4544 2496 4611 velim,
2546 4545 2709 4603 facile
2757 4545 3049 4599 ostendam
3092 4549 3303 4614 quanto
3348 4545 3541 4599 minus

1844 4635 2061 4688 malum
2093 4634 2166 4687 sit
2194 4634 2485 4688 indoctum
2518 4650 2637 4688 esse
2668 4649 2840 4704 quam
2871 4633 3171 4687 indocilem
3190 4632 3545 4689 ?Undeﬁtut

1845 4739 1974 4776 cum
2007 4739 2065 4776 se
2079 4722 2172 4776 ille
2198 4723 2568 4777 Academicus
2582 4722 2984 4792 jactanticulus
3014 4720 3175 4792 quasi
3201 4721 3541 4792 discipulum

1847 4811 2085 4881 singulis
2110 4811 2347 4877 dederit,
2383 4826 2668 4881 nemoque
2699 4809 2782 4863 illi
2806 4810 2955 4879 quod
2973 4810 3187 4864 sescire
3215 4814 3541 4881 putat,per-

1846 4900 2085 4954 suadere
2114 4901 2401 4971 potuerit;
2434 4916 2642 4966 magna
2681 4898 2912 4952 illorum
2939 4903 3135 4968 postea
3166 4901 3541 4955 consensione

1845 4988 2116 5043 rideatur.
2151 4991 2275 5043 Jam
2306 4988 2460 5041 enim
2505 4987 2748 5058 quisque
2779 4986 2956 5040 alium
2983 4989 3300 5058 quemlibet
3338 4990 3536 5043 adver-

1848 5077 2131 5131 sariorum
2154 5093 2387 5131 suorum
2413 5077 2556 5130 nihil
2582 5075 2862 5142 didicisse,
2888 5077 3037 5130 hunc
3053 5094 3186 5131 vero
3210 5077 3348 5130 nihil
3379 5094 3543 5145 posse

1848 5164 2375 5234 discerejudicabit.
2411 5166 2484 5217 Ex
2514 5180 2628 5234 quo
2661 5163 2925 5234 deinceps
2957 5165 3026 5219 de
3047 5165 3306 5219 omnium
3336 5164 3543 5217 scholis

1846 5271 1963 5309 non
2019 5253 2237 5322 ferulis,
2288 5253 2438 5323 quod
2472 5257 2618 5306 esset
2646 5252 2957 5307 deformius
3004 5249 3176 5324 quam
3226 5252 3543 5318 molestius,

1850 5343 1948 5396 sed
1973 5343 2204 5396 illorum
2241 5342 2609 5412 palliatorum
2640 5341 2810 5395 clavis
2840 5345 2894 5396 et
2923 5342 3165 5396 fustibus
3195 5340 3543 5411 projicietur.

1916 5494 1929 5527 ¹
1962 5493 2075 5540 Am.
2107 5495 2157 5541 et
2184 5492 2269 5540 Er.
2301 5490 2515 5547 habent,
2545 5505 2641 5541 nec
2657 5494 2703 5554 ei
2722 5492 2877 5554 Sylla’
2895 5491 3152 5554 auferam
3172 5489 3418 5552 gloriam.

1914 5556 1949 5616 9_
1966 5556 2024 5602 lu
2050 5555 2194 5616 prius
2220 5555 2445 5613 excusis,
2467 5567 2571 5603 non
2601 5553 2913 5616 abhorreret
2934 5553 3051 5601 Sed.
3072 5557 3188 5602 octo
3210 5555 3331 5602 Mss.
3353 5554 3545 5611 ferunt,

1861 5613 2126 5675 abhorret,
2155 5630 2250 5665 nec
2280 5616 2457 5665 minus
2486 5618 2638 5666 bene.
2673 5615 3049 5675 {Abhorreret}.
