3996 6170
503 315 603 367 943

498 436 621 490 Non
652 435 809 490 enim
839 450 1110 505 magnum
1132 434 1420 505 negotium
1442 433 1570 502 erit,
1595 437 1794 487 contra
1823 449 2186 488 communem

501 527 718 595 pestem
757 524 912 577 velut
942 524 1214 577 Herculea
1236 522 1497 593 quaedam
1529 522 1821 591 postulare
1851 522 2062 577 auxilia
2092 522 2193 593 Cy-

503 613 784 667 nicorum.
818 612 873 666 Si
904 616 1091 665 autem
1122 611 1229 664 ista
1260 610 1532 665 vilissima
1564 610 1746 681 gloria
1775 627 1905 665 cum
1951 611 2041 665 his
2071 626 2190 665 cer-

501 706 621 755 tare
654 702 842 766 libeat,
876 700 1028 770 quod
1057 699 1485 769 philosophanti
1515 700 1654 753 mihi
1676 700 1798 770 jam
1811 700 2064 771 quidem,
2095 699 2192 754 sed

503 789 756 842 nondum
808 786 1053 856 sapienti
1098 786 1353 841 faciliore
1413 786 1578 841 venia
1614 788 2041 841 concedendum
2070 791 2190 853 est;

502 877 638 947 quid
669 875 959 929 habebunt
989 875 1142 945 quod
1168 875 1391 944 possint
1422 876 1678 931 refellere
1699 875 1726 930 ‘2
1762 877 1895 930 Ecce
1925 875 2077 930 enim
2117 876 2195 930 fa-

500 964 715 1017 ciamus
749 980 837 1016 me
869 966 1038 1033 atque
1068 962 1464 1018 Academicum
1515 963 1575 1018 in
1628 964 1750 1017 illas
1781 964 1908 1018 lites
1935 964 2192 1035 philoso-

498 1053 746 1121 phorum
767 1050 999 1104 irruisse
1024 1067 1038 1103 :
1064 1067 1263 1105 omnes
1284 1068 1516 1121 prorsus
1544 1052 1749 1118 adsint,
1774 1053 2195 1123 exponantbre-

499 1140 643 1194 viter
670 1156 775 1209 pro
809 1145 1065 1209 tempore
1097 1140 1406 1194 sententias
1445 1156 1591 1194 suas.
1626 1140 1922 1204 Quaeratur
1951 1139 2021 1193 de
2065 1139 2195 1193 Cari

499 1229 676 1281 neade
722 1228 861 1298 quid
903 1228 1125 1282 sentiat.
1177 1228 1443 1282 Dubitare
1482 1245 1539 1282 se
1570 1229 1737 1283 dicet.
1773 1230 1970 1298 Itaque
2030 1228 2193 1282 illum

498 1316 710 1386 singuli
742 1316 1045 1385 praeferent
1064 1317 1304 1370 caeteris.
1340 1318 1484 1388 Ergo
1516 1333 1715 1371 omnes
1746 1317 2046 1371 omnibus:
2080 1333 2194 1370 ma-

500 1421 612 1474 gna
636 1404 909 1457 nimirum
942 1408 1112 1474 atque
1143 1403 1416 1458 altissima
1443 1405 1642 1476 gloria.
1668 1405 1806 1470 Quis
1844 1404 2017 1459 istum
2050 1406 2194 1460 nolit

500 1489 757 1545 imitari?
778 1496 954 1561 etego
978 1490 1169 1561 itaque
1200 1491 1603 1563 interrogatus,
1638 1493 1787 1548 idem
1813 1494 2192 1564 respondebo;

499 1594 602 1647 par
630 1578 738 1631 erit
765 1578 907 1632 laus.
942 1581 1014 1632 Ea
1035 1580 1214 1650 igitur
1241 1581 1425 1650 gloria
1454 1582 1664 1651 gaudet
1698 1582 1940 1653 sapiens,
1978 1581 2039 1636 in
2080 1598 2193 1652 qua

497 1665 582 1717 illi
613 1666 817 1719 stultus
846 1670 1106 1735 aequatur
1124 1669 1150 1720 ‘?
1178 1667 1323 1730 Quid
1336 1667 1526 1722 sieum
1543 1668 1714 1722 etiam
1736 1669 1900 1723 facile
1922 1668 2190 1739 superat9

499 1752 723 1806 Nihilne
752 1753 869 1822 agit
899 1754 1083 1823 pudor
1109 1754 1135 1805 ?
1165 1756 1304 1808 Nam
1336 1755 1508 1809 istum
1542 1756 1944 1811 Academicum
1969 1757 2091 1827 jam
2121 1757 2191 1812 de

488 1838 702 1908 judicio
736 1839 1119 1893 discedentem
1139 1841 1341 1895 tenebo
1380 1842 1598 1913 Quippe
1620 1844 1839 1897 avidior
1861 1842 2192 1914 hujusmodi

493 1926 744 1980 victorim
776 1927 1015 1980 stultitia
1053 1933 1154 1982 est.
1192 1930 1336 1999 Ergo
1366 1946 1433 1984 eo
1472 1935 1692 1985 retento
1721 1932 1961 2002 prodam
1985 1930 2191 1999 judici-

494 2015 597 2069 bus
630 2015 781 2087 quod
806 2016 1092 2084 ignorant,
1123 2021 1177 2071 et
1210 2017 1427 2073 dicam:
1472 2020 1611 2089 Ego,
1658 2019 1763 2073 viri
1807 2019 2031 2089 optimi,
2082 2019 2191 2072 hoc

493 2120 617 2156 cum
652 2103 760 2156 isto
783 2120 1087 2157 commune
1116 2105 1316 2171 habeo,
1350 2107 1505 2176 quod
1528 2106 1752 2161 dubitat
1781 2106 1908 2178 quis
1938 2110 2190 2161 vestrum

493 2208 688 2245 verum
720 2196 1009 2262 sequatur,
1044 2194 1149 2247 Sed
1173 2194 1453 2249 habemus
1480 2195 1651 2249 etiam
1681 2196 1944 2266 proprias
1967 2201 2188 2250 senten-

496 2278 618 2341 tias,
654 2281 722 2333 de
745 2281 952 2350 quibus
982 2285 1113 2350 peto
1144 2282 1427 2353 indicetis.
1460 2285 1602 2338 Nam
1630 2284 1775 2338 mihi
1794 2284 2075 2339 incertum
2103 2289 2188 2339 est

493 2367 745 2437 quidem,
779 2368 1038 2437 quamvis
1067 2370 1347 2423 audierim
1377 2371 1604 2426 decreta
1631 2376 1836 2439 vestra;
1866 2372 1967 2427 ubi
1996 2373 2069 2427 sit
2097 2389 2186 2427 ve-

491 2470 658 2508 rum:
702 2457 799 2510 sed
830 2456 959 2510 ideo
991 2458 1141 2527 quod
1173 2458 1273 2528 qui
1302 2458 1374 2513 sit
1402 2459 1460 2512 in
1491 2459 1647 2513 vobis
1680 2460 1925 2531 sapiens,
1960 2461 2181 2531 ignoro.

494 2545 605 2597 Ista
635 2550 826 2598 autem
854 2544 1025 2597 etiam
1051 2544 1238 2615 ipsum
1270 2546 1582 2617 sapientem
1600 2547 1997 2618 negataliquid
2017 2548 2181 2615 scire,

494 2648 563 2685 ne
599 2632 781 2703 ipsam
810 2633 1064 2703 quidem,
1099 2635 1248 2688 unde
1279 2635 1502 2706 sapiens
1532 2636 1754 2701 dicitur,
1818 2636 2181 2706 sapientiam.

491 2721 625 2784 Quis
659 2737 775 2774 non
807 2722 992 2775 videat
1028 2724 1222 2791 palma
1252 2723 1348 2777 illa
1373 2724 1533 2793 cujus
1558 2724 1629 2778 sit
1647 2724 1675 2777 ‘I
1704 2726 1844 2778 Nam
1870 2725 1917 2778 si
1945 2726 2054 2779 hoc
2085 2726 2182 2781 ad-

490 2810 770 2863 versarius
799 2825 960 2863 meus
987 2811 1213 2878 dixerit,
1238 2812 1460 2865 vincam
1483 2812 1661 2882 gloria
1686 2830 1698 2879 ;
1741 2813 1787 2866 si
1831 2818 2022 2867 autem
2052 2830 2182 2869 eru-

492 2900 721 2951 bescens
748 2900 1034 2953 confessus
1076 2899 1248 2954 fuerit
1288 2901 1606 2971 sapientem
1648 2901 1790 2956 scire
1820 2902 2180 2972 sapientiam,

490 2987 709 3040 vincam
740 2987 1039 3041 sententia.

667 3076 889 3128 CAPUT
920 3078 1005 3129 I.\'.
1038 3106 1105 3116 —
1133 3078 1370 3131 Zenonis
1401 3077 1644 3148 deﬁnitio
1692 3079 2003 3133 discutitur.

566 3164 646 3216 l8.
705 3163 813 3216 Sed
857 3163 927 3217 ab
982 3163 1090 3217 hoc
1138 3164 1261 3234 jam
1305 3165 1559 3235 litigioso
1625 3167 1902 3221 tribunali
1954 3167 2180 3221 seceda-

492 3267 616 3303 mns
646 3251 704 3304 in
736 3250 985 3322 aliquem
1016 3253 1226 3315 locum,
1260 3253 1356 3306 ubi
1401 3254 1565 3308 nobis
1594 3255 1753 3308 nulla
1794 3256 1963 3309 turba
2004 3256 2179 3310 mole-

492 3342 577 3392 sta
604 3339 677 3392 sit
701 3356 713 3406 ;
737 3343 909 3410 atque
939 3340 1157 3394 utinam
1184 3341 1243 3393 in
1266 3341 1447 3411 ipsam
1474 3343 1723 3397 scholam
1749 3343 2018 3412 Platonis,
2051 3360 2180 3416 quae

490 3443 699 3481 nomen
726 3445 793 3481 ex
822 3444 889 3482 eo
913 3428 1118 3482 dicitur
1147 3429 1448 3500 accepisse,
1481 3430 1636 3500 quod
1664 3447 1697 3483 a
1736 3432 1952 3502 populo
1992 3432 2065 3486 sit
2092 3449 2181 3486 se-

487 3522 640 3570 creta
665 3533 677 3569 :
713 3516 802 3570 hic
822 3518 943 3587 jam
960 3534 1076 3571 non
1098 3518 1166 3572 de
1195 3518 1394 3588 gloria,
1429 3519 1583 3589 quod
1606 3520 1723 3574 leve
1756 3536 1820 3574 ac
1837 3521 2051 3591 puerile
2073 3524 2176 3589 est,

487 3606 583 3658 sed
614 3606 681 3659 de
709 3606 832 3675 ipsa
861 3606 994 3673 vita,
1024 3611 1079 3660 et
1116 3608 1185 3661 de
1221 3608 1412 3678 aliqua
1440 3625 1538 3679 spe
1572 3608 1750 3663 animi
1778 3609 1952 3676 beati,
1997 3627 2178 3681 quan-

490 3698 608 3745 tum
640 3693 791 3746 inter
821 3710 924 3746 nos
949 3711 1274 3764 possumus,
1308 3696 1667 3750 disseramus.
1704 3698 1924 3768 Negant
1966 3698 2178 3753 Acade-

489 3781 619 3833 mici
658 3781 787 3833 sciri
812 3782 1030 3852 aliquid
1060 3799 1246 3851 posse.
1281 3784 1435 3837 Unde
1465 3784 1573 3838 hoc
1604 3784 1762 3838 vobis
1791 3786 2026 3855 placuit,
2057 3790 2177 3841 stu-

488 3868 794 3921 diosissimi
827 3869 1089 3923 homines
1140 3875 1307 3940 atque
1352 3871 1708 3927 doctissimi?
1740 3874 1908 3928 Movit
1934 3891 2056 3942 nos,
2088 3874 2180 3928 in—

486 3955 712 4027 quiunt,
762 3957 1017 4010 detinitio
1042 3958 1301 4013 Zenonis.
1338 3960 1467 4027 Cur,
1518 3977 1712 4031 quaeso
1733 3961 1761 4015 ‘?
1803 3964 1942 4016 Nam
1972 3963 2018 4016 si
2048 3980 2180 4018 vera

485 4050 590 4111 est,
626 4045 1321 4118 nonnihilverinovit,qui
1354 4048 1438 4101 vel
1466 4048 1650 4119 ipsam
1680 4050 1878 4117 novit;
1907 4050 1996 4104 sin
2018 4051 2176 4120 falsa,

484 4149 597 4187 non
629 4133 1324 4190 debuitconstantissimos
1347 4152 1721 4192 commovere.
1749 4138 1858 4192 Sed
1887 4137 2177 4193 videamus

483 4221 619 4291 quid
642 4220 722 4275 ait
749 4223 913 4276 Zeno.
933 4222 1064 4276 Tale
1094 4222 1308 4278 scilicet
1332 4223 1513 4278 visum
1533 4226 1944 4296 comprehendi
1972 4231 2028 4280 et
2053 4243 2177 4297 per-

480 4309 595 4379 cipi
625 4326 806 4380 posse,
834 4310 999 4380 quale
1030 4326 1159 4364 cum
1182 4311 1322 4366 falso
1351 4329 1470 4367 non
1490 4313 1905 4385 haberetsigna
1925 4331 2171 4369 commn-

480 4399 601 4453 nia.
642 4398 882 4452 iloccine
914 4403 966 4453 te
986 4398 1181 4461 movit,
1206 4400 1376 4453 homo
1404 4400 1716 4469 Platonice,
1740 4406 1802 4455 nt
1822 4406 1883 4456 ut
1909 4404 2175 4457 omnibus

478 4487 693 4541 viribus
727 4488 795 4541 ab
823 4504 920 4558 spe
952 4486 1202 4541 discendi
1232 4488 1514 4542 studiosos
1534 4491 1875 4559 retraheres,
1897 4496 1961 4546 ut
1990 4496 2173 4546 totum

481 4576 768 4644 negotium
787 4576 1225 4647 philosophandi
1239 4577 1327 4647 adj
1337 4582 1534 4631 uvante
1552 4579 1800 4649 quodam
1819 4579 1989 4634 etiam
2011 4596 2172 4635 men-

481 4662 550 4715 tis
582 4663 1006 4732 ingemiscendo
1038 4669 1267 4735 torpore
1300 4665 1679 4720 desererent?

554 4754 633 4804 19.
666 4752 775 4805 Sed
797 4754 1086 4821 quomodo
1119 4754 1282 4809 illum
1312 4771 1428 4809 non
1453 4760 1832 4826 permoveret,
1869 4756 1913 4810 si
1945 4760 2001 4810 et
2029 4756 2173 4811 nihil

480 4839 587 4893 tale
621 4838 864 4893 inveniri
890 4846 1098 4912 potest,
1134 4847 1190 4897 et
1220 4843 1332 4897 nisi
1363 4843 1500 4914 quid
1532 4844 1643 4898 tale
1673 4848 1779 4913 est,
1810 4844 2028 4916 percipi
2058 4862 2172 4900 non

476 4931 663 4999 potest
679 4927 705 4980 ‘i
735 4927 839 4980 hoc
865 4928 911 4981 si
932 4928 1012 4983 ita
1042 4936 1147 4997 est,
1172 4931 1478 4986 dicendum
1496 4932 1687 5004 potius
1705 4938 1844 5001 erat,
1868 4950 1985 4987 non
2004 4950 2170 5005 posse

475 5017 533 5071 in
564 5016 861 5071 hominem
891 5018 1091 5073 cadere
1123 5020 1485 5090 sapientiam,
1517 5038 1692 5092 quam
1723 5022 2042 5093 sapientem
2067 5039 2167 5077 ne-

473 5108 614 5161 scire
640 5122 740 5160 cur
778 5105 945 5168 vivat,
976 5109 1193 5163 nescire
1219 5110 1710 5180 quemadmodum
1736 5110 1908 5178 vivat,
1948 5111 2168 5165 nescire

472 5201 666 5250 utrum
694 5194 870 5262 vitat;
892 5199 1203 5265 postremo,
1241 5214 1355 5267 quo
1377 5199 1700 5269 perversius
1731 5199 2031 5270 magisque
2061 5199 2167 5253 de-

471 5286 645 5340 lirum
676 5288 730 5338 et
756 5283 1023 5337 insanum
1036 5284 1146 5337 dici
1166 5284 1311 5339 nihil
1331 5291 1538 5357 potest,
1571 5287 1742 5342 simul
1772 5292 1828 5341 et
1850 5286 2167 5358 sapientem

470 5391 613 5439 esse,
660 5376 715 5426 et
744 5373 1006 5443 ignorare
1037 5372 1397 5444 sapientiam.
1449 5375 1594 5439 Quid
1638 5375 1793 5430 enim
1836 5379 1918 5429 est
1947 5375 2164 5438 durius,

467 5461 761 5533 hominem
811 5478 924 5516 non
974 5477 1139 5532 posse
1188 5477 1309 5515 esse
1359 5464 1695 5532 sapientem,
1748 5479 1819 5517 an
1850 5462 2164 5534 sapientem

469 5549 682 5602 nescire
714 5550 1257 5621 sapientiam?Nihil
1282 5549 1416 5605 hinc
1443 5551 1849 5622 disputandum
1878 5555 1983 5621 est,
2014 5551 2060 5606 si
2075 5567 2164 5608 res

1595 311 1875 368 CONTRA
1918 308 2384 378 ACADEMICOS,
2427 308 2480 365 S.
2526 308 2911 366 AUGUSTINI
3800 322 3861 375 et,

2302 432 2427 504 ipsa
2450 432 2530 487 ita
2573 431 2758 503 posita
2785 430 2919 485 satis
2952 447 3070 486 non
3100 435 3186 486 est
3213 431 3283 486 ad
3311 431 3708 502 dijudicandum.
3731 437 3861 493 Sedit-

2302 522 2398 576 lud
2444 521 2589 575 forte
2638 519 2687 574 si
2725 520 3029 587 diceretur,
3090 519 3317 592 penitus
3360 520 3599 575 homines
3637 539 3666 577 a
3698 524 3859 594 philoso-

2301 608 2532 678 phando
2570 613 2994 664 averterentur:
3036 625 3189 663 nunc
3232 625 3362 663 vero
3404 609 3673 665 inducendi
3706 619 3861 668 suntsa-

2300 696 2532 767 pientia:
2570 696 2900 750 dulcissimo
2949 713 3012 751 ac
3061 695 3409 751 sanctissimo
3456 696 3677 763 nomine,
3721 704 3771 753 ut
3790 717 3859 755 cum

2302 785 2541 839 contrita
2570 789 2734 838 astate
2752 783 2895 838 nihil
2927 784 3251 854 didicerint,
3279 788 3473 855 postea
3499 789 3548 839 te
3573 786 3765 839 summis
3782 804 3863 840 exse

2266 894 2275 901 η
2302 873 2651 927 crationibus
2678 876 3122 944 prosequantur,
3156 869 3328 944 quem
3357 873 3552 926 relictis
3577 874 3741 928 saltem
3772 878 3863 929 volu-

2302 961 2552 1034 ptatibus
2579 961 2853 1032 corporis,
2885 962 2953 1015 ad
2986 960 3165 1015 animi
3193 965 3470 1016 tormenta
3496 966 3615 1015 sunt
3638 962 3788 1017 secuti

2374 1052 2460 1103 20.
2501 1049 2612 1104 Sed
2641 1050 2935 1104 videamus
2962 1066 3067 1121 per
3105 1065 3278 1120 quem
3331 1049 3513 1119 potius
3539 1065 3570 1102 a
3615 1048 3863 1120 philosophia

2304 1138 2719 1191 deterreantur.
2754 1139 2861 1192 Per
2899 1154 3108 1192 eumne
3141 1138 3242 1209 qui
3271 1137 3498 1192 dixerit:
3551 1137 3697 1203 Audi,
3729 1140 3861 1202 amica;

2303 1225 2667 1296 philosophia
2688 1241 2802 1279 non
2830 1226 2952 1296 ipsa
2972 1225 3268 1296 sapientia,
3301 1226 3393 1279 sed
3418 1225 3649 1279 studium
3675 1224 3863 1294 sapientia:

2302 1318 2555 1383 vocatur,
2587 1313 2657 1367 ad
2688 1330 2860 1385 quam
2890 1319 2944 1369 te
2974 1314 3021 1368 si
3050 1313 3378 1380 contuleris,
3428 1330 3538 1368 non
3581 1313 3769 1383 quidem
3789 1314 3863 1367 dum

2301 1402 2391 1457 hic
2422 1403 2559 1456 vivis
2592 1404 2817 1473 sapiens
2849 1403 2960 1457 eris
2990 1405 3092 1474 (est
3119 1403 3274 1457 enim
3303 1403 3453 1474 apud
3503 1404 3663 1456 Deum
3686 1402 3864 1471 sapientia

2299 1508 2403 1546 nec
2432 1491 2730 1562 provenire
2756 1491 2979 1545 homini
3008 1492 3235 1563 potest),
3279 1492 3379 1546 sed
3407 1506 3533 1545 cum
3558 1494 3607 1544 te
3633 1489 3716 1543 tali
3736 1490 3864 1551 studio,

2300 1580 2433 1633 satis
2475 1579 2790 1633 exercueris
2834 1583 3003 1649 atque
3047 1578 3433 1644 mandaveris,
3481 1576 3682 1632 animus
3717 1581 3810 1630 tuus
3833 1592 3865 1628 ea

2300 1672 2428 1737 post
2456 1667 2601 1721 hanc
2625 1666 2817 1732 vitam,
2854 1666 2909 1720 id
2955 1669 3057 1733 est,
3090 1682 3218 1719 cum
3249 1666 3423 1719 homo
3462 1680 3575 1718 esse
3603 1664 3800 1726 desieris,
3828 1663 3866 1715 te

2300 1755 2405 1809 cile
2430 1755 2757 1826 perfruetur
2773 1755 2802 1807 ?
2820 1755 2904 1807 An
2932 1769 3036 1824 per
3056 1769 3188 1808 eum
3222 1753 3322 1824 qui
3341 1753 3568 1807 dixerit:
3589 1752 3767 1815 Venite,
3785 1766 3865 1803 mor-

2299 1842 2460 1908 tales,
2492 1842 2563 1896 ad
2594 1841 3013 1912 philosophiam
3036 1857 3050 1907 ;
3077 1857 3323 1911 magnus
3343 1841 3435 1894 hic
3461 1841 3658 1894 fructus
3683 1839 3864 1908 est:quid

2300 1930 2452 1984 enim
2471 1930 2692 1984 homini
2710 1929 2990 2000 sapientia
3000 1929 3225 1984 charius
3243 1930 3271 1983 ?
3286 1929 3472 1983 venite
3493 1928 3653 1999 igitur
3669 1933 3719 1981 ut
3732 1928 3863 1996 sapies.

2299 2023 2383 2073 tes
2425 2018 2563 2085 sitis,
2601 2022 2657 2072 et
2699 2017 3033 2089 sapientiam
3065 2018 3327 2072 nesciatis
3350 2020 3379 2072 ‘?
3409 2018 3547 2077 Non,
3587 2016 3757 2088 inquit,
3782 2029 3865 2067 ams

2295 2107 2375 2162 ita
2405 2107 2642 2161 dicetur.
2666 2108 2779 2161 Hoc
2799 2111 2886 2161 est
2913 2106 3194 2177 decipere,
3228 2118 3368 2160 nam
3397 2106 3540 2160 nihil
3566 2105 3699 2159 aliud
3722 2103 3821 2174 apud
3838 2110 3864 2153 te

2296 2195 2637 2250 invenietur.
2673 2196 2753 2249 Ita
2780 2196 2846 2249 fit
2875 2195 3005 2248 utsi
3032 2195 3137 2249 hoc
3179 2194 3410 2260 dixeris,
3448 2180 3655 2264 fugiant
3693 2197 3864 2261 tanquam

2296 2282 2599 2347 insanum;
2629 2283 2676 2336 si
2705 2282 2816 2337 alio
2846 2283 3015 2337 modo
3046 2282 3114 2336 ad
3148 2283 3253 2337 hoc
3283 2281 3601 2347 adduxeris,
3628 2280 3762 2334 facias
3780 2279 3862 2331 inst-

2296 2390 2419 2426 nos.
2452 2373 2558 2428 Sed
2574 2372 2890 2432 credamus,
2907 2376 3139 2443 propter
3153 2376 3457 2443 utramque
3472 2371 3762 2425 sententiam
3773 2383 3863 2436 aqua

2293 2460 2558 2515 homines
2588 2461 2738 2514 nolle
2786 2460 3200 2530 philosophari.
3244 2460 3300 2514 Si
3352 2459 3561 2531 aliquid
3608 2456 3862 2529 philosophis

2293 2550 2677 2620 perniciosum
2725 2548 2967 2604 Zenonis
3011 2548 3270 2602 deﬁnitio
3345 2548 3533 2602 dicere
3588 2550 3791 2617 cogebat,
3823 2543 3862 2594 mi

2293 2637 2484 2705 homo,
2517 2637 2646 2691 idne
2684 2635 2909 2691 homini
2948 2636 3251 2690 dicendum
3275 2634 3409 2704 fuit,
3446 2635 3590 2689 unde
3624 2651 3675 2688 se
3701 2632 3861 2689 doleret;

2294 2742 2366 2779 an
2398 2725 2475 2788 id,
2516 2725 2669 2779 unde
2700 2729 2753 2779 te
2782 2724 3105 2780 derideret?

2362 2817 2451 2868 21.
2482 2815 2695 2868 Tamen
2725 2814 2879 2885 qurd
2905 2815 3049 2867 Zeno
3072 2812 3354 2879 deﬁnivit,
3388 2817 3653 2885 quantum
3670 2808 3863 2877 stultitia?

2295 2919 2511 2971 sumus,
2543 2901 2931 2958 discutiamus.
2970 2901 3030 2956 Id
3055 2901 3239 2955 visum
3261 2901 3344 2955 ait
3362 2917 3526 2972 posse
3554 2894 3860 2969 comprehendi.

2292 2991 2443 3062 quod
2474 2980 2559 3045 sic.
2595 2994 2916 3062 appareret.
2945 2994 3013 3044 ut
3039 2989 3248 3044 falsum
3291 3005 3565 3061 apparere
3599 3004 3697 3041 non
3729 2988 3858 3054 posset.

2292 3080 2649 3135 Manifestum
2680 3082 2783 3146 est,
2818 3078 2959 3132 nihil
3000 3078 3155 3132 aliud
3202 3078 3261 3132 in
3313 3078 3711 3150 perceptionem
3732 3071 3861 3125 venire.

2292 3169 2405 3222 Hoc
2436 3172 2492 3222 et
2520 3183 2648 3237 ego,
2679 3166 2867 3237 inquit
2911 3166 3207 3233 Arcesilas,
3238 3164 3429 3231 video,
3478 3169 3533 3219 et
3568 3164 3661 3218 hoc
3696 3162 3784 3229 ipso
3810 3154 3861 3208 de

2290 3273 2387 3311 ceo
2420 3255 2562 3309 nihil
2590 3254 2828 3325 percipi.
2864 3256 2985 3308 Non
3032 3254 3186 3308 enim
3216 3253 3329 3309 tale
3363 3253 3578 3324 aliquid
3615 3245 3796 3305 inveniri
3816 3258 3861 3313 pe

2288 3349 2415 3400 test.
2451 3345 2707 3398 Fortasse
2739 3344 2837 3397 abs
2879 3346 2955 3409 te,
3001 3347 3172 3414 atque
3214 3342 3283 3396 ab
3323 3341 3453 3396 aliis
3478 3339 3683 3395 stultis:
3708 3340 3790 3389 at:
3819 3345 3861 3383 se

2288 3433 2481 3504 piente
2512 3448 2614 3485 cur
2638 3448 2754 3486 non
2784 3431 3019 3502 potest?
3047 3431 3392 3502 Quanquam
3420 3434 3476 3485 et
3503 3428 3606 3500 ipsi
3630 3426 3763 3481 stulto
3781 3419 3861 3475 nihil

2288 3520 2627 3593 responderi
2654 3536 2816 3591 posse
2837 3519 3102 3586 arbitror,
3134 3520 3181 3573 si
3206 3519 3313 3573 tibi
3346 3519 3496 3574 dicat
3530 3523 3590 3572 ut
3630 3516 3709 3569 illo
3731 3523 3860 3566 memo-

2290 3610 2455 3665 rabili
2479 3609 2739 3664 acumine
2774 3615 2873 3663 tuo
2917 3608 3065 3662 hanc
3102 3608 3285 3678 ipsam
3317 3605 3556 3661 Zenonis
3585 3600 3859 3658 deﬁnitionem

2290 3698 2532 3761 refellas,
2592 3702 2648 3751 et
2677 3696 2943 3751 ostendas
2999 3712 3126 3751 eam
3168 3696 3345 3750 etiam
3392 3695 3586 3749 falsam
3622 3706 3720 3746 esse
3741 3698 3858 3758 posse:

2289 3787 2441 3859 quod
2472 3786 2519 3841 si
2544 3803 2661 3841 non
2698 3785 2974 3857 potueris,
3004 3786 3152 3839 hanc
3181 3784 3368 3856 ipsam
3393 3800 3562 3854 quam
3588 3773 3859 3866 pompm?"

2288 3876 2421 3943 bes;
2457 3875 2503 3929 si
2528 3880 2721 3929 autem
2745 3873 3046 3941 refelleris,
3075 3873 3227 3928 unde
3252 3890 3284 3926 a
3310 3870 3662 3943 percipiendo
3688 3861 3859 3933 impedia-

2286 3964 2366 4019 ris
2405 3981 2519 4019 non
2556 3964 2750 4018 habes.
2800 3964 2914 4034 Ego
2963 3979 3091 4017 eam
3137 3961 3320 4017 refelli
3361 3977 3523 4033 posse
3557 3973 3659 4013 non
3688 3949 3859 4043 videar!

2287 4052 2523 4107 omnino
2579 4051 2935 4106 verissimam
2975 4050 3195 4121 judico.
3246 4051 3448 4122 Itaque
3503 4063 3623 4103 cum
3650 4058 3747 4099 eam
3784 4050 3859 4095 θεων

2287 4139 2545 4211 quamvis
2576 4139 2684 4194 sim
2709 4140 2933 4206 stultus,
2968 4132 3233 4193 nonnihil
3262 4139 3401 4193 scio.
3430 4138 3537 4192 Sed
3578 4136 3655 4190 fac
3683 4131 3796 4185 illam
3815 4135 3859 4173 cf-

2287 4228 2422 4283 dere
2446 4227 2710 4283 versutia:
2734 4231 2871 4282 tum.
2904 4228 3038 4281 Utar
3061 4226 3453 4296 complexione
3474 4220 3787 4280 securissima.
3802 4212 3861 4266 Am

2287 4316 2440 4370 enim
2471 4332 2603 4370 vera
2633 4319 2738 4385 est,
2768 4319 2868 4370 aut
2898 4315 3070 4370 falsa:
3103 4314 3149 4369 si
3176 4330 3329 4382 vera,
3354 4314 3692 4374 beneteneo;
3713 4305 3750 4359 si
3767 4301 3860 4355 falsi»
3916 4334 3917 4385 ἐ

2284 4408 2472 4477 potest
2497 4404 2712 4476 aliquid
2741 4404 2979 4475 percipi,
3009 4403 3227 4458 etiamsi
3250 4403 3459 4458 habeat
3472 4395 3754 4456 communia
3767 4390 3860 4457 sig!la

2284 4510 2413 4547 cum
2444 4494 2605 4549 falso.
2640 4493 2818 4562 Unde,
2850 4493 3055 4564 inquit,
3075 4493 3298 4563 potest?
3320 4486 3762 4556 Verissimeigitur
3776 4480 3860 4564 Ζεηευ
3916 4500 3917 4564 ἦ

2284 4581 2564 4651 definivit,
2586 4597 2690 4636 nec
2719 4581 2773 4635 ei
2790 4581 3048 4652 quisquis
3077 4580 3165 4634 vel
3195 4580 3257 4634 in
3279 4580 3390 4634 hoc
3418 4575 3697 4639 consensit,
3716 4566 3859 4656 errati}-

2282 4673 2369 4725 An
2396 4686 2588 4741 parva:
2636 4670 2820 4723 laudis
2850 4673 2907 4723 et
2937 4668 3277 4723 sinceritatis
3320 4667 3690 4723 definitionem
3721 4652 3859 4742 putahi~

2283 4773 2428 4819 mus,
2462 4772 2589 4827 quae
2620 4758 2815 4809 contra
2844 4771 2940 4809 eos
2978 4754 3079 4825 qui
3121 4758 3283 4809 erant
3324 4754 3614 4809 adversum
3635 4746 3859 4827 perceptio:

2280 4861 2415 4900 nem
2444 4819 2627 4899 multa
2646 4843 2873 4909 dicturi,
2903 4819 3032 4898 cum
3067 4843 3390 4914 designaret
3418 4840 3580 4914 quale
3622 4835 3742 4890 esset
3771 4819 3861 4897 ΨΜ

2281 4931 2497 5003 Ρθτοὶρί
2518 4936 2727 5002 posset,
2750 4931 2996 5001 seipsam
3023 4932 3196 4986 talem
3218 4947 3340 4985 esse
3369 4919 3862 4985 monstravitﬂtaque
3916 4919 3917 4973 ξ

2280 5020 2891 5090 comprehensibilibus
2940 5020 3110 5075 rebus
3152 5024 3209 5073 et
3247 5017 3501 5073 deﬁnitio
3538 5018 3632 5076 est,
3676 5010 3863 5088 ctexenr

2278 5108 2461 5179 plum.
2494 5108 2718 5177 Utrum,
2749 5107 2842 5169 ait,
2875 5107 3046 5162 etiam
3070 5107 3195 5178 ipsa
3210 5122 3342 5161 vera
3371 5106 3442 5160 sit
3461 5100 3667 5158 nescio:
3696 5090 3863 5155 sed‘l‘ua

2278 5200 2364 5251 est
2388 5196 2724 5267 probabilis,
2756 5196 2886 5251 ideo
2918 5211 3161 5267 sequens
3208 5211 3335 5250 eam
3374 5190 3599 5248 ostendo
3638 5180 3753 5239 nihil

2277 5258 2410 5355 tale,
2441 5286 2607 5356 quale
2641 5258 2737 5340 illa
2757 5258 3035 5356 expressit
3059 5300 3227 5356 posse
3253 5273 3657 5353 comprehendi.
3686 5258 3864 5360 Ostendis

2277 5348 2513 5428 fortasse
2538 5377 2749 5443 praeter
2776 5348 2982 5444 ipsam,
3019 5348 3080 5426 et
3102 5371 3279 5439 vides,
3311 5348 3660 5427 utvarbitror,
3685 5348 3863 5452 (Ιξξίδξῗ

2277 5465 2505 5533 quatur.
2539 5461 2701 5526 Quod
2729 5460 2778 5515 si
2804 5443 2977 5515 etiam
3008 5459 3131 5531 ejus
3155 5458 3357 5514 incerti
3399 5468 3584 5510 sumus
3610 5462 3698 5504 nec
3719 5443 3780 5533 it?
3799 5443 3862 5533 ξ¹ῗ⁵

2276 5518 2486 5607 deserit
2514 5550 2780 5619 scientia;
2804 5549 3012 5606 scimus
3038 5548 3193 5604 enim
3229 5551 3326 5603 aut
3353 5558 3539 5603 veram
3560 5551 3681 5601 esse,
3708 5530 3780 5585 tillt
3797 5518 3860 5576 ἶι¹⁴

3910 90 3918 317 l
