4062 6188
116 241 257 293 945

115 377 304 417 sam:
348 378 466 417 non
510 362 688 433 igitur
730 363 876 419 nihil
922 365 1150 420 scimus.
1184 368 1522 439 Quanquam
1553 384 1847 439 nunquam

115 451 363 506 efﬁciet
383 456 448 506 ut
466 451 727 522 ingratus
777 452 904 522 sim,
934 470 1168 524 prorsus
1198 472 1303 527 ego
1358 457 1513 511 illam
1560 457 1846 512 deﬁnitio-

115 556 285 594 nem
313 540 670 596 verissimam
693 541 909 613 judico.
939 545 1054 598 Aut
1093 543 1247 598 enim
1277 551 1516 615 possunt
1542 545 1761 617 percipi
1791 550 1849 601 et

113 628 311 691 falsa,
344 629 499 699 quod
539 630 936 685 vehementius
963 633 1537 698 Academici’timent,
1564 639 1620 688 et
1649 651 1847 689 revera

116 717 461 771 absurdum
490 721 605 783 est;
637 723 736 774 aut
764 735 869 774 nec
897 735 963 775 ea
994 727 1254 791 possunt,
1286 739 1415 794 quas
1440 728 1571 777 sunt
1596 723 1749 777 falsis
1776 722 1846 777 si-

116 806 335 861 milia:
377 807 529 861 unde
575 806 675 862 illa
721 807 979 864 deﬁnitio
1021 826 1150 865 vera
1193 815 1295 865 est.
1347 812 1456 867 Sed
1490 812 1612 883 jam
1642 816 1845 868 caatera

118 894 464 950 videamus.

363 982 593 1039 CAPUT
620 986 679 1039 X.
714 1015 783 1026 —
827 988 940 1041 Duo
968 987 1413 1042 Academicorum
1442 987 1629 1057 eﬁ‘ata.

213 1074 310 1126 22.
360 1072 629 1136 Quamvis
679 1073 825 1142 haec,
874 1074 984 1129 nisi
1030 1076 1216 1143 fallor,
1273 1076 1496 1146 possint
1543 1076 1613 1131 ad
1669 1075 1841 1130 victo-

116 1160 294 1215 riam
340 1161 474 1215 satis
522 1178 664 1229 esse,
697 1178 816 1217 non
864 1167 1061 1218 tamen
1087 1164 1326 1219 fortasse
1374 1165 1447 1219 ad
1476 1165 1724 1219 victoriae
1753 1182 1841 1219 sa-

119 1249 423 1304 tietatem.
458 1252 582 1305 Duo
614 1256 747 1305 sunt
769 1268 899 1324 qua:
922 1253 992 1307 ab
1013 1252 1362 1307 Academicis
1387 1253 1674 1316 dicuntur,
1707 1269 1840 1308 con-

116 1342 231 1391 tra
260 1354 414 1409 quas,
446 1342 508 1393 ut
548 1340 821 1417 valemus,
854 1340 1048 1396 venire
1082 1341 1464 1396 instituimus:
1506 1343 1662 1400 Nihil
1688 1357 1843 1411 posse

110 1428 387 1495 percipi;
423 1430 499 1494 et,
530 1429 684 1485 Nulli
731 1431 814 1483 rei
835 1429 1023 1484 debere
1050 1433 1322 1485 assentiri.
1357 1431 1436 1484 De
1482 1430 1840 1485 assentiendo

115 1530 275 1568 mox
290 1515 449 1582 alias,
468 1532 620 1571 nunc
638 1533 820 1588 pauca
839 1518 907 1573 de
925 1518 1290 1590 perceptione
1310 1518 1581 1573 dicemus.
1612 1518 1840 1573 Nihilne

112 1619 376 1673 prorsus
401 1604 585 1659 dicitis
615 1621 780 1675 posse
801 1606 1251 1678 comprehendi?
1271 1606 1369 1661 Hic
1398 1605 1686 1677 evigilavit
1707 1607 1837 1660 Car-

118 1692 353 1746 neades
376 1708 388 1746 :
423 1709 558 1747 nam
585 1709 756 1749 nemo
777 1694 1022 1749 istorum
1045 1694 1237 1750 minus
1257 1696 1368 1749 alte
1391 1710 1566 1765 quam
1596 1694 1693 1749 ille
1715 1695 1841 1749 dor-

114 1781 323 1842 mivit,
344 1785 400 1836 et
417 1782 815 1853 circumspexit
833 1800 1027 1838 rerum
1049 1784 1413 1839 evidentiam.
1440 1785 1635 1855 Itaque
1647 1782 1835 1849 credo,

120 1885 341 1924 secum
370 1868 513 1940 ipse,
565 1874 629 1925 ut
658 1870 740 1937 ﬁt,
775 1871 1045 1943 loquens:
1079 1872 1318 1942 Ergone,
1352 1871 1450 1940 ait,
1499 1870 1834 1925 Carneades.

115 1957 397 2011 dicturus
442 1974 502 2011 es
543 1959 760 2014 nescire
795 1963 851 2014 te
900 1963 1095 2014 utrum
1125 1960 1300 2014 homo
1328 1959 1422 2028 sis,
1464 1975 1539 2013 an
1568 1958 1840 2013 formica?

114 2048 255 2100 Aut
283 2045 353 2100 de
382 2051 438 2101 te
481 2048 831 2119 Chrysippus
878 2048 1297 2120 triumphabit?
1345 2048 1609 2102 Dicamus
1639 2063 1705 2101 ea
1735 2061 1839 2101 nos

117 2134 359 2189 nescire
381 2151 509 2206 quae
538 2135 689 2191 inter
704 2136 1078 2208 philosophos
1102 2136 1505 2208 inquiruntur;
1535 2141 1736 2190 caetera
1767 2134 1838 2189 ad

117 2240 247 2278 nos
264 2239 380 2277 non
413 2224 721 2295 pertinere,
755 2229 818 2279 ut
843 2225 890 2279 si
912 2226 972 2280 in
1002 2226 1128 2279 luce
1157 2224 1475 2280 titubavero
1501 2223 1839 2295 quotidiana

120 2316 185 2367 et
220 2312 471 2382 vulgari,
514 2313 584 2367 ad
613 2313 739 2367 illas
783 2313 1186 2384 imperitorum
1214 2314 1479 2368 tenebras
1506 2328 1835 2383 provocem,

116 2400 239 2455 ubi
283 2400 390 2454 soli
429 2400 663 2471 quidam
694 2401 871 2456 divini
903 2402 1053 2456 oculi
1082 2402 1303 2457 vident:
1337 2402 1438 2472 qui
1468 2418 1558 2455 me
1590 2402 1761 2455 etiam
1790 2400 1838 2455 si

118 2489 517 2561 palpitantem
540 2495 710 2561 atque
727 2491 1023 2546 cadentem
1045 2490 1393 2561 aspexerint,
1418 2490 1579 2545 caecis
1596 2490 1838 2561 prodere

120 2581 453 2649 nequeant,
476 2578 797 2649 praesertim
819 2580 1243 2650 arrogantibus,
1265 2584 1321 2633 et
1339 2596 1482 2649 quos
1511 2578 1703 2633 doceri
1732 2577 1836 2632 ali-

122 2664 280 2736 quid
308 2664 537 2735 pudeat.
573 2666 748 2719 Laute
796 2666 1052 2737 quidem,
1099 2683 1132 2720 ο
1163 2683 1347 2737 ετωοδ
1376 2666 1673 2732 industria,
1708 2681 1834 2719 suc-

119 2754 324 2808 cincta
354 2758 411 2808 et
436 2757 636 2824 parata
672 2754 963 2824 procedis;
1003 2755 1100 2809 sed
1128 2772 1247 2810 non
1280 2755 1512 2826 respicis
1540 2754 1699 2809 illam
1739 2754 1835 2808 de-

120 2840 461 2897 ﬁnitionem
477 2846 533 2896 et
551 2841 849 2897 inventum
874 2860 993 2897 esse
1020 2843 1367 2914 philosophi,
1385 2848 1442 2897 et
1471 2843 1532 2897 in
1561 2842 1838 2897 vestibulo

122 2930 526 3001 philosophiae
555 2930 728 2985 ﬁxam
754 2935 926 3003 atque
945 2930 1262 2987 fundatam.
1284 2932 1465 2995 Quam
1483 2930 1531 2984 si
1552 2930 1837 2984 succidere

126 3018 407 3084 tentabis,
440 3018 624 3073 rediet
657 3018 923 3089 bipennis
964 3020 1026 3074 in
1054 3035 1222 3075 crura
1242 3038 1259 3073 :
1308 3020 1407 3073 illa
1437 3019 1591 3073 enim
1622 3018 1836 3072 labefa-

125 3110 311 3175 ctata,
341 3122 458 3160 non
485 3106 673 3161 solum
703 3111 897 3178 potest
923 3107 1141 3178 aliquid
1170 3107 1406 3178 percipi,
1440 3107 1539 3161 sed
1578 3106 1749 3161 etiam
1780 3105 1839 3159 id

126 3198 329 3265 potest
357 3194 507 3265 quod
537 3194 897 3250 simillimum
922 3195 1062 3250 falso
1090 3198 1193 3261 est,
1224 3194 1272 3248 si
1300 3210 1426 3248 eam
1458 3210 1572 3248 non
1602 3192 1838 3247 audebis

128 3285 414 3338 evertere.
449 3283 542 3337 Est
569 3281 725 3337 enim
764 3283 1067 3338 latibulum
1098 3286 1263 3337 tuum
1297 3284 1448 3337 unde
1477 3282 1537 3336 in
1579 3282 1836 3336 incautos

128 3371 383 3426 transire
413 3370 710 3442 cupientes
755 3371 1067 3427 vehemens
1114 3370 1370 3442 erumpis
1401 3374 1572 3441 atque
1616 3370 1833 3424 exsilis:

129 3458 349 3531 aliquis
379 3464 433 3513 te
464 3460 734 3514 Hercules
764 3458 828 3513 in
855 3463 955 3514 tua
986 3460 1256 3530 spelunca
1285 3464 1559 3530 tanquam
1589 3458 1834 3513 semiho-

128 3548 359 3602 minem
379 3548 588 3602 Cacum
614 3550 632 3585 ί
656 3547 977 3618 suﬁ‘ocabit,
1000 3552 1059 3603 et
1087 3547 1343 3618 ejusdem
1368 3546 1618 3601 molibus
1648 3545 1838 3617 oppri-

129 3640 277 3703 met,
305 3636 514 3691 docens
534 3636 750 3707 aliquid
770 3652 891 3691 esse
912 3636 969 3690 in
1000 3635 1368 3707 philosophia
1388 3634 1541 3706 quod
1560 3639 1835 3705 tanquam

131 3724 327 3779 simile
356 3725 498 3782 falso
529 3723 813 3779 incertum
838 3725 936 3779 abs
966 3728 1019 3779 te
1049 3723 1175 3778 ﬁeri
1199 3740 1316 3778 non
1345 3723 1546 3794 possit.
1580 3722 1743 3777 Certe
1763 3723 1836 3777 ad

132 3814 249 3868 alia
282 3814 691 3884 properabam;
723 3814 828 3867 hoc
880 3812 1139 3885 quisquis
1168 3817 1355 3884 urget,
1388 3812 1658 3883 teipsum,
1702 3812 1835 3866 Car-

133 3903 367 3968 neades,
407 3917 616 3972 magna
642 3902 820 3957 afﬁcit
848 3902 1216 3965 contumelia,
1272 3917 1444 3973 quem
1475 3918 1507 3955 a
1534 3916 1627 3955 me
1662 3900 1836 3955 veluti

133 3995 437 4045 mortuum
454 3995 619 4062 putat
638 3990 984 4062 ubicumque
1015 3995 1114 4045 aut
1140 3990 1538 4061 undecumque
1559 4006 1720 4060 posse
1748 4006 1837 4043 su-

134 4078 349 4149 perari.
385 4079 442 4134 Si
470 4083 661 4133 autem
683 4094 802 4133 non
828 4084 1014 4149 putat,
1043 4077 1447 4132 immisericors
1478 4083 1583 4144 est,
1614 4078 1715 4148 qui
1744 4094 1836 4132 me

133 4166 355 4237 passim
398 4166 659 4221 deserere
688 4166 954 4237 praesidia
992 4170 1049 4220 et
1076 4170 1263 4221 tecum
1293 4165 1356 4221 in
1384 4181 1587 4236 campo
1617 4171 1837 4220 certare

136 4255 323 4326 cogit:
356 4254 417 4308 in
447 4270 621 4326 quem
650 4254 988 4310 descendere
1028 4271 1160 4310 cum
1209 4254 1526 4324 coepissem,
1558 4254 1678 4307 solo
1736 4259 1836 4307 tuo

136 4343 377 4397 nomine
397 4344 628 4399 territus
655 4344 860 4414 pedem
880 4342 1071 4410 retuli,
1091 4347 1146 4397 et
1172 4343 1241 4397 de
1271 4342 1565 4413 superiore
1595 4343 1721 4396 loco
1742 4358 1839 4395 ne-

141 4435 258 4488 scio
281 4432 433 4504 quod
449 4433 734 4504 jaculatus
754 4449 902 4499 sum,
933 4432 1087 4504 quod
1110 4437 1302 4486 utrum
1326 4431 1399 4486 ad
1418 4435 1474 4484 te
1495 4431 1836 4500 pervenerit,

139 4524 228 4576 vel
261 4520 402 4592 quid
420 4521 600 4592 egerit
625 4521 870 4576 viderint
899 4521 1003 4576 sub
1032 4537 1278 4592 quorum
1309 4519 1571 4574 examine
1603 4518 1837 4573 dimica-

143 4626 296 4665 mus.
329 4610 435 4665 Sed
457 4609 597 4682 quid
614 4614 810 4665 metuo
840 4609 1108 4681 ineptus?
1135 4609 1195 4664 Si
1219 4609 1366 4663 bene
1392 4608 1649 4676 memini,
1683 4623 1837 4662 mor-

140 4702 280 4754 tuus
311 4714 390 4764 es,
422 4714 527 4753 nec
576 4699 699 4769 jam
728 4714 832 4770 pro
862 4698 1124 4769 sepulcro
1153 4702 1252 4751 tuo
1286 4698 1416 4768 jure
1461 4702 1680 4768 pugnat
1707 4698 1838 4767 Aly-

144 4788 307 4858 pius:
339 4787 502 4842 facile
534 4803 625 4842 me
654 4790 851 4842 contra
876 4786 1143 4840 umbram
1162 4789 1323 4840 tuam
1353 4787 1501 4840 Deus
1532 4785 1835 4856 adjuvabit.

210 4879 305 4931 23.
356 4875 509 4931 Nihil
550 4875 634 4930 ais
658 4875 721 4929 in
769 4874 1134 4946 philosophia
1174 4890 1338 4946 posse
1394 4874 1630 4945 percipi.
1688 4874 1754 4928 Et
1782 4877 1843 4928 ut

146 4963 465 5019 orationem
495 4969 655 5018 tuam
680 4964 837 5035 large
868 4964 1094 5035 lateque
1114 4963 1412 5028 diifundas,
1438 4962 1644 5032 arripis
1666 4961 1837 5029 rixas,

145 5050 642 5122 dissensionesque
668 5050 1168 5122 philosophorum,
1203 5052 1259 5105 et
1297 5065 1392 5104 eas
1421 5049 1526 5103 tibi
1556 5054 1755 5103 contra
1778 5049 1842 5102 il-

142 5138 229 5194 los
250 5156 413 5194 arma
450 5139 775 5194 ministrare
806 5139 1120 5195 arbitraris.
1154 5137 1453 5204 Quomodo
1509 5138 1664 5191 enim
1692 5136 1841 5192 inter

145 5227 535 5283 Democritum
574 5231 631 5282 et
674 5226 996 5299 superiores
1051 5226 1315 5298 physicos
1352 5226 1421 5280 de
1455 5242 1567 5279 uno
1599 5225 1838 5294 mundo,

148 5320 201 5370 et
247 5316 766 5371 innumerabilibus
813 5316 973 5369 litem
1014 5314 1479 5385 dijudicabimus,
1522 5330 1653 5368 cum
1692 5314 1845 5369 inter

150 5500 187 5550 Ο
210 5440 225 5473 ¹
252 5438 506 5488 Undecim
527 5435 1388 5503 Mss.,semihominemsuﬁ'orabit,
1414 5436 1608 5486 omisso
1630 5437 1844 5488 nomine

187 5512 360 5550 acum.

187 5512 337 5551 acum
347 5536 360 5547 .

1627 242 1841 298 LIBER
1889 241 2212 299 TERTIUS.

3557 250 3658 303 9H3

1957 368 2146 440 ipsum
2170 369 2571 442 haeredemque
2597 371 2718 442 ejus
2748 372 3052 443 Epicurum
3083 374 3389 428 concordia
3424 391 3654 430 manere

1959 458 2319 529 nequiverit?
2351 459 2493 513 Nam
2540 459 2644 514 iste
2702 462 3027 515 luxuriosus
3073 480 3204 517 cum
3243 467 3460 517 atomos
3492 466 3651 535 quasi

1957 546 2253 601 ancillulas
2283 563 2433 614 suas,
2466 547 2522 602 id
2556 553 2641 602 est
2667 552 3004 621 corpuscula
3033 569 3161 622 qua:
3193 552 3252 605 in
3276 552 3527 606 tenebris
3562 554 3649 605 lae-

1957 638 2048 689 tus
2088 636 2466 706 amplectitur,
2504 652 2619 691 non
2656 641 2851 693 tenere
2876 638 3026 693 viam
3058 657 3239 707 suam,
3273 641 3367 695 sed
3410 642 3467 695 in
3512 642 3647 695 alie-

1958 740 2060 778 nos
2090 724 2298 779 limites
2323 727 2533 798 passim
2575 731 2775 796 sponte
2806 727 3092 781 declinare
3127 728 3436 798 permittit;
3466 731 3650 783 totum

1952 813 2363 883 patrimonium
2384 815 2553 870 etiam
2577 832 2678 886 per
2692 816 2888 886 Jurgia
2917 816 3225 886 dissipavit.
3264 819 3379 869 Hoc
3399 833 3530 870 vero
3558 818 3641 871 ni-

1954 901 2035 956 hil
2067 902 2133 957 ad
2170 918 2260 957 me
2292 904 2511 959 attinet.
2542 904 2601 959 Si
2631 904 2784 958 enim
2809 904 2879 958 ad
2904 904 3241 975 sapientiam
3274 904 3524 975 pertinet
3550 906 3647 958 ho-

1954 1005 2083 1043 rum
2124 990 2340 1061 aliquid
2382 991 2543 1058 scire,
2602 991 2657 1046 id
2701 1008 2809 1046 non
2842 996 3027 1063 potest
3084 993 3281 1049 latere
3310 993 3642 1063 sapientem.

1955 1076 2011 1131 Si
2042 1082 2231 1133 autem
2262 1078 2416 1134 aliud
2445 1080 2717 1150 quiddam
2750 1084 2836 1134 est
2865 1080 3147 1150 sapientia
3175 1082 3222 1147 ¹;
3260 1080 3416 1134 illam
3440 1081 3549 1134 scit
3576 1099 3651 1134 sa-

1950 1165 2135 1236 piens,
2166 1168 2274 1222 ista
2323 1168 2656 1222 contemnit.
2710 1169 2923 1222 Tamen
2977 1185 3082 1239 ego
3114 1169 3214 1239 qui
3260 1170 3429 1239 longe
3461 1169 3648 1223 adhuc

1953 1254 2151 1308 absum
2180 1255 2316 1309 vela
2346 1255 2633 1308 vicinitate
2661 1256 2953 1325 sapientis,
2986 1257 3046 1309 in
3073 1256 3194 1309 istis
3225 1256 3472 1327 physicis
3504 1274 3649 1310 non-

1953 1342 2115 1407 nihil,
2148 1343 2286 1397 scio.
2326 1344 2552 1398 Certum
2585 1343 2740 1397 enim
2768 1343 2975 1411 habeo,
2999 1349 3097 1399 aut
3116 1361 3298 1398 unum
3329 1362 3448 1398 esse
3481 1362 3647 1399 mun-

1951 1431 2108 1495 dum,
2141 1436 2240 1485 aut
2279 1448 2394 1486 non
2431 1448 2644 1498 unum;
2678 1437 2735 1486 et
2763 1431 2810 1484 si
2842 1449 2959 1485 non
2993 1449 3195 1497 unum,
3231 1438 3329 1485 aut
3360 1433 3507 1486 ﬁniti
3540 1450 3649 1486 nu-

1951 1519 2118 1587 meri,
2159 1524 2257 1574 aut
2287 1520 2520 1575 inﬁniti.
2573 1522 2743 1574 Istam
2775 1520 3115 1574 sententiam
3149 1521 3464 1574 Carneades
3492 1521 3647 1574 falsas

1950 1622 2069 1662 esse
2101 1607 2345 1663 similem
2398 1609 2612 1664 doceat.
2657 1610 2799 1662 Item
2845 1608 2959 1662 scio
2996 1609 3275 1663 mundum
3326 1609 3498 1662 istum
3541 1626 3644 1661 no-

1951 1684 2151 1763 strum,
2186 1702 2285 1751 aut
2321 1701 2524 1752 natura
2557 1713 2883 1767 corporum,
2936 1702 3035 1751 aut
3063 1697 3253 1768 aliqua
3296 1698 3649 1769 providentia

1950 1785 2030 1839 sic
2060 1802 2181 1839 csse
2234 1785 2604 1856 dispositum;
2661 1801 2909 1856 eumque
2951 1791 3049 1840 aut
3092 1801 3317 1856 semper
3362 1786 3534 1840 fuisse
3592 1790 3648 1838 et

1948 1874 2092 1942 fore,
2120 1878 2217 1928 aut
2239 1874 2472 1945 coepisse
2501 1891 2621 1928 esse
2654 1874 2892 1928 minime
2929 1875 3283 1941 desiturum;
3312 1878 3411 1927 aut
3457 1879 3645 1928 ortum

1950 1978 2018 2017 ex
2044 1967 2304 2034 tempore
2330 1978 2449 2016 non
2497 1963 2731 2029 habere,
2779 1962 2875 2016 sed
2906 1962 3238 2015 habiturum
3283 1961 3643 2025 csse.ﬁnem;

1950 2057 2049 2107 aut
2077 2057 2133 2106 et
2161 2068 2393 2106 manere
2418 2051 2678 2123 coepisse,
2712 2055 2767 2105 et
2809 2067 2926 2104 non
2954 2056 3233 2121 perpetuo
3264 2065 3385 2104 esse
3415 2065 3645 2103 mansu-

1947 2157 2107 2196 rum:
2141 2146 2197 2195 et
2220 2139 2669 2195 innumerabilia
2707 2138 2940 2211 physica
2971 2139 3076 2192 hoc
3109 2139 3276 2193 modo
3321 2138 3470 2192 novi.
3506 2140 3648 2191 Vera

1948 2229 2103 2283 enim
2131 2228 2238 2283 ista
2268 2234 2399 2283 sunt
2428 2227 2729 2298 disjuncta,
2753 2243 2858 2281 nec
2875 2226 3253 2281 similitudine
3284 2226 3478 2296 aliqua
3506 2226 3632 2279 falsi

1948 2332 2013 2372 ea
2054 2320 2243 2386 potest
2271 2315 2573 2386 quisquam
2604 2315 2972 2369 confundere.
3008 2315 3115 2369 Sed
3148 2330 3371 2368 assume
3404 2314 3641 2383 aliquid,

1947 2404 2028 2459 ait
2050 2405 2441 2459 Academicus.
2493 2404 2661 2458 Nolo:
2697 2418 2830 2456 nam
2866 2402 2975 2457 hoc
3005 2407 3089 2456 est
3118 2403 3325 2468 dicere,
3361 2403 3643 2471 Relinque

1947 2493 2103 2564 quod
2134 2493 2259 2560 scis,
2281 2492 2370 2547 dic
2400 2492 2552 2563 quod
2582 2491 2784 2545 nescis.
2819 2491 2925 2545 Sed
2952 2491 3161 2561 pendet
3199 2491 3497 2545 sententia.
3532 2492 3643 2545 Me-

1947 2579 2057 2633 lius
2086 2583 2235 2634 certe
2263 2579 2472 2650 pendet
2504 2595 2676 2648 quam
2734 2578 2921 2632 cadit:
2980 2595 3191 2648 nempe
3248 2580 3420 2648 plana
3472 2583 3557 2631 est
3585 2578 3642 2646 9;

1947 2684 2155 2739 nempe
2179 2668 2299 2739 jam
2336 2672 2525 2737 potest
2554 2672 2653 2720 aut
2675 2668 2837 2731 falsa,
2871 2670 2966 2720 aut
2997 2683 3128 2720 vera
3158 2666 3464 2719 nominari.
3493 2668 3646 2719 Hanc

1948 2772 2087 2827 ergo
2116 2772 2208 2810 me
2239 2756 2382 2809 scire
2401 2755 2542 2808 dico.
2576 2756 2657 2808 Tu
2689 2755 2790 2824 qui
2809 2770 2913 2807 nec
2933 2754 3003 2808 ad
3024 2754 3444 2823 philosophiam
3469 2754 3645 2823 perti-

1948 2860 2087 2899 nere
2117 2844 2221 2898 ista
2250 2858 2444 2911 negas,
2479 2846 2535 2896 et
2592 2857 2792 2895 eorum
2836 2841 2965 2894 sciri
3019 2841 3159 2894 nihil
3208 2856 3372 2910 posse
3419 2841 3641 2907 asseris,

1949 2932 2184 2987 ostende
2213 2948 2303 2986 me
2333 2931 2441 2984 ista
2495 2930 2741 2983 nescire:
2773 2928 2862 2983 dic
2892 2929 3029 2982 istas
3076 2928 3486 2999 disjunctiones
3545 2934 3644 2982 aut

1946 3022 2115 3076 falsas
2146 3036 2287 3086 esse,
2320 3024 2419 3073 aut
2449 3018 2662 3090 aliquid
2721 3033 3024 3072 commune
3055 3018 3268 3071 habere
3315 3034 3446 3072 cum
3478 3018 3639 3085 falso,

1946 3126 2050 3181 per
2080 3109 2235 3180 quod
2265 3106 2509 3163 discerni
2534 3106 2770 3161 omnino
2800 3123 2915 3161 non
2947 3106 3186 3177 possint.

1947 3199 2172 3254 CAPUT
2200 3198 2289 3252 XI.
2323 3227 2391 3235 —
2418 3199 2506 3252 Ew
2560 3211 2810 3251 sensuum
2856 3197 3223 3250 imbecillitate
3259 3211 3364 3249 non
3411 3197 3555 3264 efﬁci
3584 3200 3641 3248 ut

2023 3288 2165 3344 nihil
2181 3288 2298 3342 teri
2319 3287 2679 3355 percipiatur.
2713 3287 2894 3354 Neque
2919 3300 2987 3339 ea:
3014 3300 3195 3340 somno
3223 3289 3274 3338 et
3290 3285 3497 3350 furore.

2017 3378 2104 3431 24.
2180 3375 2361 3442 Unde,
2440 3373 2650 3445 inquit,
2722 3373 2829 3427 scis
2903 3389 3023 3428 esse
3090 3373 3264 3426 istum
3336 3372 3638 3432 mundum,

1947 3462 1995 3515 si
2024 3478 2223 3516 sensus
2249 3462 2567 3517 falluntur?
2585 3464 2891 3533 Nunquam
2921 3461 3172 3516 rationes
3193 3464 3392 3513 vestrae
3426 3460 3503 3512 ita
3522 3459 3637 3512 vim

1946 3566 2218 3604 sensuum
2248 3550 2505 3605 refellere
2537 3554 2865 3621 potuerunt,
2917 3552 2981 3603 ut
3026 3547 3434 3602 convinceretis
3472 3546 3637 3599 nobis

1945 3638 2088 3693 nihil
2119 3638 2333 3705 videri;
2358 3653 2462 3693 nec
2493 3638 2731 3692 omnino
2755 3638 2878 3691 ausi
2905 3636 3038 3690 estis
3059 3636 3365 3706 aliquando
3389 3635 3493 3688 ista
3521 3638 3638 3687 ten-

1945 3731 2095 3794 tare;
2129 3727 2225 3781 sed
2252 3742 2415 3798 posse
2472 3726 2627 3780 aliud
2682 3741 2801 3780 esse
2852 3741 2916 3779 ac
2972 3724 3210 3790 videtur,
3276 3723 3641 3777 vehementer

1944 3815 2289 3886 persuadere
2324 3814 2680 3869 incubuistis.
2733 3816 2847 3885 Ego
2879 3813 3072 3883 itaque
3104 3814 3208 3867 hoc
3260 3816 3467 3874 totum,
3499 3828 3639 3882 qua-

1945 3905 2248 3975 lecumque
2280 3908 2363 3957 est
2391 3903 2544 3974 quod
2572 3918 2677 3957 nos
2707 3902 2982 3971 continet,
3013 3906 3180 3972 atque
3206 3901 3339 3967 alit;
3394 3902 3520 3967 hoc,
3554 3901 3640 3955 in-

1946 4007 2136 4063 quam,
2168 3992 2318 4062 quod
2358 3990 2536 4045 oculis
2588 3990 2731 4044 meis
2775 3994 3029 4061 apparet,
3063 4006 3095 4043 a
3139 4005 3344 4059 meque
3396 3989 3641 4043 sentitur

1945 4081 2155 4135 habere
2181 4086 2393 4134 terram
2420 4084 2477 4133 et
2504 4080 2732 4145 oculum,
2766 4083 2866 4133 aut
2913 4078 3076 4150 quasi
3126 4082 3360 4143 terram,
3394 4082 3450 4131 et
3478 4077 3639 4147 quasi

1946 4169 2173 4234 coelum,
2206 4168 2487 4222 mundum
2508 4182 2663 4221 voco.
2687 4166 2744 4221 Si
2769 4166 2908 4220 dicis
2931 4166 3076 4220 nihil
3110 4165 3253 4219 mihi
3275 4164 3471 4228 videri,
3497 4181 3641 4217 nun-

1948 4272 2119 4327 quam
2153 4256 2377 4310 errabo.
2429 4257 2482 4309 Is
2522 4255 2673 4308 enim
2725 4259 2896 4324 errat,
2928 4254 3029 4325 qui
3078 4254 3229 4324 quod
3260 4252 3367 4306 sibi
3396 4252 3637 4319 videtur,

1946 4352 2163 4400 temere
2193 4343 2421 4415 probat.
2458 4345 2630 4397 Posse
2661 4342 2817 4396 enim
2845 4344 3053 4398 falsum
3081 4341 3261 4395 videri
3297 4340 3637 4393 ascntienti—

1948 4432 2055 4487 bus
2075 4431 2283 4499 dicitis,
2299 4430 2441 4485 nihil
2458 4430 2639 4485 videri
2655 4446 2773 4485 non
2793 4429 2996 4484 dicitis.
3018 4432 3255 4484 Prorsus
3277 4427 3431 4481 enim
3453 4427 3639 4480 omnis

1947 4519 2347 4590 disputationis
2393 4534 2565 4573 causa
2614 4519 2865 4580 tolletur,
2924 4517 3022 4572 ubi
3065 4530 3305 4586 regnare
3353 4532 3450 4568 vos
3479 4515 3635 4583 libet,

1948 4608 2135 4663 sinon
2161 4608 2346 4671 soiim
2377 4607 2521 4662 nihil
2551 4608 2781 4674 scimus,
2814 4607 2911 4660 sed
2935 4605 3107 4659 etiam
3128 4603 3269 4657 nihil
3301 4603 3462 4657 nobis
3492 4604 3641 4659 vide-

1947 4700 2061 4752 tur.
2094 4696 2152 4751 Si
2178 4700 2370 4749 autem
2400 4696 2507 4750 hoc
2535 4695 2691 4766 quod
2732 4694 2873 4748 mihi
2899 4692 3126 4746 videtur
3154 4708 3326 4762 negas
3357 4693 3639 4748 mundum

1948 4801 2088 4851 esse,
2129 4784 2198 4839 de
2229 4785 2461 4839 nomine
2509 4782 2949 4839 controversiam
2994 4780 3151 4850 facis,
3208 4796 3338 4834 cum
3372 4781 3428 4835 id
3485 4798 3519 4835 a
3546 4798 3638 4837 me

1950 4873 2187 4928 dixerim
2222 4873 2503 4927 mundum
2532 4870 2741 4926 vocari.

2019 4964 2109 5017 25.
2140 4961 2422 5031 Etiamne,
2479 4960 2725 5030 inquies,
2760 4958 2807 5012 si
2855 4957 3093 5024 dormis,
3134 4960 3386 5014 mundus
3424 4964 3507 5013 est
3534 4959 3639 5013 iste

1950 5065 2123 5120 quem
2152 5048 2349 5102 vides?
2379 5049 2505 5102 Jam
2534 5047 2748 5102 dictum
2770 5050 2872 5109 est,
2905 5044 3186 5117 quidquid
3226 5048 3337 5100 tale
3386 5047 3528 5101 mihi
3554 5046 3637 5099 vi-

1952 5138 2134 5205 detur,
2160 5137 2436 5191 mundum
2459 5136 2701 5206 appello.
2722 5134 2832 5189 Sed
2853 5134 2898 5187 si
2924 5150 3052 5189 eum
3076 5135 3259 5188 solum
3271 5136 3455 5205 placet
3479 5150 3641 5187 mun-

1952 5225 2090 5280 dum
2135 5240 2355 5291 vocare,
2387 5223 2488 5295 qui
2520 5223 2746 5277 videtur
2790 5240 2822 5277 a
2850 5223 3215 5295 vigilantibus
3261 5224 3345 5277 vel
3399 5222 3569 5275 etiam
3608 5239 3642 5276 a

1952 5313 2133 5380 sanis;
2164 5313 2303 5367 illud
2332 5312 2632 5380 contende,
2663 5312 2711 5366 si
2754 5316 2937 5384 pates,
2987 5328 3085 5367 eos
3115 5311 3214 5383 qui
3259 5309 3551 5364 dormiunt
3578 5327 3642 5364 ac

1984 5422 1997 5431 ’
2018 5440 2035 5472 ι
2072 5437 2148 5485 Ita
2172 5437 2294 5485 Mss.
2326 5435 2390 5484 At
2417 5435 2569 5491 Edd.,
2601 5438 2915 5497 sapientiam
2942 5434 3109 5483 illam.

2017 5501 2038 5534 ³
2067 5498 2273 5562 Septem
2305 5499 2447 5558 Mss,
2474 5498 2631 5561 plena
2653 5500 2744 5548 est.
