4062 6188
448 209 549 262 947

447 329 687 392 furiunt,
723 329 920 382 nonin
953 328 1166 382 mundo
1198 328 1385 382 furere
1410 331 1581 398 atque
1620 325 1897 381 dormire.
1933 325 2142 388 Quam-

451 419 653 472 obrem
695 417 801 470 hoc
849 417 995 483 dico,
1030 417 1199 470 istam
1246 420 1427 470 totam
1471 429 1778 485 corporum
1809 415 2022 468 molem
2062 418 2148 468 at-

452 522 564 576 que
595 505 917 558 machinam
947 505 1008 558 in
1057 521 1169 575 qua
1200 521 1418 569 sumus,
1453 503 1577 556 'sive
1611 502 1982 566 dormientes,
2033 502 2148 556 sive

452 595 727 659 furentes,
805 593 919 646 sive
998 592 1318 663 vigilantes,
1389 591 1505 644 sive
1583 591 1726 657 sani,
1805 595 1902 644 aut
1975 607 2150 645 unam

455 698 598 748 esse,
640 684 738 734 aut
783 696 899 733 non
931 695 1050 732 esse
1109 694 1300 732 unam.
1352 677 1627 746 Edissere,
1687 677 1972 748 quomodo
2027 695 2153 749 pos-

456 771 527 824 sit
566 769 675 824 ista
721 784 842 822 esse
890 768 1028 821 falsa
1085 766 1384 820 sententia.
1435 766 1493 820 Si
1542 766 1697 819 enim
1747 767 1995 836 dormio,
2029 766 2152 820 fieri

454 861 642 930 potest
667 861 732 911 ut
774 856 921 910 nihil
953 855 1226 921 dixerim;
1260 858 1359 908 aut
1406 854 1452 907 si
1497 855 1668 907 etiam
1717 871 1815 908 ore
1863 855 2151 909 dormien-

457 947 529 1001 tis
579 945 770 1012 verba,
810 950 876 998 ut
922 944 1084 1009 solet,
1147 947 1466 1008 evaserunt,
1523 946 1715 1013 potest
1752 942 1879 996 fieri
1931 948 1992 997 ut
2035 958 2152 996 non

456 1035 566 1100 hic,
622 1049 738 1087 non
781 1033 858 1086 ita
904 1032 1129 1100 sedens,
1197 1047 1314 1084 non
1379 1031 1500 1084 istis
1582 1031 1950 1085 audientibus
2003 1031 2150 1084 dixe-

458 1121 597 1175 rim:
631 1125 695 1174 ut
726 1125 916 1174 autem
947 1120 1056 1173 hoc
1083 1119 1292 1173 falsum
1332 1118 1424 1185 sit,
1457 1134 1574 1172 non
1615 1123 1828 1187 potest.
1889 1120 1999 1173 Nec
2051 1135 2154 1188 ego

458 1211 602 1264 illud
641 1226 733 1264 me
765 1209 1083 1279 percepisse
1121 1207 1269 1274 dico,
1312 1208 1466 1277 quod
1495 1207 1746 1276 vigilem.
1794 1208 1962 1261 Potes
2003 1205 2157 1259 enim

460 1301 672 1366 dicere,
723 1300 830 1353 hoc
872 1298 1014 1352 mihi
1059 1297 1231 1352 etiam
1287 1297 1594 1352 dormienti
1643 1297 1822 1351 videri
1869 1297 2156 1367 potuisse;

461 1387 706 1458 ideoque
746 1386 852 1439 hoc
883 1389 1067 1456 potest
1105 1399 1226 1438 esse
1269 1383 1410 1437 falso
1461 1384 1837 1438 simillimum.
1871 1385 1929 1438 Si
1967 1389 2156 1439 autem

462 1492 611 1529 unus
632 1480 690 1529 et
705 1491 804 1528 sex
826 1473 1029 1528 mundi
1049 1477 1209 1541 sunt;
1233 1477 1451 1543 septem
1478 1473 1724 1527 mundos
1755 1489 1895 1540 esse,
1925 1488 2158 1543 quoquo

463 1564 634 1617 modo
665 1562 896 1617 affectus
926 1562 1056 1630 sim,
1103 1562 1475 1615 manifestum
1514 1567 1618 1622 est,
1677 1566 1734 1615 et
1782 1562 1843 1615 id
1873 1577 1966 1616 me
2017 1561 2160 1614 scire

464 1668 581 1705 non
625 1651 991 1721 impudenter
1037 1647 1496 1713 afﬁrmo.'Quare
1525 1649 1613 1702 vel
1651 1651 1797 1703 hanc
1852 1650 2158 1703 connexio-

463 1755 616 1805 nem,
648 1740 738 1792 vel
793 1738 917 1792 illas
972 1737 1232 1807 superius
1281 1737 1712 1807 disjunctiones,
1770 1738 1906 1792 doce
1955 1754 2157 1792 somno

467 1833 564 1883 aut
593 1829 783 1882 furore
814 1832 913 1882 aut
943 1827 1190 1881 vanitate
1223 1841 1496 1879 sensuum
1527 1843 1692 1896 posse
1728 1842 1848 1880 esse
1877 1827 2074 1893 falsas;
2107 1831 2164 1880 et

465 1939 578 1989 me,
635 1923 683 1976 si
738 1921 1163 1993 expergefactus
1212 1919 1320 1974 ista
1371 1919 1714 1990 meminero,
1771 1919 1983 1974 victum
2043 1937 2162 1974 esse

467 2011 792 2066 concedam.
853 2010 1031 2065 Credo
1074 2009 1230 2062 enim
1273 2009 1396 2079 jam
1427 2008 1564 2061 satis
1599 2008 1820 2078 liquere
1880 2025 2010 2080 quae
2064 2025 2164 2078 per

470 2099 756 2154 somnium
809 2103 866 2152 et
918 2096 1266 2152 dementiam
1308 2096 1449 2149 falsa
1479 2096 1798 2162 videantur,
1858 2113 1924 2150 ea
1955 2098 2166 2151 scilicet

471 2203 600 2257 qua:
630 2186 698 2239 ad
727 2185 982 2255 corporis
1014 2200 1210 2238 sensus
1235 2183 1555 2254 pertinent:
1589 2199 1724 2237 nam
1757 2189 1845 2238 ter
1874 2188 2041 2238 terna
2069 2201 2168 2238 no-

469 2289 598 2326 vem
627 2289 767 2339 esse,
801 2281 856 2326 et
899 2272 1242 2343 quadratum
1270 2271 1726 2343 intelligibilium
1768 2288 2165 2339 numerorum,

471 2377 700 2416 necesse
731 2366 816 2415 est
844 2362 928 2415 vel
960 2377 1170 2430 genere
1218 2361 1472 2414 humano
1521 2365 1793 2414 stertente
1838 2361 1913 2415 sit
1943 2378 2164 2416 verum.

473 2451 814 2520 Quanquam
844 2449 1019 2503 etiam
1049 2464 1152 2518 pro
1183 2447 1321 2518 ipsis
1351 2449 1610 2502 sensibus
1640 2450 1823 2504 multa
1862 2467 2026 2521 posse
2058 2451 2168 2505 dici

466 2538 656 2604 video,
691 2553 820 2608 quae
841 2537 910 2590 ab
936 2536 1286 2590 Academicis
1307 2537 1651 2607 reprehensa
1672 2553 1788 2591 non
1821 2537 2164 2592 invenimus.

473 2628 651 2682 Credo
682 2626 837 2680 enim
867 2641 1065 2680 sensus
1121 2641 1238 2679 non
1269 2626 1540 2693 accusari,
1581 2627 1670 2681 vel
1701 2628 1857 2698 quod
1886 2627 2168 2698 imagina-

471 2715 658 2770 tiones
685 2713 853 2768 falsas
886 2713 1142 2768 furentes
1170 2713 1486 2782 patiuntur,
1519 2716 1607 2768 vel
1636 2715 1789 2784 quod
1820 2715 1963 2769 falsa
1988 2715 2049 2770 in
2080 2733 2169 2769 so-

470 2804 622 2860 mnis
634 2803 910 2857 videmus.
934 2802 992 2857 Si
1011 2801 1168 2856 enim
1191 2818 1320 2856 vera
1339 2802 1709 2872 vigilantibus
1729 2807 1900 2874 atque
1915 2803 2068 2857 sanis
2087 2819 2172 2858 re-

473 2892 840 2958 nuntiarunt;
865 2890 1005 2945 nihil
1027 2890 1096 2945 ad
1123 2906 1239 2959 eos,
1267 2891 1407 2962 quid
1436 2890 1545 2946 sibi
1576 2891 1802 2949 animus
1836 2891 2173 2946 dormientis

473 2980 928 3051 insanientisque
953 2979 1248 3050 contingat
1269 2981 1310 3034 ¹.

546 3072 614 3124 26
629 3109 641 3122 .
673 3071 866 3122 Restat
895 3073 961 3122 ut
986 3074 1299 3139 quaeratur,
1322 3071 1518 3122 utrum
1539 3083 1668 3122 cum
1690 3067 1801 3139 ipsi
1819 3069 2172 3136 renuntiant,

475 3172 675 3212 verum
704 3156 1055 3212 renuntient.
1090 3159 1231 3227 Age,
1276 3155 1323 3210 si
1346 3156 1495 3210 dicat
1524 3157 1833 3228 Epicureus
1863 3158 2174 3228 quispiam,

479 3245 634 3300 Nihil
659 3245 839 3299 habeo
870 3245 1022 3316 quod
1070 3245 1138 3299 de
1183 3245 1444 3299 sensibus
1487 3262 1838 3317 conquerar:
1893 3246 2176 3316 injustum

477 3338 561 3388 est
585 3333 741 3388 enim
780 3333 849 3388 ab
881 3333 961 3387 eis
991 3331 1219 3403 exigere
1248 3334 1556 3405 plusquam
1590 3339 1856 3404 possunt;
1895 3335 2178 3406 quidquid

477 3427 670 3478 autem
701 3426 941 3492 possunt
969 3421 1163 3476 videre
1217 3421 1390 3490 oculi,
1441 3438 1641 3476 verum
1685 3423 1898 3478 vident.
1955 3425 2176 3494 Ergone

478 3527 680 3567 verum
709 3516 793 3566 est
823 3511 975 3582 quod
1006 3511 1075 3566 de
1102 3526 1262 3565 remo
1292 3510 1353 3564 in
1383 3527 1533 3581 aqua
1564 3511 1798 3565 vident?
1824 3513 2062 3565 Prorsus
2082 3528 2179 3566 ve-

480 3617 630 3655 rum.
668 3602 809 3654 Nam
829 3615 998 3654 causa
1028 3599 1330 3654 accedente
1359 3615 1535 3670 quare
1558 3599 1639 3654 ita
1668 3600 1972 3666 videretur,
2006 3599 2052 3653 si
2087 3601 2180 3654 de-

480 3706 702 3744 mersus
726 3689 880 3744 unda
913 3704 1106 3743 remus
1156 3692 1342 3742 rectus
1389 3693 1710 3759 appareret,
1769 3687 1954 3759 magis
1986 3689 2179 3743 oculos

482 3794 642 3832 meos
670 3777 824 3831 falsae
855 3777 1293 3831 renuntiationis
1320 3793 1649 3847 arguerem.
1689 3777 1814 3831 Non
1845 3775 2001 3830 enim
2032 3776 2182 3831 vide-

483 3871 615 3920 rent
643 3865 795 3936 quod
829 3865 1037 3918 talibus
1066 3865 1435 3918 existentibus
1473 3865 1657 3919 causis
1691 3865 2001 3919 videndum
2037 3866 2170 3921 fuit.

484 3953 635 4018 Quid
664 3952 861 4006 multis
891 3969 1034 4024 opus
1055 3956 1178 4007 est?
1209 3955 1322 4006 Hoc
1376 3953 1446 4006 de
1477 3953 1727 4008 turrium
1759 3958 1940 4019 motu,
1974 3955 2081 4008 hoc
2111 3955 2180 4008 de

484 4042 739 4114 pinnulis
765 4041 974 4107 avium,
1005 4043 1114 4096 hoc
1158 4042 1227 4096 de
1277 4042 1494 4095 czeteris
1522 4041 2039 4097 innumerabilibus
2070 4042 2181 4097 dici

483 4135 690 4200 potest.
735 4131 850 4200 Ego
883 4135 1078 4186 tamen
1106 4130 1292 4198 fallor,
1344 4131 1390 4183 si
1423 4131 1719 4192 assentiar,
1753 4131 1835 4186 ait
1872 4131 2177 4202 quispiam.

483 4219 614 4275 Noli
646 4221 774 4290 plus
806 4219 1084 4282 assentiri,
1106 4235 1281 4289 quam
1313 4223 1378 4273 ut
1402 4219 1482 4274 ita
1516 4220 1618 4274 tibi
1641 4235 1916 4290 apparere
1945 4237 2181 4290 persua-

483 4309 646 4376 deas;
694 4313 749 4362 et
796 4307 955 4362 nulla
999 4307 1256 4379 deceptio
1299 4311 1401 4362 est.
1451 4309 1573 4362 Non
1613 4309 1766 4363 enim
1805 4309 1984 4374 video,
2040 4326 2182 4381 quo-

483 4398 656 4452 modo
680 4396 902 4452 refellat
949 4395 1320 4450 Academicus
1352 4411 1484 4449 eum
1527 4395 1627 4466 qui
1673 4396 1835 4450 dicit:
1885 4399 2001 4451 Hoc
2039 4397 2178 4450 mihi

482 4485 791 4540 candidum
840 4485 1017 4538 videri
1045 4484 1190 4551 scio;
1245 4484 1353 4538 hoc
1387 4483 1647 4538 auditum
1682 4501 1878 4539 meum
1911 4486 2182 4540 delectari

484 4574 625 4640 scio;
653 4574 760 4628 hoc
790 4573 932 4628 mihi
971 4573 1225 4644 jucunde
1259 4573 1414 4627 olere
1449 4573 1595 4640 scio;
1641 4573 1746 4627 hoc
1795 4574 1941 4628 mihi
1983 4591 2182 4644 sapere

487 4662 729 4716 dulciter
751 4662 896 4729 scio;
919 4663 1026 4718 hoc
1048 4661 1190 4716 mihi
1219 4677 1341 4715 esse
1367 4660 1646 4732 frigidum
1676 4661 1819 4716 scio.
1849 4663 1948 4716 Dic
1970 4663 2179 4732 potius,

485 4753 683 4804 utrum
714 4766 817 4820 per
843 4766 903 4804 se
935 4767 1144 4805 amarae
1165 4749 1282 4804 sint
1302 4749 1532 4804 oleastri
1560 4749 1811 4816 frondes,
1844 4767 1986 4821 quas
2014 4766 2183 4821 caper

486 4843 604 4893 tam
650 4838 1018 4908 pertinaciter
1071 4839 1311 4910 appetit.
1373 4839 1416 4894 Ο
1469 4839 1763 4893 hominem
1815 4838 2175 4908 improbum!

485 4941 678 4982 nonne
708 4931 790 4980 est
817 4941 985 4998 caper
1013 4927 1134 4998 ipse
1161 4927 1473 4982 modestior
1490 4927 1518 4983 ?
1545 4927 1740 4982 Nescio
1765 4929 1962 4997 quales
1991 4929 2182 4998 pecori

485 5017 616 5082 sint,
649 5013 794 5068 mihi
823 5017 1017 5068 tamen
1043 5031 1254 5070 amarae
1283 5021 1452 5071 sunt:
1488 5017 1629 5086 quid
1659 5015 1870 5088 quaeris
1895 5016 2182 5087 amplius?

487 5104 595 5160 Sed
629 5108 712 5157 est
741 5103 978 5157 fortasse
1007 5105 1214 5175 aliquis
1245 5105 1415 5159 etiam
1445 5105 1766 5169 hominum,
1799 5105 1891 5159 cui
1927 5121 2044 5159 non
2071 5106 2183 5159 sint

489 5209 716 5247 amarae.
747 5191 1030 5246 Tendisne
1084 5193 1142 5246 in
1189 5195 1553 5250 molestiam?
1601 5195 2029 5266 Numquidnam
2075 5211 2181 5265 ego

487 5301 708 5339 amaras
755 5300 874 5338 esse
917 5283 1182 5339 omnibus
1239 5285 1398 5339 dixi?
1446 5285 1591 5341 mihi
1633 5285 1772 5354 dixi,
1822 5289 1880 5340 et
1917 5285 2026 5340 hoc
2065 5301 2182 5339 non

553 5462 568 5494 ι
600 5460 736 5519 Pan,
766 5461 856 5524 qui
880 5459 975 5509 sibi
996 5460 1300 5509 animum:..
1335 5458 1661 5522 con-ﬁngant.
1693 5461 1760 5509 Μ.

1553 203 1836 259 CONTRA
1876 202 2351 269 ACADEMICOS,
2395 203 2449 257 s.
2493 199 2876 258 AUGUSTINI
3804 210 3879 259 9a
3963 183 3965 232 t

2253 340 2480 396 semper
2528 324 2773 379 afﬁrmo.
2833 321 2980 387 Quid
3011 321 3059 376 si
3089 322 3246 376 enim
3273 322 3408 376 alias
3438 323 3546 376 alia
3573 339 3742 392 causa,
3771 344 3882 381 nunc
3963 323 3965 386 ἕ

2258 395 2422 468 dulce
2449 411 2767 483 quidpiam,
2793 427 2945 464 nunc
2965 426 3226 464 amarum
3257 409 3320 464 in
3339 426 3438 465 ore
3458 411 3750 466 sentiatur?
3776 415 3883 468 illud

2259 503 2404 569 dico,
2437 517 2600 570 posse
2646 499 2944 554 hominem
2975 515 3106 552 cum
3135 499 3354 570 aliquid
3402 504 3604 570 gustat,
3648 501 3777 556 bona
3807 506 3884 558 tida

2254 590 2470 660 jurare,
2504 605 2562 642 se
2595 587 2734 642 scire
2765 589 2955 658 palato
2984 603 3086 642 suo
3124 587 3267 641 illud
3299 604 3466 641 suave
3512 604 3643 648 esse,
3687 591 3763 643 vel
3789 608 3885 644 cou-

2263 685 2368 745 tra,
2403 694 2505 732 nec
2535 679 2652 730 ulla
2681 677 2970 731 calumnia
2999 693 3185 748 graeca
3237 677 3306 730 ab
3362 677 3470 730 ista
3523 677 3743 732 scientia
3767 696 3885 749 posse
3964 693 3965 740 ;

2262 767 2484 822 deduci.
2530 767 2666 830 Quis
2709 766 2859 820 enim
2900 772 3012 818 :rim
3045 765 3348 836 impudens
3377 765 3469 832 sit,
3511 766 3607 836 qui
3647 767 3886 822 mihicum

2265 855 2632 910 delectatione
2681 854 2901 924 aliquid
2944 854 3245 925 ligurienti
3297 854 3478 908 dicat:
3531 855 3763 908 Fortasse
3809 872 3886 908 non

2264 949 2474 1015 gustas,
2509 943 2607 997 sed
2632 943 2740 997 hoc
2787 941 3077 996 somnium
3108 943 3228 996 est?
3269 941 3685 1012 Numquidnam
3707 943 3887 996 resisto?

2265 1033 2372 1087 Sed
2397 1049 2489 1086 me
2508 1036 2703 1086 tamen
2723 1031 2866 1085 illud
2887 1031 2949 1084 in
2969 1030 3186 1084 somnis
3213 1030 3386 1084 etiam
3408 1031 3716 1085 delectaret.
3754 1032 3885 1095 Quare
3964 1049 3965 1095 ξ

2266 1121 2409 1175 illud
2439 1120 2595 1191 quod
2642 1136 2734 1174 me
2765 1119 2905 1173 scire
2935 1118 3068 1188 dixi,
3101 1120 3259 1173 nulla
3311 1119 3605 1172 confundit
3644 1119 3886 1173 similitudo

2266 1210 2558 1264 falsorum.
2592 1210 2658 1263 Et
2687 1208 3016 1278 Epicureus,
3049 1208 3137 1261 vel
3195 1207 3483 1278 Cyrenaici
3531 1211 3585 1260 et
3615 1207 3718 1260 alia
3761 1209 3887 1261 multa
3964 1231 3965 1278 ξ

2267 1298 2502 1352 fortasse
2550 1313 2654 1368 pro
2700 1297 2959 1351 sensibus
3011 1297 3216 1362 dicant,
3265 1301 3464 1350 contra
3495 1313 3621 1367 qua:
3670 1297 3793 1350 nihil
3833 1297 3888 1350 di-
3964 1297 3965 1348 l

2267 1391 2421 1440 ctum
2449 1402 2568 1439 esse
2600 1387 2668 1440 ab
2697 1384 3051 1439 Academicis
3083 1385 3289 1455 accepi.
3319 1385 3429 1440 Sed
3459 1384 3595 1456 quid
3623 1385 3691 1438 ad
3725 1387 3829 1438 mc?
3855 1385 3888 1438 Si

2267 1476 2464 1529 volunt
2491 1474 2621 1540 ista,
2655 1477 2711 1526 et
2757 1474 2805 1526 si
2832 1477 3094 1543 possunt,
3127 1473 3301 1527 etiam
3360 1489 3451 1526 me
3495 1473 3707 1527 favente
3731 1473 3888 1526 resciu-

2271 1564 2426 1618 dant.
2459 1562 2748 1632 Quidquid
2775 1562 2930 1616 enim
2951 1566 3147 1616 contra
3176 1578 3374 1615 sensus
3405 1562 3478 1615 ab
3507 1561 3585 1614 eis
3617 1562 3886 1632 disputatur,
3964 1567 3965 1632 ᾗ

2271 1669 2385 1706 non
2416 1656 2614 1706 contra
2634 1667 2836 1705 omnes
2866 1650 3236 1721 philosophos
3274 1651 3450 1704 valet.
3512 1651 3648 1705 Sunt
3673 1649 3802 1704 enim
3825 1649 3890 1719 qui

2271 1741 2382 1795 ista
2432 1740 2648 1809 omnia,
2683 1756 2813 1810 quae
2843 1739 3100 1810 corporis
3131 1755 3303 1793 sensu
3331 1738 3537 1809 accipit
3564 1739 3779 1805 animus,
3806 1738 3888 1806 opi-
3964 1738 3965 1784 Ἰ

2272 1829 2504 1884 nionem
2531 1845 2694 1900 posse
2725 1830 2959 1900 gignere
2987 1827 3359 1896 conﬁtentur,
3392 1827 3680 1882 scientiam
3704 1840 3809 1879 vero
3825 1839 3888 1877 ne-

2273 1922 2428 1988 gant.
2475 1917 2656 1980 Quam
2684 1921 2878 1971 tamen
2905 1916 3105 1970 volunt
3134 1915 3516 1986 intelligentia
3544 1912 3809 1978 contineri,
3832 1928 3887 1964 re-

2275 2010 2605 2076 motumque
2637 2022 2668 2058 a
2696 2005 2955 2058 sensibus
2978 2004 3040 2058 in
3056 2009 3246 2058 mente
3277 2003 3490 2058 vivere.
3531 2004 3592 2056 Et
3617 2004 3745 2056 forte
3767 2001 3813 2053 in
3832 2016 3886 2052 eu

2275 2110 2404 2148 rum
2435 2109 2675 2147 numero
2697 2096 2782 2146 est
2811 2092 3036 2162 sapiens
3064 2092 3160 2145 ille
3190 2107 3367 2162 quem
3399 2090 3714 2162 quaerimus.
3740 2088 3822 2142 Sed
3843 2088 3886 2139 de

2275 2184 2385 2237 hoc
2413 2183 2570 2236 alias.
2598 2183 2758 2236 Nunc
2784 2182 2856 2236 ad
2877 2181 3100 2251 reliqua
3122 2195 3432 2251 pergamus
3454 2195 3580 2251 quae
3600 2182 3797 2250 propter
3817 2177 3887 2228 ista

2279 2287 2407 2341 qua:
2438 2271 2562 2340 jam
2594 2270 2741 2324 dicta
2771 2279 2921 2337 sunt,
2953 2269 3174 2340 paucis,
3207 2268 3320 2322 nisi
3352 2269 3520 2322 fallor
3545 2266 3884 2338 explicabimus.

2280 2360 2505 2414 CAPUT
2534 2359 2648 2412 XII.
2681 2384 2751 2395 -
2785 2360 2947 2426 Urget
2967 2357 3324 2412 Academicos
3357 2371 3579 2412 causare
3601 2359 3785 2423 frustra
3810 2369 3883 2408 sen-

2549 2462 2705 2501 suum
2733 2448 2815 2500 υει
2845 2449 3018 2501 somni
3046 2452 3095 2501 et
3123 2449 3335 2513 furoris
3366 2446 3701 2515 deceptiones.

2350 2540 2437 2590 27.
2463 2535 2608 2600 Quid
2634 2535 2787 2589 enim
2809 2536 2878 2590 de
2896 2535 3155 2590 moribus
3183 2521 3578 2606 inquirentem
3604 2533 3682 2586 vel
3694 2533 3820 2602 juvat
3839 2528 3888 2580 vel

2281 2624 2522 2694 impedit
2568 2625 2824 2694 corporis
2873 2625 3109 2678 sensus?
3150 2624 3267 2678 Nisi
3321 2640 3455 2677 vero
3513 2624 3634 2677 illos
3683 2622 3804 2691 ipsos
3831 2617 3888 2688 qui

2282 2729 2573 2767 summum
2600 2713 2848 2768 hominis
2875 2714 3092 2767 bonum
3122 2713 3181 2766 in
3207 2713 3504 2783 voluptate
3541 2726 3772 2783 posucre,
3797 2706 3887 2761 nihil

2282 2801 2523 2872 impedit
2552 2806 2650 2855 aut
2693 2801 2975 2855 columbae
3025 2800 3255 2867 collum,
3293 2806 3398 2855 aut
3437 2817 3544 2854 vox
3594 2800 3790 2859 incerta,
3831 2801 3889 2847 aut

2285 2906 2454 2961 grave
2479 2890 2708 2960 pondus
2734 2889 2958 2944 homini
2987 2889 3144 2960 quod
3181 2889 3417 2944 camelis
3447 2890 3565 2944 leve
3593 2893 3688 2955 est,
3724 2889 3800 2939 aut
3821 2882 3889 2935 alia

2285 2983 2567 3046 sexcenta,
2601 2978 2910 3048 quominus
2940 2977 3132 3032 dicant
3159 2993 3224 3031 eo
3256 2994 3377 3048 quo
3434 2977 3755 3032 delectantur
3785 2972 3887 3026 dele-

2286 3068 2510 3121 ctari‘se
2554 3067 2716 3132 scire,
2759 3067 2848 3120 vel
2888 3083 2954 3120 eo
3003 3082 3117 3138 quo
3155 3066 3530 3121 offenduntur
3555 3063 3742 3120 otIendi
3775 3056 3888 3132 (quod
3964 3075 3965 3138 ᾗ

2287 3156 2471 3210 refelli
2519 3172 2685 3227 posse
2715 3171 2833 3209 non
2861 3155 3088 3226 video);
3141 3171 3273 3209 eum
3309 3155 3727 3210 commovebunt
3749 3149 3820 3221 qui
3849 3146 3889 3198 ﬁ-

2288 3260 2421 3299 nem
2447 3244 2585 3299 boni
2612 3249 2805 3298 mente
2835 3244 3250 3314 complectitur.
3278 3245 3432 3308 Quid
3458 3246 3655 3299 horum
3681 3247 3730 3296 tu
3755 3235 3888 3305 eligis?
3964 3231 3965 3282 ἓ

2287 3334 2345 3388 Si
2389 3333 2525 3404 quid
2573 3333 2713 3386 mihi
2768 3333 3047 3398 videatur,
3106 3333 3351 3403 quaeris;
3402 3333 3463 3387 in
3509 3336 3684 3387 mente
3722 3326 3888 3383 arbitror

2289 3439 2410 3477 esse
2438 3437 2733 3477 summum
2762 3422 3012 3476 hominis
3030 3421 3245 3476 bonum
3269 3423 3417 3492 (Lib.
3451 3427 3472 3476 1
3503 3424 3840 3483 Retract.,cap.
3858 3414 3885 3470 t.

2287 3526 2342 3564 η.
2371 3510 2446 3579 4).
2480 3510 2590 3565 Sed
2617 3525 2772 3564 nunc
2801 3511 2871 3565 de
2901 3509 3134 3564 scientia
3164 3511 3506 3580 quaerimus.
3534 3511 3667 3578 Ergo
3685 3508 3888 3567 intcrrogt1

2291 3599 2628 3669 sapientem,
2651 3599 2751 3670 qui
2775 3615 2894 3653 non
2935 3603 3125 3669 potest
3148 3598 3423 3669 ignorare
3445 3597 3773 3669 sapientiam:
3797 3587 3887 3645 mihi

2287 3690 2483 3740 tamen
2501 3688 2666 3742 tardo
2690 3687 2776 3741 illi
2807 3692 2976 3758 atque
3005 3688 3177 3742 stulto
3207 3687 3348 3742 licet
3385 3687 3610 3742 interim
3635 3685 3770 3750 scire,
3800 3675 3883 3731 boui

2289 3775 2529 3830 humani
2567 3774 2766 3844 ﬁnem,
2797 3775 2859 3830 in
2907 3791 3020 3847 quo
3049 3775 3335 3830 inhabitet
3363 3777 3528 3832 beata
3561 3775 3684 3841 vita,
3710 3774 3785 3826 aut
3805 3764 3885 3820 nut-

2289 3865 2412 3920 lum
2443 3880 2585 3932 esse,
2613 3870 2711 3920 aut
2753 3864 2816 3918 in
2862 3865 3056 3920 animo
3085 3882 3228 3933 esse,
3278 3871 3380 3921 aut
3407 3867 3470 3920 in
3514 3878 3742 3935 corpore,
3763 3854 3883 3912 autin

2289 3957 2556 4024 utroque.
2609 3955 2723 4008 Hoc
2761 3970 2874 4022 me,
2922 3953 2970 4008 si
3009 3959 3192 4025 potes,
3235 3955 3456 4010 nescire
3504 3938 3882 4015 convince;q110d

2292 4041 2608 4095 notissimae
2652 4042 2766 4096 illae
2795 4047 2996 4096 vestra:
3028 4042 3282 4096 rationes
3339 4045 3495 4097 nullo
3547 4039 3700 4096 modo
3723 4034 3881 4091 faciunt.

2291 4131 2457 4196 Quod
2501 4132 2548 4185 si
2590 4147 2706 4186 non
2745 4136 2924 4203 potes,
2976 4149 3091 4186 non
3122 4133 3281 4186 enim
3330 4133 3577 4202 reperies
3603 4129 3684 4184 cui
3707 4125 3812 4181 falso
3835 4117 3883 4171 51'

2291 4219 2428 4274 mile
2461 4219 2554 4289 sit,
2609 4235 2792 4290 egone
2839 4220 3179 4275 concludere
3218 4221 3513 4285 dubitabo,
3546 4224 3680 4273 recte
3714 4209 3820 4267 mihi
3837 4206 3884 4255 vr

2294 4309 2426 4363 deat
2463 4309 2605 4364 scire
2629 4309 2944 4379 sapientem
2975 4308 3257 4380 quidquid
3302 4311 3366 4364 in
3396 4304 3733 4380 philosophia
3753 4307 3884 4353 verum

2293 4401 2397 4464 est,
2429 4414 2561 4452 cum
2591 4414 2694 4467 ego
2724 4397 2856 4451 inde
2887 4401 3002 4450 tam
3033 4397 3214 4452 multa
3243 4414 3377 4452 vera
3407 4390 3770 4468 cognoverim?

2361 4487 2450 4539 28.
2483 4486 2592 4540 Sed
2621 4485 2827 4540 metuit
2851 4485 3088 4540 fortasse
3116 4502 3188 4540 ne
3217 4502 3510 4540 summum
3551 4485 3741 4538 bonum
3773 4471 3885 4538 alii!at

2292 4573 2601 4627 dormiens.
2638 4574 2791 4628 Nihil
2820 4575 3063 4644 periculi
3105 4579 3215 4630 est:
3249 4591 3384 4630 cum
3413 4569 3748 4644 evigilaverit,
3772 4573 3883 4628 τερυ-
3964 4567 3965 4576 “

2291 4662 2470 4716 diabit
2501 4662 2548 4715 si
2577 4661 2856 4733 displicet,
2898 4663 3120 4718 tenebit
3146 4663 3196 4718 si
3229 4665 3438 4734 placet.
3483 4661 3609 4726 Quis
3647 4655 3772 4712 enim
3799 4658 3883 4734 eunt
3964 4655 3965 4704 ζ

2292 4754 2440 4804 recte
2492 4751 2842 4822 vituperabit
2921 4753 3076 4823 quod
3150 4733 3362 4806 falsum
3417 4750 3555 4805 vidit
3601 4747 3657 4800 in
3703 4733 3884 4823 somnis?

2290 4843 2404 4893 Aut
2444 4821 2678 4894 fortasse
2724 4840 2866 4895 illud
2907 4821 3262 4907 formidahit,
3304 4856 3378 4894 ne
3424 4834 3694 4893 dormiens
3730 4821 3884 4881 amittat

2292 4929 2652 5000 sapientiam,
2683 4929 2730 4982 si
2778 4946 2885 4999 pro
2924 4929 3070 4984 veris
3105 4929 3246 4983 falsa
3294 4922 3647 5000 probaverit?
3688 4919 3777 4974 Hoc
3805 4911 3883 4979 iam
3964 4929 3965 4992 ξ

2294 5032 2365 5069 ne
2413 5017 2703 5071 dormiens
2769 5017 3000 5088 quidem
3046 5018 3219 5073 audet
3265 5017 3577 5079 somniare,
3617 5014 3671 5062 ut
3723 5001 3882 5094 θερί-ειν

2292 5109 2410 5158 tem
2452 5105 2787 5175 vigilantem
2815 5112 2994 5173 vocet,
3039 5112 3212 5178 neget
3251 5106 3297 5160 si
3330 5104 3584 5162 dormiat.
3617 5100 3726 5154 H1126
3765 5094 3883 5178 citam

2291 5193 2361 5247 de
2388 5193 2580 5248 furore
2604 5194 2717 5249 dici
2741 5201 3008 5265 possunt:
3032 5176 3213 5251 sed—in
3232 5196 3345 5250 alia
3371 5193 3591 5250 festinat
3607 5183 3771 5242 oratio.
3796 5176 3882 5229 Ηωε

2294 5287 2488 5337 tamen
2547 5282 2669 5338 sine
2723 5285 3041 5340 concisione
3113 5285 3472 5340 securissima
3523 5294 3630 5334 non
3671 5269 3880 5353 reﬂuit“?

2292 5374 2406 5426 Aut
2434 5371 2588 5427 enim
2618 5372 2898 5428 amittitur
2937 5374 3130 5428 furore
3180 5373 3477 5444 sapientia,
3507 5368 3678 5437 etjam
3705 5370 3794 5452 ιιοΡ

2295 5461 2542 5531 sapiens,
2575 5479 2748 5533 quem
2777 5479 2974 5518 verum
3004 5463 3267 5534 ignorare
3297 5459 3574 5516 clamatis:
3604 5456 3689 5508 aut
3713 5442 3879 5500 scientia

3963 183 3965 232 l

3963 323 3965 378 λ

3963 927 3965 1008 l

3964 1259 3965 1342 l

3964 1419 3965 1466 l

3964 1487 3965 1560 l
