4062 6188
160 244 263 296 949

160 366 280 437 ejus
308 370 503 422 manet
530 366 593 423 in
616 366 928 436 intellectu,
954 369 1177 425 etiamsi
1193 386 1326 442 pars
1365 371 1544 427 animi
1569 376 1775 428 caetera
1798 373 1859 429 id

158 457 310 528 quod
340 456 560 527 accepit
587 473 620 510 a
665 457 923 513 sensibus
952 459 1107 513 velut
1136 458 1196 514 in
1242 460 1455 515 somnis
1483 461 1856 533 imaginetur.

327 544 556 600 CAPUT
594 545 734 600 XIII.
767 575 834 586 -—
866 547 1039 603 Multa
1062 549 1279 618 percipi
1304 550 1364 603 in
1387 549 1690 604 dialectica.

226 636 318 688 29.
379 635 573 688 Restat
627 634 940 701 dialectica,
999 652 1174 707 quam
1230 640 1379 691 certe
1434 637 1662 708 sapiens
1713 638 1861 693 bene

158 723 337 789 novit,
380 739 485 777 nec
526 723 733 777 falsum
783 723 924 777 scire
994 724 1297 795 quisquam
1353 729 1557 795 potest.
1608 725 1666 780 Si
1728 743 1861 782 vero

157 828 287 866 eam
318 811 515 877 nescit,
549 828 664 865 non
692 811 941 882 pertinet
967 812 1034 866 ad
1068 812 1406 882 sapientiam
1437 814 1559 885 ejus
1589 814 1860 884 cognitio,

155 900 279 955 sine
311 916 425 972 qua
446 916 565 954 esse
597 899 825 970 sapiens
851 900 1074 971 potuit;
1103 904 1159 955 et
1178 902 1467 971 superﬂuo
1501 907 1695 957 utrum
1726 920 1859 959 vera

156 989 249 1055 sit,
284 988 530 1060 possitve
559 988 797 1059 percipi,
839 988 1170 1059 quaerimus.
1234 989 1334 1044 Hic
1382 990 1618 1045 fortasse
1658 990 1864 1063 aliquis

155 1076 305 1131 mihi
335 1075 484 1130 dicat
508 1092 521 1128 :
545 1076 702 1131 Soles
730 1076 973 1146 prodere
1004 1082 1063 1131 tu
1094 1079 1285 1145 stulte,
1318 1078 1455 1149 quid
1485 1078 1712 1134 noveris
1738 1095 1749 1132 :
1786 1094 1859 1133 an

156 1166 225 1220 de
256 1163 550 1219 dialectica
579 1163 721 1219 nihil
753 1164 894 1219 scire
916 1165 1197 1236 potuisti?
1218 1166 1332 1236 Ego
1348 1183 1481 1221 vero
1506 1167 1674 1238 plura
1691 1183 1865 1239 quam

157 1253 229 1308 de
261 1252 463 1325 quavis
483 1257 646 1323 parte
676 1252 1074 1323 philosophiae.
1123 1255 1264 1308 Nam
1292 1254 1480 1325 primo
1513 1272 1710 1310 omnes
1738 1255 1864 1309 illas

154 1341 605 1414 propositiones,
638 1340 846 1413 quibus
876 1358 1049 1412 supra
1076 1358 1214 1397 usus
1245 1358 1393 1409 sum,
1424 1360 1586 1397 veras
1608 1360 1727 1397 esse
1757 1342 1866 1396 ista

152 1446 250 1484 me
282 1429 495 1485 docuit.
533 1428 747 1484 Deinde
776 1446 881 1501 per
929 1430 1097 1484 istam
1145 1429 1279 1485 novi
1326 1431 1437 1485 alia
1481 1432 1662 1485 multa
1710 1446 1861 1485 vera.

154 1518 270 1574 Sed
301 1534 475 1589 quam
504 1518 686 1572 multa
715 1518 849 1584 sint,
903 1523 1220 1587 numerate,
1268 1518 1315 1573 si
1334 1520 1593 1590 potestis.
1637 1519 1695 1574 Si
1726 1535 1866 1590 qua-

157 1614 299 1662 tuor
329 1607 391 1661 in
418 1607 636 1661 mundo
667 1607 954 1662 elementa
983 1612 1135 1675 sunt,
1166 1624 1283 1663 non
1326 1613 1461 1663 sunt
1489 1608 1764 1680 quinque.
1809 1607 1867 1663 Si

154 1697 246 1751 sol
272 1711 425 1750 unus
459 1701 562 1762 est,
585 1712 704 1749 non
734 1699 866 1751 sunt
894 1696 1029 1751 duo.
1064 1697 1191 1751 Non
1219 1701 1412 1769 potest
1441 1713 1559 1751 una
1590 1698 1783 1750 anima
1814 1699 1870 1750 et

153 1783 311 1838 mori
340 1786 397 1837 et
420 1800 539 1837 esse
579 1782 937 1838 immortalis.
992 1784 1119 1839 Non
1165 1789 1352 1855 potest
1378 1786 1554 1840 homo
1586 1784 1757 1839 simul
1810 1788 1867 1839 et

154 1874 386 1940 beatus,
421 1876 479 1927 et
506 1871 682 1928 miser
710 1888 851 1929 esse.
884 1874 1009 1927 Non
1037 1873 1132 1928 hic
1162 1878 1217 1928 et
1246 1874 1331 1927 sol
1349 1874 1515 1936 lucet,
1548 1878 1603 1927 et
1624 1889 1733 1927 nox
1761 1872 1894 1927 est.’

153 1965 275 2015 Aut
304 1960 610 2031 vigilamus
643 1977 814 2016 nunc.
849 1967 950 2017 aut
978 1961 1316 2016 dormimus.
1349 1964 1463 2017 Aut
1506 1978 1713 2032 corpus
1762 1964 1866 2028 est,

155 2049 320 2121 quod
347 2049 491 2103 mihi
522 2049 714 2105 videre
747 2050 961 2117 videor,
994 2055 1094 2105 aut
1118 2067 1235 2105 non
1280 2055 1365 2105 est
1389 2066 1611 2121 corpus.
1655 2051 1785 2104 Haec
1813 2053 1870 2103 et

156 2138 279 2191 alia
302 2136 508 2206 multa,
536 2153 666 2208 quae
696 2152 1144 2191 commemorare
1195 2137 1596 2207 longissimum
1637 2141 1740 2203 est,
1768 2151 1871 2207 per

158 2227 342 2281 istam
372 2224 545 2280 didici
570 2241 705 2280 vera
751 2242 894 2293 esse,
946 2241 1181 2297 quoquo
1225 2226 1397 2280 modo
1447 2240 1568 2279 sese
1623 2224 1872 2279 habeant

155 2331 367 2370 sensus
394 2314 594 2383 nostri,
622 2313 682 2368 in
708 2329 767 2369 se
795 2313 922 2385 ipsa
958 2329 1113 2368 vera.
1159 2315 1362 2369 Docuit
1406 2330 1499 2368 me
1530 2312 1572 2380 ί,
1606 2313 1653 2367 si
1705 2313 1869 2383 cujus

159 2419 373 2459 corum
403 2419 532 2475 qua:
551 2418 656 2473 per
685 2401 1101 2456 connexionem
1130 2402 1299 2457 modo
1327 2400 1599 2473 prOposui
1627 2417 1759 2471 pars
1776 2416 1870 2454 an-

156 2492 441 2549 tecedens
471 2495 761 2560 assumpta
787 2490 979 2555 fuerit,
1003 2490 1229 2545 trahere
1268 2489 1586 2545 necessario
1626 2489 1684 2544 id
1714 2489 1869 2560 quod

155 2595 461 2637 annexum
490 2583 593 2633 est.
626 2580 703 2634 Ea
731 2594 865 2633 vero
896 2594 1025 2649 quae
1053 2594 1156 2649 per
1186 2577 1628 2648 repugnantiam
1658 2576 1870 2631 veldis-

155 2668 527 2742 iunctionem
548 2685 580 2722 a
617 2682 711 2721 me
740 2669 873 2720 sunt
902 2665 1220 2733 enuntiata,
1268 2666 1417 2720 hanc
1458 2666 1669 2720 habere
1701 2669 1869 2719 natu-

157 2775 316 2828 ram,
340 2760 408 2813 ut
434 2772 565 2811 cum
596 2755 931 2811 auferuntur
958 2758 1182 2822 caetera,
1198 2753 1311 2808 sive
1328 2770 1532 2814 unum,
1564 2753 1679 2808 sive
1706 2753 1871 2824 plura

158 2848 305 2916 sint,
335 2848 512 2900 restet
543 2843 761 2915 aliquid
821 2842 976 2914 quod
1009 2858 1207 2897 eorum
1265 2841 1549 2896 ablatione
1589 2841 1867 2895 ﬁrmetur.

158 2933 375 2991 Docuit
399 2932 575 2987 etiam
606 2948 720 3000 me,
782 2948 913 2986 cum
941 2931 1010 2986 de
1056 2947 1117 2985 re
1143 2934 1376 2993 constat,
1419 2933 1655 3001 propter
1697 2943 1871 2999 quam

157 3024 343 3079 verba
373 3022 660 3089 dicuntur,
696 3020 766 3075 de
798 3020 996 3087 Lverbis
1047 3036 1163 3073 non
1214 3019 1417 3073 debere
1469 3017 1738 3072 contendi
1772 3033 1785 3071 :
1816 3019 1873 3071 et

159 3112 433 3187 quisquis
459 3110 517 3165 id
544 3109 730 3176 faciat,
750 3107 1096 3180 siimperitia
1117 3106 1303 3174 faciat,
1329 3106 1646 3160 docendum
1667 3120 1807 3171 esse;
1824 3103 1871 3157 si

157 3201 417 3272 malitia,
438 3199 819 3256 deserendum
840 3197 915 3252 :si
943 3195 1133 3252 doceri
1152 3212 1268 3250 non
1289 3199 1491 3267 potest,
1517 3193 1764 3248 monend
1774 3208 1871 3245 um

161 3297 228 3348 ut
265 3290 483 3362 aliquid
509 3288 663 3343 aliud
684 3286 872 3359 potius
886 3290 1036 3358 agat,
1052 3300 1226 3363 quam
1240 3289 1467 3355 tempus
1488 3282 1549 3336 in
1566 3281 1871 3353 superﬂuis

161 3394 524 3453 operamque
537 3375 909 3444 consumat;si
921 3391 1037 3430 non
1055 3370 1869 3444 obtemperat,negligendum.

162 3473 250 3526 De
278 3466 539 3539 captiosis
565 3470 757 3520 autem
790 3469 961 3536 atque
999 3462 1290 3518 fallacibus
1328 3459 1662 3515 ratiunculis
1701 3459 1872 3513 breve

159 3562 525 3632 praeceptum
555 3559 639 3611 est
674 3571 687 3609 :
719 3553 768 3608 si
786 3553 936 3609 male
961 3551 1322 3608 concedendo
1348 3550 1691 3613 inferuntur,
1714 3545 1782 3600 ad
1805 3561 1872 3599 ea

160 3663 303 3721 qua!
320 3661 586 3701 concessa
597 3646 730 3699 sunt
741 3658 862 3698 esse
875 3642 1229 3697 redeundum
1239 3682 1251 3694 .
1268 3639 1325 3694 Si
1336 3653 1535 3693 verum
1548 3635 1871 3704 falsumque

160 3720 229 3791 in
262 3749 382 3788 una
409 3730 773 3787 conclusione
801 3728 1143 3799 conﬂigunt,
1163 3725 1557 3797 accipiendum
1575 3722 1706 3777 inde
1719 3720 1873 3793 quod

160 3826 226 3880 in
235 3821 699 3893 telligitur,quod
712 3817 980 3891 explicari
991 3834 1107 3872 non
1122 3821 1310 3887 potest
1331 3813 1798 3885 relinquendum.
1813 3809 1873 3865 Si

164 3917 373 3968 autem
389 3908 597 3964 modus
610 3908 671 3963 in
683 3907 970 3979 aliquibus
981 3907 1152 3961 rebus
1164 3906 1302 3959 latet
1314 3903 1542 3976 penitus
1554 3899 1869 3966 hominem,

165 3999 475 4057 scientiam
496 3998 618 4069 ejus
647 4013 767 4052 non
789 4012 909 4050 esse
928 3995 1318 4067 quaerendam.
1343 3995 1472 4047 Haec
1507 3990 1742 4062 quidem
1768 3988 1873 4043 ha-

162 4091 282 4145 beo
313 4105 346 4143 a
374 4086 684 4153 dialectica,
717 4090 775 4140 et
798 4083 909 4139 alia
928 4084 1108 4138 multa
1124 4100 1251 4154 quae
1276 4094 1724 4136 commemorare
1757 4093 1875 4131 non

166 4184 260 4235 est
291 4192 541 4232 necesse.
575 4176 773 4247 Neque
803 4172 1153 4229 enimdebeo
1183 4172 1441 4242 ingratus
1470 4168 1730 4223 existere.
1766 4167 1874 4220 Ve-

163 4280 309 4322 rum
338 4263 435 4317 ille
466 4261 691 4334 sapiens
716 4264 814 4315 aut
841 4260 964 4315 haec
993 4258 1250 4329 negligit,
1282 4261 1381 4311 aut
1410 4256 1455 4309 si
1483 4254 1733 4326 profecto
1763 4252 1876 4307 dia-

164 4353 380 4412 lectica
409 4351 529 4424 ipsa
559 4348 794 4405 scientia
834 4346 1085 4403 veritatis
1132 4350 1235 4413 est,
1289 4344 1367 4398 sic
1404 4343 1560 4397 illam
1609 4338 1767 4394 novit
1812 4341 1877 4392 ut

165 4446 422 4500 istorum
468 4437 967 4495 mendacissimam
1018 4434 1365 4490 calumniam
1399 4450 1412 4486 :
1443 4433 1504 4487 Si
1548 4444 1731 4485 verum
1777 4430 1875 4496 est,

162 4535 387 4603 falsum
410 4518 524 4597 est;
569 4531 620 4584 si
658 4529 879 4596 falsum
935 4530 1032 4593 est,
1065 4540 1249 4580 remm
1283 4526 1362 4577 est
1391 4537 1403 4576 :
1436 4516 1874 4584 contemnendo,

166 4629 231 4679 et
298 4636 418 4674 non
473 4617 795 4672 miserando
854 4615 1004 4669 fame
1050 4616 1244 4668 enecet
1294 4610 1333 4664 ’.
1388 4612 1501 4664 Hac
1557 4608 1626 4662 de
1681 4620 1875 4677 perce-

166 4711 379 4783 ptione
436 4706 570 4762 satis
628 4722 748 4761 esse
803 4707 1108 4776 propterea
1164 4704 1324 4771 puto,
1376 4698 1511 4769 quia
1564 4697 1633 4751 de
1687 4709 1875 4750 assen-

165 4798 377 4855 tiendo
408 4811 538 4851 cum
569 4794 754 4850 dicere
774 4808 1021 4863 coepero.
1054 4793 1172 4844 tota
1196 4788 1279 4843 ibi
1303 4802 1533 4843 rursum
1554 4800 1721 4840 causa
1751 4798 1875 4836 ver-

166 4887 418 4943 sabitur.

169 4975 408 5035 CAPUT
444 4975 581 5032 XIV.
636 5003 706 5012 —
762 4973 1070 5041 Sapientem
1129 4970 1332 5039 oportet
1370 4965 1646 5034 sapientia:
1691 4962 1880 5016 saltem

893 5059 1169 5113 assentiri.

251 5158 350 5213 30.
389 5155 515 5210 Jam
571 5167 709 5223 ergo
756 5149 828 5204 ad
863 5165 989 5203 eam
1033 5149 1255 5217 partem
1293 5142 1609 5207 veniamus,
1657 5138 1717 5192 in
1769 5152 1882 5207 qua

176 5242 459 5303 duditare
488 5240 675 5294 adhuc
701 5237 929 5292 videtur
982 5234 1238 5306 Alypius.
1291 5233 1356 5286 Et
1399 5228 1587 5301 primo
1629 5224 1881 5296 idipsum

245 5350 263 5384 1
297 5347 446 5406 Lov.,
474 5346 532 5395 in
556 5357 625 5404 se,
659 5346 790 5406 Ipsa
816 5355 939 5406 vero
963 5340 1137 5406 docuit
1523 5399 1532 5406 ι
1616 5356 1623 5359 ν

243 5412 268 5445 ²
296 5409 414 5458 Am.
435 5395 530 5456 Ἐν.
563 5395 624 5456 δι’
642 5395 766 5456 Lov.
797 5404 1050 5466 omittunt
1076 5401 1234 5466 fante.
1264 5400 1385 5448 Mss.
1414 5399 1658 5466 quatuor,
1689 5395 1742 5443 et
1775 5403 1883 5466 non

173 5471 507 5523 miseranda
534 5467 709 5532 fama.
757 5467 861 5517 Sed
891 5461 1086 5532 __verius
1118 5462 1220 5532 alii
1242 5474 1450 5532 npvem,
1498 5461 1551 5510 et
1580 5469 1683 5507 non
1721 5461 1882 5505 mise-

178 5532 364 5586 rando
394 5523 545 5597 Τατηὸ
569 5532 750 5582 enecet
776 5545 787 5579 :
815 5528 1007 5593 quibus
1030 5524 1229 5576 accedit
1262 5523 1384 5573 Bad.

1608 249 1820 307 LIBER
1860 252 2183 311 TERTIUS.

3560 266 3664 319 950

1969 377 2381 449 perspiciamus
2407 378 2574 451 quale
2603 379 2697 449 sit,
2725 382 2879 452 quod
2895 386 2957 437 tu
2982 382 3306 438 acutissime
3335 389 3505 455 atque
3531 400 3663 438 cau-

1968 465 2187 521 tissime
2217 471 2423 522 movet.
2451 468 2590 522 Nani
2618 468 2666 522 si
2696 473 2782 524 tot
2821 470 3102 541 tantisque
3143 471 3462 526 rationibus
3495 474 3666 527 robo—

1968 558 2151 609 ratam
2180 553 2201 587 ‘
2235 554 2362 625 (hoc
2391 554 2547 609 enim
2578 555 2792 625 dixisti)
2814 559 3280 615 Academicorum
3300 560 3662 629 sententiam,

1970 658 2083 713 qua
2112 643 2193 697 eis
2220 643 2436 713 placuit
2466 643 2609 698 nihil
2643 644 2785 699 scire
2815 647 3154 715 sapientem,
3186 648 3294 703 hoc
3323 654 3489 703 tuum
3521 650 3667 704 labe-

1967 731 2140 786 factat
2182 732 2500 800 inventum,
2547 749 2661 805 quo
2710 733 2969 804 cogimur
3014 736 3270 791 conﬁteri
3328 739 3509 794 multo
3546 755 3666 793 esse

1968 820 2346 891 probabilius,
2386 822 2699 892 sapientem
2747 822 2888 877 scire
2937 823 3316 894 sapientiam;
3358 825 3542 895 magis
3584 831 3669 879 est

1971 909 2224 965 assensio
2255 910 2592 966 cohibenda.
2638 912 2752 965 Hoc
2797 911 2951 965 enim
2991 911 3115 982 ipso
3158 912 3478 967 ostenditur
3523 915 3670 968 nihil

1971 998 2289 1069 quamlibet
2317 999 2725 1070 copiosissimis
2771 1001 3269 1072 subtilissimisque
3317 1002 3672 1071 argumentis

1970 1102 2135 1156 posse
2160 1087 2407 1154 suaderi,
2437 1088 2528 1141 cui
2558 1104 2671 1142 non
2685 1104 2752 1142 ex
2778 1092 2938 1159 parte
2968 1090 3336 1157 contraria,si
3349 1089 3498 1144 adsit
3517 1090 3674 1159 inge-

1972 1175 2155 1241 nium,
2185 1191 2302 1230 non
2331 1176 2525 1231 minus
2562 1176 2785 1245 acriter,
2834 1178 2921 1230 vel
2944 1178 3180 1232 fortasse
3218 1177 3404 1232 acrius
3428 1176 3674 1243 Iresista—

1971 1267 2084 1317 tur.
2119 1265 2194 1317 Eo
2222 1264 2308 1333 ﬁt,
2340 1268 2403 1317 ut
2448 1280 2577 1318 cum
2620 1264 2692 1317 sit
2734 1264 2911 1319 victus
2949 1265 3338 1333 Academicus,
3381 1264 3596 1318 vicerit.
3631 1263 3673 1317 Ο

1973 1351 2195 1405 utinam
2212 1352 2506 1405 vincatur?
2522 1368 2817 1423 nunquam
2837 1352 3256 1422 efﬁcietquavis
3272 1356 3391 1406 arte
3406 1353 3664 1420 Pelasga,

1973 1443 2038 1493 ut
2064 1439 2234 1493 simul
2264 1456 2296 1492 a
2321 1455 2412 1493 me
2444 1440 2626 1494 victus
2663 1440 2959 1510 victorque
3005 1440 3273 1494 discedat.
3329 1440 3489 1494 Certe
3532 1438 3677 1492 nihil

1975 1526 2129 1581 aliud
2157 1526 2481 1581 inveniatur
2512 1526 2668 1597 quod
2722 1526 3026 1581 adversum
3070 1526 3177 1579 ista
3224 1525 3334 1579 dici
3373 1524 3574 1595 possit,
3623 1531 3680 1579 et

1974 1615 2126 1669 ultro
2156 1630 2249 1669 me
2279 1613 2490 1669 victum
2523 1631 2646 1669 esse
2677 1615 2970 1685 proﬁteor.
3026 1615 3147 1668 Non
3195 1614 3349 1668 enim
3384 1614 3453 1667 de
3488 1612 3672 1684 gloria

1975 1703 2380 1773 comparanda,
2418 1703 2518 1758 sed
2551 1703 2621 1757 de
2675 1702 3021 1760 invenienda
3066 1702 3303 1756 veritate
3347 1706 3673 1757 tractamus.

1976 1790 2113 1847 Mihi
2136 1791 2271 1846 Satis
2299 1796 2408 1861 est,
2443 1807 2676 1862 quoquo
2707 1792 2877 1846 modo
2909 1792 3121 1845 molem
3165 1791 3335 1845 istam
3383 1795 3675 1845 transcen-

1976 1881 2131 1948 dere,
2161 1896 2291 1952 quaa
2319 1879 2666 1935 intrantibus
2704 1879 2774 1933 ad
2811 1878 3232 1950 philosophiam
3265 1893 3385 1933 sese
3411 1878 3672 1949 opponit,

1978 1973 2037 2024 et
2088 1969 2279 2024 nescio
2331 1968 2540 2040 quibus
2578 1967 2947 2038 receptaculis
3000 1967 3397 2022 tenebrasceus
3436 1969 3459 2001 ²
3500 1966 3675 2019 talem

1980 2072 2100 2112 esse
2127 2054 2552 2127 philosophiam
2578 2059 2759 2109 totam
2771 2054 3043 2119 minatur,
3076 2053 3335 2124 nihilque
3360 2053 3418 2106 in
3448 2068 3515 2106 ea
3534 2053 3676 2106 lucis

1979 2144 2277 2198 inventum
2307 2143 2379 2197 iri
2408 2158 2639 2213 sperare
2667 2141 2964 2212 permittit.
3010 2140 3154 2206 Quid
3184 2144 3379 2195 autem
3428 2140 3675 2209 amplius

1978 2233 2320 2298 desiderem,
2352 2231 2495 2285 nihil
2526 2231 2730 2297 habeo,
2756 2230 2803 2284 si
2819 2232 2938 2301 jam
2966 2229 3257 2301 probabile
3278 2233 3379 2295 est,
3412 2227 3676 2282 nonnihil

1980 2319 2121 2374 scire
2151 2319 2486 2391 sapientem.
2522 2321 2643 2373 Non
2666 2319 2821 2373 enim
2847 2319 3134 2372 aliacausa
3159 2317 3281 2371 veri
3305 2316 3488 2369 simile
3517 2315 3672 2369 vide-

1978 2409 2148 2463 batur
2177 2424 2311 2463 eum
2343 2406 2729 2462 assensionem
2785 2406 3061 2462 sustinere
3107 2406 3331 2469 debere,
3381 2404 3492 2458 nisi
3544 2404 3681 2475 quia

1984 2512 2015 2550 e
2055 2501 2112 2550 at
2134 2497 2255 2551 veri
2283 2495 2472 2551 simile
2500 2496 2643 2550 nihil
2654 2511 2821 2566 posse
2841 2494 3272 2565 comprehendi.
3298 2494 3420 2558 Quo
3434 2493 3677 2558 sublato,

1978 2585 2220 2657 percipit
2249 2585 2403 2639 enim
2434 2585 2659 2655 sapiens
2686 2585 2775 2638 vel
2823 2584 3028 2655 ipsam,
3059 2588 3124 2637 ut
3153 2583 3278 2653 jam
3316 2581 3674 2650 conceditur,

1981 2672 2339 2744 sapientiam,
2371 2673 2529 2727 nulla
2540 2673 2664 2743 jam
2684 2688 2854 2727 causa
2880 2670 3201 2732 remanebit
3229 2686 3329 2724 cur
3349 2685 3466 2723 non
3492 2684 3682 2721 assen-

1980 2762 2158 2816 tiatur
2184 2761 2409 2832 sapiens
2436 2761 2526 2814 vel
2556 2760 2670 2830 ipsi
2700 2759 3022 2830 sapientiae.
3061 2759 3157 2812 Est
3178 2757 3332 2810 enim
3353 2756 3475 2809 sine
3515 2755 3680 2809 dubi-

1982 2851 2197 2906 tatione
2220 2848 2607 2904 monstrusius
2635 2848 2955 2918 sapientem
2981 2862 3099 2900 non
3114 2845 3435 2915 approbare
3455 2843 3681 2913 sapien-

1980 2938 2140 3005 tiam,
2173 2953 2347 3008 quam
2376 2936 2693 3007 sapientem
2720 2933 2938 2989 nescire
2970 2932 3331 3004 sapientiam.

2052 3027 2139 3080 31.
2179 3026 2320 3080 Nam
2363 3040 2580 3096 quaeso,
2602 3024 2903 3095 paululum
2948 3021 3114 3093 quasi
3159 3025 3290 3076 ante
3325 3019 3518 3073 oculos
3568 3012 3698 3072 tale'

1980 3114 2361 3185 spectaculum
2392 3113 2824 3178 constituamus,
2857 3111 2905 3165 si
2931 3125 3257 3181 possumus,
3278 3108 3461 3163 rixam
3485 3123 3681 3179 quam-

1981 3204 2113 3259 dam
2138 3202 2411 3274 sapientis
2441 3206 2497 3257 et
2519 3200 2831 3273 sapientiae,
2863 3200 3011 3265 Quid
3031 3199 3189 3253 aliud
3218 3198 3351 3253 dicit
3366 3196 3668 3268 sapientia,

1981 3307 2156 3363 quam
2173 3308 2233 3347 se
2258 3308 2378 3345 esse
2408 3289 2792 3362 sapientiam?
2831 3291 2904 3344 At
2950 3292 3148 3343 contra
3166 3287 3293 3354 iste,
3338 3288 3460 3340 Non
3487 3284 3679 3352 credo,

1979 3379 2187 3451 inquit.
2219 3379 2355 3444 Quis
2404 3379 2484 3433 ait
2535 3377 2865 3449 sapientiae:
2902 3378 3025 3432 Non
3073 3376 3241 3430 credo
3287 3391 3406 3429 esse
3452 3374 3680 3444 sapien—

1980 3467 2123 3523 tiam
2144 3470 2173 3522 ‘P
2202 3468 2353 3539 quis,
2385 3468 2496 3521 nisi
2522 3468 2571 3521 is
2612 3482 2744 3521 cum
2785 3482 2900 3537 quo
2929 3465 3029 3520 illa
3056 3463 3217 3534 loqui
3270 3463 3477 3532 potuit,
3510 3466 3568 3516 et
3618 3460 3677 3514 in

1982 3573 2096 3629 quo
2121 3556 2378 3611 habitare
2408 3556 2640 3627 dignata
2663 3560 2764 3621 est,
2800 3553 3011 3609 scilicet
3058 3551 3334 3623 sapiens?
3385 3552 3467 3604 Ite
3507 3565 3679 3615 nunc,

1983 3651 2036 3701 et
2071 3661 2164 3700 me
2190 3644 2451 3715 quaerite,
2479 3644 2579 3715 qui
2605 3660 2737 3698 cum
2768 3640 3120 3698 Academicis
3143 3654 3431 3709 pugnem:
3460 3637 3679 3692 habetis

1976 3735 2098 3806 jam
2152 3749 2367 3788 novum
2425 3737 2735 3799 certamen,
2782 3730 3007 3801 sapiens
3061 3732 3118 3783 et
3172 3725 3452 3798 sapientia
3490 3740 3682 3779 secum

1984 3826 2263 3894 pugnant.
2279 3821 2516 3892 Sapiens
2528 3837 2645 3875 non
2656 3817 3109 3874 vultconsentire
3122 3815 3441 3887 sapientiae,
3460 3830 3565 3884 ego
3578 3829 3677 3867 vo-

1982 3912 2204 3967 biscum
2228 3926 2459 3965 securus
2492 3913 2774 3981 exspecto.
2811 3906 2948 3972 Quis
2978 3906 3134 3960 enim
3164 3921 3282 3959 non
3316 3903 3508 3958 credat
3534 3901 3681 3955 invi-

1985 4006 2133 4056 ctam
2161 4015 2281 4055 esse
2303 3998 2644 4070 sapientiam
2658 3996 2687 4050 ‘I
2713 3998 2927 4051 Tamen
2947 4011 3052 4049 nos
3073 3993 3263 4064 aliqua
3287 3990 3682 4062 complexione

1983 4090 2332 4146 muniamus.
2348 4090 2458 4143 Aut
2473 4088 2628 4142 enim
2641 4087 2702 4140 in
2713 4087 2820 4140 hoc
2842 4084 3155 4140 certamine
3178 4081 3548 4136 Academicus
3560 4079 3681 4132 vin-

1984 4184 2072 4235 cet
2103 4176 2443 4249 sapientiam
2465 4193 2476 4230 :
2498 4181 2554 4230 et
2566 4190 2699 4229 ame
2716 4160 3001 4239 vincetur,
3016 4171 3152 4243 quia
3169 4186 3284 4224 non
3308 4170 3414 4223 erit
3434 4165 3679 4235 sapiens:

1984 4272 2083 4321 aut
2104 4267 2172 4321 ab
2191 4282 2257 4320 ea
2285 4264 2676 4335 superabitur;
2702 4268 2760 4317 et
2786 4260 3104 4331 sapientem
3129 4256 3418 4327 sapientia:
3440 4268 3675 4306 consen-

1984 4355 2093 4410 tire
2106 4353 2458 4409 docebimus.
2480 4355 2593 4406 Aut
2612 4350 2790 4422 igitur
2811 4350 3039 4419 sapiens
3054 4343 3424 4401 Academicus
3438 4357 3551 4395 non
3575 4344 3679 4407 est,

1986 4448 2086 4499 aut
2117 4442 2379 4497 nonnulli
2406 4441 2488 4495 rei
2518 4440 2742 4512 sapiens
2779 4437 3149 4494 assentietur:
3184 4432 3294 4488 nisi
3337 4431 3481 4485 forte
3509 4445 3681 4499 quem

1986 4531 2172 4587 dicere
2198 4530 2406 4601 puduit
2431 4529 2749 4601 sapientem
2760 4528 2976 4582 nescire
2998 4517 3682 4594 sapientiam,sapientem

1985 4636 2103 4674 non
2143 4617 2463 4672 consentire
2507 4615 2805 4687 sapientiae
2862 4613 3048 4668 dicere
3109 4624 3225 4663 non
3281 4605 3543 4678 pudebit.
3612 4607 3684 4657 At

1987 4710 2035 4763 si
2062 4710 2182 4780 jam
2208 4708 2328 4763 veri
2357 4707 2542 4761 simile
2571 4710 2658 4761 est
2687 4705 2887 4760 cadere
2917 4702 2976 4754 in
3010 4698 3328 4768 sapientem
3372 4695 3459 4749 vel
3502 4693 3682 4764 ipsius

1988 4796 2281 4869 sapientiae
2309 4795 2757 4867 perceptionem,
2790 4796 2846 4845 et
2895 4788 3058 4844 nulla
3086 4802 3256 4842 causa
3284 4789 3388 4851 est,
3437 4798 3539 4837 cur
3566 4798 3683 4836 non

1988 4886 2042 4941 ei
2069 4886 2222 4957 quod
2239 4888 2429 4957 potest
2443 4882 2661 4955 percipi
2680 4878 3049 4944 assentiatur;
3072 4875 3236 4929 video
3260 4873 3410 4945 quod
3423 4871 3682 4926 volebam

1989 4991 2108 5030 esse
2135 4974 2257 5028 veri
2308 4972 2515 5037 simile,
2549 4970 2865 5041 sapientem
2884 4965 3098 5020 scilicet
3138 4977 3504 5017 assensurum
3561 4974 3681 5013 esse

1988 5064 2299 5135 sapientiae.
2332 5062 2389 5116 Si
2419 5074 2642 5130 quaeres
2666 5056 2769 5112 ubi
2798 5054 3053 5109 inveniat
3094 5052 3278 5123 ipsam
3308 5047 3678 5121 sapientiam;

1987 5134 2369 5222 respondebo,
2404 5150 2470 5202 In
2496 5146 2818 5216 semetipso.
2862 5143 2922 5198 Si
2951 5141 3090 5197 dicis
3118 5156 3249 5194 cum
3279 5136 3496 5193 nescire
3527 5134 3684 5205 quod

1989 5219 2216 5306 habeat,
2258 5238 2406 5293 redis
2453 5236 2525 5290 ad
2557 5234 2702 5289 illud
2744 5231 3077 5297 absurdum,
3110 5228 3428 5300 sapientem
3468 5219 3683 5277 nescire

2056 5454 2071 5486 ί
2105 5450 2253 5505 Lov.,
2286 5446 2617 5497 roboratam.
2647 5445 2713 5494 At
2739 5443 2829 5493 alii
2859 5442 3007 5501 Cdd.,
3037 5440 3356 5505 roborqfam.

2052 5515 2074 5548 ²
2104 5499 2358 5562 Tenebras
2389 5513 2584 5573 tegens,
2610 5507 2759 5572 juxta
2790 5507 2904 5556 Par.
2927 5499 3011 5553 Er.
3038 5503 3168 5552 Ven.
3203 5499 3269 5547 Μ.
