3996 6170
330 267 427 320 951
1428 260 1711 316 CONTRA
1752 257 2224 325 ACADEMICOS,
2269 258 2321 314 S.
2366 256 2753 313 AUGUSTINI
3764 256 3863 305 95â€˜:

329 382 689 455 sapientiam.
722 382 781 437 Si
811 380 1127 453 sapientem
1158 380 1347 451 ipsum
1367 395 1543 450 negas
1563 394 1728 450 posse
1750 377 2028 446 inveniri;

330 490 446 528 non
468 474 593 544 jam
639 488 769 526 cum
807 468 1179 537 Academicis,
1225 468 1324 523 sed
1370 472 1579 533 tecum,
1625 465 1886 538 quisquis
1923 467 2031 521 hoc

330 561 527 627 sentis,
556 576 820 615 sermone
859 558 971 612 alio
1014 557 1373 611 disseremus.
1419 555 1509 609 Illi
1548 555 1698 609 enim
1748 571 1881 609 cum
1910 555 2033 609 hac

331 650 641 721 disputant,
676 649 745 702 de
776 646 1031 718 sapiente
1062 644 1311 716 profecto
1343 643 1657 714 disputant.
1692 643 1910 697 Clamat
1949 641 2034 697 Ci-

331 754 482 806 cero,
512 737 594 792 sei
603 752 769 807 psum
800 749 1073 804 magnum
1108 749 1229 786 esse
1260 731 1637 802 opinatorem,
1689 730 1811 784 sed'
1833 729 1904 784 de
1952 746 2031 783 sa-

336 825 528 896 piente
555 840 614 877 se
646 837 922 894 quaerere.
960 820 1120 885 Quod
1166 818 1213 873 si
1263 819 1448 873 adhuc
1478 834 1599 885 vos,
1628 818 2033 878 adolescentes,

334 912 593 983 ignotum
614 909 853 976 habetis,
885 913 1037 963 certe
1066 909 1128 961 in
1159 906 1461 961 Hortensio
1492 904 1711 977 legistis
1743 921 1759 959 :
1792 906 1855 961 Si
1866 908 2037 973 igitur

331 1014 423 1052 nec
462 1000 594 1052 certi
616 1002 692 1052 est
724 997 1048 1065 quidquam,
1072 1011 1165 1049 nec
1210 996 1433 1064 opinari
1464 996 1725 1064 sapientis
1757 998 1835 1047 est
1858 1009 1872 1060 ;
1896 994 2038 1047 nihil

335 1103 577 1155 unquam
613 1088 829 1155 sapiens
852 1084 1196 1154 approbabit.
1234 1084 1389 1138 Unde
1431 1082 1799 1136 manifestum
1827 1085 1911 1136 est
1941 1096 2038 1135 eos

334 1174 404 1228 de
459 1172 713 1243 sapiente
744 1173 855 1226 illis
884 1173 1001 1225 suis
1030 1170 1535 1243 disputationibus,
1561 1174 1756 1225 contra
1786 1186 1927 1242 quas
1957 1169 2037 1224 ni-

338 1260 534 1328 timur,
568 1278 847 1333 quarere.

411 1352 498 1402 32.
536 1350 679 1419 Ergo
706 1350 954 1403 arbitror
976 1364 1081 1419 ego
1125 1346 1366 1418 sapienti
1410 1350 1623 1401 certam
1657 1362 1778 1401 esse
1821 1345 2039 1418 sapien-

340 1435 504 1504 tiam,
548 1436 607 1489 id
638 1441 720 1490 est
765 1437 1083 1507 sapientem
1120 1435 1440 1506 percepisse
1477 1435 1851 1507 sapientiam;
1885 1440 1943 1490 et
1966 1435 2039 1489 ob

336 1524 445 1577 hoc
474 1540 604 1577 cum
635 1540 749 1577 non
792 1524 1033 1594 opinari,
1070 1540 1202 1578 cum
1248 1525 1551 1580 assentitur
1572 1523 1867 1595 sapientia
1902 1541 1915 1578 :
1949 1541 2038 1579 as-

343 1611 587 1665 sentitur
615 1613 768 1666 enim
802 1613 853 1666 ei
880 1612 982 1679 rei,
1009 1628 1183 1683 quam
1213 1611 1259 1665 si
1287 1628 1402 1666 non
1422 1613 1786 1684 percepisset,
1814 1611 2040 1683 sapiens

346 1716 463 1753 non
494 1705 657 1755 esset.
705 1702 817 1754 Nec
843 1700 939 1754 isti
970 1716 1319 1771 quemquam
1367 1717 1483 1755 non
1516 1701 1721 1756 debere
1755 1699 2037 1767 assentiri,

342 1786 453 1841 nisi
481 1788 651 1841 rebus
680 1803 809 1858 qua
838 1804 955 1841 non
987 1792 1228 1858 possunt
1275 1788 1511 1860 percipi,
1561 1789 1869 1844 affirmant.
1914 1789 2041 1843 Non

340 1879 513 1929 auten
543 1875 820 1946 sapientia
846 1876 989 1930 nihil
1037 1881 1140 1932 est.
1177 1876 1320 1931 Cum
1352 1877 1529 1949 igitur
1572 1882 1629 1932 et
1674 1877 1777 1932 scit
1821 1876 2043 1948 sapien-

339 1964 503 2034 tiam,
524 1969 579 2019 et
605 1965 913 2020 assentitur
943 1966 1276 2036 sapientia;
1307 1982 1496 2039 neque
1520 1966 1665 2022 nihil
1696 1967 1822 2034 scit,
1854 1981 2042 2037 neque

341 2052 485 2107 nulli
531 2053 613 2106 rei
644 2053 871 2126 sapiens
900 2055 1227 2110 assentitur.
1256 2056 1403 2121 Quid
1431 2057 1673 2127 amplius
1704 2057 1919 2112 vultis?
1953 2059 2042 2110 An

342 2141 412 2195 de
443 2141 542 2195 illo
570 2158 764 2197 errore
783 2143 998 2214 aliquid
1027 2144 1363 2215 quarimus,
1385 2161 1558 2216 quem
1587 2146 1783 2200 dicunt
1808 2145 2038 2216 penitus

343 2228 563 2291 evitari,
592 2230 639 2283 si
678 2230 746 2284 in
768 2231 982 2285 nullam
1016 2247 1138 2285 rem
1169 2232 1423 2287 animam
1468 2232 1713 2288 declinet
1741 2232 1992 2287 assensio
2014 2236 2044 2288 ?

344 2317 507 2371 Errat
528 2317 704 2385 enim,
743 2317 1033 2389 inquiunt,
1065 2318 1324 2389 quisquis
1372 2334 1491 2373 non
1540 2320 1724 2374 solum
1770 2336 1893 2374 rem
1939 2320 2040 2375 fal-

348 2420 489 2472 sam,
523 2405 619 2459 sed
650 2405 823 2460 etiam
852 2406 1106 2472 dubiam,
1139 2406 1398 2476 quamvis
1428 2423 1562 2461 vera
1587 2407 1681 2471 sit,
1714 2408 1990 2480 approbat
2024 2425 2037 2463 :

344 2491 489 2546 nihil
519 2498 713 2547 autem
743 2494 893 2565 quod
927 2494 1165 2548 dubium
1196 2511 1310 2549 non
1341 2495 1413 2549 sit
1440 2495 1690 2553 invenio.
1725 2500 1799 2551 At
1826 2496 2047 2551 invenit

348 2580 575 2651 sapiens
598 2582 802 2651 ipsam,
837 2586 897 2635 ut
917 2582 1268 2652 dicebamus,
1296 2582 1651 2655 sapientiam.

348 2668 573 2723 CAPUT
626 2671 735 2724 XV.
802 2673 898 2724 An
950 2674 1047 2740 qui
1094 2675 1341 2741 sequitur
1390 2675 1450 2727 in
1507 2674 1716 2741 agendo
1758 2675 2044 2744 probabile

759 2760 898 2813 citra
939 2774 1215 2814 assensum
1244 2764 1377 2815 vitet
1403 2777 1652 2817 errorem.

420 2846 506 2899 33.
540 2843 649 2899 Sed
680 2845 813 2900 hinc
838 2848 961 2918 jam
987 2848 1156 2902 vultis
1186 2848 1423 2904 fortasse
1452 2866 1545 2905 me
1576 2850 1885 2906 discedere.
1922 2853 2046 2907 Non

347 2936 481 2986 sunt
510 2932 672 2988 facile
711 2935 1071 2990 securissima
1111 2937 1527 3009 relinquenda;
1560 2955 1687 2994 cum
1722 2941 2045 2996 versutissi-

348 3019 456 3075 mis
488 3022 819 3077 hominibus
849 3024 1109 3095 agimus:
1147 3042 1365 3081 morem
1406 3031 1601 3083 tamen
1639 3029 1798 3084 vobis
1826 3045 2044 3101 geram.

348 3108 457 3162 Sed
487 3110 622 3179 quid
651 3110 743 3164 hic
775 3110 959 3165 dicam
978 3113 1005 3167 ?
1036 3113 1211 3183 quid?
1244 3114 1565 3184 quidnam?
1596 3116 1739 3171 illud
1770 3118 2043 3173 nimirum

348 3197 508 3248 vetus
536 3194 838 3251 dicendum
864 3204 967 3267 est,
998 3200 1099 3254 ubi
1133 3205 1188 3254 et
1235 3201 1346 3272 ipsi
1392 3202 1606 3257 habent
1650 3205 1804 3275 quod
1833 3196 2043 3260 dicant.

350 3282 497 3346 Quid
522 3282 675 3337 enim
703 3285 932 3355 faciam,
966 3302 1140 3357 quem
1168 3289 1237 3343 de
1266 3290 1464 3343 castris
1492 3290 1635 3345 meis
1675 3293 1827 3347 foras
1860 3293 2045 3349 trudi-

348 3369 421 3426 tis
441 3372 470 3424 ?
499 3387 638 3426 num
666 3372 984 3444 implorabo
1006 3376 1215 3431 auxilia
1239 3377 1583 3448 doctiorum,
1615 3397 1745 3435 cum
1780 3383 1989 3454 quibus
2002 3383 2048 3436 si

350 3475 619 3531 superare
644 3477 887 3533 nequeo,
938 3464 1128 3518 minus
1166 3466 1407 3536 pudebit
1454 3467 1693 3523 fortasse
1743 3471 2048 3541 superari?

345 3548 555 3603 Jaciam
588 3549 763 3620 igitur
792 3551 999 3622 quibus
1013 3552 1226 3607 viribus
1253 3571 1486 3624 possum
1500 3556 1791 3612 fumosum
1814 3559 2048 3630 quidem

349 3640 470 3691 tam
502 3643 556 3692 et
584 3640 867 3707 scabrum,
900 3641 996 3695 sed
1031 3642 1142 3697 nisi
1170 3642 1359 3713 fallor,
1394 3645 1804 3701 validissimum
1846 3647 2044 3702 telum.

349 3724 458 3788 Qui
488 3725 629 3779 nihil
660 3728 959 3796 approbat,
994 3729 1138 3784 nihil
1166 3730 1302 3800 agit.
1337 3733 1379 3787 ÎŸ
1405 3733 1703 3788 hominem
1736 3736 2043 3791 rusticum!

349 3813 415 3865 Et
446 3813 543 3866 ubi
574 3818 657 3867 est
685 3815 1021 3884 probabile?
1050 3819 1147 3871 ubi
1175 3824 1261 3872 est
1293 3821 1639 3876 verisimile?
1677 3825 1789 3877 Hoc
1821 3825 2045 3878 voleba-

350 3898 440 3952 tis.
477 3900 771 3954 Auditisne
800 3907 859 3955 ut
911 3910 1115 3959 sonent
1139 3912 1295 3961 scuta
1332 3910 1688 3978 graecanica?
1739 3914 2047 3983 Exceptum

353 3989 439 4039 est
468 3986 622 4056 quod
644 3988 1107 4045 robustissimum
1136 3992 1404 4062 quidem'
1437 4011 1449 4048 :
1482 3997 1579 4050 sed
1611 4013 1723 4068 qua
1753 4015 1928 4054 manu
1957 4002 2047 4071 ja-

354 4074 526 4128 culati
578 4077 821 4130 sumus?
877 4080 940 4133 Et
990 4080 1135 4134 nihil
1192 4084 1479 4151 potentius
1530 4084 1623 4139 isti
1681 4088 1793 4140 mei
1843 4104 2048 4159 sugge-

350 4168 512 4231 runt;
546 4179 651 4218 nec
680 4165 916 4235 aliquid,
968 4170 1033 4222 ut
1083 4169 1266 4237 video,
1312 4173 1558 4226 vulneris
1592 4174 1852 4230 fecimus.
1901 4180 2049 4234 Con-

350 4253 568 4304 vertam
599 4266 690 4303 me
721 4251 791 4304 ad
824 4267 889 4305 ea
918 4268 1047 4323 qua
1076 4253 1211 4308 villa
1231 4260 1285 4310 et
1317 4272 1452 4328 ager
1480 4258 2051 4318 ministratzonerant

350 4354 443 4393 me
466 4338 659 4409 potius
689 4340 908 4410 majora
938 4357 1111 4411 quam
1136 4350 1480 4415 praeparant.

424 4428 510 4481 34.
544 4427 685 4481 Nam
718 4444 846 4483 cum
876 4429 1092 4483 otiosus
1142 4432 1240 4485 diu
1270 4434 1607 4504 cogitassem
1647 4436 1705 4491 in
1752 4437 1861 4493 isto
1895 4456 2045 4508 rure,

354 4531 603 4585 quonam
636 4517 806 4571 modo
837 4519 1019 4588 possit
1072 4518 1256 4574 isthuc
1295 4523 1588 4592 probabile
1622 4541 1684 4579 ac
1718 4527 1836 4581 veri
1865 4528 2050 4584 simile

353 4607 512 4656 actus
532 4610 752 4658 nostros
799 4607 868 4661 ab
917 4623 1110 4663 errore
1144 4608 1478 4679 defendere;
1531 4614 1718 4683 primo
1747 4615 1929 4672 visum
1967 4623 2052 4672 est

353 4689 518 4755 mihi,
554 4696 614 4744 ut
634 4692 774 4745 solet
792 4694 965 4749 videri
978 4713 1107 4750 cum
1130 4697 1236 4751 ista
1248 4700 1585 4768 vendebam,
1609 4702 1754 4757 belle
1768 4710 1979 4760 tectum
1997 4712 2053 4761 et

353 4776 662 4832 munitum.
693 4780 905 4836 Deinde
922 4784 1016 4837 ubi
1033 4790 1213 4840 totum
1237 4788 1457 4842 cautius
1481 4789 1875 4862 circumspexi,
1899 4793 2052 4849 visus

351 4880 479 4919 sum
510 4865 651 4919 mihi
682 4867 885 4921 vidisse
914 4886 1092 4926 unum
1126 4873 1363 4938 aditum,
1394 4891 1510 4946 qua
1546 4877 1606 4930 in
1639 4894 1864 4933 securos
1894 4897 2054 4935 error

351 4953 615 5009 irrueret.
641 4955 763 5008 Non
792 4956 945 5012 enim
975 4961 1159 5015 solum
1184 4967 1325 5032 puto
1342 4980 1475 5019 eum
1499 4981 1709 5033 errare,
1726 4967 1825 5037 qui
1850 4968 2051 5024 falsam

278 5106 287 5119 1
350 5042 501 5098 viam
527 5042 819 5114 sequitur;
854 5046 947 5101 sed
972 5048 1143 5102 etiam
1175 5066 1305 5108 eum
1340 5053 1443 5123 qui
1490 5063 1681 5108 veram
1712 5072 1828 5110 non
1860 5058 2050 5128 sequi-

348 5136 460 5186 tur.
498 5130 790 5186 Faciamus
814 5132 967 5186 enim
993 5135 1136 5190 duos
1152 5138 1395 5195 viatores
1422 5142 1490 5196 ad
1509 5159 1688 5197 unum
1714 5144 1905 5199 locum
1926 5150 2048 5199 ten-

352 5220 571 5288 dentes,
600 5235 848 5291 quorum
870 5221 1015 5275 alter
1050 5223 1359 5282 instituerit
1370 5230 1513 5284 nulli
1532 5232 1782 5299 credere,
1801 5234 1943 5287 alter
1961 5234 2050 5288 ni-

351 5309 459 5364 mis
494 5309 758 5365 credulus
787 5308 875 5364 sit.
911 5310 1152 5366 Ventum
1183 5320 1268 5369 est
1294 5316 1367 5372 ad
1419 5318 1650 5391 aliquod
1676 5321 1932 5379 bivium:
1961 5323 2055 5377 hic

415 5494 431 5527 á½·
464 5493 561 5544 Ed.
599 5494 737 5556 Par.,
770 5493 919 5560 quod
942 5494 1372 5548 robustissimum
1401 5499 1618 5565 quidem
1649 5506 1745 5559 est.
1776 5505 1844 5553 M.

2139 378 2235 432 illc
2263 377 2526 432 credulus
2545 374 2763 447 pastori
2782 374 2883 448 qui
2912 375 3125 441 aderat,
3156 376 3240 430 vel
3254 374 3506 446 cuipiam
3525 374 3856 428 rusticano:

2140 467 2320 530 Salve,
2350 465 2502 537 frugi
2532 466 2707 520 homo
2740 481 2753 519 :
2784 464 2874 519 dic
2903 480 3116 535 quaeso,
3152 480 3268 534 qua
3296 464 3440 518 bene
3471 462 3533 517 in
3564 463 3748 517 illum
3778 461 3857 515 lo-

2141 572 2270 611 cum
2300 559 2592 626 pergatur.
2626 552 3119 624 Respondetur:Si
3141 553 3247 606 hac
3269 551 3400 619 ibis,
3426 551 3573 605 nihil
3606 550 3855 605 errabis.

2143 646 2209 700 Et
2239 644 2334 698 ille
2355 643 2425 698 ad
2441 627 2711 697 comitem
2732 642 2971 695 :Verum
3002 640 3158 707 dicit,
3190 641 3296 694 hac
3317 656 3536 694 eamus.
3565 639 3757 694 Ridet
3778 639 3858 692 vir

2142 731 2524 797 cautissimus,
2556 734 2613 785 et
2642 735 2757 783 tam
2786 729 2897 783 cito
2935 745 3229 784 assensum
3260 728 3610 783 facetissime
3638 727 3858 795 illudit,

2144 825 2313 891 atque
2343 819 2563 873 interea
2592 818 2690 872 illo
2724 817 2823 871 disi
2848 838 2873 870 Ï
2900 819 3050 872 lente
3082 817 3143 872 in
3169 817 3317 872 bivio
3350 816 3556 889 figitur
3589 833 3605 871 :
3642 821 3705 870 et
3742 817 3859 887 jam

2144 907 2346 980 incipit
2375 906 2555 961 videri
2566 910 2732 976 turpe
2744 922 2981 974 cessare,
3010 922 3142 960 cum
3166 921 3293 960 ecce
3314 922 3382 959 ex
3404 906 3518 959 alio
3549 904 3662 960 via
3680 921 3864 959 cornu

2145 997 2332 1051 lautus
2366 995 2595 1067 quidam
2620 999 2676 1049 et
2704 994 2957 1049 urbanus
3003 1010 3152 1066 equo
3206 993 3461 1048 insidens
3510 994 3773 1059 eminet,
3814 1002 3861 1048 et

2143 1083 2534 1155 propinquare
2561 1081 2793 1153 occipit:
2810 1083 3132 1154 gratulatur
3160 1081 3284 1136 iste.
3317 1083 3463 1137 Tum
3490 1081 3859 1139 advenienti.

2146 1176 2201 1225 et
2213 1171 2455 1225 salutato
2469 1169 2681 1224 indicat
2699 1168 3076 1240 propositum,
3100 1169 3305 1241 quarit
3318 1169 3468 1223 viam
3486 1189 3500 1236 ;
3524 1167 3677 1223 dicit
3691 1168 3862 1223 etiam

2145 1257 2520 1314 remansionis
2561 1273 2680 1311 sua
2726 1273 2975 1324 causam,
3006 1274 3121 1329 quo
3150 1256 3698 1312 benevolentiorem
3729 1257 3855 1312 red-

2146 1345 2262 1416 dat,
2284 1346 2495 1418 pastori
2516 1361 2648 1400 eum
2663 1346 2995 1417 praferens.
3015 1346 3115 1400 Ille
3142 1351 3331 1400 autem
3348 1362 3481 1400 casu
3502 1347 3731 1417 planus
3747 1352 3866 1400 erat.

2147 1434 2215 1489 de
2253 1434 2323 1489 iis
2349 1451 2493 1506 quos
2545 1434 2912 1489 Samardacos
2942 1436 3102 1506 â€˜jam
3147 1433 3349 1505 vulgus
3392 1439 3581 1489 vocat.
3645 1436 3860 1490 Tenuit

2148 1539 2316 1577 suum
2344 1539 2563 1577 morem
2587 1522 2759 1577 homo
2791 1522 3071 1594 pessimus
3092 1522 3265 1576 etiam
3283 1522 3478 1595 gratis.
3505 1525 3644 1578 Haec
3657 1540 3861 1595 perge,

2148 1611 2228 1665 ait
2260 1627 2273 1665 :
2305 1627 2439 1665 nam
2470 1627 2577 1681 ego
2607 1609 2741 1664 inde
2772 1611 2957 1666 venio.
3009 1610 3260 1681 Decepit,
3310 1615 3480 1683 atque
3530 1612 3705 1666 abiit.
3761 1613 3865 1667 Sed

2149 1699 2378 1772 quando
2422 1697 2528 1753 iste
2560 1698 2963 1770 deciperetur?
3000 1700 3123 1753 Non
3167 1698 3322 1753 enim
3367 1699 3863 1753 monstrationem

2132 1786 2317 1846 .istam
2344 1791 2620 1858 tanquam
2651 1802 2861 1855 veram,
2889 1786 3100 1858 inquit,
3136 1786 3387 1859 approbo
3419 1804 3433 1841 :
3465 1787 3570 1841 sed
3601 1788 3753 1858 quia
3788 1792 3867 1841 est

2148 1874 2504 1930 verisimilis.
2542 1876 2607 1929 Et
2656 1873 2750 1929 hic
2779 1874 3026 1928 otiosum
3057 1890 3179 1929 esse
3223 1890 3328 1929 nec
3375 1875 3720 1942 honestum,
3769 1893 3865 1930 nec

2150 1964 2286 2018 utile
2314 1968 2432 2030 est;
2466 1963 2571 2018 hac
2600 1978 2746 2017 eam.
2777 1964 3006 2017 Interea
3035 1962 3130 2018 ille
3155 1964 3255 2035 qui
3299 1964 3672 2018 assentiendo
3705 1981 3861 2017 erra-

2149 2052 2250 2122 vit,
2282 2056 2399 2106 tam
2428 2051 2537 2107 cito
2578 2051 2907 2106 existimans
2941 2067 3073 2107 vera
3101 2068 3223 2106 esse
3278 2053 3454 2107 verba
3490 2054 3775 2123 pastoris,
3808 2053 3861 2107 in

2150 2143 2272 2196 loco
2303 2141 2401 2196 illo
2428 2158 2542 2213 quo
2574 2140 2902 2207 tendebant,
2920 2142 3041 2211 jam
3068 2157 3127 2195 se
3157 2140 3448 2196 reficiebat
3478 2157 3493 2195 :
3526 2142 3641 2195 iste
3671 2148 3864 2197 autem

2152 2246 2265 2285 non
2295 2246 2512 2293 errans,
2538 2229 2821 2302 siquidem
2848 2229 3143 2301 probabile
3174 2230 3455 2302 sequitur,
3481 2231 3764 2285 circumit
3777 2233 3859 2285 silâ€”

2153 2334 2247 2372 vas
2276 2318 2466 2373 nescio
2496 2335 2657 2390 quas,
2689 2334 2793 2373 nec
2814 2318 2937 2389 jam
2992 2318 3084 2372 cui
3110 2319 3264 2374 locus
3293 2318 3390 2372 ille
3432 2325 3612 2373 notus
3666 2320 3767 2386 sit,
3798 2320 3857 2374 ad

2153 2422 2325 2479 quem
2355 2406 2548 2461 venire
2577 2412 2979 2477 proposuerat,
3003 2406 3245 2462 invenit.
3276 2408 3417 2461 Vere
3449 2408 3621 2462 vobis
3652 2408 3858 2472 dicam,

2152 2510 2284 2548 cum
2313 2493 2421 2549 ista
2444 2494 2778 2565 cogitarem,
2808 2494 2985 2548 risum
3017 2499 3210 2549 tenere
3238 2511 3353 2549 non
3385 2496 3572 2567 potui,
3600 2497 3736 2551 ï¬eri
3769 2514 3862 2569 per

2152 2583 2623 2638 Academicorum
2654 2583 3023 2638 verbaneseio
3038 2584 3350 2655 quomodo,
3384 2589 3447 2638 ut
3474 2586 3749 2640 erretille
3772 2589 3862 2657 qui

2153 2687 2346 2725 veram
2377 2671 2526 2724 viam
2555 2672 2642 2725 vel
2677 2687 2807 2724 casu
2838 2675 3032 2739 tenet;
3064 2671 3160 2726 ille
3182 2676 3373 2727 autem
3404 2673 3506 2744 qui
3552 2689 3667 2744 per
3716 2676 3863 2728 avios

2154 2764 2375 2813 montes
2404 2758 2777 2831 probabiliter
2803 2760 3004 2814 ductus
3037 2765 3138 2827 est,
3162 2777 3267 2814 nec
3290 2761 3527 2832 petitam
3560 2762 3861 2833 regionem

2153 2849 2389 2916 invenit,
2422 2866 2539 2903 non
2571 2848 2831 2903 videatur
2861 2865 3072 2905 errare.
3103 2849 3336 2903 L'lenim
3350 2851 3728 2905 temerariam
3742 2868 3863 2905 con-

2155 2936 2477 2990 sensionem
2486 2936 2615 3007 jure
2628 2936 3255 3004 condemnem,facilius
3270 2937 3440 2991 ambo
3460 2944 3863 3010 errant,quam

2154 3024 2260 3079 iste
2276 3041 2387 3079 non
2400 3030 2564 3080 errat.
2586 3024 2723 3079 Hinc
2731 3025 2853 3096 jam
2870 3026 3166 3080 adversum
3192 3025 3298 3079 ista
3324 3026 3498 3080 verba
3514 3026 3861 3097 vigilantior,

2156 3113 2280 3184 ipsa
2307 3113 2454 3167 facta
2481 3112 2780 3167 hominum
2807 3118 2863 3168 et
2890 3130 3080 3167 mores
3124 3112 3483 3167 considerare
3504 3114 3685 3185 ccepi.
3725 3116 3863 3169 Tum

2155 3218 2289 3255 vero
2316 3207 2431 3256 tam
2460 3202 2642 3256 multa
2662 3201 2806 3257 mihi
2834 3207 2891 3257 et
2920 3208 3031 3257 tam
3047 3201 3308 3272 capitalia
3337 3202 3399 3256 in
3428 3202 3572 3255 istos
3585 3208 3865 3257 venerunt

2154 3288 2213 3342 in
2244 3292 2517 3356 mentem,
2545 3294 2609 3343 ut
2626 3288 2747 3360 jam
2766 3306 2881 3343 non
2895 3289 3163 3357 riderem,
3189 3290 3288 3343 sed
3313 3289 3525 3361 partim
3540 3293 3861 3345 stomacha-

2156 3394 2269 3445 rer,
2303 3377 2517 3448 partim
2550 3377 2804 3432 dolerem
2834 3378 3096 3432 homines
3124 3377 3483 3432 doctissimos
3512 3383 3572 3433 et
3603 3380 3861 3433 acutissi-

2158 3480 2279 3518 mos
2300 3464 2361 3517 in
2390 3468 2547 3517 tanta
2574 3464 2781 3518 scelera
2796 3464 3204 3518 sententiarum
3219 3469 3274 3518 et
3293 3464 3508 3535 ï¬‚agitia
3536 3465 3859 3520 devolutus.

2158 3552 2383 3608 CAPUT
2412 3552 2545 3606 XVI.
2588 3581 2657 3591 â€”
2686 3554 2878 3606 Facere
2918 3552 3064 3621 quod
3102 3553 3315 3607 videtur
3358 3553 3658 3622 prababile
3703 3557 3859 3609 etiam

2578 3642 2717 3694 citra
2746 3655 3020 3695 assensum
3049 3643 3323 3707 nefarium
3357 3646 3453 3696 est.

2229 3730 2314 3782 35.
2344 3727 2505 3783 Certe
2536 3727 2710 3796 enim,
2744 3745 2862 3782 non
2891 3729 3125 3783 fortasse
3172 3729 3358 3783 omnis
3383 3728 3484 3800 qui
3531 3736 3714 3796 errat,
3746 3747 3861 3801 pec.

2157 3821 2281 3885 cat;
2326 3816 2514 3871 omnis
2560 3820 2754 3871 tamen
2796 3817 2894 3888 qui
2936 3826 3149 3889 peccat,
3193 3822 3292 3872 aut
3338 3833 3531 3873 errare
3590 3820 3859 3875 concedi-

2155 3908 2269 3974 tur,
2300 3909 2398 3958 aut
2426 3904 2641 3976 aliquid
2671 3906 2852 3977 pejus.
2885 3905 3030 3970 Quid
3053 3906 3099 3959 si
3128 3922 3265 3977 ergo
3293 3906 3502 3978 aliquis
3534 3909 3861 3965 adolescen-

2157 3994 2304 4048 tium
2332 4010 2462 4047 cum
2492 3995 2597 4048 bos
2627 3994 2869 4049 audierit
2896 3995 3144 4049 dicentes
3170 4011 3184 4051 :
3215 3997 3401 4066 Turpe
3438 4001 3525 4049 est
3554 4013 3786 4069 errare,
3814 4006 3863 4053 et

2156 4081 2282 4135 ideo
2313 4082 2454 4135 nulli
2488 4082 2899 4137 reiconsentire
2922 4083 3221 4150 debemus;
3247 4084 3342 4138 sed
3373 4089 3571 4140 tamen
3594 4104 3733 4141 cum
3751 4088 3860 4158 agit

2157 4170 2399 4242 quisque
2432 4171 2583 4241 quod
2614 4170 2667 4226 ei
2693 4172 2916 4226 videtur
2944 4173 3260 4242 probabile,
3306 4190 3408 4227 nec
3457 4183 3667 4246 peccat
3687 4180 3733 4243 Â²,
3766 4192 3861 4230 nec

2157 4264 2343 4314 errat:
2371 4260 2512 4314 illud
2534 4264 2757 4315 tantum
2787 4261 3135 4329 meminerit,
3169 4262 3449 4334 quidquid
3495 4266 3753 4320 occurrit
3782 4266 3859 4318 vel

2157 4349 2351 4403 animo
2381 4349 2468 4403 vel
2495 4349 2775 4417 sensibus,
2810 4366 2925 4403 non
2958 4366 3062 4421 pro
3090 4366 3219 4405 vero
3250 4366 3372 4405 esse
3395 4354 3858 4423 approbandum.

2158 4436 2216 4490 Id
2266 4436 2442 4507 igitur
2488 4438 2724 4492 audiens
2767 4437 3112 4506 adolescens,
3161 4438 3527 4494 insidiabitur
3572 4442 3863 4513 pudicitia

2158 4525 2350 4579 uxoris
2375 4525 2597 4582 aliena.
2632 4528 2727 4593 Te,
2760 4531 2815 4582 te
2837 4527 3093 4597 consulo,
3129 4529 3197 4594 Îœ,
3227 4529 3375 4582 Tulli
3399 4546 3413 4596 ;
3442 4529 3513 4584 de
3538 4530 3865 4585 adolescen-

2156 4613 2304 4667 tium
2336 4613 2587 4668 moribus
2618 4616 2844 4687 vitaque
2875 4620 3202 4683 tractamus,
3235 4616 3328 4671 cui
3347 4617 3667 4673 educenda
3696 4625 3863 4691 atque

2158 4700 2523 4755 instituenda
2557 4718 2754 4757 omnes
2784 4704 2898 4758 illa
2928 4705 3127 4759 littera
3147 4708 3262 4759 tua
3292 4706 3700 4774 vigilziverunt.
3721 4708 3867 4773 Quid

2160 4789 2313 4844 aliud
2345 4790 2597 4845 dicturus
2627 4809 2709 4859 es,
2738 4809 2909 4864 quam
2942 4810 3056 4847 non
3087 4793 3190 4848 tibi
3221 4810 3342 4848 esse
3370 4795 3678 4865 probabile
3710 4803 3777 4851 ut
3812 4796 3866 4851 id

2223 4887 2235 4920 Â³
2271 4886 2349 4933 Ita
2372 4886 2618 4935 scribitur
2638 4887 2691 4935 in
2713 4887 2941 4936 editione
2973 4888 3099 4937 Bad.
3129 4892 3181 4937 et
3200 4888 3253 4937 in
3274 4889 3517 4940 pluribus
3543 4891 3673 4940 Mss.
3698 4893 3763 4940 In
3782 4906 3866 4940 an-

2162 4946 2320 5016 tiquis
2337 4948 2495 5016 etiam
2517 4949 2835 5016 editionibus
2855 4946 3435 5016 ChrysostomiJiomil.
3455 4953 3598 5016 17in
3620 4953 3785 5016 Epist.
3804 4953 3866 5001 ad

2159 5009 2347 5071 Ephes.
2379 5010 2580 5077 legitur_
2592 5009 3006 5077 samardakous,
3019 5012 3196 5075 ibique
3207 5013 3467 5077 signiï¬cat
3484 5009 3864 5077 getoloboious;

2160 5085 2258 5120 nec
2284 5073 2508 5137 multum
2535 5073 2687 5137 aliter
2714 5075 2855 5137 apud
2884 5078 2997 5124 Am.
3034 5079 3086 5123 et
3113 5073 3219 5137 tres
3246 5073 3370 5124 Mss.
3403 5073 3497 5137 qui
3528 5073 3751 5133 habent,
3772 5082 3865 5126 Sa-

2158 5134 2456 5183 mardocos.
2480 5135 2544 5182 At
2560 5136 2641 5182 Er.
2673 5139 2724 5183 et
2744 5134 2865 5184 Lov.
2898 5135 3270 5193 Sarmadacos;
3296 5138 3370 5185 uti
3388 5134 3553 5186 etiam
3566 5140 3756 5188 scribit
3787 5152 3865 5187 veâ€”

2159 5199 2244 5244 tus
2265 5201 2647 5245 commentator
2657 5198 2873 5256 Horatii,
2891 5198 2956 5247 ad
2984 5197 3115 5247 illud
3136 5198 3224 5247 lib.
3250 5203 3296 5258 t,
3311 5200 3465 5248 Satir.
3484 5202 3534 5257 6,
3556 5219 3581 5243 Î¹Î¹
3605 5202 3863 5251 Fallacem

2163 5275 2189 5301 Î±
2215 5258 2411 5306 circum
2431 5272 2441 5306 :
2465 5275 2492 5304 Â»
2520 5259 2608 5307 ubi
2639 5272 2730 5307 eos
2777 5259 2903 5308 dicit
2930 5280 2953 5303 Î±
2984 5259 3328 5309 Sarmadacos
3360 5266 3414 5310 et.
3442 5262 3729 5312 sortilegos
3759 5278 3862 5312 ma-

2162 5338 2188 5363 Î±
2220 5319 2544 5385 thematicos,
2572 5321 2661 5385 qui
2696 5321 2781 5385 ad
2803 5327 2967 5385 metas
3004 5327 3325 5385 spectatores
3358 5319 3784 5375 circumstabant
3816 5329 3864 5374 et

2163 5396 2190 5427 â€¹â€¹
2220 5380 2491 5444 imperitos
2515 5380 2669 5444 nugis
2695 5382 2965 5432 fallebant.
2993 5400 3020 5430 Î¹)

2220 5444 2242 5477 Â²
2273 5443 2397 5510 Bad.
2433 5448 2485 5492 et
2508 5443 2652 5493 Mss}.
2682 5444 2948 5505 undecim,
2977 5444 3115 5508 quod
3148 5447 3201 5496 et
3228 5446 3440 5497 videtur
3466 5448 3748 5510 probabile
3772 5459 3862 5498 nec

2157 5507 2345 5565 cessat,
2371 5518 2466 5556 nec
2486 5510 2647 5558 erral.
