4062 6188
223 286 288 335 95
298 286 326 335 3

221 402 391 457 faciat
436 403 806 456 adolescens?
844 406 917 456 At
966 403 1048 457 illi
1092 404 1387 473 probabile
1437 409 1538 459 est.
1593 408 1735 460 Nam
1770 403 1816 458 si
1849 422 1917 459 ex

222 493 408 546 alieno
438 491 717 562 probabili
744 490 1006 561 vivimus,
1036 509 1137 547 nec
1158 498 1220 548 tu
1251 494 1498 549 debuisti
1521 495 1917 549 administrare

216 580 663 651 rempublicam;
689 580 823 651 quia
850 581 1089 651 Epicuro
1112 581 1295 637 visum
1319 588 1404 637 est
1429 600 1546 637 non
1567 601 1688 637 esse
1714 583 1919 639 facien-

216 671 376 723 dum.
400 669 759 723 Adulterabit
777 669 1059 739 igiturille
1074 670 1301 740 juvenis
1320 673 1623 742 conjugem
1642 674 1915 726 alienam:

216 757 320 827 qui
339 756 728 826 deprehensus
750 757 795 809 si
826 757 1022 824 fuerit,
1045 758 1143 812 ubi
1165 764 1217 811 te
1249 759 1501 813 inveniet
1521 776 1554 812 a
1584 776 1696 831 quo
1726 760 1920 814 defen-

212 846 421 900 datur?
454 846 795 915 Quanquam
818 846 989 900 etiam
1010 848 1057 899 si
1088 848 1359 914 inveniat,
1394 848 1533 918 quid
1552 848 1804 902 dicturus
1826 850 1924 901 es?

216 934 465 1005 Negabis
498 935 766 1004 profecto.
806 935 951 998 Quid
991 935 1038 989 si
1078 940 1192 990 tam
1225 938 1441 990 clarum
1476 942 1577 1004 est,
1612 942 1675 991 ut
1714 939 1923 991 frustra

213 1023 510 1076 inliciere?
544 1023 917 1077 Persuadebis
945 1023 1237 1086 nimirum,
1272 1030 1545 1096 tanquam
1576 1026 1634 1080 in
1669 1027 1922 1080 Cumano

210 1109 516 1181 gymnasio
544 1113 714 1180 atque
746 1110 883 1163 adeo
908 1112 1303 1182 Neapolitano,
1328 1113 1467 1167 nihil
1492 1130 1621 1167 eum
1643 1131 1918 1184 peccasse,

214 1199 339 1252 imo
368 1198 538 1252 etiam
574 1215 675 1251 nec
715 1214 930 1252 errasse
962 1199 1219 1269 quidem.
1251 1202 1374 1254 Non
1409 1202 1562 1255 enim
1596 1203 1921 1257 faciendum

212 1304 342 1341 esse
373 1286 717 1341 adulterium
744 1303 847 1356 pro
868 1304 1001 1341 vero
1034 1288 1141 1341 sibi
1160 1290 1468 1359 persuasit;
1503 1292 1796 1361 probabile
1828 1309 1921 1345 oc-

210 1375 419 1442 currit,
453 1380 677 1428 secutus
730 1380 832 1441 est,
866 1375 1033 1429 fecit:
1076 1381 1173 1429 aut
1220 1378 1457 1431 fortasse
1494 1396 1607 1433 non
1637 1380 1788 1445 fecit,
1826 1381 1924 1435 sed

206 1464 415 1519 fecisse
447 1463 553 1517 sibi
574 1463 725 1516 visus
748 1468 849 1517 est.
877 1464 983 1517 Iste
1008 1469 1203 1518 autem
1225 1466 1485 1535 maritus,
1511 1469 1683 1522 homo
1710 1469 1921 1535 fatuus,

210 1552 519 1625 perturbat
568 1552 761 1605 omnia
808 1551 1001 1606 litibus
1037 1570 1142 1623 pro
1177 1555 1368 1607 uxoris
1409 1558 1661 1611 castitate
1703 1557 1921 1627 procla-

209 1658 405 1708 mans,
438 1658 567 1694 cum
607 1658 721 1708 qua
752 1641 897 1695 forte
930 1658 1079 1695 nunc
1112 1643 1342 1712 dormit,
1378 1649 1435 1698 et
1463 1645 1660 1700 nescit.
1696 1648 1809 1699 Hoc
1842 1646 1921 1700 illi

206 1729 439 1801 judices
472 1728 517 1780 si
549 1729 955 1797 intellexerint,
999 1733 1095 1783 aut
1126 1731 1420 1801 negligent
1448 1734 1836 1801 Academicos,
1871 1740 1927 1789 et

211 1823 501 1887 tanquam
554 1815 770 1869 crimen
820 1816 1179 1871 verissimum
1233 1819 1512 1888 punient;
1567 1825 1664 1874 aut
1714 1822 1926 1876 eisdem

211 1905 707 1975 obtemperantes,
729 1904 1113 1959 verisimiliter
1126 1906 1420 1962 hominem
1440 1909 1927 1981 probabiliterque

212 1994 601 2059 damnabunt,
648 1997 707 2045 ut
735 1994 856 2063 jam
899 1993 1033 2063 quid
1067 1999 1197 2064 agat
1234 1995 1339 2049 iste
1377 2002 1652 2066 patronus
1692 2016 1927 2067 prorsus

215 2084 472 2153 ignoret.
505 2081 602 2135 (lui
630 2081 785 2135 enim
812 2087 1138 2136 succenseat
1160 2099 1273 2136 non
1296 2084 1551 2154 habebit,
1578 2102 1706 2140 cum
1730 2104 1928 2141 omnes

214 2189 282 2225 se
314 2170 461 2225 nihil
492 2186 706 2225 errasse
757 2170 974 2238 dicant;
1026 2172 1255 2242 quando
1298 2189 1413 2227 non
1453 2176 1842 2242 assentientes,
1871 2176 1927 2231 id

214 2260 383 2331 quod
413 2259 597 2313 visum
636 2265 739 2325 est,
776 2259 1071 2329 probabile
1104 2260 1362 2315 fecerint.
1392 2263 1573 2317 Ponet
1601 2263 1775 2333 igitur
1806 2281 1927 2335 per-

216 2365 426 2402 sonam
454 2348 700 2419 patroni,
736 2353 791 2401 et
827 2349 1152 2420 philosophi
1197 2351 1570 2406 consolatoris
1619 2353 1925 2423 suscipiet:

216 2438 308 2491 ita
327 2436 493 2490 facile
515 2437 878 2505 adolescenti,
911 2437 1009 2507 qui
1019 2438 1138 2508 jam
1162 2442 1384 2492 tantum
1405 2440 1463 2493 in
1484 2441 1786 2495 Academia
1808 2459 1931 2512 pro-

215 2526 444 2592 fecerit,
467 2526 829 2595 persuadebit
851 2530 909 2579 ut
932 2543 989 2579 se
1020 2532 1291 2597 tanquam
1314 2528 1373 2581 in
1395 2530 1611 2583 somnis
1628 2535 1788 2600 putet
1809 2547 1928 2584 esse

219 2616 585 2669 damnatum.
647 2614 757 2668 Sed
807 2631 903 2668 vos
944 2632 1034 2669 me
1070 2616 1250 2686 jocari
1290 2617 1682 2672 arbitramini:
1719 2620 1927 2690 liquet1

217 2705 487 2773 dejerare
511 2720 614 2773 per
636 2720 805 2757 omne
826 2704 1081 2758 divinum
1109 2704 1250 2773 (Lib.
1270 2708 1299 2759 Ι
1316 2709 1545 2761 Rctract.
1569 2725 1687 2776 cup.
1718 2713 1839 2777 1,12.
1856 2710 1930 2777 4),

219 2792 449 2847 nescire
478 2808 566 2845 me
585 2808 819 2861 prorsus
850 2794 1142 2863 quomodo
1170 2793 1275 2847 iste
1304 2796 1620 2863 peccaverit
1651 2816 1663 2861 ;
1699 2796 1743 2848 si
1774 2796 1929 2865 quis-

219 2879 362 2950 quis
392 2879 450 2932 id
468 2879 649 2949 egerit
670 2880 820 2949 quod
851 2879 1145 2949 probabile
1169 2880 1408 2946 videtur,
1432 2898 1544 2934 non
1577 2886 1789 2951 peccat.
1815 2881 1933 2935 Nisi

219 2970 377 3023 forte
408 2968 467 3021 in
499 2972 683 3021 totum
714 2967 870 3021 aliud
892 2984 1014 3022 esse
1037 2968 1234 3022 dicunt
1256 2984 1465 3036 errare,
1490 2970 1643 3023 aliud
1666 2986 1929 3039 peccare;

223 3073 407 3127 seque
425 3055 539 3111 illis
560 3056 859 3127 praeceptis
881 3057 1064 3127 egisse
1093 3073 1163 3111 ne
1191 3072 1467 3126 erremus,
1488 3074 1719 3129 peccare
1741 3063 1933 3113 autem

222 3145 377 3200 nihil
412 3161 687 3214 magnum
721 3162 840 3198 esse
872 3146 1118 3200 duxisse.

307 3237 394 3289 36.
454 3235 630 3287 Taceo
678 3234 745 3287 de
802 3234 1144 3301 homicidiis,
1206 3233 1544 3305 parricidiis,
1602 3235 1929 3305 sacrilegiis,

225 3323 615 3393 omnibusque
631 3322 886 3389 omnino,
904 3339 1031 3393 qua:
1053 3322 1179 3376 ﬁeri
1200 3327 1295 3377 aut
1314 3323 1545 3393 cogitari
1564 3328 1818 3393 possunt,
1846 3323 1936 3376 fla-

225 3411 394 3483 gitiis
423 3416 520 3464 aut
548 3411 922 3479 facinoribus,
963 3428 1091 3482 quas
1131 3412 1325 3481 paucis
1354 3412 1556 3478 verbis,
1590 3416 1645 3465 et
1669 3412 1820 3482 quod
1854 3416 1937 3464 est

226 3500 485 3571 gravius,
510 3500 658 3570 apud
676 3499 1131 3569 sapientissimos
1148 3500 1370 3570 judices
1395 3500 1805 3554 defenduntur:
1840 3500 1935 3553 Ni—

225 3591 319 3645 hil
348 3590 628 3653 consensi,
663 3595 717 3643 et
745 3589 874 3643 ideo
908 3606 1027 3642 non
1059 3589 1259 3643 erravi.
1285 3588 1578 3652 Quomodo
1610 3593 1800 3641 autem
1824 3605 1937 3641 non

226 3681 481 3734 facerem
523 3680 671 3748 quod
722 3678 1013 3748 probabile
1062 3677 1247 3731 visum
1292 3678 1412 3730 est?
1455 3677 1562 3740 Qui
1602 3682 1794 3730 autem
1824 3693 1938 3730 non

226 3773 446 3841 putant
466 3769 571 3822 ista
591 3766 963 3838 probabiliter
993 3782 1159 3836 posse
1197 3765 1549 3837 persuaderi,
1592 3766 1784 3834 legant
1812 3779 1938 3816 ora-

228 3859 459 3915 tionem
474 3857 754 3925 Catilinze,
768 3872 880 3927 qua
891 3855 1091 3927 patria:
1104 3855 1500 3925 parricidium,
1518 3870 1631 3925 quo
1645 3869 1758 3906 uno
1773 3850 1940 3905 couti-

230 3952 451 4003 nentur
473 3946 667 4001 omnia
688 3946 921 4015 scelera,
938 3944 1221 4015 persuasit
1235 3945 1583 4014 (Sullust.,de
1599 3944 1736 3997 Bello
1754 3942 1909 3998 Catil.
1923 3979 1938 4004 ,

231 4052 360 4106 cap.
402 4040 503 4089 12).
531 4036 654 4089 Jam
692 4034 834 4088 illud
862 4033 991 4104 quis
1030 4051 1144 4087 non
1177 4033 1358 4087 ridet?
1397 4032 1508 4102 Ipsi
1547 4032 1763 4096 dicunt,
1797 4030 1939 4083 nihil

231 4142 299 4179 se
334 4126 391 4177 in
418 4124 637 4194 agendo
671 4122 834 4194 sequi
854 4121 967 4176 nisi
996 4122 1313 4191 probabile,
1338 4126 1393 4174 et
1409 4126 1674 4192 quaerunt
1705 4136 1940 4189 magno-

230 4229 379 4285 pere
410 4212 728 4276 veritatem,
763 4227 893 4264 cum
924 4210 1004 4264 eis
1034 4211 1107 4263 sit
1138 4210 1433 4279 probabile
1464 4226 1578 4262 non
1610 4225 1772 4279 posse
1793 4208 1944 4261 inve-

232 4302 374 4357 niri.
416 4302 456 4354 Ο
491 4300 701 4354 mirum
728 4304 1074 4353 monstrum!
1107 4300 1210 4353 Sed
1234 4300 1342 4352 hoc
1372 4299 1719 4361 omittamus,
1754 4296 1944 4349 minus

234 4388 299 4443 id
334 4388 406 4441 ad
433 4404 558 4453 nos,
593 4389 778 4440 minus
808 4388 878 4441 ad
909 4387 1037 4440 vitae
1062 4390 1271 4439 nostrae
1294 4385 1617 4449 discrimen,
1654 4384 1844 4437 minus
1876 4383 1944 4435 ad

234 4478 608 4532 fortunarum
654 4476 979 4545 periculum
1030 4475 1297 4545 pertinet.
1350 4475 1495 4527 Illud
1541 4477 1624 4527 est
1684 4472 1943 4542 capitale,

236 4565 386 4620 illud
418 4565 869 4626 formidolosum,
892 4564 1032 4617 illud
1063 4564 1278 4632 optimo
1309 4563 1515 4633 cuique
1544 4561 1943 4627 metuendum,

237 4655 397 4725 quod
434 4654 589 4706 nefas
639 4669 830 4716 omne,
880 4652 926 4705 si
967 4654 1089 4705 haec
1131 4652 1276 4704 ratio
1307 4651 1615 4722 probabilis
1655 4650 1783 4717 erit,
1815 4665 1945 4702 cum

236 4741 541 4813 probabile
574 4742 839 4811 cuiquam
872 4740 1055 4793 visum
1100 4741 1271 4793 fuerit
1303 4756 1420 4793 esse
1451 4738 1791 4807 faciendum,
1818 4742 1944 4791 tan-

238 4837 373 4886 tum
404 4831 547 4883 nulli
578 4830 739 4900 quasi
773 4845 906 4883 vero
938 4829 1297 4895 assentiatur,
1328 4845 1444 4882 non
1475 4830 1658 4882 solum
1680 4828 1800 4880 sine
1832 4844 1946 4880 sce-

238 4919 401 4983 leris,
427 4919 521 4972 sed
558 4919 729 4972 etiam
761 4918 881 4971 sine
913 4918 1121 4971 erroris
1149 4917 1567 4987 vituperatione
1605 4916 1945 4970 committat.

238 5007 394 5073 Quid
427 5009 601 5078 ergo?
638 5009 767 5062 Haec
803 5008 888 5061 illi
927 5024 1040 5061 non
1080 5007 1385 5060 viderunt?
1424 5007 1542 5059 Imo
1582 5004 1949 5059 solertissime

311 5202 329 5233 1
356 5200 498 5251 Lov..
530 5198 668 5247 liber.
696 5196 1010 5246 Restituitur
1037 5211 1100 5245 ex
1126 5196 1261 5252 Am.,
1290 5195 1377 5243 Er.
1405 5198 1456 5244 et
1484 5195 1625 5251 Mss.,
1665 5194 1833 5256 liquet
1860 5193 1947 5241 de-

231 5262 461 5324 jerare;
484 5262 623 5322 quod
645 5261 753 5324 jam
782 5261 834 5307 in
864 5260 954 5324 lib.
984 5260 1258 5324 ldRetract.
1283 5273 1327 5306 c.
1358 5261 1377 5305 1
1409 5257 1779 5324 annotavimus
1798 5269 1947 5324 usur-

244 5318 433 5387 patum
463 5318 575 5370 esse
605 5318 666 5371 ei
702 5322 962 5370 Terentio.
994 5322 1143 5369 Hune
1168 5333 1357 5429 nempe
1395 5325 1549 5381 atque
1580 5319 1710 5366 alios
1740 5318 1948 5380 politio-

244 5387 321 5429 ris
347 5385 619 5429 latinitatis
650 5389 888 5429 auctores
918 5383 1153 5429 aemulari
1179 5396 1294 5429 ama
1334 5385 1387 5428 at
1410 5380 1754 5429 Angustinus.
1784 5381 1837 5427 in
1869 5380 1948 5427 his

244 5380 321 5433 ris
347 5385 619 5432 latinitatis
650 5389 888 5432 auctores
918 5383 1153 5431 aemulari
1179 5380 1387 5429 amabat
1410 5380 1754 5441 Augustinus,
1784 5381 1837 5427 in
1869 5380 1949 5427 his

246 5448 441 5511 litteris
471 5464 503 5511 (ς
513 5447 623 5511 jam
662 5447 875 5509 quidem
912 5446 1265 5511 servientibus
1286 5445 1410 5511 Deo,
1445 5443 1735 5511 sedadhpc
1771 5456 1949 5511 super-

248 5527 277 5555 a
299 5509 403 5557 bim
437 5505 950 5570 scholam'tanquam
981 5508 1035 5555 in
1064 5507 1373 5570 pausatione
1399 5505 1801 5562 anhelantibus,
1824 5522 1850 5549 »
1888 5508 1946 5553 ut

249 5572 363 5633 ipse
385 5571 458 5619 ait
484 5571 574 5619 lib.
612 5573 638 5619 9
665 5570 810 5619 Couf.
836 5584 880 5619 c.
914 5573 959 5620 4.

1691 284 1902 338 LIBER
1942 284 2275 339 TERTIUS.

3627 293 3732 344 954

2026 405 2583 477 prudentissimeque
2599 407 2880 475 viderunt,
2906 426 3007 463 nec
3031 409 3172 463 mihi
3192 411 3305 463 ullo
3323 416 3487 481 pacto
3502 415 3725 465 tantum

2027 494 2435 565 arrogaverim,
2471 500 2531 548 ut
2561 497 2627 550 Μ.
2675 498 2921 552 Tullium
2973 499 3167 569 aliqua
3196 516 3259 552 ex
3307 505 3468 569 parte
3522 516 3728 569 sequar

2027 581 2327 651 industria,
2375 583 2689 653 vigilantia,
2736 584 2991 655 ingenio,
3045 587 3343 641 doctrina:
3397 589 3487 641 cui
3536 594 3729 641 tamen

2027 672 2321 740 asscrenti,
2376 672 2520 726 nihil
2565 673 2707 726 scire
2752 691 2915 744 posse
2964 675 3280 741 hominem,
3326 677 3372 729 si
3402 677 3508 730 hoc
3539 679 3731 730 solum

2029 759 2331 827 diceretur,
2377 760 2501 814 Scio
2553 761 2632 815 ita
2672 761 2853 815 videri
2902 762 3088 829 mihi;
3144 763 3291 816 unde
3338 764 3397 819 id
3443 765 3735 819 refelleret

2030 856 2145 893 non
2176 841 2436 894 haberet.

2030 928 2257 982 CAPUT
2295 929 2454 983 XVII.
2500 958 2567 968 —
2597 928 2911 983 Academici
2951 944 3117 997 quarc
3148 929 3547 984 dissimularint
3579 945 3733 983 suum

2723 1003 3048 1053 sententiam.

2103 1084 2187 1133 37.
2219 1078 2363 1143 Quid
2396 1079 2572 1149 igitur
2609 1079 2824 1147 placuit
2854 1080 3023 1133 tantis
3050 1078 3182 1131 viris
3214 1079 3504 1150 perpetuis
3526 1083 3580 1131 et
3604 1094 3730 1148 per-

2032 1167 2310 1221 tinacibus
2330 1166 2792 1220 contentionibus
2814 1183 3003 1236 agere,
3027 1183 3098 1219 ne
3121 1166 3177 1219 in
3202 1181 3549 1237 quemquam
3574 1164 3733 1217 cade-

2032 1271 2091 1308 re
2122 1255 2239 1308 veri
2261 1254 2495 1308 scientia
2521 1254 2844 1308 videretur?
2864 1255 3068 1308 Audite
3094 1256 3215 1325 jam
3240 1256 3412 1323 paulo
3436 1252 3733 1318 attentius,

2033 1359 2149 1396 non
2176 1342 2313 1412 quid
2346 1342 2540 1407 sciam,
2566 1342 2661 1395 sed
2692 1341 2831 1412 quid
2853 1341 3171 1394 existimem
3196 1358 3207 1394 :
3233 1342 3337 1394 hoc
3364 1341 3520 1393 enim
3550 1340 3619 1393 ad
3653 1340 3736 1392 ul-

2031 1430 2238 1484 timum
2277 1430 2657 1495 reservabam,
2705 1434 2766 1483 ut
2794 1428 3155 1499 explicarem,
3200 1429 3245 1482 si
3283 1444 3532 1498 possem,
3568 1428 3734 1497 quale

2033 1519 2174 1572 mihi
2202 1518 2462 1572 videatur
2499 1534 2620 1571 esse
2658 1522 2841 1571 totum
2888 1517 3357 1571 Academicorum
3397 1516 3728 1571 consilium.

2033 1608 2190 1661 Plato
2231 1607 2317 1659 vir
2359 1606 2809 1676 sapientissimus
2850 1609 2905 1659 et
2943 1604 3361 1659 eruditissimus
3410 1609 3735 1673 temporum

2034 1712 2287 1761 suorum,
2319 1695 2419 1765 qui
2450 1700 2504 1748 et
2523 1695 2601 1747 ita
2627 1695 2846 1748 locutus
2868 1698 2971 1761 est,
3004 1699 3067 1747 ut
3096 1708 3470 1762 quaecumque
3500 1692 3737 1755 diceret,

2035 1800 2243 1854 magna
2268 1783 2496 1852 ﬁerent,
2523 1788 2579 1836 et
2620 1799 2685 1836 ea
2713 1782 2936 1836 locutus
2964 1787 3067 1847 est,
3100 1786 3164 1834 ut
3195 1780 3738 1851 quomodocumque

2037 1872 2267 1937 diceret,
2292 1888 2466 1942 parva
2485 1887 2599 1925 non
2624 1871 2825 1925 ﬁerent
2848 1870 2987 1940 (Lib.
3013 1873 3315 1933 IRetract.,
3340 1884 3460 1937 cap.
3491 1872 3540 1936 l,
3563 1885 3618 1920 τι.
3644 1869 3699 1934 4)
3724 1884 3735 1932 ;

2038 1961 2244 2015 dicitur
2272 1966 2401 2030 post
2430 1964 2672 2012 mortem
2708 1958 2949 2012 Socratis
2992 1956 3250 2026 magistri
3280 1955 3387 2021 sui,
3419 1971 3591 2025 quem
3622 1954 3737 2006 sin—

2038 2049 2616 2119 gulariterdilexerat,
2640 2064 2672 2100 a
2688 2045 3056 2117 Pythagoreis
3070 2045 3240 2097 etiam
3257 2044 3434 2096 multa
3450 2041 3734 2096 didicisse.

2038 2138 2388 2208 Pythagoras
2427 2140 2619 2189 autem
2650 2152 2835 2205 grmca
2866 2134 3228 2204 philosophia
3268 2148 3382 2185 non
3416 2135 3736 2193 contentus,

2038 2241 2167 2295 quae
2197 2230 2334 2278 tunc
2363 2229 2461 2277 aut
2490 2239 2637 2295 pene
2666 2224 2824 2276 nulla
2856 2226 2993 2281 erat,
3027 2228 3127 2274 aut
3156 2225 3305 2273 certe
3334 2219 3737 2279 occultissima,

2036 2319 2339 2386 postquam
2360 2318 2675 2367 commotus
2696 2312 3035 2382 Pherecydes
3060 2310 3359 2379 cujusdam
3384 2310 3509 2378 Syri
3538 2308 3731 2379 dispu-

2035 2403 2367 2469 tationibus,
2390 2403 2776 2455 immortalem
2807 2417 2928 2453 esse
2954 2400 3211 2453 animum
3240 2398 3499 2462 credidit,
3527 2397 3738 2449 multos

2039 2492 2322 2561 sapientes
2353 2491 2524 2544 etiam
2560 2492 2727 2560 longe
2770 2492 2993 2559 lateque
3022 2486 3423 2558 peregrinatus
3455 2486 3739 2539 audierat.

2040 2581 2220 2650 Igitur
2250 2581 2406 2633 Plato
2446 2578 2716 2648 adjiciens
2758 2577 2941 2646 lepori
2983 2575 3397 2645 subtilitatique
3438 2574 3736 2628 Socratica:

2041 2685 2214 2740 quam
2245 2669 2305 2720 in
2336 2667 2647 2720 moralibus
2672 2666 2891 2729 habuit,
2919 2664 3267 2717 naturalium
3298 2662 3738 2731 divinarumque

2039 2774 2232 2810 rerum
2255 2755 2542 2826 peritiam,
2568 2769 2739 2824 quam
2760 2752 2827 2805 ab
2843 2752 2922 2805 eis
2936 2768 3081 2821 quos
3106 2749 3415 2803 memoravi
3439 2749 3749 2818 diligenter

2040 2848 2360 2914 acceperat;
2392 2843 2857 2911 subjungensque
2898 2839 3061 2910 quasi
3098 2836 3487 2891 formatricem
3516 2836 3747 2890 illarum

2041 2933 2312 3003 partium,
2344 2931 2710 3001 judicemque
2741 2927 3114 2988 dialecticam,
3147 2941 3275 2995 quas
3300 2924 3541 2994 autipsa
3571 2929 3737 2988 esset,

2044 3028 2139 3078 aut
2169 3024 2290 3077 sine
2321 3038 2434 3093 qua
2474 3020 2744 3090 sapientia
2776 3017 3013 3071 omnino
3046 3033 3165 3070 esse
3195 3032 3313 3068 non
3343 3018 3534 3085 posset
3561 3035 3575 3079 ;
3618 3031 3746 3085 per-

2042 3114 2248 3167 fectam
2278 3110 2486 3164 dicitur
2524 3107 2906 3177 composuisse
2946 3103 3323 3176 philosophia:
3365 3103 3747 3174 disciplinam,

2044 3204 2113 3258 de
2148 3218 2259 3272 qua
2288 3215 2439 3253 nunc
2464 3198 2737 3252 disserere
2765 3201 2989 3265 tempus
3012 3193 3028 3225 ‘
3070 3210 3187 3247 non
3216 3197 3319 3247 est.
3353 3193 3451 3247 Sat
3482 3196 3565 3246 est
3595 3191 3749 3245 enim

2045 3291 2112 3344 ad
2135 3290 2190 3342 id
2212 3288 2367 3360 quod
2389 3288 2537 3351 volo,
2563 3287 2855 3340 Platonem
2884 3283 3123 3337 sensisse
3158 3282 3301 3336 duos
3326 3297 3448 3335 esse
3472 3282 3747 3334 mundos:

2047 3394 2225 3433 unum
2273 3375 2718 3445 intelligibilem,
2769 3373 2827 3426 in
2858 3389 2972 3443 quo
3021 3372 3145 3442 ipsa
3172 3371 3379 3423 veritas
3430 3370 3749 3423 habitaret:

2046 3468 2217 3521 istum
2242 3471 2434 3519 autem
2450 3463 2799 3527 sensibilem,
2825 3478 2995 3532 quem
3018 3460 3383 3513 manifestum
3403 3464 3607 3511 estnos
3632 3457 3754 3511 visu

2045 3559 2311 3625 tactuque
2341 3553 2574 3606 sentire.
2611 3552 2808 3621 Itaque
2836 3550 3001 3602 illum
3025 3563 3246 3613 verum,
3269 3548 3423 3599 hunc
3454 3545 3570 3598 veri
3602 3545 3755 3598 simi-

2048 3644 2159 3697 lem
2192 3647 2247 3696 et
2276 3642 2343 3695 ad
2376 3641 2529 3693 illius
2568 3639 2883 3708 imaginem
2916 3638 3149 3691 factum.
3197 3637 3263 3688 Et
3301 3634 3432 3688 ideo
3467 3635 3535 3687 de
3564 3634 3662 3687 illo
3693 3633 3754 3687 in

2048 3748 2132 3794 ea,
2166 3747 2295 3801 qua:
2319 3746 2375 3783 se
2416 3732 2803 3798 cognosceret,
2836 3726 3031 3779 anima
3050 3726 3205 3779 velut
3235 3723 3477 3794 expoliri
3508 3728 3563 3776 et
3593 3722 3755 3793 quasi

2048 3820 2303 3873 serenari
2333 3819 2654 3883 veritatem;
2681 3816 2749 3870 de
2777 3816 2885 3869 hoc
2912 3819 3102 3868 autem
3124 3812 3183 3866 in
3210 3812 3519 3866 stultorum
3552 3809 3756 3863 animis

2048 3924 2166 3961 non
2193 3906 2507 3972 scientiam,
2545 3906 2642 3959 sed
2670 3904 3007 3975 opinionem
3045 3917 3213 3973 posse
3256 3900 3539 3971 generari.
3582 3896 3755 3961 Quid-

2048 3995 2188 4066 quid
2226 4000 2420 4048 tamen
2455 3999 2719 4064 ageretur
2748 3994 2807 4046 in
2838 3993 2945 4046 hoc
2985 3991 3199 4044 mundo
3232 4005 3336 4059 per
3367 4004 3460 4042 eas
3490 3987 3749 4050 virtutes,

2051 4100 2192 4153 quas
2222 4083 2410 4136 civiles
2437 4082 2686 4145 vocabat,
2723 4080 2966 4134 aliarum
2999 4094 3261 4132 verarum
3292 4076 3570 4129 virtutum
3597 4074 3755 4127 simi-

2050 4173 2152 4238 les,
2186 4187 2337 4241 quae,
2362 4170 2471 4223 nisi
2497 4169 2692 4239 paucis
2736 4167 3111 4237 sapientibus,
3149 4166 3362 4236 ignota:
3395 4168 3604 4228 essent,
3638 4177 3757 4214 non

2051 4276 2219 4330 posse
2254 4258 2363 4311 nisi
2394 4258 2699 4311 verisimile
2736 4256 3049 4309 nominari.

2123 4351 2207 4402 38.
2240 4350 2368 4401 Ilaec
2402 4352 2457 4400 et
2485 4347 2595 4400 alia
2621 4345 2948 4415 hujusmodi
2981 4342 3123 4398 mihi
3150 4340 3419 4395 videntur
3446 4338 3595 4391 inter
3623 4352 3748 4391 suc—

2052 4452 2298 4489 cessores
2328 4436 2468 4505 ejus,
2504 4439 2785 4504 quantum
2818 4437 3100 4504 poterant,
3136 4446 3254 4483 esse
3288 4431 3531 4493 servata,
3566 4431 3621 4478 et
3648 4441 3752 4496 pro

2051 4523 2334 4594 mysteriis
2352 4522 2649 4576 custodita.
2677 4524 2801 4577 Non
2823 4522 2977 4575 enim
3000 4526 3097 4574 aut
3121 4518 3281 4572 facile
3303 4517 3411 4570 ista
3431 4514 3753 4586 percipiun-

2052 4618 2165 4679 tur,
2197 4613 2307 4666 nisi
2338 4613 2406 4666 ab
2438 4612 2518 4665 eis
2540 4612 2718 4682 quise
2749 4612 2819 4665 ab
2844 4609 3109 4663 omnibus
3133 4606 3282 4660 vitiis
3306 4606 3670 4669 mundantes,
3696 4603 3759 4656 in

2052 4704 2223 4756 aliam
2255 4702 2562 4772 quamdam
2589 4701 2716 4769 plus
2749 4714 2921 4769 quam
2946 4698 3257 4749 humanam
3280 4692 3754 4747 consuetudinem

2052 4789 2465 4844 vindicaverint
2480 4806 2492 4855 ;
2510 4792 2607 4842 aut
2621 4803 2733 4840 non
2750 4785 2997 4856 graviter
3014 4787 3206 4855 peccat
3222 4782 3482 4854 quisquis
3495 4798 3562 4835 ea
3576 4780 3762 4834 sciens

2056 4878 2340 4950 quoslibet
2385 4876 2652 4932 homines
2686 4877 2886 4930 docere
2935 4872 3195 4927 voluerit.
3240 4873 3437 4942 Itaque
3472 4873 3761 4924 Zenonem

2054 4968 2370 5038 principem
2403 4966 2742 5026 Stoicorum,
2778 4980 2907 5017 cum
2937 4964 3058 5033 jam
3091 4961 3436 5032 quibusdam
3471 4957 3674 5012 auditis
3708 4961 3765 5009 et

2056 5056 2303 5119 creditis,
2334 5055 2395 5107 in
2425 5054 2675 5107 scholam
2698 5052 2953 5106 relictam
2976 5069 3005 5105 a
3030 5053 3262 5105 Platone
3295 5049 3559 5115 venisset,
3585 5060 3758 5115 quam

2054 5162 2191 5212 tunc
2221 5145 2453 5199 Polemo
2487 5142 2783 5207 retinebat,
2826 5146 3150 5212 suspectum
3194 5139 3453 5193 habitum
3484 5134 3759 5204 suspicor,

2056 5252 2161 5290 nec
2192 5235 2365 5288 talem
2400 5231 2584 5285 visum
2630 5232 2721 5284 cui
2760 5231 3046 5284 Platonica
3089 5230 3187 5283 illa
3218 5229 3371 5281 velut
3410 5226 3763 5278 sacrosancta

2058 5326 2281 5380 decreta
2311 5321 2473 5375 facile
2496 5320 2661 5391 prodi
2685 5320 3083 5389 committique
3103 5319 3396 5379 deberent,
3418 5312 3763 5381 priusquam

2059 5410 2396 5469 dedicisset’
2426 5426 2509 5470 ea,
2552 5426 2679 5480 qua:
2705 5410 2763 5464 in
2795 5410 2951 5463 illam
2988 5408 3239 5462 scholam
3271 5403 3339 5456 ab
3372 5401 3497 5454 aliis
3532 5404 3760 5470 accepta

2121 5504 2134 5537 1
2163 5503 2219 5548 Ιι]
2248 5501 2322 5558 8.,
2355 5502 2620 5559 temporis.
2656 5499 2838 5547 Creteri
2864 5511 3047 5547 omnes
3076 5494 3220 5551 editi,
3249 5495 3467 5552 tempus.
3536 5488 3604 5537 M.

2120 5566 2141 5598 2
2166 5564 2288 5611 Lov.
2309 5599 2319 5621 ,
2348 5561 2734 5612 dedocuissent.
