3996 6170
161 235 263 284 957

159 354 446 425 respicere
466 354 733 424 patriam,
761 354 933 408 etiam
955 355 1078 411 sine
1101 356 1551 429 disputationum
1572 368 1857 417 concerta-

159 444 325 498 tione
353 443 692 514 potuissent.

523 534 747 587 CAPUT
777 534 881 587 XX.
915 562 983 573 —
1006 536 1279 590 Conclusio
1310 540 1503 605 operis.

236 622 327 675 43.
376 622 488 674 Hoc
540 621 682 674 mihi
743 621 813 674 de
855 623 1205 676 Academicis
1257 624 1490 679 interim
1545 627 1861 696 probabili-

158 712 274 775 ter,
322 714 386 763 ut
441 710 623 780 potui,
680 711 953 780 persuasi.
1007 712 1166 774 Quod
1219 712 1265 765 si
1314 713 1520 768 falsum
1562 723 1667 785 est,
1718 717 1863 771 nihil

157 799 238 851 ad
268 814 380 864 me,
414 798 505 852 cui
548 799 682 851 satis
724 804 809 853 est
843 798 961 868 jam
986 816 1099 854 non
1130 801 1416 868 arbitrari,
1451 820 1567 857 non
1595 821 1761 875 posse
1793 806 1861 859 ab

156 887 400 939 homine
428 886 671 939 inveniri
702 888 1016 942 veritatem.
1050 889 1317 960 Quisquis
1342 897 1533 945 autem
1564 898 1726 962 putat
1755 894 1864 947 hoc

158 976 407 1029 sensisse
446 975 835 1045 Academicos,
881 976 1071 1046 ipsum
1122 978 1454 1033 Ciceronem
1506 982 1717 1035 audiat.
1768 984 1863 1037 Ait

155 1065 318 1117 enim
350 1064 461 1117 illis
492 1080 711 1118 morem
741 1064 914 1118 fuisse
946 1067 1265 1121 occultandi
1295 1070 1637 1124 sententiam
1676 1088 1859 1138 suam,

156 1168 270 1206 nec
290 1169 415 1206 eam
438 1152 703 1224 cuiquam
733 1152 843 1207 nisi
872 1154 971 1224 qui
997 1171 1186 1209 secum
1215 1156 1284 1209 ad
1306 1162 1657 1213 senectutem
1681 1176 1861 1230 usque

152 1239 468 1307 vixisset‘,
527 1242 748 1311 aperire
792 1258 1114 1297 consuesse.
1173 1244 1310 1308 Quae
1363 1246 1435 1299 sit
1484 1252 1677 1301 autem
1733 1247 1858 1314 ista,

159 1332 316 1383 Deus
335 1329 574 1395 viderit;
608 1346 731 1384 eam
765 1335 956 1384 tamen
982 1331 1229 1385 arbitror
1254 1334 1500 1387 Platonis
1530 1334 1723 1389 fuisse.
1754 1337 1862 1390 Sed

154 1424 233 1473 ut
258 1418 505 1473 breviter
532 1418 822 1489 accipiatis
853 1435 1021 1487 omne
1051 1421 1417 1490 propositum
1452 1439 1674 1490 meum;
1709 1442 1860 1495 quo-

155 1524 280 1577 quo
309 1507 479 1561 modo
508 1523 565 1561 se
594 1507 803 1561 habeat
821 1508 1074 1561 humana
1101 1510 1396 1579 sapientia,
1428 1527 1553 1565 eam
1582 1528 1671 1566 me
1698 1514 1861 1567 video

156 1596 422 1650 nondum
452 1596 795 1666 percepisse.
838 1597 948 1651 Sed
978 1613 1109 1650 cum
1142 1598 1501 1669 trigesimum
1537 1606 1592 1655 et
1630 1602 1862 1656 tertium

156 1686 348 1738 aetatis
397 1701 615 1738 annum
663 1702 830 1755 agam
873 1688 969 1755 (ιι),
1004 1703 1119 1740 non
1165 1704 1255 1741 me
1286 1689 1531 1743 arbitror
1561 1692 1863 1761 desperare

156 1774 375 1828 debere
422 1789 548 1828 eam
589 1790 681 1827 me
729 1776 1073 1845 quandoque
1105 1776 1463 1848 adepturum.
1513 1780 1863 1850 Contemptis

156 1868 360 1916 tamen
388 1863 607 1917 caeteris
648 1864 914 1917 omnibus
945 1880 1074 1934 quae
1125 1866 1276 1919 bona
1323 1868 1594 1921 mortales
1638 1874 1859 1939 putant,

158 1951 301 2005 huic
328 1952 737 2022 investigandae
760 1953 1032 2006 inservire
1049 1954 1343 2023 proposui.
1366 1958 1409 2008 A
1440 1972 1553 2027 quo
1581 1973 1671 2010 me
1692 1974 1864 2028 nego-

158 2040 248 2093 tio
279 2042 550 2111 quoniam
581 2041 832 2096 rationes
867 2042 1337 2097 Academicorum
1376 2061 1492 2098 non
1522 2046 1724 2100 leviter
1749 2047 1863 2116 fde-

165 2129 477 2195 terrebant,
510 2130 662 2197 satis,
708 2135 773 2185 ut
810 2131 1077 2197 arbitror,
1112 2136 1308 2186 contra
1338 2148 1429 2186 eas
1457 2139 1577 2187 tota
1608 2134 1861 2205 disputa-

162 2217 323 2271 tione
357 2218 611 2272 munitus
647 2234 793 2272 sum.
843 2219 994 2272 Nulli
1025 2224 1219 2273 autem
1248 2221 1487 2275 dubium
1517 2228 1602 2277 est
1630 2224 1861 2293 gemino

164 2309 418 2377 pondere
435 2323 539 2360 nos
568 2306 791 2377 impelli
818 2308 889 2361 ad
918 2308 1276 2375 discendum,
1308 2311 1662 2364 auctoritatis
1693 2316 1862 2382 atque

164 2395 425 2450 rationis.
459 2396 591 2449 Mihi
622 2404 815 2450 autem
861 2401 1079 2451 certum
1111 2403 1196 2451 est
1245 2414 1529 2468 nusquam
1570 2416 1800 2469 prorsus
1830 2418 1864 2454 a

167 2484 379 2539 Christi
408 2485 739 2539 auctoritate
774 2485 1093 2539 discedere:
1144 2503 1259 2541 non
1306 2488 1459 2541 enim
1504 2489 1726 2558 reperio
1767 2506 1861 2542 va-

166 2574 488 2631 lentiorem.
539 2575 698 2638 Quod
740 2579 932 2627 autem
972 2575 1341 2629 subtilissima
1389 2576 1609 2630 ratione
1666 2594 1862 2643 perse-

166 2664 462 2733 quendum
491 2668 573 2717 est
598 2681 610 2729 ;
644 2664 724 2717 ita
754 2663 908 2717 enim
932 2665 1055 2734 jam
1085 2681 1210 2717 sum
1246 2665 1497 2731 affectus,
1530 2671 1592 2719 ut
1622 2666 1758 2736 quid
1789 2666 1863 2720 sit

160 2765 383 2816 verum,
417 2766 531 2803 non
575 2751 860 2805 credendo
906 2752 1106 2813 solum,
1148 2752 1246 2805 sed
1286 2752 1459 2806 etiam
1490 2752 1860 2821 intelligendo

162 2840 596 2909 apprehendere
619 2839 984 2910 impatienter
1002 2840 1347 2907 desiderem;
1373 2841 1525 2910 apud
1546 2840 1860 2895 Platonicos

162 2944 259 2982 me
288 2928 519 2983 interim
550 2929 702 2999 quod
734 2928 907 2982 sacris
954 2929 1161 2983 nostris
1202 2945 1321 2983 non
1352 2935 1637 3000 repugnet
1664 2946 1858 3000 reper-

160 3022 357 3071 turum
390 3033 508 3070 esse
539 3016 782 3071 conﬁdo.

230 3108 246 3140 ι
275 3104 359 3169 Sic
382 3105 537 3167 juxta
572 3109 673 3153 tres
694 3106 815 3169 Mss.
847 3105 1173 3169 [Vixissent].

227 3166 299 3237 (α)
323 3167 536 3239 Annum
571 3167 739 3238 (etatis
777 3166 971 3239 agebat.
997 3166 1324 3239 trigesimum
1368 3170 1608 3239 tertium._
1646 3170 1859 3239 quando

159 3230 368 3291 apicem
396 3228 640 3293 ultimum
676 3228 980 3293 imponebat
1003 3228 1125 3278 huic
1146 3231 1289 3293 operi
1311 3246 1322 3277 :
1354 3244 1537 3279 verum
1561 3232 1611 3279 id
1634 3228 1859 3281 scribere

159 3295 396 3355 coeperat
436 3292 673 3355 nondum
698 3292 889 3355 elapso
929 3293 1099 3355 astatis
1139 3292 1248 3341 suae
1291 3306 1432 3341 anno
1475 3294 1741 3355 trigesimo
1786 3308 1861 3342 se-

160 3353 385 3417 eundo,
396 3354 831 3417 quandoquidem
854 3354 1159 3403 inchoatum
1180 3356 1244 3403 ab
1266 3355 1378 3417 ipso
1396 3356 1494 3404 fuit
1510 3353 1629 3404 ante
1647 3370 1779 3417 opus
1797 3356 1860 3405 de

164 3415 326 3485 Beata
346 3415 480 3485 Vita,
509 3415 649 3485 quod
678 3416 917 3485 videlicet
938 3430 1094 3485 «non
1114 3415 1408 3485 postlibros
1428 3415 1860 3485 deAcademicis,

166 3495 191 3520 α
217 3478 312 3525 sed
350 3477 488 3541 inter
518 3477 635 3541 illos
668 3495 694 3523 ››
726 3492 780 3525 se
806 3479 1073 3541 scripsisse
1097 3477 1270 3540 prodit
1300 3479 1391 3527 lib.
1420 3484 1439 3527 1
1476 3481 1698 3528 Retraet.
1732 3495 1774 3527 c.
1812 3483 1857 3535 2,

165 3555 194 3623 0L:
226 3539 502 3623 occasione
520 3539 965 3623 diei‘nlatallistsui,
984 3558 1011 3586 »
1032 3539 1131 3623 ‘qiii
1162 3543 1216 3611 in
1254 3544 1308 3589 l3
1336 3542 1637 3623 nqvembris
1668 3542 1862 3591 incide-

163 3602 276 3659 bat,
300 3605 357 3649 ut
386 3606 605 3651 testatur
634 3603 725 3651 lib.
755 3603 818 3651 de
845 3604 1002 3651 Beata
1032 3602 1167 3662 Vita,
1191 3603 1245 3651 in
1274 3604 1600 3665 prmfatioue.

1020 233 1417 291 ADMONITIO
1458 237 1552 291 DE
1591 236 1942 304 SEQUENTI
1985 242 2053 296 Ll
2072 242 2208 297 BRO
2250 242 2344 295 DE
2386 240 2626 296 BEATA
2665 241 2859 296 VITA.

3576 251 3677 303 958

2040 365 2129 418 44.
2162 364 2258 416 Hic
2282 366 2586 433 postquam
2608 362 2887 417 sermonis
2909 364 3086 420 ﬁnem
3110 381 3200 421 me
3226 368 3424 422 fecisse
3447 384 3679 439 aspexe-

1974 456 2128 518 runt,
2144 452 2626 522 quamquamjam
2640 452 2775 522 ierat
2797 468 2929 517 nox,
2950 458 3006 506 et
3020 453 3236 523 aliquid
3250 455 3422 509 etiam
3444 457 3675 511 lucerna

1973 540 2131 593 illata
2159 540 2437 610 scriptum
2463 546 2619 607 erat;
2652 545 2845 594 tamen
2880 540 2964 595 illi
2994 542 3376 597 adolescentes
3411 544 3673 598 intentis-

1974 629 2115 683 sime
2162 630 2583 699 exspectabant,
2629 634 2827 684 utrum
2875 631 3112 700 Alypius
3162 633 3251 685 vel
3298 632 3431 685 aliio
3480 633 3569 686 die
3617 649 3673 685 se

1974 734 2383 788 responsurum
2414 734 2533 771 esse
2570 718 2954 786 promitteret.
2986 720 3129 773 Tum
3161 720 3255 774 ille
3282 737 3294 773 :
3340 721 3493 774 Nihil
3534 720 3679 774 mihi

1973 806 2298 876 aliquando,
2332 806 2536 875 inquit,
2574 811 2692 859 tam
2742 822 2807 859 ex
2855 808 3134 861 sententia
3165 809 3491 877 provenisse
3522 810 3680 862 afﬁr-

1972 910 2128 948 mare
2159 898 2390 964 paratus
2422 910 2569 956 sum,
2596 910 2771 964 quam
2801 896 2954 965 quod
2981 896 3257 949 hodierna
3290 897 3675 966 disputatione

1972 981 2198 1034 discedo
2232 986 2553 1051 superatus.
2589 983 2700 1036 Nec
2731 983 2897 1036 istam
2929 1000 3117 1037 meam
3149 990 3374 1038 tantum
3402 990 3541 1054 puto
3578 986 3675 1038 de-

1972 1066 2107 1120 bere
2130 1083 2247 1121 esse
2272 1068 2551 1123 laetitiam.
2577 1070 3023 1125 Communicabo
3051 1090 3185 1142 ergo
3209 1090 3335 1126 eam
3356 1074 3673 1137 vobiscum,

1972 1160 2387 1210 concertatores
2417 1157 2549 1223 mei,
2584 1158 2667 1211 vel
2704 1159 2925 1228 judices
2957 1161 3156 1214 nostri.
3194 1162 3671 1231 Quandoquidem

1970 1242 2079 1296 isto
2120 1259 2178 1296 se
2209 1249 2374 1312 pacto
2410 1261 2440 1296 a
2470 1244 2587 1297 suis
2619 1246 2860 1313 posteris
2890 1247 3057 1312 vinci,
3090 1248 3199 1317 ipsi
3230 1248 3401 1302 etiam
3437 1250 3674 1302 fortasse

1970 1330 2295 1384 Academici
2339 1335 2629 1401 optarunt.
2666 1333 2812 1396 Quid
2853 1334 3005 1387 enim
3050 1336 3218 1389 nobis
3258 1338 3366 1389 hoc
3396 1337 3675 1390 sermonis

1973 1420 2167 1488 lepore
2191 1418 2523 1489 jucundius,
2574 1420 2712 1490 quid
2758 1422 3169 1475 sententiarum
3216 1424 3494 1493 gravitate
3538 1442 3673 1494 per—

1970 1507 2223 1577 pensius,
2253 1508 2393 1579 quid
2428 1508 2823 1563 benevolentia
2856 1512 3202 1587 promptius,
3235 1512 3371 1581 quid
3419 1513 3676 1566 doctrina

1972 1595 2214 1665 peritius
2261 1596 2441 1650 videri
2474 1603 2573 1652 aut
2604 1599 2861 1652 exhibori
2892 1602 3135 1669 posset?
3182 1603 3418 1653 Prorsus
3457 1617 3672 1671 nequa-

1974 1700 2148 1754 quam
2169 1684 2339 1754 digne
2363 1685 2633 1739 admirari
2658 1703 2910 1757 possum,
2937 1689 3088 1758 quod
3118 1693 3233 1741 tam
3256 1689 3434 1743 facete
3458 1706 3674 1759 aspera,

1972 1776 2090 1825 tam
2135 1773 2362 1827 fortiter
2393 1774 2710 1845 desperata,
2765 1781 2877 1829 tam
2917 1778 3210 1831 moderate
3244 1778 3521 1845 convicta,
3556 1783 3675 1831 tam

1975 1861 2223 1915 dilucide
2267 1863 2509 1916 obscura
2537 1868 2771 1917 tractata
2799 1871 2951 1918 sunt.
2982 1866 3167 1929 Quare
3194 1866 3340 1935 jam,
3373 1865 3507 1919 socii
3536 1866 3669 1931 mei,

1974 1950 2452 2019 exspectationem
2500 1956 2766 2019 vestram,
2814 1970 2925 2023 qua
2969 1970 3062 2006 me
3106 1954 3177 2007 ad
3210 1954 3675 2024 respondendum

1972 2039 2386 2109 provocabatis,
2419 2040 2658 2094 certiore
2682 2057 2780 2111 spe
2812 2058 3038 2095 mecum
3066 2042 3138 2096 ad
3174 2042 3511 2097 discendum
3539 2060 3676 2097 con-

1973 2128 2191 2182 vertite.
2248 2129 2530 2183 Habemus
2580 2130 2782 2183 ducem
2836 2130 2934 2201 qui
2980 2148 3084 2184 nos
3132 2131 3192 2184 in
3251 2132 3375 2201 ipsa
3421 2132 3675 2187 veritatis

1975 2231 2202 2281 arcana,
2236 2217 2351 2269 Deo
2375 2218 2499 2287 jam
2529 2222 2902 2284 monstrante,
2934 2220 3234 2289 perducat.

2043 2306 2131 2357 45.
2166 2304 2265 2358 llic
2292 2321 2419 2375 ego,
2453 2322 2583 2360 cum
2624 2306 2710 2360 illi
2738 2307 2956 2378 {puerili
2989 2309 3238 2379 quodam
3270 2308 3478 2375 studio,
3522 2311 3676 2379 quod

1971 2391 2208 2461 Alypius
2256 2408 2632 2462 responsurus
2672 2411 2791 2448 non
2831 2396 3147 2463 videbatur,
3194 2396 3358 2466 quasi
3387 2397 3677 2451 fraudatus

1974 2484 2135 2536 vultu
2176 2499 2233 2535 se
2281 2484 2694 2538 ostenderunt:
2744 2485 3033 2552 lnvidetis,
3095 2487 3335 2556 inquam
3397 2486 3673 2552 arridens,

1972 2570 2235 2625 laudibus
2282 2572 2474 2625 meis?
2522 2572 2628 2626 Sed
2680 2574 2952 2642 quoniam
3004 2575 3073 2627 de
3126 2576 3314 2645 Alypii
3364 2575 3672 2629 constantia

1966 2659 2087 2728 jam
2130 2676 2361 2714 securus
2391 2661 2536 2714 nihil
2572 2677 2703 2715 eum
2754 2662 2969 2727 timeo;
3020 2667 3081 2715 ut
3112 2679 3211 2715 vos
3254 2679 3484 2732 quoque
3532 2660 3676 2714 mihi

1971 2748 2183 2818 gratias
2212 2749 2418 2819 agatis,
2447 2749 2668 2803 instruo
2700 2767 2799 2803 vos
2828 2750 3095 2803 adversus
3123 2750 3293 2803 illum
3326 2750 3425 2820 qui
3456 2754 3674 2802 tantam

1970 2835 2351 2889 intentionem
2410 2841 2611 2890 vestra:
2668 2837 3103 2906 exspectationis
3162 2837 3421 2890 offendit.
3482 2837 3676 2906 Legite

1970 2923 2332 2977 Academicos
2356 2940 2368 2990 ;
2399 2929 2454 2978 et
2474 2940 2602 2979 cum
2625 2925 2706 2979 ibi
2727 2926 2996 2979 victorem
3021 2924 3179 2994 (quid
3206 2925 3359 2979 enim
3383 2924 3604 2978 facilius
3620 2925 3673 2992 ?)

1971 3010 2212 3065 istarum
2242 3028 2529 3083 nugarum
2572 3014 2710 3083 (Lib.
2747 3015 2767 3067 Ι
2799 3016 3036 3079 Rctract,
3074 3030 3195 3083 cup.
3234 3017 3282 3079 1,
3318 3030 3374 3067 n.
3410 3014 3482 3082 4),
3516 3013 3675 3067 Cice-

1970 3114 2172 3152 ronem
2198 3098 2551 3169 inveneritis,
2582 3105 2817 3171 cogatur
2844 3100 2947 3154 iste
2978 3118 3011 3154 a
3039 3102 3197 3155 vobis
3226 3101 3379 3155 hunc
3410 3105 3673 3155 nostrum

1971 3204 2297 3241 sermonem
2337 3192 2533 3242 contra
2581 3190 2681 3242 illa
2726 3189 2933 3242 invicta
2970 3189 3293 3243 defendere.
3349 3191 3502 3243 Hanc
3542 3190 3672 3257 tibi,

1970 3276 2158 3346 Alypi,
2188 3277 2392 3332 duram
2420 3278 2741 3332 mercedem
2774 3294 2877 3348 pro
2902 3294 3033 3331 mea
3051 3278 3194 3331 falsa
3218 3278 3382 3331 laude
3406 3277 3668 3331 restituo.

1973 3364 2071 3417 Hic
2098 3382 2229 3419 cum
2259 3367 2599 3433 arrisissent,
2631 3368 2806 3421 ﬁnem
2837 3371 3009 3421 tanta:
3043 3367 3439 3433 conflictionis,
3478 3372 3667 3420 utrum

1971 3453 2362 3509 ﬁrmissimam
2393 3456 2604 3521 nescio,
2639 3456 2951 3510 modestius
2984 3460 3176 3509 tamen
3213 3460 3271 3509 et
3300 3455 3466 3508 citius
3495 3472 3667 3525 quam

1974 3556 2336 3609 speraveram
2365 3542 2627 3599 fecimus.

1515 3774 2325 3880 ADMONITIO

1137 3916 1243 3981 DE
1292 3916 1681 3994 SEQUENTI
1732 3917 1965 3983 LIBRO
2014 3918 2121 3982 DE
2168 3917 2431 3983 BEATA
2479 3917 2694 3996 VlTA,

240 4040 449 4092 Damus
474 4036 564 4091 hic
594 4036 702 4091 loci
734 4036 944 4092 librum
971 4037 1040 4092 de
1072 4039 1239 4092 Beata
1269 4040 1409 4105 Vita,
1444 4040 1539 4110 qui
1572 4056 1742 4109 opere
1768 4044 1965 4093 contra
1983 4040 2351 4095 Academicos
2370 4041 2493 4111 jam
2525 4042 2789 4095 inchoato
2823 4044 2993 4111 atque
3024 4039 3257 4094 interim
3288 4039 3519 4094 dimisso
3551 4056 3676 4093 sus-

158 4131 382 4197 ceptus,
421 4132 477 4181 et
514 4127 843 4181 continuata
869 4143 971 4197 per
1000 4132 1111 4180 tres
1142 4127 1261 4181 dies
1292 4128 1675 4198 disputatione
1706 4128 1859 4196 apud
1887 4128 2211 4183 Cassiacum
2244 4130 2529 4200 perfectus
2560 4135 2660 4183 est.
2698 4130 2840 4183 Cum
2870 4144 3003 4182 vero
3034 4128 3155 4198 ejus
3187 4126 3391 4181 edendi
3425 4132 3675 4180 occasio-

158 4232 299 4270 nem
334 4216 589 4269 natalitio
618 4232 719 4269 suo
744 4215 833 4269 die
863 4214 1049 4269 idibus
1078 4216 1401 4269 novembris
1426 4221 1721 4270 recurrent
1754 4220 1882 4286 (quo
1915 4215 2175 4271 videlicet
2203 4218 2291 4271 die
2321 4219 2378 4271 in
2413 4235 2625 4271 annum
2656 4217 2776 4287 ipse
2807 4234 2923 4271 suae
2956 4216 3135 4270 aetatis
3164 4215 3525 4284 trigesimum
3558 4220 3673 4267 ter-

160 4306 313 4359 tium
339 4304 832 4375 progrediebatur)
863 4308 1091 4356 nactum
1132 4320 1189 4357 se
1221 4304 1371 4357 dicat
1392 4304 1761 4374 Augustinus,
1796 4308 2055 4357 constare
2087 4306 2320 4359 omnino
2354 4306 2524 4359 debet
2555 4323 2698 4376 Opus
2737 4311 3065 4376 utrumque,
3101 4320 3229 4357 cum
3262 4303 3369 4356 hoc
3399 4303 3465 4357 de
3498 4304 3669 4355 Beata

162 4392 316 4461 Vita,
347 4396 468 4445 tum
492 4392 633 4446 illud
663 4396 859 4446 contra
882 4391 1244 4445 Academicos
1274 4392 1629 4446 elaboratum
1662 4392 1835 4446 fuisse
1866 4398 2106 4447 exeunte
2140 4394 2344 4449 Christi
2371 4412 2522 4449 anno
2554 4395 2949 4449 trecentesimo
2977 4392 3324 4463 octogesimo
3359 4396 3531 4452 sexto,
3574 4391 3672 4462 qui

164 4482 349 4553 ipsius
380 4480 749 4535 conversione
775 4480 1016 4549 insignis
1042 4479 1168 4533 fuit.

244 4571 403 4624 Hisce
433 4586 605 4640 porro
650 4570 719 4623 de
759 4570 926 4623 Beata
969 4569 1089 4621 Vita
1135 4568 1637 4638 disputationibus,
1670 4584 1811 4639 quas
1856 4568 2043 4623 festivi
2086 4586 2149 4623 ac
2186 4572 2454 4626 solemnis
2498 4572 2677 4626 instar
2716 4571 2872 4642 epuli
2908 4568 3230 4637 exhibebat,
3264 4567 3458 4622 adesse
3491 4568 3673 4623 voluit

166 4658 521 4713 convictores
551 4674 684 4711 suos
710 4673 931 4725 omnes,
961 4663 1133 4727 atque
1161 4657 1220 4710 in
1251 4657 1453 4727 primis
1480 4657 1797 4711 Monnicam
1829 4662 2071 4712 matrem
2104 4676 2287 4727 suam,
2322 4678 2451 4731 qum
2475 4662 2884 4716 sententiarum
2916 4673 3149 4712 suarum
3180 4657 3457 4729 gravitate
3490 4674 3552 4712 ac
3582 4676 3672 4712 sa-

166 4748 387 4819 pientia
423 4752 732 4817 praesentes
766 4746 825 4801 in
865 4745 1300 4800 admirationem
1334 4746 1545 4818 rapuit,
1584 4746 1933 4800 exclamante
1974 4748 2145 4803 etiam
2175 4750 2531 4821 Augustino:
2563 4754 2743 4820 Ipsam
2769 4762 3017 4817 prorsus,
3052 4752 3241 4816 mater,
3277 4765 3453 4803 arcem
3486 4750 3666 4819 philu-

165 4839 372 4906 sophiae
402 4840 639 4891 tenuisti.

243 4925 457 4979 Dicavit
493 4909 704 4979 librum
741 4924 893 4979 hunc
928 4924 1240 4989 Theodoro,
1287 4924 1448 4995 cujus
1477 4924 1891 4979 consuetudine
1925 4926 2078 4995 apud
2119 4927 2495 4982 Mediolanum
2526 4926 2739 4997 potitus
2769 4929 2912 4994 erat,
2950 4924 3035 4979 uti
3068 4925 3199 4980 satis
3241 4943 3304 4979 ex
3334 4926 3671 4997 praefatione

162 5014 525 5085 intelligitur.
574 5016 625 5067 Is
658 5030 789 5068 vero
828 5014 918 5068 cui
952 5013 1157 5067 Manlio
1190 5030 1517 5083 praenomen
1547 5013 1719 5067 fuisse
1768 5014 1827 5067 in
1866 5012 2286 5069 Retractatione
2316 5012 2546 5075 indicat,
2578 5026 2693 5063 non
2723 5009 2946 5063 videtur
2978 5026 3098 5062 esse
3131 5010 3275 5063 alius
3307 5010 3375 5063 ab
3412 5026 3477 5063 eo
3508 5009 3671 5077 cujus

164 5103 434 5158 meminit
464 5104 524 5157 in
555 5102 653 5157 lib.
694 5105 757 5157 18
789 5102 857 5156 de
890 5102 1122 5155 Civitate
1154 5102 1273 5167 Dei,
1308 5118 1355 5155 c.
1402 5104 1505 5155 34:
1554 5102 1653 5172 qui
1700 5102 1959 5159 videlicet
1987 5103 2347 5157 consulatum
2390 5100 2562 5171 gessit
2591 5116 2739 5153 anno
2770 5098 2977 5153 Christi
3008 5102 3131 5167 390,
3164 5105 3220 5153 et
3259 5099 3369 5152 alia
3398 5100 3671 5168 praeclara

166 5209 412 5247 munera
440 5192 544 5247 sub
585 5192 819 5245 diversis
851 5190 1293 5261 imperatoribus
1324 5190 1549 5261 egregie
1587 5190 1857 5245 sustinuit
1886 5209 1897 5258 ;
1933 5193 2083 5247 unde
2124 5192 2287 5246 illum
2319 5190 2661 5245 Claudianus
2695 5188 3038 5260 panegyrico
3070 5188 3128 5243 in
3154 5189 3276 5258 ejus
3306 5186 3665 5241 consulatum

166 5282 324 5337 edito
356 5282 606 5335 carmine
638 5280 953 5351 plurimum
981 5280 1367 5333 commendat.

276 5368 431 5435 Vide
455 5368 699 5434 librum
734 5379 793 5449 l,
825 5391 969 5457 cap.
1006 5378 1069 5450 2,
1106 5371 1679 5434 Retractationum
1709 5368 1831 5434 col.
1869 5376 2019 5450 588,
2056 5392 2097 5434 α
2128 5366 2363 5447 verbis,
2405 5371 2681 5437 Librum
2713 5371 2792 5434 de
2825 5370 3049 5448 Beata,
3084 5387 3290 5461 usque
3319 5361 3411 5429 ad
3436 5360 3663 5443 verba,

168 5480 624 5561 PhiIOSOphiae
665 5486 959 5561 portum.
1148 5477 1232 5541 M.
