4062 6188
1287 287 3038 480 Ξῖὖῇἓῂᾗῆξυδῆ

1707 539 2220 588 HIPPONENSIS
2256 539 2614 589 EPISCOPI

1051 669 1388 828 DE
1556 666 2460 826 BEATA
2619 591 3400 824 VITA‘

1756 897 2132 983 LIBER
2199 895 2568 983 UNUS.

473 1058 769 1107 Triduanas
800 1058 882 1106 hic
905 1058 1038 1107 liber
1059 1058 1430 1120 complectitur
1449 1055 1830 1120 disputationes
1845 1055 2118 1104 Theodoro
2145 1057 2505 1117 nuncupatas;
2531 1054 2726 1117 quibus
2746 1067 2810 1104 eo
2837 1054 3046 1103 demum
3067 1068 3148 1104 res
3179 1055 3304 1114 abit,
3327 1055 3594 1103 utbeatam
3620 1057 3763 1103 vitam
3776 1068 3856 1103 non

418 1120 518 1168 nisi
558 1121 613 1169 in
635 1121 862 1184 perfecta
892 1121 984 1169 Dei
1016 1118 1317 1183 cognitione
1343 1119 1628 1169 consistere
1662 1118 1956 1166 deﬁniatur.

409 1334 642 1388 CAPUT
675 1333 970 1387 PRIMUM.
992 1363 1060 1373 —
1091 1334 1370 1399 Praefatio.
1398 1333 1552 1386 Dicat
1584 1331 1782 1385 librum
1812 1331 2104 1398 Theodoro,

479 1424 634 1492 eique
655 1424 830 1490 aperit
852 1421 1046 1488 quibus
1075 1423 1242 1474 veluti
1282 1422 1463 1476 Ventis
1494 1420 1567 1474 ad
1597 1422 1908 1474 Christianae
1930 1421 2108 1489 philo-

475 1511 680 1578 sophiae
705 1514 922 1578 portum
951 1511 1217 1578 impulsus
1255 1511 1346 1562 sit.
1379 1510 1594 1563 Occasio
1623 1509 2032 1578 disputationis.

485 1603 530 1650 t.
568 1597 622 1652 Si
651 1598 719 1651 ad
752 1597 1132 1668 phiIOSOphize
1162 1601 1412 1668 portum,
1445 1597 1514 1650 de
1553 1613 1665 1667 quo
1686 1598 1804 1666 jam
1837 1597 1896 1649 in
1926 1597 2106 1651 beatae

414 1685 547 1740 vitae
570 1686 863 1755 regionem
890 1686 1191 1756 solumque
1217 1685 1561 1755 proceditur,
1583 1685 1669 1738 vir
1694 1685 2106 1739 humanissime

339 1785 352 1796 ’
413 1776 588 1842 atque
610 1788 836 1842 magne,
869 1773 1182 1840 Theodore,
1215 1773 1434 1828 ratione
1470 1773 1764 1828 institutus
1801 1790 2018 1842 cursus,
2053 1777 2109 1827 et

408 1862 670 1914 voluntas
700 1862 820 1932 ipsa
849 1862 1226 1932 perduceret;
1261 1863 1449 1916 nescio
1480 1867 1674 1916 utrum
1705 1867 1918 1917 temere
1949 1862 2104 1916 dixe-

405 1949 540 2017 rim,
575 1951 758 2004 multo
788 1949 1028 2004 minoris
1058 1951 1283 2005 numeri
1314 1951 1573 2006 homines
1599 1952 1669 2006 ad
1703 1967 1835 2005 eum
1865 1968 2106 2021 perven-

406 2042 569 2094 turos
604 2039 797 2106 fuisse,
831 2039 1091 2110 quamvis
1120 2056 1272 2094 nunc
1303 2057 1550 2112 quoque,
1583 2044 1648 2094 ut
1679 2041 1956 2106 videmus,
1989 2039 2106 2092 rari

407 2127 717 2181 admodum
763 2127 1046 2197 paucique
1093 2129 1448 2197 perveniant.
1483 2129 1624 2182 Cum
1663 2128 1817 2181 enim
1858 2127 1917 2181 in
1955 2127 2106 2181 hunc

407 2215 713 2283 mundum,
737 2215 850 2268 sive
880 2217 1046 2281 Deus,
1079 2216 1193 2269 sive
1224 2221 1448 2277 natura,
1482 2215 1597 2269 sive
1631 2215 1952 2276 necessitas,
1987 2215 2102 2269 sive

406 2303 670 2356 voluntas
701 2307 910 2368 nostra,
946 2303 1062 2356 sive
1089 2304 1390 2374 conjuncta
1415 2305 1618 2357 horum
1639 2303 1859 2375 aliqua,
1892 2303 2007 2357 sive
2029 2303 2104 2357 si-

405 2391 529 2444 mul
577 2391 773 2445 omnia
820 2393 926 2459 (res
967 2391 1121 2445 enim
1165 2393 1410 2446 multum
1457 2393 1695 2446 obscura
1740 2397 1842 2458 est,
1879 2393 1976 2446 sed
2014 2397 2105 2446 ta-

407 2495 541 2533 men
571 2495 602 2532 a
631 2483 686 2532 te
711 2480 832 2549 jam
853 2479 1189 2534 illustranda
1213 2485 1490 2551 suscepta)
1523 2480 1696 2534 veluti
1725 2481 1781 2534 in
1815 2481 2103 2551 quoddam

405 2569 792 2638 procellosum
829 2569 1012 2622 salum
1039 2585 1144 2622 nos
1174 2568 1335 2639 quasi
1361 2573 1575 2622 temere
1606 2570 1931 2641 passimque
1963 2585 2104 2639 pro—

397 2657 600 2727 jecenit
624 2675 636 2723 ;
662 2657 1114 2728 quotusquisque
1136 2662 1498 2728 cognosceret
1520 2675 1634 2728 quo
1666 2658 1774 2711 sibi
1802 2659 2103 2712 nitendum

403 2750 572 2810 esset,
615 2761 796 2815 quave
844 2745 1228 2810 redeundum,
1284 2745 1393 2799 nisi
1441 2746 1748 2817 aliquando
1797 2751 1853 2800 et
1896 2747 2103 2800 invitos

402 2838 715 2904 contraque
763 2833 1086 2888 obnitentes
1131 2835 1323 2906 aliqua
1359 2839 1688 2906 tempestas,
1739 2852 1869 2906 quae
1917 2835 2104 2890 stultis

401 2922 923 2994 videturjadversa,
968 2922 1028 2977 in
1067 2923 1484 2994 optatissimam
1530 2929 1742 2978 terram
1789 2923 2102 2978 nescientes

403 3014 772 3081 errantesque
805 3011 1241 3082 compingeret?

475 3102 528 3152 2.
556 3099 740 3167 Igitur
761 3099 1062 3152 hominum
1083 3117 1227 3170 quos
1248 3100 1611 3171 philosophia
1628 3105 1815 3171 potest
1827 3100 2101 3171 accipere,

405 3185 519 3238 tria
551 3185 716 3256 quasi
753 3187 1150 3256 navigantium
1199 3205 1408 3258 genera
1455 3189 1597 3242 mihi
1640 3189 1836 3244 videor
1886 3190 2099 3244 videre.

408 3275 597 3328 Unum
640 3278 725 3327 est
755 3289 974 3341 eorum,
1009 3292 1152 3346 quos
1183 3277 1282 3330 ubi
1313 3281 1448 3330 aetas
1484 3293 1718 3348 compos
1749 3277 1986 3332 rationis
2015 3295 2104 3332 as-

407 3361 737 3430 sumpserit,
761 3377 933 3431 parvo
955 3361 1169 3433 impetu
1192 3365 1478 3433 pulsuque
1502 3381 1787 3418 remorum
1815 3365 1882 3418 de
1908 3365 2102 3435 proxi-

407 3465 498 3503 mo
542 3450 792 3520 fugiunt,
835 3467 1072 3522 seseque
1122 3452 1374 3506 condunt
1421 3452 1480 3506 in
1529 3453 1624 3506 illa
1667 3454 2099 3524 tranquillitate,

406 3539 556 3593 unde
599 3539 820 3593 cazteris
859 3540 1074 3595 civibus
1120 3541 1324 3612 quibus
1371 3546 1630 3612 possunt,
1674 3559 1787 3613 quo
1826 3543 2105 3596 admoniti

403 3632 682 3681 conentur
725 3628 792 3682 ad
837 3645 917 3694 se,
976 3628 1394 3684 lucidissimum
1446 3630 1672 3700 signum
1725 3631 1812 3685 sui
1862 3631 2101 3702 alicujus

402 3716 591 3786 operis
613 3716 861 3786 erigunt.
886 3718 1144 3771 Alterum
1175 3735 1307 3771 vero
1330 3723 1414 3772 est
1443 3735 1665 3785 eorum,
1701 3720 2100 3790 superiorique

317 3851 329 3859 .
403 3805 778 3874 contrarium,
807 3806 906 3876 qui
937 3807 1297 3860 fallacissima
1332 3807 1473 3860 facie
1505 3808 1676 3861 maris
1714 3808 1954 3878 decepti,
1987 3809 2099 3862 cle-

403 3897 612 3961 gerunt
656 3891 715 3946 in
762 3893 1017 3947 medium
1048 3895 1335 3964 progredi,
1381 3897 1663 3966 longeque
1698 3912 1729 3948 a
1769 3913 1869 3950 sua
1918 3896 2103 3966 patria

403 3979 760 4050 peregrinari
788 3981 1019 4048 audent,
1054 3987 1108 4035 et
1127 3999 1276 4053 smpe
1308 3984 1430 4053 ejus
1455 3983 1881 4037 obliviscuntur.
1914 3986 2023 4038 Hos
2054 3985 2101 4038 si

408 4067 618 4135 nescio,
669 4084 782 4138 quo
823 4073 876 4122 et
919 4068 1092 4122 nimis
1137 4071 1347 4125 latente
1381 4071 1550 4125 modo
1601 4089 1631 4125 a
1661 4072 1840 4143 puppi
1879 4077 2098 4139 ventus,

408 4173 576 4227 quem
610 4172 946 4228 prosperum
978 4162 1200 4226 putant,
1226 4159 1770 4230 fueritprosecutus,
1799 4165 2104 4230 penetrant

402 4245 461 4298 in
510 4245 788 4300 altissima
817 4246 1179 4301 miseriarum
1215 4249 1345 4303 elati
1373 4254 1541 4320 atque
1580 4250 1915 4319 gaudentes,
1947 4251 2099 4321 quod

408 4333 489 4387 eis
546 4350 960 4406 usquequaque
1010 4336 1372 4392 fallacissima
1426 4338 1698 4392 serenitas
1745 4339 2100 4408 voluptatum

403 4423 809 4494 honorumquo
836 4425 1146 4480 blanditur.
1172 4427 1264 4480 His
1288 4427 1540 4496 profecto
1566 4427 1703 4497 quid
1725 4427 1880 4481 aliud
1903 4431 2102 4497 optan-

405 4513 542 4565 dum
575 4515 676 4580 est,
714 4529 886 4583 quam
934 4514 1199 4585 quendam
1231 4515 1288 4568 in
1321 4515 1431 4568 illis
1462 4515 1630 4569 rebus
1661 4533 1691 4568 a
1721 4515 1929 4586 quibus
1963 4515 2102 4585 jacti

402 4600 785 4669 excipiuntur,
833 4602 1220 4673 improspera;
1268 4607 1341 4669 et,
1393 4603 1441 4656 si
1479 4619 1698 4672 penum
1729 4608 1832 4665 est,
1865 4604 2101 4657 saeviens

407 4687 644 4741 omnino
674 4693 1000 4761 tempestas,
1035 4692 1433 4763 contrarieque
1457 4694 1599 4746 ﬂans
1630 4697 1851 4758 ventus,
1881 4692 1978 4763 qui
2009 4709 2103 4745 eos

413 4777 485 4830 ad
517 4780 669 4830 certa
714 4783 770 4832 et
816 4778 996 4833 solida
1031 4781 1240 4852 gaudia
1269 4783 1308 4848 ί,
1340 4781 1425 4836 vel
1457 4782 1658 4836 ﬂentes
1697 4786 2103 4852 gementesque

2215 1329 2536 1402 perducat?
2555 1329 2726 1399 hujus
2747 1326 2974 1398 generis
2998 1331 3185 1381 tamen
3215 1327 3477 1398 plerique
3508 1328 3746 1381 nondum
3771 1327 3858 1380 lon-

2213 1418 2341 1490 gius
2363 1417 2603 1488 evagati.
2629 1416 2973 1487 quibusdam
2995 1432 3110 1470 non
3141 1416 3218 1470 ita
3242 1416 3508 1486 gravibus
3533 1415 3781 1469 molestiis
3798 1433 3858 1466 re-

2215 1508 2523 1562 ducuntur.
2548 1506 2615 1560 Hi
2636 1509 2768 1558 sunt
2786 1504 3066 1571 homines,
3096 1521 3236 1575 quos
3257 1521 3386 1558 cum
3410 1506 3497 1558 vel
3520 1504 3860 1575 lacrymabiles

2213 1595 2512 1666 tragmdite
2555 1595 2916 1648 fortunarum
2947 1610 3203 1658 suarum,
3237 1595 3323 1647 vel
3358 1593 3611 1647 inanium
3640 1593 3858 1661 negotio—

2211 1700 2342 1739 rum
2376 1683 2560 1737 anxia:
2611 1683 2997 1751 diflicultates,
3055 1681 3214 1753 quasi
3258 1682 3402 1737 nihil
3450 1682 3601 1736 aliud
3635 1681 3860 1735 habentes

2213 1773 2367 1844 quod
2398 1776 2589 1843 agant,
2624 1771 2681 1825 in
2713 1772 2892 1826 libros
2919 1772 3216 1825 doctorum
3247 1770 3859 1840 sapientissimorumque

2212 1862 2514 1916 hominum
2545 1861 2838 1927 truserint,
2891 1860 2950 1913 in
2981 1861 3105 1930 ipso
3136 1859 3560 1930 quodammodo
3595 1864 3746 1928 portu
3771 1858 3856 1911 evi-

2213 1949 2411 2020 gilant,
2445 1949 2597 2003 unde
2628 1949 2754 2002 illos
2784 1949 2942 2002 nulla
2967 1948 3139 2001 maris
3173 1947 3324 2001 illius
3356 1947 3631 2019 promissa
3658 1946 3856 2000 nimium

2212 2039 2357 2093 falso
2405 2037 2645 2092 ridentis
2679 2039 3000 2093 excludant.
3043 2039 3136 2092 Est
3173 2041 3364 2091 autem
3404 2053 3583 2107 genus
3610 2036 3743 2090 inter
3767 2035 3855 2087 haec

2211 2127 2446 2182 tertium
2487 2143 2708 2192 eorum,
2751 2126 2850 2197 qui
2881 2127 2965 2180 vel
3005 2126 3068 2179 in
3098 2125 3220 2196 ipso
3256 2125 3649 2180 adolescentiae
3680 2123 3854 2188 limine,

2213 2217 2300 2271 vel
2325 2217 2445 2287 jam
2476 2215 2574 2270 diu
2597 2217 2961 2286 multumque
2986 2215 3201 2285 jactati,
3238 2219 3435 2268 tamen
3457 2214 3706 2285 quaedam
3733 2216 3854 2280 signa

2211 2304 2545 2376 respiciunt,
2593 2309 2648 2358 et
2683 2321 2801 2358 sua:
2850 2304 3192 2358 dulcissima:
3247 2303 3474 2373 patriae,
3535 2301 3768 2373 quamvis
3812 2299 3853 2352 in

2210 2393 2349 2464 ipsis
2370 2393 2636 2447 ﬂuctibus
2657 2393 3023 2447 recordentur
3045 2410 3058 2447 :
3084 2397 3140 2446 et
3167 2397 3264 2446 aut
3296 2397 3450 2446 recto
3476 2407 3637 2446 cursu
3660 2391 3709 2443 in
3735 2389 3854 2442 nullo

2210 2481 2356 2547 falsi,
2390 2487 2446 2535 et
2483 2481 2627 2535 nihil
2667 2481 2894 2547 morati,
2941 2497 3067 2535 eam
3098 2484 3369 2551 repetunt
3396 2496 3410 2540 ς
3443 2485 3541 2533 aut
3570 2479 3853 2549 plerumque

2209 2572 2296 2625 vel
2327 2570 2477 2624 inter
2507 2570 2704 2624 nubila
2748 2570 3060 2634 deviantes,
3105 2570 3190 2622 vel
3227 2568 3549 2640 mergentia
3579 2570 3854 2621 contuentes

2210 2657 2416 2723 sidera,
2450 2659 2534 2712 vel
2568 2658 2860 2712 nonnullis
2892 2657 3174 2712 illecebris
3213 2657 3368 2727 capti
3402 2658 3566 2711 bona:
3597 2653 3852 2724 navigatio-

2209 2745 2299 2799 nis
2341 2750 2602 2817 tempora
2647 2747 2995 2811 differentes,
3038 2751 3231 2800 errant
3259 2745 3502 2807 diutius,
3547 2761 3684 2814 saepe
3723 2742 3851 2795 etiam

2207 2834 2618 2904 periclitantur.
2653 2835 2806 2898 Quos
2842 2835 2978 2889 item
3018 2851 3168 2905 saepe
3205 2835 3490 2888 nonnulla
3517 2835 3576 2888 in
3603 2833 3749 2888 ﬂuxis
3771 2831 3854 2885 for-

2209 2923 2366 2978 tunis
2395 2923 2705 2990 calamitas,
2743 2924 2906 2994 quasi
2940 2923 3236 2978 conatibus
3267 2939 3476 2978 eorum
3507 2923 3720 2977 adversa
3745 2926 3852 2974 tem-

2209 3017 2417 3083 pestas,
2452 3013 2511 3067 in
2558 3013 2973 3084 optatissimam
3027 3012 3310 3083 patriam’
3344 3012 3707 3084 quietamque
3732 3021 3851 3062 com-

2209 3101 2390 3173 pellit.

2283 3192 2332 3244 3.
2368 3189 2464 3244 His
2511 3195 2701 3244 antem
2743 3190 3028 3255 omnibus,
3076 3189 3174 3260 qui
3223 3205 3591 3260 quocumque
3624 3185 3770 3241 modo
3800 3181 3849 3234 ad

2210 3279 2390 3333 beata:
2431 3277 2561 3332 vita:
2607 3278 2903 3349 regionem
2945 3279 3223 3340 feruntur,
3267 3295 3424 3332 unus
3466 3274 3851 3332 immanissimus

2210 3383 2374 3420 mons
2402 3372 2532 3420 ante
2567 3366 2756 3436 ipsum
2786 3372 3019 3437 portum
3050 3367 3417 3437 constitutus,
3451 3366 3548 3438 qui
3578 3365 3731 3418 etiam
3757 3375 3850 3413 ma-

2209 3471 2350 3526 gnas
2381 3454 2835 3525 ingredientibus
2858 3455 3042 3526 gignit
3065 3455 3382 3526 angustias,
3416 3449 3850 3509 vehementissime

2209 3544 2620 3609 formidandus,
2675 3543 3116 3615 cautissimeque
3175 3544 3441 3598 vitandus
3497 3548 3597 3598 est.
3638 3541 3756 3594 Nam
3796 3535 3849 3586 ita

2209 3633 2410 3704 fulget,
2445 3633 2522 3686 ita
2550 3633 2859 3687 mentiente
2892 3633 2989 3686 illa
3020 3634 3144 3686 luce
3180 3633 3443 3698 vestitur,
3477 3640 3541 3686 ut
3579 3646 3683 3684 non
3711 3627 3848 3681 solum

2209 3721 2691 3793 pervenientibus,
2737 3721 3110 3792 nondumque
3145 3721 3423 3793 ingressis
3453 3717 3782 3775 incolendum
3808 3726 3848 3762 se

2209 3811 2427 3875 offerat,
2477 3814 2532 3863 et
2577 3826 2777 3864 eorum
2824 3810 3210 3864 voluntatibus
3243 3827 3350 3880 pro
3403 3810 3523 3880 ipsa
3554 3809 3704 3862 beata
3740 3810 3851 3858 terra

2210 3899 2627 3952 satisfacturum
2682 3897 3062 3968 polliceatur;
3115 3898 3212 3952 sed
3273 3899 3616 3968 plerumque
3664 3894 3722 3947 de
3762 3890 3850 3958 ipso

2212 3991 2374 4058 portu
2411 3987 2478 4041 ad
2512 4004 2632 4041 sese
2680 3986 2940 4040 homines
2979 3986 3198 4050 invitat,
3246 4003 3464 4058 eosque
3493 3991 3848 4051 nonnunquam

2208 4075 2422 4130 detinet
2469 4075 2590 4145 ipsa
2632 4075 2934 4129 altitudine
2968 4074 3296 4139 delectatos,
3353 4076 3506 4129 unde
3545 4067 3848 4128 caiterosdc.

2209 4164 2425 4235 spicere
2477 4164 2667 4218 libeat.
2711 4163 2775 4217 Hi
2817 4167 3012 4217 tamen
3051 4163 3364 4218 admonent
3403 4179 3553 4234 smpe
3594 4158 3848 4218 venientes,

2211 4270 2282 4307 ne
2313 4257 2410 4306 aut
2442 4252 2677 4306 occultis
2708 4251 2901 4304 subter
2931 4251 3178 4321 scopulis
3209 4251 3594 4322 decipiantur,
3621 4254 3708 4301 aut
3733 4244 3787 4298 ad
3810 4256 3848 4293 se

2209 4341 2515 4395 ascendere
2559 4340 2723 4394 facile
2755 4345 2992 4411 putent;
3027 4345 3081 4393 et
3112 4357 3226 4410 qua
3271 4340 3394 4395 sine
3442 4339 3679 4412 periculo
3705 4335 3850 4400 ingre-

2211 4431 2482 4485 diantuur
2515 4433 2752 4499 propter
2797 4428 2948 4481 illius
2975 4433 3140 4481 terra:
3169 4427 3539 4491 vicinitatem,
3570 4421 3848 4480 benevolen-

2210 4517 2427 4572 tissime
2457 4517 2678 4571 docent.
2711 4518 2795 4570 Ita
2832 4533 2960 4570 cum
2993 4517 3071 4569 eis
3113 4516 3374 4571 invident
3400 4516 3737 4570 vanissimam
3763 4507 3850 4580 glo-

2210 4608 2352 4661 riam
2383 4607 2566 4659 locum
2593 4605 2910 4659 securitatis
2935 4607 3264 4660 ostendunt.
3293 4607 3436 4660 Nam
3459 4620 3622 4676 quem
3652 4602 3851 4654 montem

2213 4693 2387 4746 alium
2420 4695 2538 4746 vult
2565 4693 2809 4764 intelligi
2839 4694 2985 4748 ratio
3017 4694 3538 4765 propinquantibus
3563 4692 3624 4745 ad
3655 4687 3851 4759 philom-

2212 4782 2409 4853 phiam
2433 4781 2773 4852 ingressisve
2791 4784 3183 4850 metuendum,
3206 4783 3315 4836 nisi
3339 4783 3642 4853 superbum
3655 4773 3852 4831 stadim

1724 4899 1999 4936 ADMONITIO
2033 4901 2107 4935 PP.
2141 4901 2585 4936 BENEDICTINOBI’M.

464 4978 758 5041 Castigatus
789 4983 868 5029 est
894 4981 957 5028 ad
988 4982 1110 5030 Mss.
1137 4982 1360 5040 codices,
1389 4983 1704 5032 Sorbonieos
1730 4987 1852 5041 tres,
1876 4984 2218 5040 Victorinum,
2246 4984 2634 5039 Genovet‘zeum,
2663 4982 3012 5038 Michaelium,
3039 4983 3369 5042 Thuaneuni,
3403 4983 3703 5035 Casalinum,
3729 4976 3854 5024 Arnu-

403 5055 631 5107 sensem,
656 5042 1105 5107 Cirsterciensem,
1125 5045 1488 5104 Vedastinum,
1515 5046 1754 5107 Regium,
1779 5046 2318 5107 Regio-montensem.
2341 5060 2368 5094 e
2393 5046 2711 5094 bibliotheca
2735 5046 2949 5107 Collegii
2977 5046 3240 5094 Navarrici
3261 5046 3415 5105 duos,
3438 5061 3466 5095 e
3484 5042 3853 5107 bibliothecam:

393 5103 530 5171 joris
550 5097 855 5171 conventh
876 5097 1382 5171 Augustipianorum
1409 5097 1570 5156 Paris.
1591 5097 1798 5167 ‘iinum;
1825 5097 1889 5156 ad
1915 5109 2177 5158 variantes
2204 5097 2476 5158 Lectiones
2497 5123 2527 5157 a
2549 5097 2966 5157 Lovaniensibus
2998 5121 3062 5157 ex
3091 5113 3319 5170 quatuor
3340 5097 3559 5171 Belgicis
3579 5104 3801 5154 excertas;
3818 5097 3855 5141 ει

403 5166 468 5214 ad
500 5166 762 5215 editiones
793 5167 917 5215 Bad.
948 5166 1064 5216 Am.
1095 5169 1178 5216 Er.
1212 5171 1334 5218 Lov.

499 5249 1066 5336 Comparavimus
1107 5263 1440 5338 praeterea
1489 5272 1599 5317 eas
1645 5272 1872 5317 omnes
1921 5249 2235 5318 editiones
2283 5250 2470 5318 initio
2508 5253 3086 5318 Retractationum
3127 5258 3195 5318 et
3233 5253 3729 5318 Confessionum
3759 5256 3852 5303 me

411 5349 728 5403 moratas.
915 5339 1000 5404 M.

474 5451 488 5483 ¹
525 5450 582 5515 in
619 5451 740 5499 Mss.
785 5452 1022 5515 quinque
1048 5451 1258 5514 legitur.
1295 5453 1382 5514 qui
1405 5465 1493 5502 eos
1513 5455 1725 5511 atterat,
1759 5456 1808 5502 et
1837 5453 1908 5504 ad
1932 5452 2109 5503 solida

409 5510 626 5572 gaudia.

2260 5457 2324 5565 ,ὼ
2334 5453 2419 5503 Sic
2449 5454 2650 5518 aliquot
2678 5455 2800 5504 Mss.
2833 5455 2898 5504 At
2927 5456 3048 5503 Lov.
3082 5465 3132 5504 et
3157 5455 3240 5503 alii
3265 5453 3413 5512 Cdd.,
3445 5456 3499 5502 in
3530 5443 3846 5514 optatissimam

2260 5530 2264 5562 τ
2328 5529 2398 5565 m.

2214 5529 2398 5566 vitam.
