4062 6188
212 3180 228 3229 l

104 3784 238 3897 ᾧ.

298 295 395 347 961

293 414 645 469 inanissima
666 414 898 485 gloriae:
921 414 1077 486 quod
1106 414 1185 470 ita
1210 415 1351 471 nihil
1379 416 1534 472 intus
1552 406 1788 489 plenum
1816 422 1988 490 atque

291 504 541 559 solidum
572 504 764 569 habet,
791 508 854 557 ut
902 503 1130 558 inﬂatos
1161 505 1272 559 sibi
1303 507 1829 577 superambulantes
1862 523 1988 562 suc-

288 597 558 664 crepante
588 592 779 663 fragili
820 593 939 646 solo
972 593 1266 665 demerget
1309 610 1374 648 ac
1416 595 1659 661 sorbeat,
1703 596 1897 667 eisque
1926 596 1988 650 in

284 683 552 736 tenebras
597 681 896 749 revolutis,
939 681 1144 752 eripiat
1182 683 1688 738 luculentissimam
1725 684 1985 749 domum,

285 787 460 842 quam
494 786 641 842 pene
675 769 796 841 jam
818 770 1120 825 viderant?
1225 758 1231 763 ’

357 866 411 919 4.
448 859 583 923 Qua
603 874 735 912 cum
764 857 844 913 ita
864 858 997 924 sint,
1030 857 1244 928 accipe,
1272 858 1353 913 mi
1382 859 1700 927 Theodore,
1730 877 1986 932 namque

281 947 356 1001 ad
386 947 446 1002 id
473 944 631 1018 quod
657 946 939 1013 desidero,
974 951 1030 1001 te
1060 963 1242 1003 unum
1272 948 1524 1018 intueor,
1554 953 1724 1020 teque
1755 950 1986 1020 aptissi-

279 1050 448 1089 mum
478 1051 705 1106 semper
733 1035 1017 1101 admiror;
1052 1036 1260 1107 accipe,
1293 1036 1553 1107 inquam,
1590 1042 1644 1091 et
1673 1038 1828 1109 quod
1856 1039 1982 1093 illo-

279 1140 416 1178 rum
446 1124 619 1178 trium
673 1139 856 1195 genus
886 1122 1187 1178 hominum
1219 1140 1309 1179 me
1350 1124 1456 1179 tibi
1504 1126 1742 1193 dederit,
1786 1131 1841 1180 et
1869 1143 1991 1198 quo

278 1212 410 1266 loco
436 1212 580 1267 mihi
609 1228 731 1267 esse
759 1212 976 1278 videar,
1016 1216 1073 1266 et
1102 1213 1202 1267 abs
1249 1217 1304 1267 te
1346 1202 1663 1284 cujusmodi
1708 1215 1979 1270 auxilium

278 1306 471 1355 certus
498 1305 836 1372 exspectem.
877 1302 991 1371 Ego
1024 1301 1094 1355 ab
1141 1316 1323 1372 usque
1373 1301 1803 1373 undevigesimo
1831 1320 1981 1358 anno

281 1390 469 1444 atatis
516 1406 679 1457 mea,
727 1392 1034 1461 postquam
1078 1388 1139 1443 in
1169 1391 1359 1444 schola
1388 1390 1629 1444 rhetoris
1671 1391 1882 1445 librum
1911 1391 1983 1446 il-

279 1479 406 1534 lum
437 1478 742 1549 Ciceronis,
771 1479 870 1550 qui
902 1478 1231 1533 Hortensius
1276 1484 1531 1541 vocatur,
1572 1479 1784 1550 accepi,
1824 1483 1982 1534 tanto

278 1583 476 1622 amore
504 1567 883 1638 philosophiae
914 1582 1214 1621 succensus
1243 1583 1390 1635 sum,
1434 1571 1499 1621 ut
1528 1567 1717 1621 statim
1748 1567 1816 1622 ad
1855 1584 1980 1623 eam

280 1672 376 1710 me
400 1655 706 1710 transferre
738 1654 1072 1709 meditarer.
1110 1654 1222 1710 Sed
1248 1671 1435 1727 neque
1465 1656 1609 1711 mihi
1630 1656 1857 1711 nebulae
1889 1658 1982 1712 de-

277 1745 536 1815 fuerunt,
566 1743 775 1815 quibus
805 1743 1255 1798 confunderetur
1282 1760 1481 1798 cursus
1513 1761 1703 1812 meus;
1753 1749 1811 1799 et
1858 1744 1978 1815 diu,

274 1833 483 1900 fateor,
514 1833 723 1905 quibus
754 1832 813 1887 in
843 1848 1095 1887 errorem
1132 1832 1399 1896 ducebar,
1430 1833 1681 1887 labentia
1709 1833 1771 1888 in
1815 1850 1979 1889 ocea-
2029 1874 2035 1880 .

276 1938 419 1977 num
444 1926 592 1975 astra
623 1921 865 1993 suspexi.
892 1923 1032 1976 Nam
1064 1922 1462 1993 etsuperstitio
1485 1922 1751 1994 quadam
1776 1923 1979 1994 pueri-

272 2011 351 2065 lis
402 2027 492 2065 me
549 2010 620 2065 ab
649 2010 773 2081 ipsa
817 2010 1190 2081 inquisitione
1238 2011 1529 2065 terrebat:
1562 2015 1618 2065 et
1655 2011 1753 2066 ubi
1799 2012 1978 2066 factus

274 2100 539 2167 erectior,
574 2100 727 2154 illam
783 2099 1088 2170 caliginem
1141 2099 1372 2171 dispuli,
1425 2099 1683 2171 mihique
1722 2100 1978 2172 persuasi

275 2188 616 2243 docentibus
637 2188 827 2259 potius
867 2204 1039 2259 quam
1068 2188 1407 2258 jubentibus
1437 2205 1555 2242 esse
1586 2189 1931 2244 credendum
1958 2206 1973 2256 ;

273 2276 454 2330 incidi
483 2277 541 2331 in
572 2275 832 2331 homines
862 2276 1070 2348 quibus
1108 2277 1319 2332 luxista
1338 2293 1467 2348 qua
1497 2278 1674 2332 oculis
1702 2277 1971 2341 cernitur,

276 2364 432 2419 inter
462 2382 684 2420 summa
723 2370 781 2420 et
831 2365 1021 2419 divina
1072 2365 1312 2420 colenda
1354 2365 1646 2420 videretur
1698 2364 1793 2436 (a).
1853 2366 1976 2419 Non

274 2454 647 2521 assentiebar,
680 2453 779 2508 sed
808 2453 1080 2525 putabam
1112 2470 1209 2508 eos
1240 2469 1515 2525 magnum
1537 2453 1751 2525 aliquid
1783 2458 1975 2525 tegere

276 2542 392 2596 illis
420 2543 745 2611 involucris,
779 2543 935 2614 quod
987 2548 1175 2597 essent
1225 2543 1536 2614 aliquando
1582 2544 1855 2616 aperturi.
1905 2548 1976 2599 At

277 2631 374 2685 ubi
422 2632 700 2687 discussos
753 2649 850 2687 eos
898 2632 1068 2700 evasi,
1100 2631 1344 2687 maxime
1384 2634 1620 2704 trajecto
1664 2634 1775 2688 isto
1804 2634 1971 2700 mari,

275 2719 378 2774 diu
408 2721 791 2791 gubernacula
832 2737 960 2775 mea
990 2721 1372 2791 repugnantia
1401 2722 1669 2775 omnibus
1698 2722 1881 2775 ventis
1914 2722 1973 2776 in

273 2806 476 2862 mediis
496 2808 761 2863 ﬂuctibus
791 2809 1112 2864 Academici
1141 2813 1465 2864 tenuerunt.
1501 2809 1714 2864 Deinde
1751 2810 1882 2863 veni
1912 2809 1972 2863 in

272 2896 378 2949 has
409 2899 622 2963 terras;
668 2896 760 2951 hic
809 2897 1257 2968 septentrionem
1296 2896 1390 2951 cui
1433 2913 1524 2951 me
1562 2897 1852 2951 crederem
1885 2898 1971 2952 di-

274 2983 405 3038 dici.
437 2983 825 3040 Animadverti
852 2986 1003 3040 enim
1019 2989 1074 3040 et
1090 3001 1240 3055 sape
1265 2985 1325 3039 in
1346 2986 1652 3040 sacerdotis
1675 2986 1854 3040 nostri
1873 2985 1971 3057 (b),

270 3076 329 3125 et
357 3072 670 3143 aliquando
704 3074 762 3128 in
794 3074 1154 3128 sermonibus
1180 3074 1314 3141 tuis,
1343 3090 1471 3129 cum
1506 3074 1576 3129 de
1608 3076 1722 3128 Dco
1750 3075 1971 3145 cogita-

270 3165 449 3226 retur,
483 3163 627 3216 nihil
653 3163 889 3218 omnino
920 3163 1171 3235 corporis
1216 3179 1335 3218 esse
1364 3163 1752 3235 cogitandum,
1784 3179 1971 3235 neque

269 3266 402 3303 cum
432 3250 501 3304 de
533 3250 726 3305 anima
751 3268 763 3305 :
792 3267 926 3306 nam
954 3250 1010 3306 id
1041 3257 1125 3306 est
1153 3268 1334 3306 unum
1357 3251 1416 3305 in
1447 3251 1617 3306 rebus
1646 3251 1971 3321 proximum

271 3339 409 3391 Deo.
440 3338 549 3393 Sed
583 3355 656 3392 ne
688 3339 749 3393 in
778 3339 1160 3410 philosophiae
1193 3339 1479 3411 gremium
1509 3339 1767 3394 celeriter
1795 3339 1968 3394 advo-

270 3428 473 3493 larem,
503 3426 701 3491 fateor,
736 3429 931 3482 uxoris
958 3428 1309 3500 honorisque
1336 3429 1605 3483 illecebra
1634 3427 1965 3496 detinebar;

269 3519 334 3569 ut
365 3531 496 3569 cum
529 3516 651 3570 hac
672 3532 853 3571 essem
881 3521 1241 3586 consecutus,
1274 3520 1399 3570 tum
1422 3517 1653 3571 demum
1671 3532 1785 3585 me,
1813 3517 1968 3587 quod

268 3602 467 3673 paucis
516 3603 853 3658 felicissimis
881 3605 1060 3672 licuit,
1104 3606 1239 3660 totis
1277 3605 1417 3660 velis
1460 3604 1841 3675 omnibusque
1879 3620 1965 3658 re-

270 3692 380 3745 mis
424 3690 484 3744 in
512 3690 676 3746 illum
724 3693 913 3747 sinum
948 3709 1230 3763 raperem,
1263 3693 1456 3765 ibique
1485 3693 1966 3765 conquiescerem.

270 3777 451 3833 Lectis
492 3781 683 3832 autem
737 3780 989 3833 Platonis
1020 3779 1037 3813 ¹
1070 3780 1427 3852 paucissimis
1474 3780 1649 3848 libris,
1699 3781 1860 3852 cujus
1910 3785 1968 3835 te

268 3881 390 3919 esse
421 3865 904 3921 studiosissimum
935 3869 1146 3938 ac'cepi,
1179 3868 1752 3940 collataquccumcis,
1785 3885 1967 3940 quan-

265 3954 390 4004 tum
414 3952 595 4022 potui,
617 3953 789 4008 etiam
820 3954 1049 4009 illorum
1074 3957 1409 4012 auctoritate
1431 3956 1531 4029 qui
1556 3956 1750 4012 divina
1764 3961 1969 4028 myste-

266 4039 354 4093 ria
409 4040 787 4110 tradiderunt,
837 4043 917 4096 sic
968 4044 1171 4111 exarsi,
1228 4049 1295 4099 ut
1348 4061 1546 4099 omnes
1592 4044 1718 4099 illas
1764 4046 1966 4100 vellem

266 4131 544 4185 anchoras
594 4148 882 4203 rumpere,
936 4133 1049 4187 nisi
1105 4151 1195 4189 me
1224 4135 1635 4189 nonnullorum
1665 4135 1968 4190 hominum

266 4219 616 4275 existimatio
662 4227 1048 4276 commoveret
1085 4223 1275 4293 (Conf.
1322 4224 1416 4278 lib.
1455 4228 1511 4290 ‘7,
1566 4239 1725 4293 capp.
1772 4227 1825 4292 9,
1856 4224 1963 4295 20).

267 4306 415 4371 Quid
456 4323 592 4379 ergo
624 4310 869 4364 restabat
898 4310 1073 4377 aliud,
1106 4311 1218 4364 nisi
1239 4314 1304 4365 ut
1330 4310 1664 4365 immoranti
1694 4309 1838 4365 mihi
1866 4327 1968 4365 su-

265 4393 528 4465 perfluis,
562 4402 869 4467 tempestas
897 4411 1024 4470 qua
1056 4399 1364 4470 putabatur
1392 4399 1644 4465 adversa,
1680 4415 1968 4454 succurre-

267 4484 401 4538 ret?
432 4485 627 4555 Itaque
657 4492 848 4541 tantus
866 4504 957 4542 me
979 4488 1223 4560 arripuit
1246 4487 1490 4559 pectoris
1512 4488 1693 4558 dolor,
1723 4493 1788 4542 ut
1815 4487 1967 4543 illius

267 4572 636 4642 professionis
665 4592 811 4630 onus
842 4577 1123 4633 sustinere
1144 4593 1264 4631 non
1290 4578 1502 4645 valens,
1526 4594 1640 4649 qua
1667 4576 1810 4632 mihi
1836 4576 1969 4631 veli-

267 4660 511 4716 ﬁcabam
572 4663 807 4719 fortasse
864 4665 937 4720 ad
990 4666 1236 4735 Sirenas,
1288 4666 1591 4738 abjicercm
1640 4667 1855 4733 omnia,
1912 4671 1969 4722 et

266 4751 808 4821 optatranquillitati
869 4754 952 4807 vel
1015 4758 1339 4826 quassatam
1404 4771 1606 4810 navem
1661 4756 1966 4828 fissamque

265 4838 665 4908 perducerem.

338 4939 391 4991 ὅ.
417 4936 561 5008 Ergo
591 4937 747 4992 vides
779 4938 835 4993 in
868 4956 978 5011 qua
999 4939 1364 5011 philosophia
1386 4940 1550 5012 quasi
1576 4940 1638 4995 in
1665 4944 1837 5012 portu
1864 4956 1965 4995 na-

264 5024 476 5094 vigem.
510 5025 617 5080 Sed
656 5026 829 5081 etiam
860 5027 983 5097 ipse
1012 5029 1125 5083 late
1152 5032 1327 5099 patet,
1362 5029 1599 5100 ejusque
1628 5029 1966 5099 magnitudo

264 5113 527 5183 quamvis
555 5114 678 5185 jam
709 5115 898 5170 minus
919 5117 1321 5187 periculosum,
1352 5134 1470 5172 non
1500 5122 1690 5171 tamen
1711 5117 1967 5188 pentitus

264 5202 512 5257 excludit
543 5218 818 5261 errorem.
858 5206 999 5260 Nam
1030 5205 1122 5261 cui
1159 5207 1311 5277 parti
1343 5210 1528 5273 terra,
1561 5222 1690 5277 qua
1710 5205 1965 5277 profecto

330 5432 344 5494 1
380 5430 623 5494 Quinque
655 5434 808 5482 Mss:
841 5435 1011 5484 Lectis
1034 5436 1214 5484 autem
1241 5434 1469 5494 Plotia;

326 5493 402 5617 (αξ
428 5493 785 5555 Μειιὶωιιωοες
816 5495 905 5550 lib.
938 5498 967 5544 3
1002 5495 1172 5556 Conf.,
1195 5510 1239 5545 c.
1271 5499 1318 5546 6.

330 5555 379 5617 (ὁ
424 5555 713 5617 Ambrosii;
742 5557 836 5607 lib.
869 5560 917 5607 6.
946 5558 1095 5608 Conf.
1132 5573 1178 5608 c.
1207 5561 1255 5617 3,
1293 5572 1318 5607 ι]

330 5555 399 5617 (b)
424 5555 713 5617 Ambrosii;
742 5557 836 5607 lib.
869 5560 917 5607 6.
946 5558 1095 5608 Conf.
1132 5555 1178 5608 c.
1207 5561 1255 5619 3,
1293 5572 1345 5608 η.
1374 5560 1420 5609 4.

1239 295 1335 350 DE
1374 295 1614 353 BEATA
1651 297 1839 367 VITA,
1882 297 1936 353 S.
1978 298 2362 356 AUGUSTINI
2404 301 2619 358 LIBER
2658 303 2863 360 UNUS.

3694 316 3798 369 962

2101 434 2218 473 una
2249 416 2268 450 ‘
2304 419 2471 475 beata
2513 426 2618 488 est,
2650 438 2742 477 me
2794 422 3180 490 advmoveam,
3233 430 3402 498 atque
3442 427 3794 500 contingam,

2099 523 2334 578 prorsus
2375 509 2598 580 ignoro.
2631 510 2777 574 Quid
2805 512 2961 566 enim
2986 514 3231 569 solidum
3258 516 3440 584 tenui,
3472 516 3566 572 cui
3609 519 3796 575 adhuc

2101 598 2171 651 de
2200 596 2393 652 anima
2420 598 2664 668 quastio
2692 603 2857 653 nutat
2875 604 2932 654 et
2960 601 3197 656 ﬂuctuat
3214 604 3243 657 ?
3272 604 3455 668 Quare
3486 605 3717 661 obsecro
3737 612 3794 662 te

2097 700 2202 755 per
2232 686 2495 740 virtutem
2524 691 2703 754 tuam,
2736 704 2840 757 per
2867 688 3300 753 humanitatem.
3335 709 3441 763 per
3468 694 3793 751 animarum

2098 772 2248 826 inter
2288 789 2347 827 se
2393 773 2684 828 vinculum
2735 780 2907 845 atque
2946 778 3373 846 commercium,
3408 785 3473 834 ut
3497 781 3791 838 dexteram

2096 861 2376 931 porrigas.
2414 863 2531 939 [loc
2560 868 2752 916 autem
2780 868 2883 929 est,
2919 868 2983 917 ut
3010 880 3101 917 me
3149 860 3324 933 ames,
3359 873 3413 921 et
3442 884 3474 921 a
3503 885 3594 924 me
3624 872 3796 925 vicis-

2096 949 2202 1002 sim
2234 953 2289 1003 te
2317 949 2499 1003 amari
2529 950 2726 1004 credas
2756 950 3106 1022 charumque
3136 952 3353 1007 haberi.
3397 954 3559 1018 Quod
3590 957 3638 1010 si
3676 958 3793 1012 im-

2094 1043 2418 1108 petravero,
2448 1038 2518 1092 ad
2549 1038 2730 1109 ipsam
2763 1039 2988 1093 beatam
3010 1040 3204 1107 vitam,
3237 1042 3327 1094 cui
3348 1047 3401 1096 te
3426 1043 3547 1113 jam
3569 1044 3789 1099 haerere

2094 1140 2400 1196 prasumo,
2434 1142 2609 1196 parvo
2640 1132 2845 1182 conatu
2876 1128 3141 1182 facillime
3173 1130 3452 1185 accedam.
3488 1131 3636 1196 Quid
3688 1151 3791 1188 au-

2094 1218 2211 1267 tem
2244 1230 2429 1284 agam.
2463 1231 2645 1286 quove
2673 1217 2844 1270 modo
2875 1216 2947 1270 ad
2978 1217 3151 1271 istum
3180 1223 3411 1288 portum
3442 1222 3790 1275 necessarios

2094 1317 2253 1356 meos
2290 1318 2653 1373 congregem
2701 1308 2764 1357 ut
2808 1319 3132 1374 cognoscas,
3182 1309 3239 1360 et
3277 1305 3301 1340 ²
3338 1324 3402 1361 ex
3432 1325 3498 1363 eo
3531 1308 3790 1364 animum

2093 1404 2286 1443 meum
2341 1396 2545 1461 (neque
2595 1390 2752 1447 enim
2796 1391 2909 1445 alia
2946 1393 3108 1463 signa
3170 1395 3399 1449 invenio
3450 1397 3657 1468 quibus
3698 1415 3792 1453 me

2093 1477 2407 1547 ostendam)
2430 1483 2491 1531 ut
2509 1479 2733 1548 plenius
2753 1479 3059 1550 intelligas,
3078 1479 3308 1535 initium
3338 1482 3797 1552 disputationum

2093 1581 2375 1632 mearum,
2436 1567 2591 1637 quod
2651 1566 2793 1621 mihi
2855 1567 3081 1623 videtur
3134 1569 3456 1640 religiosius
3528 1574 3789 1642 evasisse,

2093 1658 2262 1725 atque
2290 1658 2391 1708 tuo
2422 1655 2590 1708 titulo
2621 1655 2870 1726 dignius,
2903 1656 2973 1710 ad
3003 1661 3058 1711 te
3090 1657 3455 1712 scribendum
3485 1660 3699 1730 putavi,
3734 1667 3791 1717 et

2089 1728 2213 1812 ipso
2243 1747 2341 1796 tuo
2372 1743 2605 1797 nomine
2635 1743 3035 1798 dedicandum.
3077 1744 3381 1814 Aptissime
3428 1728 3603 1816 sane;
3655 1766 3788 1804 nam

2090 1831 2159 1884 de
2202 1829 2368 1884 beata
2422 1829 2537 1884 vita
2585 1830 2951 1901 quasivimus
2998 1832 3147 1885 inter
3180 1849 3305 1899 nos,
3339 1833 3597 1905 nihilque
3628 1837 3786 1891 aliud

2088 1918 2254 1973 video
2286 1919 2441 1990 quod
2471 1920 2653 1990 magis
2672 1919 2768 1975 Dei
2791 1920 3005 1973 donum
3038 1921 3351 1975 vocandum
3379 1923 3471 1977 sit.
3502 1925 3786 1995 Eloquen-

2088 2006 2168 2059 tia
2198 2010 2296 2060 tua
2321 2008 2551 2061 territus
2581 2024 2699 2061 non
2730 2024 2857 2062 sum
2883 2025 2896 2075 ;
2929 2009 3208 2080 quidquid
3233 2009 3389 2063 enim
3411 2026 3563 2077 amo,
3591 2029 3789 2083 quam-

2088 2094 2172 2148 vis
2208 2111 2328 2149 non
2358 2112 2650 2167 assequar,
2680 2095 2883 2150 timere
2913 2113 3030 2150 non
3060 2113 3288 2168 possum
3316 2114 3330 2152 :
3374 2099 3621 2155 fortuna
3653 2118 3786 2156 vero

2089 2187 2499 2241 sublimitatem
2557 2188 2737 2241 multo
2793 2188 3022 2255 minus;
3083 2190 3235 2259 apud
3286 2197 3341 2244 te
3410 2192 3564 2246 enim
3631 2210 3783 2262 vere,

2088 2274 2349 2345 quamvis
2377 2276 2449 2329 sit
2478 2292 2705 2347 magna,
2724 2276 2971 2330 secunda
2991 2280 3075 2330 est
3099 2297 3114 2344 ;
3144 2294 3277 2332 nam
3301 2278 3507 2350 quibus
3531 2280 3788 2335 domina-

2086 2368 2200 2430 tur,
2232 2363 2480 2418 eosdem‘
2499 2364 2652 2434 ipsos
2695 2364 2976 2418 secundos
3005 2364 3154 2419 facit.
3190 2365 3299 2420 Sed
3321 2367 3444 2438 jam
3475 2369 3613 2440 quid
3643 2369 3786 2424 affe—

2088 2470 2231 2521 ram,
2263 2470 2456 2525 quaso
2482 2459 2560 2520 te,
2592 2454 2838 2509 attende.

2159 2545 2211 2597 6.
2243 2542 2434 2597 Idibus
2464 2542 2789 2596 novembris
2808 2541 2949 2596 mihi
2972 2542 3172 2597 natalis
3192 2543 3310 2598 dies
3332 2548 3453 2599 erat
3478 2562 3489 2599 :
3516 2550 3646 2616 post
3667 2550 3785 2603 tam

2086 2635 2256 2685 tenue
2285 2631 2616 2702 prandium,
2642 2636 2704 2684 ut
2720 2631 2790 2684 ab
2820 2647 2885 2684 eo
2906 2631 3046 2685 nihil
3080 2631 3447 2701 ingeniorum
3474 2634 3783 2705 impedire-

2084 2724 2199 2784 tur,
2233 2734 2432 2773 omnes
2461 2720 2559 2790 qui
2595 2718 2765 2772 simul
2791 2735 2909 2772 non
2941 2719 3108 2773 modo
3137 2720 3236 2774 illo
3270 2720 3382 2787 die,
3406 2722 3501 2775 sed
3526 2724 3783 2793 quotidie

2084 2806 2548 2872 convivabamur,
2582 2805 2640 2860 in
2689 2806 2921 2860 balneas
2970 2805 3041 2859 ad
3090 2807 3512 2861 consedendum
3554 2811 3784 2879 vocavi;

2083 2910 2216 2948 nam
2248 2895 2296 2947 is
2342 2894 2590 2965 tempori
2629 2898 2796 2964 aptus
2843 2894 3001 2948 locus
3042 2898 3405 2965 secretosque
3439 2904 3779 2952 occurrerat.

2088 2984 2259 3036 Erant
2290 2986 2503 3047 autem,
2534 2997 2651 3035 non
2683 2980 2835 3036 enim
2866 2996 3066 3035 vereor
3087 2997 3181 3036 eos
3211 2982 3489 3052 singulari
3517 2983 3782 3055 benigni-

2082 3070 2184 3123 tati
2196 3075 2309 3123 tua
2323 3073 2486 3123 notos
2499 3069 2729 3123 interim
2744 3069 3075 3123 nominibus
3089 3068 3358 3136 facere,iu
3371 3071 3574 3143 primis
3588 3077 3781 3128 nostra

2085 3162 2265 3212 mater
2294 3156 2391 3229 (α),
2426 3159 2588 3228 cujus
2615 3157 2807 3211 meriti
2840 3158 3006 3212 credo
3052 3174 3171 3212 esse
3201 3174 3391 3213 omme
3427 3160 3579 3231 quod
3610 3161 3734 3216 vivo
3765 3179 3778 3229 ;

2084 3246 2352 3317 Navigius
2384 3247 2557 3300 frater
2584 3262 2768 3313 meus,
2798 3246 3097 3317 Trygetius
3136 3252 3192 3301 et
3223 3247 3524 3317 Licentius,
3555 3249 3703 3304 cives
3725 3255 3783 3305 et

2081 3334 2344 3405 discipuli
2375 3334 2535 3405 mei?
2563 3351 2666 3389 nec
2698 3335 3082 3389 Lastidiunum
3113 3332 3137 3370 ⁸
3167 3340 3224 3389 et
3254 3336 3547 3391 Rusticum
3578 3353 3781 3392 conso-

2078 3422 2271 3477 brinos
2301 3439 2479 3490 meos,
2515 3423 2773 3495 quamvis
2802 3424 3026 3478 nullum
3054 3425 3139 3478 vel
3162 3424 3598 3495 grammaticum
3627 3426 3781 3496 passi

2082 3511 2212 3578 sint,
2272 3512 2462 3565 deesse
2493 3512 2667 3580 volui,
2698 3510 3004 3582 ipsumque
3035 3528 3231 3566 eorum
3265 3529 3498 3567 sensum
3529 3530 3780 3568 commu-

2080 3616 2233 3666 nem,
2281 3602 2352 3654 ad
2383 3616 2504 3654 rem
2553 3616 2727 3671 quam
2782 3600 3079 3667 moliebar,
3122 3601 3506 3656 necessarium
3552 3602 3769 3672 putavi.

2080 3689 2211 3743 Erat
2235 3688 2408 3743 etiam
2437 3688 2738 3743 nobiscum
2764 3692 2929 3742 attae
2961 3688 3235 3743 minimus
3255 3690 3536 3757 omnium,
3562 3691 3657 3746 sed
3685 3708 3779 3745 cu-

2073 3777 2168 3848 jus
2195 3776 2516 3847 ingenium,
2547 3776 2594 3830 si
2616 3793 2811 3831 amore
2832 3793 2950 3831 non
2977 3777 3164 3847 fallor,
3188 3794 3459 3849 magnum
3489 3779 3765 3850 quiddam

2076 3862 2399 3934 pollicetur,
2430 3863 2752 3919 Adeodatus
2780 3863 2930 3918 filius
2961 3880 3141 3919 meus.
3164 3865 3378 3929 Quibus
3391 3865 3640 3935 attentis,
3684 3867 3762 3922 sic

2079 3952 2244 4023 capi.

2079 4060 2304 4115 CAPUT
2326 4059 2393 4113 ΙΙ.
2430 4090 2498 4099 -
2527 4060 2838 4129 Disputatio
2864 4060 3057 4129 prima
3086 4059 3216 4116 diei.
3244 4062 3332 4115 Ea:
3367 4061 3555 4115 anima
3581 4066 3633 4118 et
3663 4076 3775 4116 cor-

2142 4164 2275 4218 pore
2320 4137 2643 4203 constamus.
2686 4149 2846 4205 Cibus
2898 4151 3112 4218 corpori
3161 4151 3511 4204 necessarius.
3558 4152 3777 4205 Anima

2149 4252 2357 4306 quoque
2384 4251 2513 4291 suus
2541 4240 2619 4291 est
2669 4237 2837 4291 cibus.
2871 4239 3066 4292 Beatus
3095 4254 3201 4292 non
3242 4241 3320 4291 est
3354 4239 3453 4306 qui
3482 4238 3629 4306 quod
3657 4240 3776 4293 vult

2148 4340 2254 4379 non
2292 4325 2469 4379 habet.
2502 4326 2605 4381 Nec
2634 4329 2812 4380 tamen
2834 4328 3005 4381 omnis
3035 4328 3132 4395 qui
3151 4325 3296 4394 quod
3314 4326 3429 4380 vult
3450 4325 3625 4392 habet,
3658 4326 3777 4381 bea-

2141 4485 2156 4517 1
2184 4482 2261 4531 Ita
2288 4482 2411 4531 Mss.
2432 4481 2681 4531 tredecim
2711 4496 2832 4532 cum
2850 4482 2976 4532 Bad.
2999 4482 3113 4531 Am.
3135 4485 3188 4531 et
3211 4481 3295 4530 Er.
3321 4481 3457 4531 Atiu
3478 4485 3624 4531 textu
3647 4483 3769 4532 Lov.

2077 4544 2354 4607 praefertur
2391 4557 2510 4607 qua:
2548 4548 2661 4596 vita
2688 4545 2843 4595 beata
2871 4548 2970 4596 est.

2092 4668 2103 4678 ι
2139 4608 2160 4642 9
2182 4607 2266 4678 Er.
2295 4611 2348 4678 et
2372 4607 2497 4655 Lov.
2532 4607 2785 4678 omittunt
2810 4607 2896 4678 hic
2924 4605 3182 4678 particula
3208 4607 3430 4678 cunque;
3475 4606 3615 4670 apud
3644 4608 3771 4678 B_ad.

2078 4668 2191 4733 Am.
2223 4671 2275 4718 et
2294 4669 2415 4733 Mss.
2432 4669 2708 4733 reperitur.
2742 4669 2915 4733 Paulo_
2929 4667 3187 4733 postvero
3200 4667 3458 4733 editiones
3479 4667 3663 4719 omnes
3680 4670 3773 4719 ha-

2078 4731 2223 4795 bent,
2235 4729 2915 4795 ᾳιιιὶιηιδπιόοδιεηααηιρλυρι
2930 4729 3255 4795 quoptenius
3264 4729 3547 4795 intelligas
3553 4733 3775 4795 pelagus

2077 4791 2493 4850 disputationum
2504 4806 2749 4855 mearum
2764 4808 2777 4851 ;
2794 4791 2960 4854 iisque
2971 4791 3180 4855 aliquot
3190 4791 3693 4855 suﬁ'ragan'tur'MssI
3710 4795 3776 4844 At

2077 4855 2166 4919 alii
2202 4855 2327 4919 Cdgl.
2352 4869 2449 4919 nec
2468 4855 2620 4919 pauci
2640 4854 2832 4919 ferunt,
2850 4852 2915 4919 ut
2926 4852 3129 4919 plenius
3150 4852 3430 4918 intelligas
3448 4871 3461 4915 ;
3478 4861 3696 4919 tumque
3709 4871 3773 4906 ex

2078 4917 2141 4965 iis
2170 4917 2383 4980 quidam
2403 4914 2617 4980 habent,
2638 4918 2835 4980 seriem
2862 4914 3283 4978 disputationum
3305 4914 3572 4980 rugarum.
3589 4914 3773 4967 Cister—

2077 4976 2269 5043 eien'sis
2280 4992 2455 5043 porro,
2475 4976 2914 5043 disputatioaum
2926 4976 3167 5043 mearum
3181 4992 3326 5031 onus.
3353 4978 3590 5043 Denique
3607 4980 3772 5029 codex

2078 5041 2130 5090 S.
2157 5037 2358 5090 Arnulﬁ
2387 5037 2650 5103 Metensis,
2680 5038 2895 5103 initium
2929 5037 3347 5103 disputationum
3369 5037 3631 5101 mearum,
3652 5056 3771 5103 qua

2078 5104 2287 5174 Optima
2308 5102 2463 5174 lectio
2490 5102 2603 5150 visa
2622 5104 2716 5174 est.
2744 5101 2934 5174 Reips‘a
2946 5101 3095 5174 enim.
3115 5102 3261 5174 hicce
3278 5103 3408 5174 liber
3431 5101 3769 5174 omnium—qui

2078 5163 2219 5228 apud
2252 5164 2599 5212 Cassiciacum
2629 5163 2948 5227 disputando
2972 5164 3100 5213 editi
3127 5170 3252 5214 sunt
3268 5166 3468 5227 primus
3496 5163 3771 5214 absolutus

2077 5227 2363 5298 {uiuisque
2378 5226 2580 5297 ratione
2599 5226 2897 5298 argumenti
2920 5239 3029 5298 non
3046 5226 3306 5298 immerito
3332 5227 3522 5298 dicitur
3550 5230 3772 5298 ethunre-

2079 5306 2106 5335 α
2119 5287 2353 5352 ligiosior
2372 5287 2705 5352 evasissepiid
2728 5292 2807 5337 est
2824 5288 3099 5351 prodiisse,
3107 5302 3217 5352 quo
3239 5287 3767 5352 signiﬁcatuadhibee

2076 5349 2180 5400 tur‘
2196 5350 2338 5399 istud
2362 5350 2575 5398 verbum
2603 5350 2700 5400 lib.
2724 5353 2753 5399 2
2769 5349 2953 5401 contra
2977 5349 3227 5400 Academ.
3263 5364 3312 5400 c.
3343 5352 3371 5397 7
3396 5363 3408 5396 :
3439 5353 3491 5398 et
3509 5349 3767 5400 Theodori

2080 5430 2106 5460 ‹‹
2134 5413 2349 5475 nomine
2378 5411 2605 5475 dignior.
2627 5430 2654 5459 »

2138 5476 2159 5509 ³
2188 5475 2248 5523 In
2276 5474 2400 5523 Mss.
2431 5470 2592 5540 prope
2618 5475 2867 5527 omnibus
2889 5475 3131 5534 habetur,
3163 5470 3564 5525 Partidianum.

2141 5555 2216 5618 (α)
2237 5553 2498 5604 Monnica.
