4062 6188
379 345 481 397 963

449 469 535 518 tus
583 466 675 517 est.
707 461 850 528 Quid
891 461 998 515 sibi
1035 461 1185 514 homo
1221 472 1534 526 comparare
1568 457 1720 512 debet
1758 460 1818 508 ut
1847 457 1919 509 sit
1951 455 2077 509 bea-

451 557 553 606 tus.
589 551 719 616 Quis
759 553 924 605 Deum
966 550 1184 604 habeat.
1219 548 1576 603 Academicus
1613 546 1797 600 beatus
1833 560 1944 599 esse
1972 560 2079 600 non

444 646 641 713 potest,
672 655 795 706 ergo
814 655 908 693 nec
936 641 1172 707 sapiens.

446 737 500 784 ’7.
537 729 892 785 Manifestum
944 727 1102 780 vobis
1141 725 1367 780 videtur
1399 741 1464 779 ex
1507 722 1698 778 anima
1739 726 1795 777 et
1840 738 2076 793 corpore

377 835 480 872 nos
514 833 634 870 esse
665 814 1051 885 compositos?
1073 814 1215 868 Cum
1239 829 1437 868 omnes
1461 811 1865 877 consentirent,
1907 809 2074 864 Navi-

381 907 509 978 gius
555 923 611 959 se
641 905 907 976 ignorare
937 903 1252 973 respondit.
1304 902 1407 956 Cui
1455 917 1598 972 ego:
1634 900 1805 966 Nihil,
1856 898 2075 952 nihilne

379 995 614 1049 omnino
644 993 771 1058 scis,
819 991 1054 1062 inquam
1108 1008 1200 1056 au,
1243 990 1393 1043 inter
1441 990 1631 1060 aliqua
1686 1005 1813 1060 qua}
1847 988 2076 1057 ignoras

379 1085 550 1137 etiam
577 1083 684 1136 hoc
719 1081 1137 1135 numerandum
1170 1081 1299 1133 est?
1330 1080 1453 1132 Non
1511 1082 1649 1149 puto
1695 1093 1808 1142 me,
1866 1075 2072 1145 inquit,

380 1171 574 1226 omnia
604 1169 836 1224 nescire.
872 1171 1134 1238 Potesne,
1165 1169 1420 1239 inquam,
1449 1167 1614 1221 nobis
1646 1166 1833 1220 dicere
1859 1164 2075 1235 aliquid

379 1276 579 1314 eorum
601 1275 732 1329 quae
751 1258 950 1312 nosti?
973 1259 1230 1321 Possum,
1254 1257 1458 1327 inquit.
1494 1255 1613 1310 Nisi
1645 1255 1949 1308 molestum
1969 1257 2072 1319 est,

379 1349 637 1420 inquam,
667 1347 862 1418 profer
892 1345 1123 1416 aliquid.
1159 1347 1376 1398 Etcum
1408 1343 1728 1398 dubitaret:
1759 1343 1972 1409 Scisne,
1993 1341 2076 1395 in-

378 1453 575 1509 quam,
604 1437 804 1490 saltem
835 1439 890 1487 te
921 1433 1146 1487 vivere?
1177 1433 1324 1499 Scio,
1349 1432 1554 1504 inquit.
1579 1431 1694 1486 Scis
1714 1430 2074 1500 ergohabere

377 1532 433 1579 te
463 1525 660 1591 vitam,
711 1523 995 1594 siquidem
1024 1522 1211 1575 vivere
1241 1538 1410 1575 nemo
1440 1521 1547 1574 nisi
1593 1520 1706 1573 vita
1744 1523 1948 1589 potest.
2013 1519 2077 1572 Et

376 1613 729 1684 hoc,inquit,
760 1612 900 1667 scio.
940 1611 1058 1665 Scis
1088 1610 1258 1665 etiam
1286 1626 1488 1684 corpus
1511 1613 1566 1662 te
1586 1608 1832 1662 habere?
1860 1609 2073 1660 Assen-

378 1701 649 1756 tiebatur.
682 1701 826 1769 Ergo
852 1700 972 1770 jam
1003 1699 1108 1752 scis
1136 1702 1193 1752 te
1231 1702 1490 1752 constare
1520 1714 1588 1750 ex
1617 1711 1823 1767 c0pore
1855 1699 1911 1750 et
1938 1695 2070 1748 vita.

377 1791 502 1846 Scio
532 1789 796 1856 interim;
827 1788 924 1842 sed
950 1793 1141 1842 utrum
1175 1787 1295 1841 haec
1324 1789 1439 1840 sola
1469 1786 1602 1852 sint,
1631 1786 1880 1839 incertus
1911 1784 2064 1838 su'm.

380 1881 526 1949 Ergo
556 1878 670 1933 duo
701 1878 826 1944 ista,
876 1877 1137 1948 inquam,
1177 1892 1297 1930 esse
1341 1891 1460 1929 non
1510 1873 1757 1940 dubitas,
1788 1888 1991 1943 corpus
2021 1875 2077 1926 et

378 1969 665 2022 animam:
709 1967 807 2022 sed
854 1965 1104 2020 incertus
1159 1981 1216 2019 es
1255 1969 1450 2018 utrum
1499 1963 1571 2018 sit
1620 1963 1774 2017 aliud
1808 1961 1962 2033 quod
2003 1961 2073 2015 ad

376 2055 785 2126 complendum
816 2071 878 2108 ac
902 2053 1315 2124 perﬁciendum
1345 2051 1641 2107 hominem
1661 2050 1832 2106 valet.
1861 2051 1965 2116 Ita,
1985 2048 2073 2103 in-

377 2144 521 2216 quit.
557 2145 673 2197 Hoc
702 2143 869 2214 quale
885 2142 978 2210 sit,
1009 2141 1170 2210 alias,
1195 2141 1242 2194 si
1266 2156 1586 2212 possumus,
1607 2155 1952 2210 quaeremus,
1984 2137 2072 2192 in-

375 2248 570 2304 quam.
606 2232 766 2284 Nunc
795 2230 936 2284 illud
961 2229 1079 2300 jam
1113 2246 1175 2283 ex
1199 2229 1468 2282 omnibus
1497 2244 1714 2298 quaaro,
1735 2243 1863 2280 cum
1897 2226 2072 2280 fatea-

375 2337 507 2375 mur
539 2319 730 2374 cuncti
760 2334 946 2389 neque
1008 2318 1131 2372 sine
1178 2333 1430 2388 corpore,
1486 2333 1673 2388 neque
1715 2315 1835 2368 sine
1881 2315 2074 2368 anima

378 2425 498 2462 esse
527 2424 695 2478 posse
725 2406 1211 2473 hominem,cibos
1229 2410 1465 2476 propter
1489 2405 1628 2476 quid
1657 2405 1863 2460 horum
1896 2418 2072 2474 appe-

376 2501 585 2552 tamus.
618 2498 859 2566 Propter
879 2512 1104 2567 corpus,
1136 2495 1326 2566 inquit
1355 2494 1660 2548 Licentius.
1711 2493 1911 2548 Cazteri
1967 2509 2070 2546 au-

375 2591 492 2640 tem
545 2585 978 2650 cunctabantur,
1009 2583 1280 2654 varioque
1331 2599 1594 2638 sermone
1643 2582 1793 2636 inter
1848 2599 1906 2636 se
1937 2598 2071 2654 age-

375 2675 532 2742 bant,
565 2673 853 2745 quomodo
881 2677 1072 2744 posset
1114 2677 1347 2743 propter
1375 2689 1580 2743 corpus
1612 2671 1772 2726 cibus
1811 2687 2070 2726 necessa-

376 2765 492 2818 rius
523 2763 722 2824 videri,
756 2779 886 2817 cum
917 2766 1289 2833 appetererur
1335 2765 1572 2832 propter
1617 2761 1815 2827 vitam,
1850 2766 1907 2814 et
1957 2760 2074 2815 vita

375 2869 491 2907 non
534 2851 642 2906 nisi
673 2851 744 2905 ad
776 2850 1030 2904 animam
1059 2849 1392 2920 pertineret.
1438 2850 1582 2902 Tum
1613 2865 1718 2919 ego
1754 2865 1766 2902 :
1816 2849 2071 2918 Videtur,

373 2941 633 3011 inquam,
666 2938 823 2993 vobis
853 2939 920 2992 ad
937 2954 1062 2992 eam
1093 2943 1313 3008 partem
1334 2937 1523 2991 cibum
1556 2937 1864 3008 pertinere,
1899 2954 2072 3008 quam

375 3028 501 3083 cibo
541 3043 790 3082 crescere
839 3027 1338 3097 robustioremque
1369 3026 1494 3080 ﬁeri
1537 3026 1837 3082 videmus?
1865 3028 2070 3082 Assen-

375 3117 666 3171 tiebantur
696 3120 906 3186 praeter
931 3115 1286 3186 Trygetium.
1325 3115 1420 3169 Ait
1447 3115 1633 3170 enim:
1655 3116 1767 3170 Cur
1797 3131 1932 3187 ergo
1957 3132 2072 3170 non

374 3222 478 3276 pro
509 3205 782 3260 edacitate
836 3221 964 3258 mea
1014 3203 1208 3258 crevi?
1246 3205 1492 3271 Modum,
1551 3204 1810 3276 inquam,
1843 3221 2012 3259 suum
2044 3221 2074 3258 a

376 3299 582 3348 natura
613 3293 984 3348 constitutum
1011 3293 1224 3347 habent
1243 3294 1435 3348 omnia
1455 3310 1714 3364 corpora,
1737 3295 1888 3348 ultra
1900 3308 2072 3364 quam

376 3399 707 3438 mensuram
749 3383 1021 3453 progredi
1073 3386 1398 3454 nequeant:
1455 3386 1650 3436 tamen
1702 3399 1768 3436 ea
1808 3399 2076 3437 mensura

376 3472 599 3527 minora
628 3475 835 3538 essent,
869 3471 916 3525 si
947 3470 1026 3524 eis
1058 3471 1329 3525 alimenta
1367 3471 1715 3538 defuissent;
1750 3473 1901 3543 quod
1933 3476 1989 3526 et
2015 3472 2074 3525 in

373 3561 676 3632 pecoribus
701 3561 922 3616 facilius
952 3561 1481 3616 animadvertimus.
1522 3563 1587 3616 Et
1633 3578 1802 3616 nemo
1851 3561 2077 3616 dubitat

375 3650 515 3704 cibis
570 3650 870 3705 subtractis
914 3651 1171 3705 omnium
1219 3651 1600 3705 animantium
1651 3667 1894 3722 corpora
1951 3669 2069 3706 ma-

373 3756 646 3795 crescere.
702 3741 1058 3806 Macrescere,
1140 3740 1328 3811 inquit
1393 3741 1698 3808 Licentius,
1771 3758 1888 3795 non
1974 3742 2072 3796 de-

374 3845 644 3882 crescere.
679 3828 825 3881 Satis
866 3833 950 3882 est
993 3827 1156 3894 mihi,
1210 3829 1465 3900 inquam.
1524 3829 1595 3883 ad
1622 3829 1680 3883 id
1729 3829 1884 3900 quod
1913 3831 2062 3885 volo.

378 3916 598 3971 Etenim
629 3916 866 3986 quaestio
899 3919 983 3969 est
1010 3920 1203 3970 utrum
1233 3917 1297 3970 ad
1345 3933 1549 3986 corpus
1579 3917 1738 3971 cibus
1766 3917 2070 3987 pertineat.

375 4005 631 4059 Pertinet
660 4007 870 4070 autem,
903 4019 1032 4058 cum
1066 4021 1132 4070 eo
1165 4005 1460 4068 subducto,
1491 4005 1563 4060 ad
1603 4005 1844 4061 maciem
1896 4007 2071 4062 dedu-

377 4091 542 4147 citur.
580 4092 789 4146 Omnes
817 4091 896 4146 ita
926 4107 1047 4146 esse
1073 4097 1434 4147 censuerunt.

445 4184 494 4235 8.
527 4180 672 4244 Quid
702 4196 838 4250 ergo
860 4181 1077 4250 anima,
1106 4181 1391 4253 inquam?
1420 4183 1579 4238 nulla
1629 4201 1701 4239 ne
1748 4185 1921 4240 habet
1969 4185 2072 4240 ali-

375 4273 567 4323 menta
595 4269 830 4339 propria
853 4269 882 4323 ?
911 4286 982 4323 an
1014 4269 1138 4339 ejus
1166 4286 1293 4324 esca
1321 4271 1557 4325 scientia
1596 4271 1754 4326 vobis
1806 4272 2072 4328 videtur?

375 4359 576 4427 Plane,
602 4358 790 4428 inquit
819 4363 1034 4425 mater;
1063 4360 1221 4414 nulla
1249 4376 1309 4414 re
1339 4360 1450 4415 alia
1479 4362 1648 4416 credo
1693 4362 1767 4416 ali
1820 4362 2071 4417 animam

374 4463 548 4519 quam
577 4447 866 4501 intellectu
907 4463 1102 4502 rerum
1159 4453 1329 4520 atque
1368 4451 1620 4505 scientia.
1675 4453 1751 4505 De
1784 4467 1896 4522 qua
1943 4468 2071 4506 sen-

376 4535 554 4588 tentia
583 4550 712 4589 cum
739 4535 1036 4606 Trygetius
1075 4535 1314 4590 dubium
1357 4553 1416 4590 se
1468 4537 1832 4592 ostenderet:
1877 4539 2068 4604 hodie,

379 4623 696 4694 inquitilla,
714 4628 776 4678 tu
804 4625 923 4694 ipse
938 4639 1132 4678 nonne
1163 4624 1433 4679 docuistis
1454 4625 1604 4680 unde
1635 4631 1733 4680 aut
1762 4627 1858 4682 ubi
1881 4628 2073 4683 anima

378 4714 692 4781 pascatur?
733 4715 875 4768 Nam
904 4718 1035 4784 post
1077 4713 1428 4785 aliquantam
1477 4714 1706 4784 prandii
1747 4719 1968 4786 partem
2017 4722 2071 4772 te

380 4799 573 4854 dixisti
601 4815 719 4854 non
748 4802 1051 4857 advertisse
1123 4819 1237 4874 quo
1287 4803 1516 4857 vasculo
1565 4807 1879 4874 uteremur,
1921 4806 2072 4877 quod

381 4887 491 4941 alia
522 4887 710 4942 nescio
760 4905 889 4960 quas
921 4893 1246 4962 cogitasses,
1277 4909 1380 4946 nec
1425 4897 1618 4947 tamen
1649 4893 1717 4947 ab
1756 4893 1878 4964 ipsa
1915 4896 2070 4950 cibo-

377 4993 508 5046 rum
540 4981 698 5047 parte
726 4978 1081 5033 abstinueras
1107 4997 1312 5035 manus
1337 4986 1506 5052 atque
1531 4997 1777 5038 morsus.
1816 4983 1922 5038 Ubi
1963 4984 2074 5054 igi-

378 5070 473 5120 tur
501 5071 622 5120 erat
651 5066 875 5121 animus
900 5072 1053 5136 tuus,
1087 5087 1199 5141 quo
1228 5075 1485 5142 tempore
1515 5071 1675 5138 illud,
1706 5077 1762 5126 te
1795 5079 2070 5141 vescente,

378 5170 494 5209 non
543 5155 908 5224 attendebat;
961 5157 1114 5226 inde,
1148 5159 1287 5213 mihi
1329 5160 1514 5226 crede,
1555 5164 1611 5214 et
1651 5161 1859 5216 talibus
1888 5162 2071 5233 epulis

377 5243 604 5298 animus
628 5245 900 5316 pascitur,
932 5246 989 5300 id
1013 5250 1097 5300 est
1123 5249 1362 5303 theoriis
1385 5254 1443 5304 et
1461 5251 1900 5321 cogitationibus
1927 5251 2068 5320 suis,

378 5333 425 5385 si
453 5350 557 5404 per
585 5351 679 5388 eas
709 5335 928 5406 aliquid
946 5336 1241 5407 percipere
1258 5339 1454 5409 possit.
1490 5341 1567 5395 De
1594 5357 1707 5411 qua
1732 5358 1792 5394 re
1814 5357 1942 5394 cum
1964 5339 2071 5393 du-

377 5420 626 5477 bitanter
655 5428 1008 5496 streperent:
1058 5426 1276 5494 Nonne,
1326 5427 1582 5499 inquam,
1630 5429 1938 5484 conceditis
1966 5429 2070 5483 Ιιο-

371 5508 596 5566 minum
625 5513 1085 5569 doctissimorum
1133 5515 1354 5570 animos
1381 5518 1564 5572 multo
1617 5535 1736 5572 esse
1767 5534 1941 5590 quam
1970 5517 2072 5571 im-

379 5597 697 5666 peritorum
719 5602 883 5672 quasi
907 5603 970 5658 in
1001 5619 1103 5659 suo
1133 5619 1342 5675 genere
1362 5606 1648 5676 pleniores
1677 5611 1848 5678 atque
1891 5606 2074 5675 majo-

1570 335 1663 389 DE
1703 332 1939 387 BEATA
1977 329 2171 398 VITA,
2216 329 2269 383 S.
2311 328 2695 385 AUGUSTINI

3738 339 3815 390 964

2190 454 2316 509 res?
2346 453 2708 508 Manifestum
2740 468 2862 507 esse
2901 451 3183 506 dixerunt.
3220 454 3390 507 Recte
3419 453 3581 524 igitur
3622 457 3820 513 dicimus

2189 541 2761 613 eorumanimos,qui
2793 542 2963 596 nullis
2991 541 3310 611 disciplinis
3323 542 3673 611 eruditisunt,
3695 548 3824 601 nihil-

2188 649 2300 704 que
2330 633 2614 687 bonarum
2649 631 2859 685 artium
2899 633 3236 697 hauserunt,
3262 631 3488 702 jejunos
3516 637 3567 686 et
3595 635 3735 705 quasi
3759 638 3821 689 fa-

2187 722 2419 776 melicos
2446 739 2586 776 esse.
2621 723 2842 785 Plenos,
2876 721 3065 792 inquit
3084 721 3404 792 'l‘rygetius,
3427 725 3480 774 et
3507 721 3710 777 illorum
3736 726 3824 778 ani-

2188 827 2310 865 mos
2335 828 2466 864 esse
2485 811 2750 877 arbitror,
2785 811 2882 864 sed
2914 810 3064 863 vitiis
3088 815 3260 880 atque
3291 809 3552 881 nequitia.
3594 812 3690 864 Ista
3728 813 3824 882 ipsa

2187 903 2290 966 est,
2325 899 2582 970 inquam,
2617 899 2780 953 crede
2812 899 2974 964 mihi,
3005 899 3270 966 quaedam
3315 899 3573 953 sterilitas
3607 904 3658 953 et
3697 902 3824 971 quasi

2186 989 2364 1042 fames
2395 988 2739 1042 animorum.
2762 989 2901 1041 Nam
2917 988 3402 1059 quemadmodum
3416 1005 3610 1059 corpus
3622 989 3824 1044 detracto

2187 1075 2312 1129 cibo
2343 1076 2686 1146 plerumque
2716 1077 2933 1130 morbis
2965 1081 3135 1146 atque
3168 1077 3353 1131 scabie
3383 1079 3642 1147 repletur,
3660 1095 3766 1150 qua
3781 1079 3824 1132 in

2187 1180 2253 1217 eo
2283 1164 2420 1218 vitia
2448 1165 2702 1219 indicant
2731 1165 2942 1218 famem
2978 1182 2990 1230 ;
3024 1165 3102 1219 ita
3145 1171 3203 1220 et
3247 1166 3475 1220 illorum
3517 1167 3678 1220 animi
3705 1169 3826 1237 pleni

2187 1261 2320 1310 sunt
2368 1256 2580 1309 morbis
2611 1255 2819 1326 quibus
2851 1272 2952 1310 sua
2977 1255 3203 1326 jejunia
3249 1257 3603 1311 conﬁtentur.
3648 1259 3824 1312 Etenim

2185 1345 2366 1414 ipsam
2382 1343 2698 1415 nequitiam
2720 1347 2960 1398 matrem
2976 1343 3236 1398 omnium
3250 1345 3535 1412 vitiorum,
3557 1362 3617 1400 ex
3632 1363 3690 1400 eo
3707 1348 3822 1417 quod

2186 1433 2576 1503 nequidquam
2616 1432 2708 1498 sit,
2742 1432 2798 1486 id
2828 1437 2911 1485 est
2943 1449 3008 1486 ex
3039 1449 3104 1486 eo
3135 1433 3290 1504 quod
3323 1433 3467 1488 nihil
3512 1435 3599 1502 sit,
3651 1440 3825 1488 veteres

2187 1521 2395 1575 dictam
2429 1536 2550 1574 esse
2578 1521 2900 1574 voluerunt.
2935 1520 3038 1574 Cui
3059 1521 3194 1575 vitio
3237 1539 3367 1593 quae
3397 1523 3663 1577 contraria
3687 1525 3825 1577 virtus

2186 1614 2292 1678 est,
2322 1608 2618 1680 frugalitas
2648 1608 2998 1663 nominatur.
3031 1610 3097 1664 Ut
3128 1609 3308 1679 igitur
3327 1610 3448 1664 haec
3474 1611 3678 1681 afruge,
3699 1611 3745 1665 id
3763 1617 3827 1664 est

2185 1716 2218 1752 a
2246 1699 2455 1764 fructu,
2489 1703 2725 1768 propter
2755 1697 3064 1768 quamdam
3085 1698 3416 1753 animorum
3437 1700 3823 1764 fecunditatem;

2187 1787 2263 1841 ita
2294 1786 2391 1840 illa
2419 1787 2488 1840 ab
2519 1786 2838 1852 sterilitate,
2872 1787 2976 1840 hoc
3008 1791 3090 1841 est
3121 1805 3152 1840 a
3184 1788 3386 1853 nihilo,
3418 1789 3660 1860 nequitia
3686 1789 3823 1842 nomi~

2186 1881 2319 1930 nata
2350 1879 2468 1930 est:
2501 1875 2647 1929 nihil
2677 1880 2763 1929 est
2791 1875 2946 1930 enim
2967 1892 3138 1930 omne
3169 1878 3323 1948 quod
3355 1877 3504 1943 fluit,
3536 1878 3674 1949 quod
3701 1878 3826 1931 solvi-

2184 1968 2296 2028 tur,
2331 1964 2482 2033 quod
2508 1963 2770 2034 liquescit
2806 1968 2862 2018 et
2894 1965 3055 2035 quasi
3085 1982 3313 2036 semper
3357 1966 3524 2036 perit.
3575 1967 3692 2020 Ideo
3721 1967 3825 2020 tales

2183 2052 2448 2105 homines
2481 2053 2651 2106 etiam
2681 2052 2929 2123 perditos
2959 2053 3220 2108 dicimus.
3266 2056 3359 2108 Est
3405 2059 3590 2108 autem
3634 2055 3823 2125 aliquid.

2184 2139 2230 2193 si
2261 2145 2471 2206 manet,
2502 2141 2549 2194 si
2576 2145 2814 2207 constat,
2844 2141 2888 2194 si
2931 2157 3157 2212 semper
3187 2143 3299 2196 tale
3330 2148 3437 2210 est,
3476 2147 3534 2196 ut
3561 2147 3639 2196 est
3665 2143 3820 2204 virtus,

2184 2229 2344 2300 cujus
2369 2246 2578 2299 magna
2607 2245 2739 2300 pars
2771 2233 2855 2284 est
2884 2233 3054 2300 atque
3085 2231 3630 2303 pulcherrima,quae
3657 2236 3825 2302 tempe-

2182 2320 2371 2373 rantia
2391 2323 2446 2373 et
2475 2317 2773 2388 frugalitas
2805 2319 3033 2373 dicitur.
3073 2319 3181 2374 Sed
3229 2320 3276 2374 si
3325 2321 3437 2375 hoc
3475 2321 3741 2375 obscurius
3766 2325 3825 2373 est

2183 2423 2358 2479 quam
2384 2411 2450 2460 ut
2477 2405 2535 2460 id
2554 2407 2675 2476 jam
2701 2423 2800 2460 vos
2823 2405 3012 2460 videre
3041 2407 3268 2476 possitis
3293 2425 3306 2475 ;
3339 2413 3490 2462 certe
3518 2409 3647 2462 illud
3673 2423 3824 2461 conce—

2184 2497 2333 2561 ditis,
2369 2495 2504 2567 quia
2521 2495 2567 2548 si
2589 2495 3180 2566 animiimperitorum
3215 2497 3389 2551 etiam
3416 2497 3524 2568 ipsi
3543 2498 3683 2568 pleni
3705 2500 3821 2559 sunt,

2182 2585 2246 2636 ut
2271 2597 2597 2651 corporum,
2632 2580 2710 2634 ita
2740 2580 3065 2634 animorum
3099 2581 3210 2635 duo
3240 2583 3637 2636 alimentorum
3663 2597 3826 2652 genere

2183 2670 2587 2735 inveniuntur;
2620 2685 2799 2722 unum
2832 2669 3059 2724 salubre
3083 2671 3429 2740 atqueutile,
3464 2673 3687 2726 alterum
3711 2686 3826 2724 mor-

2183 2759 2380 2814 bidum
2421 2763 2589 2829 atque
2618 2759 2970 2829 pestiferum.

2255 2852 2306 2903 9.
2340 2849 2477 2912 Quae
2507 2864 2636 2902 cum
2668 2847 2747 2901 ita
2775 2847 2908 2914 sint,
2942 2847 3189 2903 arbitror
3223 2848 3312 2903 die
3344 2849 3525 2904 natali
3555 2866 3688 2915 meo,
3716 2864 3823 2918 quo-

2182 2938 2337 2992 niam
2369 2937 2482 2992 duo
2515 2937 2775 3008 quandam
2808 2936 3005 2991 essein
3031 2937 3265 2991 homine
3292 2939 3558 2993 convenit
3586 2939 3716 2992 inter
3729 2952 3822 2997 nos,

2183 3028 2237 3082 id
2270 3043 2472 3098 corpus
2515 3030 2685 3097 atque
2717 3025 2992 3092 animam,
3041 3042 3152 3080 non
3210 3043 3300 3081 me
3353 3027 3651 3098 prandium
3694 3025 3824 3096 paulo

2183 3117 2394 3172 lautius
2406 3115 2738 3186 corporibus
2751 3116 2957 3170 nostris
2973 3115 3177 3182 solum,
3198 3115 3295 3170 sed
3311 3121 3373 3170 et
3394 3117 3593 3171 animis
3605 3115 3746 3169 etiam
3760 3128 3824 3166 ex-

2183 3207 2380 3261 hibere
2404 3205 2629 3260 debere.
2646 3205 2807 3269 Quod
2823 3209 3012 3259 autem
3027 3205 3132 3258 hoc
3145 3205 3218 3259 sit
3229 3206 3536 3275 prandium
3548 3249 3561 3274 ,
3574 3205 3617 3260 si
3629 3201 3822 3262 esuritis,

2183 3296 2493 3367 proferam.
2529 3295 2670 3348 Nam
2709 3293 2754 3347 si
2803 3311 2902 3348 vos
2947 3293 3175 3360 invitos,
3230 3299 3288 3348 et
3336 3295 3675 3349 fastidientes
3713 3293 3823 3345 alere

2185 3385 2451 3450 conabor,
2512 3383 2720 3436 frustra
2769 3398 3002 3453 operam
3049 3382 3376 3451 insumam;
3438 3384 3688 3454 magique
3731 3383 3825 3433 vota

2183 3473 2438 3527 facienda
2467 3476 2620 3537 sunt,
2651 3475 2716 3525 ut
2759 3473 2898 3525 tales
2937 3473 3133 3542 epulas
3175 3472 3371 3542 potius
3403 3489 3570 3544 quam
3600 3471 3709 3525 illas
3731 3482 3824 3520 cor-

2183 3563 2340 3634 poris
2370 3561 2718 3616 desideretis.
2767 3561 2929 3625 Quod
2971 3561 3194 3615 eveniet
3233 3561 3280 3614 si
3331 3563 3458 3616 sani
3501 3559 3667 3616 animi
3689 3552 3824 3611 vestri

2183 3652 2434 3708 fuerint:
2468 3651 2606 3721 aegri
2657 3650 2834 3717 enim,
2867 3650 3010 3704 sicut
3037 3650 3098 3704 in
3128 3650 3344 3705 morbis
3394 3652 3569 3722 ipsius
3622 3643 3824 3716 corporis

2182 3742 2463 3809 videmus,
2495 3739 2648 3794 cibos
2691 3755 2820 3794 suos
2857 3743 3123 3793 recusant
3147 3745 3204 3793 et
3233 3744 3536 3812 respuunt.
3572 3739 3751 3792 Omnes
3783 3746 3823 3783 se

2183 3833 2342 3885 vultu
2371 3831 2494 3900 ipso
2509 3834 2565 3884 et
2589 3829 2975 3883 consentiente
2992 3844 3146 3896 voce,
3165 3829 3451 3901 quidquid
3472 3836 3823 3900 praeparassem

2177 3919 2298 3990 jam
2325 3922 2544 3972 tumere
2572 3933 2634 3971 ac
2662 3932 2860 3970 vorare
2891 3917 3031 3970 velle
3062 3916 3350 3970 dixerunt.

2259 4010 2341 4063 10.
2393 4008 2578 4078 Atque
2609 4021 2714 4076 ego
2745 4020 2941 4059 rursus
2973 4004 3304 4059 exordiens:
3379 4006 3577 4060 Beatos
3624 4017 3725 4057 esse
3749 4013 3825 4052 nos

2182 4097 2462 4163 volumus,
2494 4095 2729 4166 inquam
2758 4094 2787 4148 ?
2835 4093 2934 4148 Vix
2966 4093 3075 4148 hoc
3131 4093 3470 4160 effuderam,
3516 4088 3825 4148 occurrerunt

2183 4203 2300 4241 una
2339 4202 2474 4240 voce
2527 4183 2974 4238 consentientes.
3029 4183 3338 4238 Videturne
3393 4183 3572 4251 vobis,
3610 4181 3824 4250 inquam,

2183 4276 2381 4329 beatus
2419 4289 2566 4328 essse
2609 4272 2709 4344 qui
2753 4273 2905 4344 quod
2937 4273 3060 4326 vult
3089 4289 3204 4326 non
3236 4273 3457 4327 habet?
3502 4267 3821 4341 Negaverunt.

2183 4364 2330 4428 Quid
2349 4363 2377 4417 ?
2407 4361 2592 4417 omnis
2622 4360 2722 4433 qui
2752 4361 2906 4432 quod
2959 4361 3080 4414 vult
3109 4361 3300 4428 habet,
3334 4361 3532 4416 beatus
3569 4357 3688 4412 est?
3718 4355 3826 4408 Tum

2182 4457 2398 4506 mater:
2429 4452 2485 4506 Si
2531 4450 2702 4517 bona,
2745 4449 2956 4521 inquit,
2997 4449 3130 4503 velit
3161 4454 3215 4503 et
3257 4449 3484 4513 habeat,
3515 4449 3695 4502 beatus
3733 4445 3824 4502 est;

2183 4541 2229 4594 si
2258 4546 2450 4595 autem
2483 4539 2635 4593 mala
2663 4539 2819 4606 velit,
2852 4537 3114 4609 quamvis
3163 4538 3389 4606 habeat,
3423 4539 3592 4592 miser
3618 4539 3708 4589 est.
3750 4526 3826 4584 Cui

2183 4646 2290 4701 ego
2317 4629 2575 4684 arridens
2605 4632 2776 4699 atque
2798 4627 3048 4698 gestiens
3073 4628 3313 4697 :Ipsam,
3338 4627 3590 4698 inquam,
3619 4632 3824 4693 prorsus.

2182 4723 2382 4785 mater,
2415 4733 2603 4772 arcem
2632 4716 3016 4786 philosophiae
3072 4715 3326 4771 tenuisti.
3365 4718 3508 4770 Nam
3539 4712 3634 4768 tibi
3663 4701 3825 4780 procul

2184 4809 2358 4864 dubio
2386 4808 2560 4862 verba
2592 4807 2920 4874 defuerunt,
2950 4810 3011 4861 ut
3044 4823 3161 4860 non
3191 4805 3336 4861 sicut
3359 4806 3573 4860 Tullius
3617 4807 3665 4855 te
3692 4793 3825 4852 modo

2182 4897 2481 4971 penderes,
2497 4897 2657 4967 cujus
2687 4896 2756 4950 de
2785 4896 2891 4950 hac
2924 4896 3204 4950 sententia
3223 4895 3398 4949 verba
3418 4895 3522 4948 ista
3549 4894 3687 4946 sunt.
3716 4885 3825 4939 Nam

2185 4988 2244 5041 in
2271 4985 2594 5051 Hortensio,
2626 5000 2799 5056 quem
2845 4985 2915 5039 de
2965 4983 3130 5038 laude
3162 5000 3224 5038 ac
3270 4983 3595 5038 defensione
3624 4975 3824 5048 philom-

2182 5077 2334 5149 phiaa
2386 5075 2598 5129 librum
2647 5073 2816 5128 fecit:
2858 5075 2990 5128 Ecce
3019 5076 3219 5142 autem,
3278 5071 3375 5136 ait,
3426 5085 3526 5124 non
3568 5056 3824 5136 philosophi

2183 5165 2423 5236 quidem,
2465 5163 2558 5219 sed
2600 5164 2844 5232 prompti
2891 5167 3068 5215 tamen
3126 5162 3200 5215 ad
3251 5157 3649 5230 disputandum,
3686 5159 3823 5236 omnes

2183 5230 2338 5309 aiunt
2380 5230 2490 5308 (esse
2531 5230 2706 5304 beatos
2755 5230 2851 5319 qui
2895 5252 3086 5304 vivant
3124 5255 3185 5304 ut
3230 5251 3338 5319 ipsi
3365 5249 3546 5302 velint.
3571 5242 3757 5297 Falsum
3781 5230 3824 5284 id

2183 5342 2436 5413 quidem:
2476 5341 2620 5396 Velle
2656 5341 2796 5393 enim
2822 5339 2966 5406 quod
3009 5353 3116 5392 non
3153 5339 3354 5405 deceat,
3389 5336 3525 5389 idem
3567 5335 3722 5400 ipsum
3749 5322 3823 5413 ini-

2181 5411 2487 5486 serrimum.
2519 5430 2626 5483 Nec
2655 5431 2766 5481 tam
2785 5429 3040 5481 miserum
3063 5432 3143 5481 est
3171 5442 3275 5481 non
3302 5425 3534 5494 adipisci
3552 5416 3680 5488 quod
3700 5411 3821 5504 velis...

2183 5532 2345 5585 quam
2385 5517 2623 5586 adipisci
2647 5516 2780 5569 velle
2807 5515 2951 5584 quod
2978 5531 3085 5571 non
3116 5519 3379 5585 oporteat.
3417 5514 3539 5566 Plus
3559 5508 3683 5561 enim
3711 5496 3818 5593 ntali

2182 5608 2432 5674 pravitas
2468 5605 2762 5659 voluntatis
2789 5603 2969 5673 affert,
3002 5620 3165 5674 quam
3199 5606 3420 5672 fortuna
3450 5601 3678 5666 cuiquam
3705 5589 3814 5641 boni-
