3996 6170
96 270 207 322 965

91 388 160 439 In
204 385 416 457 quibus
453 384 641 437 verbis
698 383 795 436 illa
852 384 929 437 sic
992 385 1360 451 exclamabat,
1413 390 1478 439 ut
1508 385 1670 440 obliti
1700 402 1802 457 pe-

92 474 258 528 nitus
292 490 458 527 sexus
489 475 629 543 ejus,
671 488 946 542 magnum
998 474 1247 544 aliquem
1278 474 1466 528 virum
1516 474 1809 528 considere

89 562 408 616 nobiscum
439 561 1196 628 crederemus,meinterim,
1223 567 1504 632 quantum
1528 567 1810 632 poteram,

90 652 466 721 intelligente
497 667 562 703 ex
596 666 708 721 quo
738 650 855 714 illa,
901 654 957 703 et
991 666 1161 720 quam
1193 650 1384 704 divino
1414 651 1572 705 fonte
1611 666 1812 704 mana-

88 744 253 794 rent.
292 740 354 792 Et
387 738 667 792 Licentius
702 754 713 791 :
750 738 847 791 sed
880 737 1210 805 dicendum,
1242 738 1449 808 inquit,
1486 738 1591 792 tibi
1619 742 1720 804 est,
1754 740 1815 790 ut

92 830 310 883 beatus
342 828 410 880 sit
441 828 706 897 quisque,
738 825 876 896 quid
908 827 1052 879 velle
1095 827 1318 895 debeat,
1352 832 1406 880 et
1438 843 1683 898 quarum
1726 842 1815 881 re-

98 934 243 972 rum
274 932 407 971 eum
437 920 698 986 oporteat
737 915 945 969 habere
979 915 1345 970 desiderium.
1380 916 1559 970 Invita
1582 932 1694 982 me,
1726 915 1816 969 iu-

101 1022 311 1078 quam,
345 1004 517 1058 natali
548 1009 665 1069 tuo,
689 1004 919 1074 quando
953 1004 1611 1075 dignaberis;quidquid
1641 1020 1816 1075 appo-

100 1094 296 1149 sueris
317 1094 560 1147 libenter
590 1109 830 1145 sumam.
852 1093 973 1156 Qua
1000 1093 1326 1147 conditione
1353 1094 1523 1147 hodie
1553 1094 1705 1163 apud
1728 1108 1819 1147 me

106 1190 175 1238 ut
202 1183 449 1254 epuleris
478 1186 629 1253 peto,
655 1197 759 1233 nec
790 1180 1012 1250 llagites
1035 1182 1188 1252 quod
1214 1182 1445 1236 fortasse
1476 1198 1593 1235 non
1625 1184 1707 1235 cst
1726 1198 1822 1251 pa—

104 1271 327 1319 ratum.
361 1266 540 1327 Quem
571 1279 701 1315 cum
732 1262 1008 1315 modestae
1040 1278 1102 1314 ac
1130 1262 1466 1316 verecundae
1506 1261 1819 1316 commoni-

101 1355 290 1409 tionis
322 1369 436 1407 suae
466 1351 808 1423 poeniteret:
843 1352 987 1421 Ergo
1032 1351 1193 1416 illud,
1247 1352 1507 1421 inquam,
1559 1350 1823 1404 convenit

108 1446 269 1498 inter
299 1459 423 1507 nos,
457 1456 644 1510 neque
676 1455 1025 1510 quemquam
1059 1439 1292 1494 beatum
1342 1456 1459 1493 esse
1503 1455 1689 1510 posse,
1723 1439 1822 1509 qui

107 1530 275 1601 quod
307 1534 404 1583 vut
427 1545 539 1583 non
572 1529 778 1596 habet;
809 1544 993 1599 neque
1022 1544 1254 1582 omnem
1284 1528 1551 1600 quiquod
1583 1528 1703 1582 vult
1723 1528 1823 1581 ha-

110 1622 238 1685 bet,
269 1619 501 1672 beatum
532 1634 650 1671 esse
676 1619 703 1670 ἵ)
734 1616 1049 1670 Dederuut.

198 1712 281 1763 ll.
315 1708 458 1772 Quid
484 1706 640 1760 illud.
676 1705 933 1776 inquam,
963 1704 1287 1771 conceditis,
1311 1721 1540 1759 omnem
1570 1705 1668 1776 qui
1691 1706 1823 1758 bea-

111 1804 215 1852 tus
245 1813 359 1850 non
393 1800 492 1861 est,
522 1796 936 1865 miserumtesse
957 1796 986 1848 ?
1016 1795 1139 1849 Non
1168 1794 1591 1849 dubitaverunt.
1618 1794 1825 1862 Omnis

112 1887 320 1958 igitur,
354 1886 612 1955 inquam,
661 1884 758 1954 qui
791 1884 943 1954 quod
995 1884 1116 1938 vult
1148 1900 1264 1937 non
1294 1883 1482 1950 habet,
1517 1883 1690 1937 miser
1720 1887 1821 1936 est.

114 1976 346 2031 Placuit
373 1974 662 2028 omnibus.
702 1972 849 2037 Quid
875 1988 1010 2043 ergo
1041 1972 1148 2027 sibi
1177 1973 1351 2025 homo
1382 1987 1713 2043 comparare
1735 1972 1828 2026 de-

115 2068 241 2130 bet,
274 2068 339 2117 ut
366 2064 565 2116 beatus
596 2062 686 2127 sit,
721 2061 953 2130 inquam
974 2061 1001 2115 ‘I
1035 2062 1198 2114 Forte
1222 2061 1373 2129 enim
1407 2062 1578 2115 etiam
1606 2061 1714 2114 hoc
1735 2059 1828 2113 isti

113 2157 316 2207 nostro
348 2148 601 2203 convivio
631 2147 1176 2213 subministrabitur,
1220 2164 1292 2202 ne
1322 2148 1557 2202 Licentii
1586 2148 1825 2203 aviditas

118 2240 453 2310 negligatur
476 2255 487 2291 :
508 2253 644 2291 nam
664 2237 743 2301 id,
760 2236 983 2308 opinor,
1005 2236 1056 2290 ei
1086 2238 1537 2307 comparandum
1556 2243 1660 2304 est,
1677 2236 1830 2307 quod

118 2346 256 2382 eum
288 2328 429 2387 vult,
463 2326 650 2379 habet.
687 2325 1043 2380 Manifestum
1089 2342 1209 2379 esse
1241 2326 1525 2381 dixerunt.
1558 2327 1622 2381 Id
1670 2342 1827 2396 ergo,

122 2420 365 2487 inquam
397 2431 621 2485 semper
654 2430 910 2480 manens,
943 2431 1048 2468 nec
1098 2431 1162 2468 ex
1213 2414 1443 2469 fortuna
1491 2416 1830 2486 pendulum,

120 2523 233 2561 nec
260 2505 391 2559 ullis
422 2506 742 2575 subjectum
769 2503 988 2557 casibus
1019 2520 1139 2557 esse
1162 2504 1355 2559 debet.
1385 2506 1525 2558 Nam
1553 2503 1833 2575 quidquid

124 2595 373 2650 mortale
403 2597 457 2647 et
485 2593 758 2647 caducum
790 2596 892 2659 est,
925 2608 1043 2645 non
1076 2596 1264 2663 potest
1305 2610 1338 2646 a
1388 2594 1550 2647 nobis
1600 2592 1832 2664 quando

124 2686 415 2750 volumus,
452 2685 507 2735 et
535 2681 810 2751 quamdiu
834 2681 1096 2735 volumus
1122 2681 1342 2735 haberi.
1368 2682 1837 2735 Assentiebantur

124 2788 351 2827 omnes.
385 2770 492 2825 Sed
524 2770 821 2841 Trygetius
855 2787 867 2823 :
910 2770 1069 2834 Sunt,
1106 2768 1297 2839 inquit
1327 2770 1495 2823 multi
1538 2771 1834 2835 fortunati,

122 2861 226 2932 qui
263 2876 355 2913 eas
386 2860 532 2928 ipsas
558 2873 648 2911 res
678 2857 906 2928 fragiles
942 2855 1278 2927 casibusque
1309 2858 1610 2926 subiectas,
1643 2861 1836 2910 tamen

114 2948 412 3017 jucundas
442 2964 545 3017 pro
576 2946 678 3000 hac
710 2945 825 3000 vita
867 2946 1153 2999 cumulate
1207 2947 1477 3016 largeque
1510 2945 1839 3016 possideant

124 3055 235 3092 nec
268 3038 583 3107 quidquam
615 3035 725 3089 illis
758 3051 959 3088 eorum
990 3051 1117 3105 quae
1149 3039 1353 3088 votunt
1384 3034 1548 3088 desit.
1584 3034 1685 3088 Cui
1709 3049 1834 3105 ego:

132 3126 245 3190 Qui
276 3125 456 3191 timet,
494 3124 754 3194 inquam,
785 3123 1082 3177 videturne
1114 3123 1220 3176 tibi
1261 3123 1462 3177 beatus
1512 3140 1633 3177 esse
1655 3124 1683 3177 ?
1714 3125 1838 3177 Non

131 3215 381 3278 videtur,
416 3212 617 3282 inquit.
654 3213 795 3282 Ergo
831 3212 981 3281 quod
1034 3215 1187 3265 amat
1223 3211 1467 3282 quisque
1499 3212 1547 3265 si
1576 3211 1840 3266 amittere

134 3306 345 3374 potest,
404 3305 661 3371 potestne
711 3317 827 3354 non
878 3300 1135 3355 timere?
1180 3302 1304 3354 Non
1367 3304 1571 3371 potest,
1624 3301 1836 3371 inquit.

131 3391 339 3447 Amitti
378 3395 569 3444 autem
590 3390 950 3459 possuntilla
963 3388 1221 3443 fortuita.
1258 3390 1381 3443 Non
1408 3389 1585 3460 igitur
1599 3391 1719 3443 haec
1743 3390 1841 3460 qui

136 3485 296 3535 amat
323 3484 377 3533 et
406 3480 677 3550 possidet,
704 3484 893 3550 potest
921 3480 1035 3532 ullo
1069 3478 1241 3532 modo
1273 3478 1473 3532 beatus
1510 3496 1648 3532 esse.
1690 3479 1843 3533 Nihil

134 3567 499 3639 repugnavit.
528 3568 642 3620 Hoc
686 3567 803 3620 loco
842 3570 1036 3620 autem
1068 3570 1252 3619 mater
1282 3585 1299 3620 :
1335 3564 1565 3618 Etiamsi
1613 3582 1844 3620 securus

136 3660 214 3711 sit
246 3656 451 3728 inquit,
486 3672 549 3709 ea
579 3672 638 3709 se
669 3654 860 3708 omnia
908 3671 1023 3708 non
1073 3670 1190 3707 esse
1246 3654 1614 3719 amissurum,
1650 3657 1844 3706 tamen

138 3747 348 3801 talibus
382 3745 573 3799 satiari
603 3760 715 3798 non
730 3744 955 3814 poterit.
991 3745 1134 3813 Ergo
1167 3746 1223 3797 et
1252 3760 1316 3797 eo
1344 3743 1536 3809 miser,
1567 3759 1680 3813 quo
1705 3758 1847 3795 sem-

137 3852 248 3907 per
278 3838 361 3889 est
386 3834 640 3903 indigus.
682 3833 783 3888 Cui
801 3848 939 3903 ego:
971 3832 1137 3896 Quid,
1172 3832 1430 3903 inquam,
1464 3831 1554 3886 his
1578 3832 1845 3886 omnibus

142 3925 444 3979 abundans
473 3922 643 3975 rebus
673 3928 843 3992 atque
882 3921 1307 3987 circumfluens,
1354 3921 1401 3975 si
1423 3921 1691 3991 cupiendi
1725 3938 1846 3975 mo-

139 4017 281 4069 dum
312 4014 418 4067 sibi
441 4016 668 4078 statuat,
700 4011 892 4081 eisque
923 4016 1221 4064 contentus
1253 4011 1524 4065 decenter
1563 4011 1849 4076 jucunde-

140 4120 259 4175 que
282 4102 610 4173 perfruatur
634 4118 646 4167 ;
680 4116 871 4153 nonne
898 4100 1001 4154 tibi
1028 4098 1253 4153 videtur
1289 4100 1490 4153 beatus
1504 4101 1659 4153 ?Non
1690 4116 1849 4170 ergo,

141 4192 356 4262 inquit,
388 4190 499 4243 illis
530 4190 717 4255 rebus,
752 4189 850 4243 sed
896 4188 1073 4241 animi
1104 4188 1191 4241 sui
1221 4188 1617 4241 moderatione
1647 4189 1850 4242 beatus

141 4287 256 4337 est.
296 4280 539 4350 Optime,
574 4279 830 4349 inquam,
879 4294 981 4331 nec
1013 4276 1142 4330 huic
1190 4275 1627 4345 interrogationi
1676 4276 1850 4342 aliud,

142 4385 253 4424 nec
285 4368 382 4422 abs
410 4372 465 4421 te
496 4367 649 4421 aliud
675 4366 872 4420 debuit
903 4363 1254 4435 responderi.
1293 4364 1437 4433 Ergo
1472 4363 1630 4416 nullo
1680 4363 1852 4417 modo

143 4458 501 4521 dubitamus,
535 4456 579 4508 si
611 4456 737 4525 quis
767 4455 964 4508 beatus
1013 4469 1133 4505 esse
1188 4451 1409 4520 statuit,
1458 4451 1519 4505 id
1566 4466 1699 4505 eum
1747 4450 1855 4505 sibi

143 4561 480 4616 comparare
506 4544 712 4598 debere
740 4542 895 4614 quod
926 4557 1150 4611 semper
1183 4545 1395 4607 manet,
1452 4556 1553 4594 nec
1582 4541 1702 4595 ulla
1748 4557 1853 4594 sae-

142 4636 337 4689 viente
366 4633 592 4685 fortuna
630 4632 773 4702 eripi
824 4635 1032 4701 potest.
1086 4631 1217 4695 Hoc,
1268 4628 1475 4699 inquit,
1532 4628 1852 4699 Trygetius,

138 4722 489 4794 jamdudum
502 4721 911 4773 consensimus.
935 4720 1104 4784 Deus,
1121 4717 1379 4787 inquam,
1401 4717 1557 4770 vobis
1580 4722 1852 4785 mternus,

146 4814 206 4863 et
238 4823 463 4877 semper
492 4822 726 4859 manens
748 4804 1009 4857 videtur?
1031 4804 1143 4856 lloc
1168 4803 1420 4873 quidem,
1449 4802 1638 4873 inquit
1664 4803 1857 4857 Licen-

145 4898 288 4961 tius,
321 4896 401 4949 ita
428 4898 643 4948 certum
674 4899 777 4960 est,
810 4897 874 4946 ut
904 4891 1351 4961 interrogatione
1386 4908 1501 4945 non
1535 4896 1735 4961 egeat;
1758 4908 1858 4945 cm-

146 4986 376 5056 terique
399 5000 595 5037 omnes
627 4983 723 5052 pia
747 4981 1049 5036 devutione
1080 4980 1512 5036 concinuerunt.
1546 4982 1727 5035 Deum
1755 4980 1859 5051 igi-

148 5082 269 5140 tur,
297 5075 554 5145 inquam,
597 5073 696 5143 qui
733 5072 925 5138 habet,
962 5071 1162 5124 beatus
1191 5074 1294 5123 est.

232 5166 315 5218 1'2.
346 5162 508 5226 Quod
542 5178 670 5215 cum
702 5162 1012 5231 gaudentes
1062 5158 1434 5213 libentissime
1484 5157 1807 5227 acciperent
1841 5171 1853 5214 :

150 5251 309 5307 Nihil
340 5266 498 5321 ergo,
533 5250 790 5321 inquam,
824 5249 989 5303 nobis
1008 5250 1129 5319 jam
1152 5247 1528 5318 qumrendum
1552 5263 1672 5300 esse
1704 5246 1855 5301 arbi-

149 5348 295 5407 tror,
340 5339 450 5394 nisi
478 5340 605 5409 quis
634 5339 934 5393 hominum
964 5338 1172 5391 habeat
1215 5338 1429 5403 Deum;
1468 5336 1668 5390 beatus
1709 5336 1862 5389 enim

150 5430 408 5500 profecto
441 5428 488 5482 is
518 5428 643 5483 erit.
681 5429 756 5481 De
804 5442 918 5497 quo
977 5441 1173 5496 quaero
1221 5423 1362 5495 quid
1388 5424 1547 5478 vobis
1579 5424 1857 5482 videatur.

154 5519 257 5573 Hic
282 5517 566 5573 Licentius
595 5518 813 5573 :Deum
842 5515 1033 5583 habet,
1066 5514 1327 5586 quibene
1345 5514 1497 5569 vivit.
1532 5513 1852 5586 Trygetius:

1638 263 1849 319 LIBER
1890 262 2097 318 UNUS.

3523 269 3624 321 966

1925 386 2106 439 Deum
2142 384 2331 449 habet,
2360 383 2568 453 inquit,
2597 384 2695 454 qui
2726 383 2857 437 facit
2887 400 3013 455 quin
3044 386 3189 439 Deus
3223 387 3345 440 vult
3374 387 3519 443 ﬁeri.
3553 390 3617 442 In

1920 474 2082 542 cujus
2111 472 2451 527 sententiam
2509 473 2860 526 Lastidianus
2892 475 3184 543 concessit.
3225 476 3372 528 Puer
3422 480 3618 530 autem

1922 561 2017 614 ille
2048 561 2320 614 minimus
2351 560 2642 615 omniurn:
2672 563 2721 613 Is
2743 560 2912 615 habet
2944 564 3143 628 Deum,
3166 563 3265 630 ait,
3309 564 3407 634 qui
3447 564 3624 634 spiri-

1922 655 2045 704 tum
2074 649 2439 703 immundum
2469 665 2583 702 non
2640 649 2828 703 habet.
2866 652 3039 703 Mater
3079 668 3211 704 vero
3243 652 3457 718 omnia,
3522 653 3624 706 scd

1923 738 2029 791 hoc
2051 738 2296 791 maxime
2328 737 2677 807 approbavit.
2717 737 2987 808 Navigius
3016 740 3255 795 tacebat.
3282 741 3463 802 Quem
3492 756 3625 795 cum

1924 826 2367 897 interrogassem
2386 826 2521 896 quid
2545 826 2798 895 sentiret,
2822 826 2962 879 illud
2986 826 3253 880 ultimum
3276 828 3383 881 sibi
3399 831 3625 897 placere

1924 915 2237 985 respondit.
2269 914 2379 967 Nec
2420 914 2715 967 Rusticum
2748 915 3070 984 percontari
3110 915 3296 969 visum
3328 921 3410 969 est
3442 917 3624 986 negli-

1926 1004 2201 1075 gendum,
2224 1018 2491 1074 quaenam
2514 1008 2658 1057 esset
2677 1003 2745 1057 de
2762 1018 2823 1056 re
2850 1008 3008 1057 tanta
3029 1003 3152 1073 ejus
3188 1006 3489 1073 sententia,
3522 1005 3623 1075 qui

1925 1092 2071 1145 mihi
2103 1092 2401 1146 videbatur
2422 1108 2539 1145 non
2561 1090 2968 1145 deliberatione
2996 1092 3176 1161 magis
3197 1109 3369 1164 quam
3397 1094 3611 1164 pudore

1927 1180 2237 1251 impeditus
2264 1180 2459 1247 silere;
2493 1179 2756 1249 Trygetio
2782 1180 3085 1232 consensit.

2004 1272 2086 1322 l3.
2120 1269 2262 1321 Tum
2294 1283 2433 1337 ego:
2479 1268 2687 1333 Teneo,
2718 1266 2973 1336 inquam,
3027 1267 3287 1321 omnium
3319 1270 3526 1339 placita
3557 1270 3629 1324 de

1930 1372 1990 1411 re
2021 1372 2230 1425 magna
2259 1372 2414 1420 sane,
2451 1360 2506 1409 et
2536 1355 2685 1408 ultra
2714 1371 2887 1423 quam
2935 1370 3039 1407 nec
3087 1355 3266 1425 qumri
3311 1356 3634 1427 quidquam

1931 1451 2175 1518 oportet,
2208 1463 2313 1500 nec
2358 1445 2603 1499 inveniri
2632 1449 2838 1516 potest,
2870 1445 2918 1497 si
2947 1445 3117 1498 modo
3148 1462 3294 1511 eam,
3339 1447 3422 1499 uti
3454 1448 3635 1516 coepi-

1930 1552 2080 1601 mus,
2109 1534 2468 1589 serenissime
2500 1550 2564 1587 ac
2593 1533 2973 1588 sincerissime
3004 1533 3438 1604 investigemus.
3472 1536 3635 1599 Quod

1930 1624 2101 1679 hodie
2127 1624 2262 1693 quia
2280 1624 2522 1693 longum
2550 1628 2650 1687 est,
2686 1626 2743 1676 et
2770 1623 3055 1675 habentin
3077 1622 3259 1692 epulis
3278 1623 3396 1676 suis
3429 1627 3483 1677 et
3508 1624 3635 1677 ani-

1931 1712 2012 1765 mi
2040 1712 2347 1783 quamdam
2368 1710 2672 1776 luxuriem,
2707 1710 2753 1763 si
2780 1712 2926 1763 ultra
2952 1710 3189 1764 modum
3220 1710 3281 1763 in
3313 1728 3405 1765 eas
3436 1717 3493 1765 et
3535 1728 3634 1765 vo-

1932 1799 2140 1853 raciter
2160 1799 2382 1853 irruant
2402 1800 2501 1867 (ita
2522 1798 2674 1852 enim
2705 1799 2851 1852 male
2883 1799 3305 1868 quodammodo
3332 1799 3633 1869 digerunt;
3656 1828 3659 1831 ν

1932 1888 2084 1942 unde
2105 1887 2421 1942 valetudini
2438 1887 2723 1941 mentium
2747 1904 2861 1940 non
2880 1888 3070 1940 minus
3094 1903 3267 1957 quam
3291 1887 3360 1941 ab
3386 1888 3486 1941 illa
3508 1887 3631 1957 ipsa

1934 1976 2084 2030 fame
2115 1976 2491 2031 metuendum
2523 1976 2648 2046 est),
2690 1977 2894 2029 melius
2938 1993 3039 2029 nos
3068 1975 3189 2029 haec
3226 1976 3466 2044 quaestio
3516 1992 3641 2030 cras

1937 2064 2266 2131 esurientes,
2286 2065 2333 2117 si
2355 2064 2602 2132 videtur,
2632 2065 2890 2136 accipiet.
2924 2064 3071 2117 Illud
3100 2064 3272 2117 modo
3306 2064 3554 2118 libenter
3574 2064 3642 2118 1i-

1938 2153 2174 2223 guriatis
2201 2153 2350 2219 volo,
2386 2152 2540 2222 quod
2571 2151 2756 2205 subito
2791 2151 2933 2205 mihi
2963 2151 3338 2205 ministratori
3365 2156 3550 2205 vestro
3580 2152 3642 2205 in

1939 2246 2191 2296 mentem
2222 2246 2556 2311 suggestum
2603 2246 2688 2293 est
2735 2239 3133 2305 inferendum;
3169 2244 3224 2292 et
3255 2242 3357 2308 est,
3401 2239 3509 2293 nisi
3540 2240 3643 2293 fal-

1939 2332 2049 2400 lor,
2081 2330 2273 2400 qualia
2302 2330 2488 2383 solent
2540 2329 2744 2383 ultima
2804 2328 3036 2399 apponi,
3095 2329 3257 2399 quasi
3310 2328 3643 2383 scholastica

1941 2419 2111 2473 melle
2164 2418 2483 2472 confectum
2516 2421 2686 2487 atque
2726 2417 3043 2471 conditum.
3103 2418 3226 2480 Quo
3288 2416 3481 2470 audito
3524 2433 3645 2472 sese

1944 2523 2143 2561 omnes
2175 2507 2337 2577 quasi
2368 2507 2429 2560 in
2460 2507 2673 2560 elatum
2705 2507 2984 2559 ferculum
3022 2506 3408 2574 tetenderunt,
3437 2522 3644 2577 coege-

1943 2601 2193 2667 runtque
2216 2600 2280 2649 ut
2299 2596 2483 2649 dicere
2503 2610 2873 2665 properarem
2897 2593 3173 2663 quidnam
3199 2593 3255 2647 id
3282 2599 3449 2649 esset.
3476 2595 3647 2661 Quid,

1942 2685 2201 2755 inquam,
2224 2682 2457 2753 putatis,
2482 2682 2593 2735 nisi
2622 2698 2753 2735 cum
2772 2681 3123 2736 Academicis
3145 2684 3328 2735 totum
3352 2684 3501 2752 quod
3528 2700 3648 2736 sus-

1946 2788 2281 2843 ceperamus
2325 2771 2645 2825 confectum
2694 2787 2815 2824 esse
2862 2770 3197 2840 negotium?
3245 2769 3367 2832 Quo
3414 2775 3647 2840 accepto

1944 2860 2201 2928 nomine,
2233 2865 2347 2913 tres
2377 2859 2463 2911 illi
2488 2859 2697 2929 quibus
2725 2875 2816 2911 res
2849 2864 2985 2911 nota
3011 2862 3151 2925 erat,
3184 2874 3303 2911 sese
3334 2864 3644 2913 erexerunt

1948 2945 2221 3011 alacrius;
2246 2950 2302 2998 et
2333 2944 2487 2998 velut
2514 2944 2805 3014 porrectis,
2839 2948 2903 2998 ut
2956 2944 3041 3012 ﬁt,
3096 2944 3363 2997 manibus
3392 2945 3645 2999 inferen-

1947 3039 2063 3088 tem
2103 3033 2426 3087 ministrum
2468 3034 2825 3103 adjuverunt,
2862 3033 3066 3103 quibus
3096 3038 3413 3103 potuerunt
3440 3034 3649 3098 verbis,

1948 3123 2092 3177 nihil
2122 3139 2179 3176 se
2204 3122 2512 3192 jucundius
2543 3122 2835 3175 audituros
2865 3137 2984 3175 esse
3007 3125 3416 3176 monstrantes.

2025 3214 2104 3265 14.
2141 3212 2285 3265 Tum
2315 3226 2421 3281 ego
2452 3211 2531 3264 ita
2560 3226 2682 3264 rem
2717 3210 3016 3281 proposui.
3055 3210 3114 3264 Si
3144 3211 3516 3265 manifestum
3548 3215 3651 3277 est,

1950 3301 2209 3372 inquam,
2250 3301 2480 3355 beatum
2528 3316 2643 3354 non
2675 3316 2795 3354 esse
2847 3300 2945 3370 qui
2974 3300 3125 3370 quod
3156 3301 3277 3353 vult
3309 3316 3423 3353 non
3459 3300 3650 3364 habet,
3701 3296 3703 3298 ’

1953 3392 2110 3461 quod
2128 3391 2299 3460 paulo
2322 3395 2450 3443 ante
2470 3389 2614 3443 ratio
2636 3388 3048 3443 demonstravit
3064 3403 3076 3453 ;
3094 3403 3264 3440 nemo
3286 3393 3478 3441 autem
3504 3402 3656 3457 quae-

1952 3480 2028 3533 rit
2056 3480 2210 3550 quod
2230 3479 2486 3532 invenire
2514 3495 2632 3532 non
2654 3479 2793 3544 vult,
2827 3482 2881 3531 et
2902 3480 3172 3547 quazrunt
3198 3476 3281 3529 illi
3310 3492 3538 3546 semper
3567 3491 3656 3528 ve-

1952 3568 2208 3622 ritatem:
2246 3567 2445 3622 volunt
2488 3584 2625 3638 ergo
2676 3567 2964 3633 invenire;
2994 3565 3194 3619 volunt
3235 3564 3413 3636 igitur
3441 3564 3652 3618 habere

1954 3656 2342 3711 inventionem
2390 3655 2664 3708 veritatis.
2696 3658 2769 3708 At
2815 3671 2931 3708 non
2962 3654 3262 3708 inveniunt
3295 3653 3345 3707 ‘z
3398 3653 3657 3724 sequitur

1956 3762 2049 3800 eos
2080 3761 2197 3799 non
2228 3745 2439 3798 habere
2470 3743 2623 3815 quod
2651 3744 2878 3808 volunt;
2914 3748 2969 3797 et
2990 3760 3057 3797 ex
3089 3759 3155 3798 eo
3185 3742 3448 3815 sequitur
3479 3743 3651 3796 etiam

1956 3835 2149 3889 beatos
2171 3850 2287 3887 non
2309 3849 2451 3887 esse.
2473 3836 2547 3887 At
2574 3848 2743 3886 nemo
2762 3832 3009 3903 sapiens,
3038 3832 3149 3885 nisi
3172 3833 3399 3887 beatus:
3432 3831 3659 3902 sapiens

1956 3923 2131 3994 igitur
2150 3922 2520 3977 Academicus
2537 3938 2653 3976 non
2668 3926 2770 3977 est.
2794 3921 2893 3975 Hic
2906 3925 3141 3990 repente
3162 3921 3263 3984 illi,
3291 3920 3456 3991 quasi
3476 3925 3661 3976 totum

1958 4012 2246 4083 rapientes
2260 4012 2735 4066 exclamaverunt.
2752 4011 2858 4066 Sed
2875 4010 3157 4065 Licentius
3174 4011 3451 4064 attentius
3469 4015 3663 4063 etcau-

1960 4101 2070 4155 tius
2092 4101 2389 4155 advertens
2412 4100 2605 4154 timuit
2630 4099 3041 4167 assensionem,
3066 4103 3237 4168 atque
3260 4098 3532 4167 subjecit:
3557 4100 3661 4152 Ra-

1960 4193 2063 4263 pui
2093 4190 2326 4262 quidem
2380 4190 2692 4255 vobiscum,
2738 4189 3023 4259 siquidem
3055 4185 3366 4239 exclamavi
3398 4185 3497 4239 illa
3526 4200 3663 4238 con-

1962 4280 2213 4333 clusione
2247 4282 2586 4332 commotus.
2620 4277 2726 4331 Sed
2748 4277 2892 4329 nihil
2922 4277 3055 4330 hinc
3083 4273 3383 4328 admittam
3402 4272 3462 4325 in
3488 4273 3663 4328 visce-

1960 4384 2043 4434 ra,
2087 4372 2143 4421 et
2173 4371 2393 4437 partem
2424 4382 2613 4420 meam
2642 4366 2878 4419 servabo
2909 4363 3142 4434 Alypio:
3178 4377 3310 4415 nam
3359 4365 3458 4413 aut
3488 4359 3662 4413 simul

1963 4472 2089 4511 eam
2118 4471 2344 4509 mecum
2369 4456 2597 4519 lambet,
2631 4458 2730 4508 aut
2759 4470 2849 4507 me
2870 4450 3202 4507 admonebit
3224 4465 3326 4502 cur
3354 4464 3467 4502 non
3496 4464 3664 4519 opor-

1962 4549 2076 4598 teat
2106 4543 2403 4613 attingere.
2440 4542 2655 4609 Dulcia,
2689 4541 2947 4611 inquam,
2981 4537 3163 4608 magis
3196 4541 3453 4592 metuere
3482 4536 3655 4591 Navi-

1963 4631 2089 4702 gius
2112 4630 2360 4694 deberet,
2395 4629 2590 4699 splene
2637 4628 2853 4682 vitioso.
2888 4626 2987 4679 Hic
3014 4625 3110 4678 ille
3139 4624 3427 4679 arridens:
3462 4626 3656 4691 Plane,

1962 4719 2171 4790 inquit,
2204 4735 2296 4772 me
2326 4718 2463 4773 talia
2492 4718 2793 4771 sanabunt.
2827 4716 2966 4768 Nam
2993 4714 3179 4768 nescio
3203 4714 3490 4784 quomodo
3522 4731 3660 4768 con-

1964 4812 2175 4862 tortum
2206 4808 2313 4861 hoc
2343 4812 2399 4862 et
2429 4807 2771 4867 aculeatam,
2798 4803 2953 4874 quod
2976 4803 3237 4874 posuisti,
3265 4808 3326 4857 ut
3349 4802 3427 4856 ait
3446 4803 3565 4872 ille,
3591 4802 3658 4855 de

1965 4898 2132 4951 melle
2164 4895 2446 4965 Hymetio,
2498 4893 2700 4947 acriter
2728 4892 2891 4946 dulce
2921 4897 3024 4959 est,
3075 4892 3334 4963 nihilque
3380 4892 3543 4945 inﬂat
3582 4891 3663 4943 vi-

1967 5002 2141 5039 scera.
2164 4984 2347 5049 Quare
2371 4988 2551 5036 totum
2570 4980 2759 5044 etiam,
2786 4980 2977 5050 palato
2996 4980 3357 5051 aliquantum
3376 4994 3653 5043 remorso,

1966 5078 2161 5127 tamen
2209 5077 2267 5125 ut
2296 5087 2525 5142 possum
2582 5068 2955 5124 libentissime
2984 5070 3045 5123 in
3082 5070 3361 5124 medullas
3408 5067 3657 5137 trajicio.

1970 5163 2095 5215 Non
2123 5160 2279 5215 enim
2297 5159 2461 5213 video
2492 5158 2781 5229 quomodo
2810 5158 3078 5229 redargui
3107 5159 3282 5228 possit
3310 5158 3414 5210 ista
3445 5155 3669 5208 conclu-

1969 5250 2070 5305 sio.
2121 5251 2357 5303 Prorsus
2402 5249 2563 5301 nullo
2608 5248 2778 5302 modo
2823 5252 3030 5318 potest,
3107 5246 3297 5316 inquit
3364 5245 3662 5313 Trygetus.

1969 5340 2152 5403 Quare
2182 5338 2402 5409 gaudeo
2428 5337 2653 5408 jamdiu
2682 5353 2812 5392 cum
2846 5337 2961 5392 illis
2990 5352 3081 5391 me
3111 5332 3442 5389 inimicitias
3474 5347 3665 5385 susce-

2039 5524 2054 5557 ί
2083 5522 2173 5571 Er.
2216 5522 2345 5571 Ven.
2374 5522 2498 5573 Lov.
2524 5522 2782 5583 veritatis,
2814 5524 2869 5573 et
2886 5533 3000 5572 non
3022 5518 3319 5569 inveniunt.
3350 5518 3422 5567 M.
