4062 6188
427 260 528 312 967

425 380 595 452 pisse.
633 379 775 432 Nam
805 375 997 430 nescio
1038 390 1153 446 qua
1182 373 1515 444 impellente
1546 374 1768 434 natura,
1800 367 1908 433 vel,
1941 368 2006 419 ut
2035 380 2124 417 ve-

427 469 548 524 rius
577 467 784 531 dicam,
818 467 952 532 Deo,
1001 464 1174 518 etiam
1207 462 1461 515 nesciens
1501 457 1791 529 quomodo
1829 453 2127 509 refellendi

430 561 638 621 essent,
671 559 863 609 tamen
894 553 974 608 eis
995 552 1166 606 nimis
1195 549 1554 604 adversabar.

501 648 590 700 45.
618 644 716 698 Hic
738 642 1049 697 Licentius:
1078 641 1210 708 Ego,
1237 637 1442 707 inquit,
1468 636 1594 688 illos
1619 633 1874 688 nondum
1906 633 2126 686 dest-ro.

433 736 600 803 Ergo,
639 731 717 784 ait
747 728 1065 799 Trygetius,
1097 725 1360 780 dissentis
1391 741 1421 776 a
1443 724 1647 777 nobis?
1679 719 2127 790 Numquidnam,

432 823 528 876 ille
562 819 763 889 inquit,
823 832 918 868 vos
947 816 1017 868 ab
1048 813 1249 882 Alypio
1280 811 1629 865 dissentitis?
1685 809 1786 863 Cui
1825 824 1960 876 ego:
2005 807 2130 860 Non

434 903 946 974 dubito,'inquam,
981 903 1119 972 quin
1149 901 1193 953 si
1225 901 1443 954 adesset
1469 899 1726 969 Alypius,
1760 896 1893 950 huic
1920 895 2133 949 ratiun-

431 998 573 1050 cula:
605 994 854 1048 cederet.
893 993 1014 1045 Non
1048 989 1200 1042 enim
1232 994 1346 1042 tam
1375 988 1620 1042 absurde
1651 986 1862 1040 sentire
1886 987 2129 1055 poterat,

433 1089 498 1138 ut
519 1089 616 1137 aut
630 1083 828 1135 beatus
851 1081 944 1134 ille
969 1081 986 1116 ¹
1005 1079 1308 1139 videretur,
1325 1077 1424 1148 qui
1447 1081 1668 1130 tantum
1692 1075 1910 1128 bonum
1931 1071 2132 1140 animi,

435 1172 586 1242 quod
613 1168 1008 1226 ardentissime
1038 1168 1206 1221 vellet
1228 1166 1462 1228 habere,
1493 1182 1608 1218 non
1643 1164 1899 1227 haberet,
1945 1165 2042 1215 aut
2073 1161 2136 1213 il-

430 1260 516 1312 los
541 1259 691 1312 nolle
722 1257 975 1310 invenire
1005 1255 1323 1320 veritatem,
1357 1259 1453 1306 aut
1483 1269 1614 1306 eum
1647 1250 1746 1322 qui
1786 1251 1986 1303 beatus
2016 1264 2135 1301 non

435 1349 507 1402 sit
532 1363 652 1400 esse
684 1346 1028 1416 sapientem:
1064 1359 1194 1396 nam
1223 1343 1311 1395 his
1335 1342 1534 1406 tribus,
1565 1339 1727 1411 quasi
1749 1339 1936 1403 melle,
1962 1338 2131 1404 farre,

437 1441 609 1506 atque
637 1433 875 1497 nucleis,
907 1432 1048 1485 illud
1080 1431 1234 1501 quod
1279 1429 1503 1495 metuis,
1538 1433 1786 1497 gustare,
1815 1426 2135 1480 confectum

439 1530 542 1578 est.
573 1524 770 1588 lllene,
813 1521 1020 1592 inquit,
1063 1520 1197 1574 huic
1229 1523 1340 1572 tam
1372 1534 1560 1589 pravae
1608 1531 1918 1586 puerorum
1948 1515 2137 1567 illece-

439 1613 555 1666 bras
601 1612 843 1670 cederet.
877 1609 1346 1663 Academicorum
1390 1609 1547 1659 tanta
1593 1605 1859 1657 ubertare
1891 1603 2132 1665 deserta,

440 1717 553 1771 qua
582 1699 896 1753 inundante
924 1698 1028 1750 hoc
1059 1696 1247 1749 nescio
1280 1694 1415 1765 quid
1463 1694 1629 1748 breve
1682 1696 1779 1745 aut
1840 1691 2134 1755 obruetur,

439 1793 538 1842 aut
567 1787 971 1859 pertrahetur?
997 1785 1166 1849 Quasi
1189 1800 1342 1848 vero,
1374 1783 1630 1853 inquam,
1657 1782 1894 1850 longum
1920 1778 2136 1849 aliquid

440 1894 544 1932 nos
606 1892 949 1947 quaeramus,
1001 1873 1317 1944 praesertim
1359 1872 1628 1925 adversus
1667 1869 1961 1940 Alypium:
2006 1883 2139 1921 nam

438 1981 556 2018 non
593 1962 958 2018 mediocriter
991 1977 1162 2032 parva
1194 1960 1302 2014 ista
1341 1975 1459 2012 esse
1493 1958 1659 2012 fortia
1699 1961 1755 2011 et
1785 1957 1970 2023 utilia,
2003 1956 2138 2008 satis

437 2053 542 2106 sibi
568 2052 687 2122 ipse
720 2051 789 2104 de
829 2067 931 2103 suo
963 2065 1201 2120 corpore
1232 2050 1749 2118 argumentaretur.
1809 2047 1890 2099 Tu
1946 2047 2138 2098 autem

439 2141 540 2211 qui
571 2138 789 2210 elegisti
816 2139 883 2191 de
913 2137 1160 2191 absentis
1189 2135 1521 2190 auctoritate
1551 2134 1820 2204 pendere,
1855 2133 1992 2204 quid
2029 2133 2138 2186 ho-

436 2245 564 2282 rum
596 2244 712 2296 non
742 2226 987 2297 probas?
1019 2226 1214 2278 Utrum
1249 2225 1478 2278 beatum
1510 2239 1626 2276 non
1668 2238 1810 2288 esse,
1851 2221 1950 2292 qui
1983 2219 2141 2291 quod

436 2317 561 2370 vult
585 2331 701 2368 non
725 2313 936 2368 habet?
968 2329 1038 2366 an
1069 2313 1197 2365 illos
1227 2328 1402 2381 negas
1431 2312 1574 2364 velle
1606 2310 1816 2364 habere
1846 2310 2140 2363 inventam

441 2404 762 2467 veritatem,
805 2417 979 2472 quam
1022 2401 1394 2454 vehementer
1435 2399 1774 2470 inquirunt?
1817 2416 1888 2452 an
1920 2399 2143 2452 videtur

441 2491 546 2546 tibi
579 2491 884 2562 quisquam
906 2488 1132 2559 sapiens
1151 2504 1267 2542 non
1291 2488 1488 2541 beatus
1503 2491 1531 2542 ‘?
1555 2489 1790 2541 Prorsus
1814 2487 2011 2541 beatus
2033 2491 2137 2553 est,

443 2580 654 2650 inquit,
687 2579 785 2651 qui
817 2579 966 2650 quod
995 2578 1118 2631 vult
1162 2593 1276 2631 non
1307 2578 1496 2644 habet,
1530 2577 1689 2647 quasi
1723 2577 2142 2630 stomachanter

443 2669 721 2722 arridens.
775 2668 936 2732 Quod
992 2683 1120 2720 cum
1158 2667 1424 2737 juberem
1482 2670 1544 2718 ut
1591 2665 1958 2719 scriberetur:
2018 2665 2142 2718 Non

441 2759 582 2824 dixi,
613 2757 803 2828 inquit
834 2758 1182 2810 exclamans.
1250 2755 1411 2820 Quod
1445 2754 1582 2808 item
1639 2770 1767 2807 cum
1824 2769 2139 2807 annuerem

443 2847 642 2901 scribi:
679 2846 826 2908 Dixi,
858 2845 1064 2918 inquit.
1107 2847 1290 2915 Atque
1322 2860 1428 2914 ego
1461 2843 1634 2897 semel
1664 2857 2049 2913 praeceperam
2079 2846 2143 2895 ut

443 2937 666 2990 nullum
707 2935 942 2988 verbum
973 2937 1184 3004 praeter
1212 2932 1427 2986 litteras
1457 2931 1813 2986 funderetur.
1848 2932 1930 2984 Ita
1959 2930 2144 2984 adole-

442 3023 857 3077 scenteminter
875 3021 1280 3077 verecundiam
1302 3024 1472 3092 atque
1495 3019 1870 3074 constantiam
1900 3018 2143 3090 exagita-

443 3117 567 3165 tum
598 3112 886 3166 tenebam.

520 3204 603 3254 16.
640 3199 747 3253 Sed
777 3215 906 3252 cum
954 3198 1042 3251 his
1069 3197 1258 3252 verbis
1287 3213 1417 3251 eum
1442 3196 1721 3265 jocantes,
1753 3196 1916 3267 quasi
1947 3196 2018 3250 ad
2046 3212 2142 3250 ve-

443 3287 706 3341 scendam
737 3286 1074 3357 particulam
1101 3301 1262 3338 suam
1283 3299 1743 3356 provocaremus,
1766 3283 2144 3337 animadverti

442 3379 674 3430 caeteros
702 3373 788 3428 rei
819 3373 993 3428 totius
1023 3373 1273 3444 ignaros,
1303 3372 1395 3426 sed
1426 3371 1568 3425 scire
1590 3371 1884 3442 cupientes
1903 3371 2039 3441 quid
2060 3371 2146 3424 in-

442 3468 531 3518 ter
561 3480 666 3518 nos
697 3465 844 3517 solos
875 3467 990 3516 tam
1027 3461 1276 3532 jucunde
1308 3464 1592 3532 ageretur,
1619 3460 1739 3514 sine
1770 3460 1884 3513 risu
1920 3476 2025 3514 nos
2056 3461 2141 3516 in-

443 3553 614 3608 tueri.
642 3551 749 3617 Qui
769 3553 914 3607 mibi
934 3568 1166 3622 prorsus
1189 3550 1404 3604 similes
1423 3549 1523 3603 visi
1547 3554 1698 3615 sunt,
1725 3549 1877 3620 quod
1899 3550 2146 3619 plerum-

445 3658 556 3713 que
585 3641 709 3696 ﬁeri
741 3641 903 3706 solet,
935 3641 1005 3693 iis
1053 3639 1153 3711 qui
1182 3655 1310 3693 cum
1353 3639 1660 3710 epulantur
1708 3639 1859 3692 inter
1885 3637 2143 3693 avidissi-

445 3748 570 3786 mos
601 3731 1113 3801 rapacissimosque
1143 3730 1428 3795 convivas,
1477 3747 1510 3783 a
1539 3729 1813 3800 rapiendo
1843 3730 1929 3783 vel
1961 3729 2146 3799 gravi-

445 3824 561 3873 tate
593 3835 715 3872 sese
747 3817 1053 3883 abstinent,
1082 3818 1170 3871 vel
1197 3817 1417 3887 pudore
1447 3821 1753 3871 terrentur.
1785 3818 1848 3871 Et
1875 3817 2010 3888 quia
2039 3834 2145 3888 ego

445 3906 838 3970 invitaveram,
894 3907 950 3958 et
991 3904 1186 3972 magni
1218 3904 1512 3974 cujusdam
1540 3903 1790 3957 hominis
1817 3919 2144 3973 personam,

443 3998 614 4064 atque
646 3997 709 4046 ut
737 3996 921 4045 totum
956 3991 1250 4061 explicem,
1282 3991 1401 4045 veri
1432 3991 1683 4046 hominis
1733 3991 1906 4046 etiam
1936 3992 1996 4047 in
2028 3993 2142 4047 illis

446 4082 630 4153 epulis
661 4081 1024 4135 invitatorem
1051 4081 1340 4150 gerebam,
1373 4079 1649 4134 sustinere
1671 4097 1783 4134 non
1812 4080 1991 4151 potui,
2017 4097 2145 4135 con-

446 4170 741 4242 movitque
774 4186 866 4224 me
900 4170 922 4202 ²
947 4169 1044 4223 illa
1073 4169 1434 4238 inaequalitas
1460 4185 1672 4223 mensas
1703 4174 1911 4224 nostra:
1945 4174 2001 4224 et
2027 4169 2141 4224 dis-

447 4257 763 4330 crepantia.
813 4256 991 4312 Arrisi
1043 4256 1231 4310 matri.
1282 4259 1467 4328 Atque
1510 4257 1607 4311 illa
1655 4257 1945 4312 liberrime
1995 4259 2146 4329 quod

450 4348 642 4401 minus
670 4346 980 4414 habebant,
1029 4345 1194 4415 quasi
1239 4345 1307 4399 de
1347 4361 1449 4400 suo
1497 4346 1722 4400 cellario
1760 4349 2146 4416 promendum

445 4436 773 4504 imperans:
806 4434 929 4487 Jam
980 4433 1069 4487 dic
1098 4433 1284 4498 nobis,
1314 4433 1524 4504 inquit,
1572 4439 1630 4488 et
1684 4435 1860 4488 redde
1891 4435 1991 4505 qui
2035 4435 2149 4488 sint

448 4523 544 4577 isti
577 4521 920 4589 Academici,
953 4524 1010 4576 et
1047 4520 1185 4592 quid
1223 4521 1327 4575 sibi
1357 4521 1573 4576 velint?
1601 4523 1703 4578 Cui
1733 4523 1978 4578 breviter
2016 4539 2147 4577 cum

447 4611 838 4681 exposuissem
870 4614 1198 4682 aperteque,
1229 4610 1307 4664 ita
1336 4614 1399 4664 ut
1425 4627 1594 4665 nemo
1647 4611 1879 4666 illorum
1911 4611 2148 4682 ignarus

455 4697 813 4752 abscederet:
844 4697 940 4752 Isti
971 4698 1252 4765 homines,
1298 4697 1506 4769 inquit,
1537 4698 1821 4752 caducarii
1849 4703 1982 4753 sunt
2011 4699 2146 4770 (quo

448 4785 690 4840 nomine
714 4786 886 4857 vulgo
912 4787 1062 4857 apud
1085 4803 1181 4840 eos
1200 4791 1492 4852 vocantur,
1518 4802 1662 4857 quos
1679 4786 1979 4840 comitialis
1999 4801 2150 4840 mor-

450 4875 560 4929 bus
588 4874 924 4945 subvertit),
956 4878 1012 4929 et
1042 4873 1210 4928 simul
1236 4875 1480 4929 surrexit
1505 4879 1572 4929 ut
1601 4874 1806 4942 abiret;
1856 4879 2025 4946 atque
2055 4875 2147 4929 hic

449 4979 660 5019 omnes
691 4964 807 5018 laeti
834 4979 896 5017 ac
921 4963 1192 5031 ridentes,
1239 4963 1572 5036 interposito
1618 4964 1731 5019 fine
1761 4963 2142 5018 discessimus.

511 5142 526 5175 ί
560 5139 668 5198 Illi,
699 5137 822 5201 juxt
853 5137 968 5201 Era.
999 5139 1124 5187 Lov.
1145 5139 1229 5201 7M.

508 5205 530 5238 ²
564 5203 686 5251 Mss.
700 5198 956 5250 'undecim
978 5215 988 5248 :
1012 5202 1080 5250 In
1093 5200 1200 5265 illis
1213 5200 1384 5265 epulis
1400 5200 1754 5251 invitatorem
1771 5198 2042 5265 susliacre
2058 5198 2150 5265 do:

447 5267 620 5323 cuisli,
636 5265 929 5315 commovit
945 5275 1026 5311 me
1040 5279 1051 5320 ;
1067 5264 1129 5311 ad
1144 5261 1300 5326 quam
1319 5263 1595 5313 lectionem
1613 5277 1773 5326 prope
1786 5261 2044 5326 acced_unt
2059 5261 2148 5308 alii

447 5329 554 5376 duo
577 5327 668 5390 qui
697 5327 892 5390 ferunt,
919 5324 1264 5390 sustinebam
1292 5327 1442 5390 docti,
1472 5324 1758 5374 commovit
1787 5337 1893 5374 me.
1925 5324 2146 5390 Fortean

447 5386 701 5439 docuerat
756 5388 1063 5437 Theodorus
1091 5389 1175 5438 cui
1206 5389 1464 5438 tratandae
1499 5401 1582 5436 res
1611 5391 1786 5436 essent
1832 5399 1953 5434 cum
1984 5386 2147 5446 impe-

446 5451 791 5514 ritioribusgiu
815 5450 1143 5514 Aejuscemodi
1163 5450 1456 5514 colloquiis.
1491 5450 1547 5498 Id
1575 5449 1717 5512 quod
1751 5447 2005 5511 suspicari
2027 5447 2147 5495 licet

447 5529 511 5564 ex
538 5514 630 5563 lib.
661 5512 772 5581 {de
803 5512 1014 5574 ordine,
1041 5528 1154 5578 cap.
1191 5517 1266 5562 M.

581 5583 647 5629 ,μί’

1623 247 1714 302 DE
1757 244 1986 301 BEATA
2029 241 2217 307 VITA,
2262 240 2314 295 S.
2352 239 2732 296 AUGUSTINI
3773 251 3848 303 968

2241 363 2466 417 CAPUT
2504 365 2601 418 III.
2629 394 2698 404 ——
2727 364 3037 434 Disputatio
3064 365 3308 420 secundm
3324 364 3446 420 diei.
3480 368 3604 434 Quis
3629 372 3762 425 Deum
3787 374 3853 427 ha-

2313 452 2431 506 beat
2461 468 2516 506 eo
2544 451 2699 506 modo
2726 457 2787 506 ut
2813 452 2997 506 beatus
3028 455 3119 507 sit.
3166 453 3410 524 Spiritus
3462 458 3731 514 immundus
3754 460 3852 516 duo-

2310 542 2406 596 bus
2436 541 2611 596 modis
2643 542 2914 611 appellari
2942 543 3089 596 solet.

2314 635 2396 684 t7.
2428 629 2705 683 Postridie
2731 635 2922 684 autem
2953 647 3082 684 cum
3128 631 3268 687 item
3306 638 3432 703 post
3469 636 3756 704 prandium,
3785 638 3855 692 sed

2240 719 2534 788 aliquanto
2567 735 2738 789 quam
2769 719 2955 788 pridie
2987 721 3188 789 serius,
3224 723 3394 776 iidem
3428 723 3721 796 ibidemque
3756 743 3857 780 con-

2238 809 2577 862 sedissemus
2612 821 2624 862 :
2659 809 2860 877 Tarde,
2891 808 3150 880 inquam,
3182 811 3412 865 venistis
3455 811 3522 865 ad
3559 813 3855 869 convivium:

2242 897 2396 968 quod
2436 897 2594 950 vobis
2632 913 2748 950 non
2768 897 3044 952 cruditate
3077 900 3344 954 accidisse
3370 900 3622 963 arbitror,
3650 902 3731 956 sed
3756 920 3858 972 pau-

2242 984 2427 1039 citatis
2465 985 2810 1038 ferculorum
2841 985 3169 1052 securitate;
3204 987 3355 1057 quod
3388 1003 3498 1041 non
3545 993 3652 1042 tam
3691 995 3859 1043 mature

2245 1073 2693 1143 aggrediendum
2722 1073 2907 1128 visum
2939 1079 3039 1141 est,
3075 1075 3227 1146 quod
3254 1076 3363 1129 cito
3384 1093 3476 1130 vos
3504 1093 3859 1148 peresurospu-

2243 1162 2419 1217 tastis.
2461 1163 2582 1215 Non
2607 1163 2856 1216 multum
2884 1163 3038 1217 enim
3060 1164 3431 1234 reliquiarum
3454 1166 3766 1220 credendum
3781 1172 3863 1219 erat

2245 1250 2712 1315 remansisse,ubi
2742 1250 2832 1304 die
2868 1251 2990 1322 ipso
3049 1257 3219 1323 atque
3265 1253 3611 1307 solemnitate
3654 1259 3752 1306 tam
3778 1254 3864 1306 exi-

2247 1356 2424 1410 guum
2458 1344 2748 1408 repertum
2779 1345 2918 1394 erat.
2949 1341 3202 1395 Fortasse
3247 1346 3416 1395 recte.
3457 1342 3558 1396 Sed
3602 1342 3722 1413 quid
3753 1343 3866 1395 vobis

2247 1433 2630 1500 praeparatum
2668 1428 2754 1490 sit,
2793 1445 2897 1498 ego
2931 1445 3159 1500 quoque
3215 1430 3505 1484 vobiscum
3542 1430 3727 1483 nescio.
3755 1431 3866 1484 Alius

2248 1522 2331 1571 est
2359 1517 2513 1571 enim
2533 1517 2629 1587 qui
2647 1517 2912 1570 omnibus
2938 1512 3068 1571 cum
3100 1535 3297 1572 omnes
3315 1520 3357 1586 ¹,
3383 1522 3502 1571 tum
3535 1518 3748 1571 maxime
3768 1518 3866 1570 tales

2249 1606 2445 1676 epulas
2474 1605 2728 1674 prmbere
2755 1621 2869 1658 non
2902 1609 3082 1682 cessat
3113 1625 3124 1659 :
3161 1606 3254 1659 sed
3299 1622 3403 1658 nos
3455 1605 3521 1658 ab
3567 1605 3772 1670 edendo,
3807 1604 3866 1656 vel

2249 1694 2660 1760 imbecillitate,
2696 1694 2784 1748 vel
2818 1693 3135 1760 saturitate,
3183 1694 3271 1748 vel
3326 1695 3555 1764 negotio
3599 1695 3868 1764 plerumque

2249 1799 2534 1837 cessamus
2562 1797 2574 1839 :
2599 1798 2771 1853 quem
2802 1786 3128 1837 manentem
3170 1782 3230 1836 in
3259 1783 3586 1836 hominibus
3614 1783 3779 1836 beatos
3800 1797 3866 1833 eos

2249 1872 2618 1937 faccre,inter
2648 1888 2748 1924 nos
2766 1871 2905 1937 heri,
2934 1871 2991 1924 ni
3020 1871 3205 1938 fallor,
3238 1871 3334 1941 pie
3365 1875 3868 1941 eonstanterquecon-

2249 1966 2500 2015 venerat.
2535 1961 2676 2014 Nam
2707 1976 2836 2013 cum
2862 1959 3008 2013 ratio
3056 1960 3496 2014 demonstrasset
3535 1976 3656 2014 eum
3696 1959 3866 2012 beatum

2250 2068 2370 2107 esse
2397 2049 2496 2121 qui
2529 2051 2704 2106 Deum
2734 2047 2989 2114 haberet,
3021 2065 3126 2102 nec
3155 2048 3287 2102 huic
3341 2049 3636 2120 quisquam
3682 2053 3867 2100 vestium

2251 2140 2545 2195 sententiae
2574 2137 2894 2203 restitisset,
2925 2137 3232 2208 quaesitum
3263 2142 3346 2191 est
3376 2137 3630 2210 quisnam
3657 2136 3786 2189 vobis
3813 2135 3866 2186 vi-

2253 2231 2482 2284 deretur
2511 2228 2688 2281 Deum
2718 2225 2949 2279 habere.
2995 2226 3071 2279 De
3111 2241 3225 2296 qua
3282 2241 3365 2286 re.
3427 2225 3475 2278 si
3505 2226 3641 2279 bene
3671 2221 3867 2283 memini,

2250 2323 2366 2372 tres
2395 2315 2692 2370 sententia:
2727 2313 2889 2368 dictas
2919 2317 3070 2367 sunt.
3123 2315 3263 2368 Nam
3293 2313 3448 2383 parti
3493 2312 3707 2384 placuit,
3744 2312 3867 2364 Deum

2250 2407 2460 2461 habere
2486 2405 2648 2458 illum
2680 2403 2780 2474 qui
2807 2419 2874 2457 ea
2901 2403 3116 2456 faceret
3139 2418 3267 2473 qua:
3300 2404 3452 2456 Deus
3478 2402 3656 2456 vellet.
3691 2398 3868 2463 Quidam

2251 2499 2443 2549 autem
2471 2493 2736 2548 dixerunt
2768 2491 2923 2562 quod
2961 2491 3008 2544 is
3040 2492 3216 2544 Deum
3245 2491 3504 2553 haberet,
3547 2490 3638 2561 qui
3679 2490 3793 2543 bene
3813 2484 3869 2536 vi-

2251 2587 2430 2638 veret.
2472 2581 2727 2652 Reliquis
2747 2597 2884 2634 vero
2914 2579 2976 2634 in
3007 2579 3086 2634 eis
3118 2582 3266 2635 Deus
3279 2597 3403 2635 esse
3428 2581 3577 2634 visus
3603 2582 3694 2639 est,
3721 2576 3768 2630 in
3781 2572 3870 2646 qui-

2251 2671 2356 2726 bus
2383 2669 2482 2742 qui
2503 2668 2836 2723 immundus
2867 2667 3208 2738 appellatur,
3237 2667 3477 2738 spiritns
3509 2683 3619 2721 non
3648 2671 3733 2718 est.

2327 2763 2412 2814 18.
2447 2758 2555 2812 Sed
2586 2758 2824 2811 fortasse
2851 2773 3050 2811 omnes
3078 2755 3314 2810 diversis
3347 2757 3532 2810 verbis
3564 2769 3718 2807 unum
3740 2750 3868 2804 idem-

2255 2865 2365 2921 que
2402 2846 2678 2901 sensistis.
2736 2847 2876 2900 Nam
2927 2845 2973 2899 si
3019 2845 3131 2900 duo
3177 2845 3368 2915 prima
3403 2843 3806 2902 consideremus,
3837 2841 3872 2888 et

2254 2937 2442 2992 omnis
2479 2935 2578 3006 qui
2609 2935 2754 2989 bene
2794 2933 2952 3000 vivit,
3001 2951 3067 2988 ea
3114 2933 3248 2988 facit
3299 2950 3432 3005 quae
3485 2933 3601 2986 vult
3647 2931 3796 2991 Deus;
3836 2928 3872 2976 et

2255 3024 2441 3080 omnis
2471 3023 2571 3096 qui
2602 3041 2668 3078 ea
2715 3022 2851 3077 facit
2893 3039 3021 3094 quas
3065 3023 3184 3077 vult
3233 3024 3403 3090 Deus,
3449 3022 3590 3077 bene
3640 3019 3870 3082 vivit;nec

2255 3114 2569 3186 quidquam
2599 3115 2710 3166 "est
2755 3111 2912 3166 aliud
2965 3112 3111 3165 bene
3169 3110 3386 3177 vivere,
3445 3125 3610 3181 quam
3652 3123 3708 3160 ea
3746 3104 3871 3158 facere

2255 3219 2385 3275 qua:
2440 3203 2554 3256 Deo
2600 3202 2904 3272 placeant:
2940 3199 3052 3254 nisi
3105 3198 3241 3270 quid
3292 3199 3456 3253 vobis
3512 3195 3651 3251 aliud
3695 3191 3870 3246 videtur.

2254 3289 2746 3348 Assentiebantur.
2777 3287 3029 3342 Tertium
3059 3303 3193 3342 vero
3237 3286 3385 3341 illud
3428 3286 3594 3357 paulo
3625 3277 3872 3351 diligentius

2255 3378 2734 3434 considerandum
2765 3380 3188 3448 est,propterea
3213 3376 3376 3447 quod
3390 3371 3872 3430 ritucastissimorum

2255 3483 2547 3521 sacrorum
2601 3465 2837 3536 spiritus
2891 3465 3228 3518 immundus
3275 3468 3321 3533 ³,
3354 3468 3628 3536 quantum
3666 3455 3872 3523 intelligo,

2256 3556 2476 3610 duobus
2508 3555 2692 3609 modis
2723 3553 3001 3624 appellari
3030 3553 3174 3608 solet
3201 3567 3214 3608 :
3239 3553 3330 3607 vel
3368 3553 3464 3607 ille
3493 3551 3588 3623 qui
3607 3546 3872 3604 extrinsecus

2256 3643 2473 3698 invadit
2503 3642 2756 3697 animam
2807 3657 3122 3712 sensusque
3167 3642 3495 3708 conturbat,
3544 3643 3596 3694 et
3645 3631 3873 3708 quemdam

2257 3733 2590 3787 nominibus
2618 3732 2790 3786 infert
2819 3731 3109 3798 furorem;
3140 3730 3232 3784 cui
3275 3728 3622 3784 excludendo
3658 3722 3740 3796 qui
3775 3731 3872 3790 ρττθ·

2258 3825 2410 3891 sunt,
2441 3837 2678 3876 manum
2710 3820 3004 3892 imponere
3042 3820 3130 3873 vel
3179 3819 3504 3873 exorcizare
3543 3818 3785 3875 dicuntur,
3807 3807 3873 3859 hoc

2258 3915 2364 3973 est,
2395 3926 2498 3981 per
2527 3909 2718 3964 divina
2748 3925 2880 3962 eum
2906 3907 3220 3977 adjurando
3240 3908 3529 3978 expellere
3547 3920 3558 3960 :
3575 3903 3719 3957 aliter
3741 3900 3872 3951 autem

2263 3997 2470 4053 dicitur
2502 3997 2737 4068 spiritus
2761 3996 3117 4065 immundus,
3147 3996 3340 4050 omnis
3366 3995 3599 4050 omnino
3623 3989 3780 4046 anima
3807 3983 3872 4035 im:

2256 4086 2472 4141 munda
2497 4103 2510 4153 ;
2545 4086 2694 4157 quod
2725 4085 2867 4140 nihil
2896 4089 2980 4140 est
3009 4084 3167 4139 aliud
3193 4101 3374 4154 quam
3402 4083 3553 4138 vitiis
3589 4085 3639 4135 et
3661 4071 3873 4132 erroribus

2254 4175 2578 4246 inquinata.
2616 4175 2923 4246 Itaqueabs
2952 4179 3008 4229 te
3040 4190 3258 4245 quaero,
3293 4180 3356 4228 tu
3396 4189 3557 4245 puer,
3584 4168 3672 4240 qui
3706 4165 3874 4218 fortasse

2257 4263 2551 4335 aliquanto
2584 4263 2872 4318 sereniore
2901 4279 2966 4316 ac
2987 4262 3322 4334 purgatiore
3363 4259 3566 4333 spi'itu
3605 4258 3747 4310 istam
3780 4259 3871 4338 sell-

2254 4352 2494 4406 tentiam
2523 4350 2832 4421 protulisti,
2867 4350 2995 4422 quis
3025 4349 3132 4404 tibi
3159 4350 3424 4404 videatur
3454 4343 3776 4402 immundum
3801 4349 3874 4402 5P“

2257 4441 2433 4495 ritum
2464 4456 2581 4493 non
2611 4439 2824 4493 habere
2859 4452 2872 4494 :
2906 4438 3076 4492 illene
3104 4437 3203 4508 qui
3240 4438 3560 4492 daemonem
3597 4447 3700 4487 non
3739 4423 3875 4480 habet.

2257 4545 2371 4600 quo
2399 4527 2593 4582 vesani
2622 4527 2884 4582 homines
2913 4526 3038 4580 fieri
3067 4527 3287 4591 solent;
3321 4543 3394 4580 an
3440 4525 3532 4579 ille
3571 4519 3663 4593 qui
3692 4513 3876 4600 animi}?

2259 4633 2421 4672 suam
2448 4633 2480 4671 a
2510 4616 2662 4671 vitiis
2693 4615 3076 4686 omnibusque
3106 4613 3356 4685 peccatis
3386 4609 3701 4667 mandavit?
3718 4605 3760 4657 Is
3781 4595 3877 4686 mihi

2256 4705 2500 4770 videtur,
2543 4704 2752 4776 inquit,
2785 4703 3150 4758 immundum
3180 4702 3449 4774 spiritum
3479 4714 3593 4754 non
3611 4695 3877 4754 habereaqu‘

2257 4798 2404 4850 caste
2433 4793 2589 4847 vivit.
2613 4793 2717 4848 Sed
2744 4797 2984 4854 castum,
3015 4792 3277 4862 inquam,
3308 4806 3482 4862 quem
3509 4784 3703 4841 vocas?
3727 4783 3877 4832 eum"e

2258 4882 2359 4954 qui
2389 4881 2533 4936 nihil
2553 4886 2769 4952 peccat,
2801 4897 2874 4936 an
2904 4897 3037 4936 eum
3065 4879 3166 4952 qui
3189 4880 3259 4934 ab
3289 4878 3490 4933 illicito
3510 4877 3712 4930 tantum
3736 4873 3878 4920 concu-

2255 4971 2379 5025 bitu
2409 4972 2736 5042 temperet?
2765 4970 3083 5038 Quomodo,
3131 4967 3340 5040 inquit,
3378 4971 3559 5022 castus
3585 4961 3747 5033 potest
3777 4962 3876 5004 esse,

2322 5135 2470 5244 ita“;
2498 5133 2746 5244 amabas
2771 5133 2854 5185 vel
2875 5131 3362 5195 CO1nmunes’juxta
3389 5129 3476 5178 Er.
3510 5125 3586 5177 γει
3614 5134 3723 5174 cum
3747 5121 3876 5167 omnes

2322 5211 2348 5244 Χ
2379 5210 2408 5244 8
2471 5210 2553 5244 ov.
2644 5233 2654 5243 .

2261 5198 2408 5247 iuxta
2431 5198 2553 5245 Lov.
2587 5198 2654 5244 M.

2253 5213 2412 5306 Νξἶὲ
2427 5213 2570 5320 53:};
2728 5257 2936 5320 legitur:
2955 5255 3098 5314 Quod
3107 5255 3212 5320 ritu
3223 5255 3630 5320 castissimorunt
3637 5248 3818 5320 meror?
3825 5243 3876 5320 ξζξξ

2259 5303 2935 5385 αιςέἓὶὶέτῖῧὲιῆἦὲῦἅὶῖιέ
2950 5303 3412 5385 ίῇίθήατὶάαένεὲιξη
3433 5315 3601 5362 minus
3619 5303 3814 5385 WE}:
3822 5308 3875 5385 1‘1‘

2258 5368 2522 5444 ἶέιιὶςὶἰύιί
2535 5368 2666 5431 satis
2694 5368 2772 5446 βξ
2816 5368 2870 5430 re
2895 5381 3135 5444 subjecta
3170 5384 3222 5429 et
3239 5368 3302 5428 ex
3330 5368 3478 5446 Mss.‘
3497 5387 3620 5437 quos
3652 5368 3874 5446 7578391211":

2259 5421 3303 5508 ῖῖῖἐ’ῗιέιῖῐρέἱὶὶὲιῐὲἓίὴιῖηῖᾶἢΪςῖιὲἓοῖὶιῖἇι
3330 5421 3549 5490 ᾘόῶίιῖε
3577 5421 3874 5483 commendan-

2261 5511 2348 5555 tur
2377 5510 2704 5556 sacramenta
2729 5507 3020 5555 initiorum.
