4062 6188
245 282 346 333 9ὓ9

242 402 342 475 qui
366 402 437 455 ab
466 400 665 455 illicito
694 404 916 455 tantum
946 398 1250 455 concubitu
1278 398 1567 455 abstinens
1594 416 1736 467 sese,
1769 406 1934 455 cete-

241 492 319 544 ris
346 489 592 560 peccatis
623 504 739 542 non
764 487 971 542 desinit
992 488 1323 559 inquinari?
1342 488 1441 543 Ille
1468 493 1554 542 est
1573 505 1702 543 vere
1728 493 1929 553 castus,

240 577 339 649 qui
370 578 547 631 Deum
593 575 848 639 attendit,
886 579 941 629 et
968 576 1035 629 ad
1060 576 1248 645 ipsum
1282 577 1469 630 solum
1502 592 1560 631 se
1591 581 1765 631 tenet.
1799 577 1935 640 Que

237 666 411 719 verba
454 665 619 734 pueri
666 664 810 717 sicut
858 663 1007 717 dicta
1062 667 1242 729 erant,
1286 680 1417 718 cum
1465 664 1745 719 conscribi
1794 664 1936 718 mihi

236 753 582 824 placuisset:
618 754 670 806 Is
700 768 855 823 ergo,
904 752 1161 823 inquam,
1212 768 1438 806 necesse
1469 758 1553 806 est
1594 758 1657 806 ut
1684 754 1828 807 bene
1858 752 1937 805 vi-

238 848 351 906 vat,
385 846 440 895 et
469 841 566 910 qui
596 841 741 895 bene
788 840 925 894 vivit
966 839 1283 894 necessario
1326 840 1453 893 talis
1497 844 1614 907 est;
1656 840 1766 893 nisi
1796 839 1932 910 quid

236 929 341 984 tibi
370 928 527 982 aliud
573 928 814 981 videtur.
865 927 1151 981 Concessit
1195 943 1323 980 cum
1373 927 1610 982 ceteris.
1647 928 1789 996 Ergo
1823 943 1935 981 una

235 1022 322 1071 est
351 1017 463 1081 hic,
496 1016 752 1086 inquam,
786 1015 937 1069 dicta
965 1015 1268 1068 sententia.

314 1108 397 1158 l9.
431 1103 533 1157 Sed
566 1102 707 1156 illud
734 1118 767 1155 a
798 1102 953 1156 vobis
974 1102 1272 1172 paululum
1303 1118 1518 1172 quero,
1550 1102 1759 1155 velitne
1787 1104 1933 1155 Deus

230 1196 301 1246 ut
330 1192 504 1246 homo
536 1192 713 1243 Deum
736 1193 989 1260 querat?
1008 1190 1314 1243 Dederunt.
1346 1191 1481 1243 Item
1516 1207 1745 1260 quero;
1777 1206 1932 1243 num-

231 1280 512 1351 quidnam
554 1294 855 1347 possumus
901 1278 1108 1343 dicere,
1154 1278 1316 1331 illum
1360 1278 1460 1348 qui
1492 1279 1672 1331 Deum
1704 1277 1931 1347 querit,

230 1369 385 1421 male
411 1367 635 1421 vivere?
670 1367 834 1420 Nullo
888 1366 1084 1433 modo,
1130 1366 1411 1420 dixerunt.
1459 1366 1637 1419 Etiam
1678 1366 1785 1419 hoc
1818 1371 1930 1419 ter-

228 1457 384 1509 tium
414 1455 784 1525 respondete;
824 1454 1056 1524 spiritus
1096 1453 1426 1507 immundus
1458 1458 1719 1524 potestne
1752 1455 1932 1507 Deum

226 1545 533 1614 querere?
560 1542 875 1612 Negabant,
925 1542 1284 1613 aliquantum
1332 1542 1625 1596 dubitante
1670 1542 1930 1612 Navigio,

226 1632 337 1703 qui
367 1636 564 1701 postea
590 1636 929 1685 ceterorum
974 1631 1203 1684 vocibus
1242 1629 1468 1685 cessit'.
1517 1631 1574 1685 Si
1612 1630 1809 1701 igitur,
1843 1630 1929 1683 in-

224 1735 432 1791 quam,
472 1720 570 1791 qui
610 1720 788 1772 Deum
833 1719 1057 1789 querit,
1090 1719 1145 1773 id
1176 1718 1308 1772 facit
1338 1719 1489 1789 quod
1524 1720 1668 1773 Deus
1707 1719 1847 1786 vult,
1879 1722 1934 1772 et

222 1809 381 1863 bene
423 1808 580 1875 vivit,
609 1812 665 1861 et
713 1806 979 1877 spiritum
1027 1806 1391 1860 immundum
1435 1822 1552 1860 non
1599 1807 1798 1872 habet;
1834 1805 1933 1876 qui

222 1901 427 1951 autem
454 1897 629 1949 Deum
652 1894 876 1965 querit,
899 1894 1157 1949 nondum
1176 1895 1347 1949 habet
1377 1896 1554 1948 Deum
1580 1911 1592 1947 :
1621 1911 1733 1947 non
1758 1894 1934 1964 igitur

221 1983 494 2056 quisquis
519 1988 618 2037 aut
641 1983 785 2037 bene
819 1981 977 2049 vivit,
1014 1987 1113 2037 aut
1142 1983 1296 2053 quod
1327 1983 1443 2036 vult
1474 1985 1622 2036 Deus
1651 1982 1803 2050 facit,
1836 1986 1934 2035 aut

220 2071 498 2142 spiritum
522 2071 885 2125 immundum
900 2086 1014 2124 non
1031 2070 1221 2133 habet,
1241 2070 1511 2123 continuo
1532 2071 1711 2123 Deum
1723 2069 1932 2123 habere

219 2160 548 2214 credendus
576 2164 678 2213 est.
710 2159 808 2212 Hic
846 2175 976 2212 cum
1018 2175 1075 2212 se
1101 2159 1289 2212 ceteri
1331 2157 1790 2211 concessionibus
1818 2157 1934 2210 suis

218 2248 501 2317 deceptos
534 2247 805 2312 riderent,
845 2246 1154 2316 postulavit
1182 2250 1387 2312 mater,
1420 2262 1550 2299 cum
1581 2244 1680 2299 diu
1709 2245 1934 2315 stupida

217 2335 454 2399 fuisset,
488 2339 551 2389 ut
580 2334 633 2388 ei
661 2334 767 2389 hoc
794 2334 985 2405 ipsum
1014 2334 1167 2406 quod
1197 2332 1577 2389 conclusionis
1598 2332 1932 2388 necessitate

220 2425 448 2479 intorte
479 2424 753 2491 dixeram,
802 2422 1136 2493 explicando
1178 2423 1491 2476 relaxarem
1538 2425 1706 2493 atque
1751 2422 1931 2475 solve-

222 2530 384 2569 rem.
416 2513 579 2577 Quod
608 2528 738 2566 cum
758 2511 969 2566 factum
999 2516 1173 2566 esset:
1206 2512 1315 2566 Sed
1344 2528 1536 2577 nemo,
1568 2511 1773 2582 inquit,
1804 2516 1931 2580 pot-

228 2608 327 2655 est
358 2600 657 2672 pervenire
680 2600 748 2654 ad
778 2601 977 2665 Deum,
1004 2598 1115 2653 nisi
1135 2600 1315 2653 Deum
1338 2598 1651 2669 quesierit.
1685 2599 1931 2669 Optime,

225 2692 498 2761 inquam.
531 2690 743 2743 Tamen
766 2688 865 2758 qui
892 2688 1077 2742 adhuc
1105 2687 1332 2758 querit,
1364 2687 1623 2741 nondum
1649 2686 1718 2741 ad
1750 2688 1932 2740 Deum

224 2775 522 2848 pervenit,
552 2774 774 2829 etiamsi
797 2774 941 2828 bene
971 2772 1124 2827 vivit.
1158 2774 1282 2827 Non
1302 2773 1478 2843 igitur
1506 2773 1764 2843 quisquis
1790 2772 1933 2826 bene

225 2864 398 2927 vivit,
427 2864 606 2917 Deum
636 2863 826 2917 habet.
859 2861 1015 2930 Mihi,
1044 2861 1251 2932 inquit,
1292 2861 1513 2915 videtur
1544 2862 1723 2915 Deum
1764 2876 1932 2915 nemo

228 2969 359 3007 non
384 2952 624 3006 habere:
646 2952 738 3005 sed
762 2967 893 3006 eum
915 2950 1013 3021 qui
1036 2950 1182 3004 bene
1210 2949 1365 3015 vivit,
1394 2949 1565 3003 habet
1587 2948 1929 3019 propitium;

227 3040 340 3113 qui
388 3043 555 3107 male,
603 3041 891 3094 infestum.
940 3039 1081 3093 Male
1128 3038 1325 3109 igitur,
1373 3038 1630 3108 inquam,
1670 3036 1935 3090 hesterno

227 3130 332 3185 die
364 3128 748 3184 concessimus
786 3143 917 3181 eum
958 3126 1188 3180 beatum
1227 3142 1347 3180 esse
1386 3125 1485 3196 qui
1516 3126 1694 3179 Deum
1724 3124 1931 3179 habet:

229 3218 529 3289 siquidem
559 3216 746 3271 omnis
771 3217 945 3270 homo
971 3215 1148 3268 Deum
1179 3214 1368 3282 habet,
1398 3229 1501 3267 nec
1529 3217 1721 3267 tamen
1750 3212 1936 3267 omnis

229 3310 418 3363 homo
447 3307 647 3361 beatus
676 3309 777 3359 est.
802 3303 958 3358 Adde
989 3319 1147 3373 ergo,
1182 3302 1391 3373 inquit,
1421 3301 1755 3372 propitium.

312 3397 405 3450 20.
451 3395 684 3462 Saltem,
732 3393 990 3463 inquam,
1034 3392 1143 3446 hoc
1189 3390 1339 3445 inter
1381 3406 1482 3444 nos
1527 3390 1658 3443 satis
1697 3392 1932 3454 constat,

231 3500 377 3541 eum
398 3483 629 3538 beatum
661 3497 782 3536 esse
804 3481 905 3551 qui
925 3480 1096 3534 habet
1112 3478 1430 3550 propitium
1452 3480 1672 3533 Deum?
1698 3478 1936 3545 Vellem,

232 3572 436 3643 inquit
480 3569 769 3641 Navigins,
821 3568 1181 3623 consentire:
1233 3567 1330 3621 sed
1376 3567 1539 3621 illum
1586 3583 1785 3621 vereor
1838 3566 1937 3637 qui

234 3662 433 3717 adhuc
480 3659 712 3731 querit;
762 3657 1078 3729 presertim
1106 3672 1176 3710 ne
1217 3656 1517 3711 concludas
1555 3656 1787 3710 beatum
1819 3670 1938 3708 esse

172 3766 179 3769 ·
234 3748 667 3816 Academicum,
699 3746 799 3817 qui
835 3746 1101 3799 hesterno
1130 3760 1411 3811 sermone,
1454 3743 1675 3814 vulgari
1707 3743 1939 3813 quidem

236 3843 303 3893 et
331 3836 479 3890 male
509 3834 710 3901 latino,
740 3833 837 3888 sed
887 3832 1180 3903 aptissimo
1222 3849 1377 3899 sane,
1417 3837 1483 3886 ut
1519 3831 1661 3886 mihi
1692 3832 1937 3899 videtur,

234 3927 419 3983 verbo
446 3924 779 3979 caducarius
829 3922 1157 3977 nominatus
1199 3927 1302 3977 est.
1338 3924 1465 3976 Non
1507 3921 1660 3975 enim
1707 3935 1941 3991 possum

238 4016 435 4071 dicere
465 4011 688 4067 homini
729 4013 908 4065 Deum
938 4000 1215 4081 querenti
1240 4010 1539 4064 adversum
1570 4011 1748 4063 Deum
1780 4024 1899 4062 esse
1924 4025 1937 4062 :

239 4104 403 4176 quod
427 4102 474 4156 si
497 4101 607 4156 dici
634 4100 793 4155 nefas
815 4104 919 4165 est,
948 4098 1231 4169 propitius
1252 4098 1394 4163 erit;
1420 4102 1475 4152 et
1499 4097 1599 4168 qui
1628 4096 1941 4167 propitium

239 4197 433 4251 Deum
481 4190 671 4255 habet,
720 4188 919 4243 beatus
969 4192 1074 4242 est.
1119 4189 1323 4241 Beatus
1366 4202 1500 4256 ergo
1544 4185 1651 4239 erit
1704 4184 1798 4238 ille
1843 4184 1943 4254 qui

238 4281 490 4355 querit:
523 4279 709 4333 omnis
735 4282 924 4333 autem
970 4292 1230 4346 querens
1279 4275 1535 4329 nondum
1577 4274 1750 4328 habet
1787 4272 1941 4343 quod

236 4371 391 4426 vult.
418 4368 533 4423 Erit
554 4366 727 4437 igitur
744 4366 946 4421 beatus
964 4364 1139 4418 homo
1163 4363 1261 4434 qui
1294 4362 1445 4434 quod
1467 4363 1586 4416 vult
1613 4377 1731 4415 non
1752 4360 1943 4426 habet,

238 4458 409 4532 quod
437 4456 561 4511 heri
591 4454 755 4510 nobis
786 4453 1051 4508 omnibus
1088 4452 1388 4506 videbatur
1423 4450 1760 4513 absurdum;
1794 4448 1947 4502 unde

241 4546 624 4604 credebamus
677 4542 1147 4598 Academicorum
1182 4540 1447 4595 tenebras
1487 4555 1606 4593 esse
1645 4538 1944 4592 discusses.

242 4638 439 4702 Quare
462 4635 582 4705 jam
621 4632 691 4687 de
721 4631 887 4686 nobis
928 4629 1210 4685 Licentius
1254 4625 1947 4696 triumphabit;nihilque

242 4726 353 4780 illa
399 4722 605 4788 dulcia,
652 4736 780 4792 que
826 4723 1025 4774 contra
1077 4717 1461 4772 valetudinem
1498 4732 1687 4772 meam
1732 4720 1948 4770 temere

247 4810 468 4882 accepi,
489 4811 591 4864 has
620 4809 689 4864 de
720 4824 811 4863 me
841 4823 1039 4879 penas
1064 4806 1310 4878 exigere,
1347 4805 1508 4878 quasi
1542 4803 1796 4877 prudens
1828 4819 1949 4858 me-

247 4902 415 4957 dicus
442 4898 789 4953 admonebit.

326 4993 415 5044 2t.
448 4988 547 5042 Hic
593 5003 723 5041 cum
772 4986 946 5041 etiam
993 4988 1177 5041 mater
1224 4984 1532 5040 arrisisset:
1578 4984 1715 5053 Ego,
1762 4979 1954 5052 inquit

250 5078 576 5149 Trygetius,
607 5093 725 5132 non
758 5076 1007 5131 concedo
1036 5075 1307 5129 continuo
1339 5075 1520 5128 Deum
1549 5068 1833 5126 adversari
1862 5065 1953 5123 cui

251 5185 375 5225 non
402 5168 473 5221 sit
499 5165 801 5237 propitius,
836 5165 933 5219 sed
967 5180 1085 5219 esse
1130 5162 1347 5235 aliquid
1376 5160 1631 5216 medium
1661 5162 1820 5230 puto.
1854 5155 1955 5211 Cui

253 5273 406 5328 ego:
440 5257 617 5310 Istum
646 5259 839 5309 tamen
881 5252 1198 5319 hominem,
1245 5250 1502 5321 inquam,
1554 5244 1831 5311 medium,
1865 5244 1956 5298 cui

256 5362 366 5401 nec
410 5344 555 5400 Deus
595 5342 878 5415 propitius
926 5346 1010 5396 est
1054 5358 1160 5396 nec
1200 5340 1455 5402 infestus,
1503 5336 1683 5391 Deum
1730 5348 1957 5406 quoquo

258 5434 435 5492 modo
478 5434 687 5489 habere
731 5430 1033 5488 concedis?
1090 5429 1189 5484 Hic
1243 5443 1373 5483 cum
1423 5423 1518 5481 ille
1563 5428 1953 5481 cunctaretur:

327 5533 344 5567 ¹
375 5532 613 5590 Quatuor
627 5531 774 5591 Mas.,
806 5527 1053 5582 vultibus
1079 5524 1249 5579 cessit.

572 5630 858 5696 PATROL.
912 5626 1159 5695 XXXII.

1760 278 1973 333 LIBER
2022 276 2226 334 UNUS.

3646 284 3749 337 9‘70

2046 400 2217 455 Aliud
2246 405 2349 465 est,
2383 400 2571 471 inquit
2592 406 2794 464 mater,
2827 403 3005 457 Deum
3036 403 3267 473 habere,
3299 405 3455 459 aliud
3484 421 3601 460 non
3627 424 3748 463 esse

2048 488 2169 542 sine
2203 491 2335 543 Deo.
2368 489 2511 553 Quid
2544 505 2696 559 ergo,
2724 490 2980 561 inquam,
3014 493 3219 545 melius
3249 498 3365 559 est;
3422 498 3616 548 utrum
3642 496 3744 550 ha-

2046 576 2180 631 bere
2212 578 2413 644 Deum,
2451 592 2525 630 an
2557 593 2670 630 non
2703 592 2821 631 esse
2852 580 2973 633 sine
3006 582 3158 635 Deo?
3192 581 3502 651 Quantum,
3534 584 3741 654 inquit,

2044 680 2278 734 possum
2309 664 2651 734 intelligere,
2692 665 2799 718 ista
2828 670 2912 719 est
2938 668 3219 721 sententia
3263 686 3421 723 mea:
3471 671 3571 741 qui
3600 672 3744 726 bene

2044 751 2199 817 vivit,
2246 751 2417 805 habet
2460 754 2662 817 Deum,
2698 753 2794 806 sed
2840 753 3190 823 propitium;
3242 757 3341 826 qui
3373 758 3543 823 male,
3574 759 3748 815 habet

2047 841 2246 907 Deum,
2278 840 2375 893 sed
2402 841 2719 895 adversum.
2762 841 2866 905 Qui
2899 846 3089 895 autem
3121 843 3302 897 adhuc
3335 847 3560 914 querit,
3594 863 3745 901 non-

2045 926 2298 998 dumque
2329 928 2562 993 invenit,
2610 944 2794 999 neque
2835 930 3153 999 propitium
3192 947 3380 1001 neque
3421 934 3743 1001 adversum,

2045 1016 2139 1069 sed
2171 1031 2285 1069 non
2312 1020 2397 1068 est
2428 1016 2548 1069 sine
2582 1018 2716 1070 Deo.
2752 1017 3028 1082 Heccine,
3061 1018 3317 1088 inquam,
3353 1024 3536 1074 vestra
3568 1021 3743 1075 etiam

2044 1102 2326 1156 sententia
2349 1106 2461 1156 est?
2486 1104 2639 1157 Hanc
2658 1120 2779 1157 esse
2808 1105 3092 1159 dixerunt.
3126 1106 3303 1160 Dicite
3335 1108 3497 1173 mihi,
3527 1124 3740 1178 queso,

2043 1192 2315 1262 inquam:
2351 1208 2467 1245 non
2497 1192 2655 1245 vobis
2698 1192 2921 1246 videtur
2950 1210 3071 1247 esse
3099 1194 3323 1247 homini
3358 1196 3505 1248 Deus
3535 1197 3737 1266 propi-

2044 1281 2156 1333 tius
2186 1280 2275 1333 cui
2308 1280 2497 1332 favet?
2530 1281 2657 1333 Esse
2689 1280 2928 1332 confessi
2959 1284 3105 1333 sunt.
3140 1282 3265 1334 Non
3296 1298 3450 1351 ergo,
3482 1283 3741 1352 inquam,

2041 1368 2191 1420 favet
2237 1368 2383 1420 Deus
2432 1366 2719 1436 querenti
2768 1383 2887 1420 sese
2938 1367 3207 1421 homini?
3264 1370 3739 1439 Responderunt:

2044 1457 2227 1509 Favet.
2261 1456 2439 1509 Habet
2466 1455 2663 1525 igitur,
2699 1456 2953 1525 inquam,
2985 1457 3083 1526 qui
3110 1458 3288 1510 Deum
3312 1458 3537 1526 querit,
3566 1460 3744 1513 Deum

2040 1542 2382 1613 propitium:
2436 1547 2491 1596 et
2548 1542 2734 1595 omnis
2788 1543 2888 1613 qui
2943 1543 3115 1598 habet
3173 1546 3353 1598 Deum
3408 1545 3740 1615 propitium,

2041 1631 2239 1685 beatus
2271 1636 2372 1684 est.
2406 1632 2607 1683 Beatus
2630 1634 2715 1683 est
2744 1647 2881 1700 ergo
2912 1636 2968 1684 et
2996 1632 3092 1684 ille
3123 1632 3223 1702 qui
3253 1633 3475 1703 querit.
3508 1634 3614 1697 Qui
3641 1650 3743 1687 au-

2041 1722 2158 1771 tem
2206 1718 2429 1788 querit,
2484 1717 2736 1771 nondum
2786 1718 2957 1772 habet
3009 1720 3162 1789 quod
3211 1721 3347 1774 vult.
3407 1721 3524 1773 Erit
3567 1721 3745 1791 igitur

2039 1806 2240 1861 beatus
2269 1806 2367 1876 qui
2397 1806 2547 1875 quod
2581 1807 2703 1859 vult
2732 1822 2846 1859 non
2885 1806 3074 1860 habet.
3109 1809 3368 1873 Prorsus,
3401 1808 3591 1878 inquit
3620 1825 3740 1863 ma-

2041 1900 2147 1962 ter,
2186 1910 2303 1947 non
2333 1893 2474 1946 mihi
2508 1894 2735 1947 videtur
2774 1894 2972 1948 beatus
3003 1910 3123 1948 esse
3155 1895 3254 1965 qui
3291 1897 3448 1965 quod
3473 1898 3594 1950 vult
3623 1913 3741 1950 non

2044 1981 2231 2035 habet.
2283 1982 2448 2051 Ergo,
2497 1980 2756 2050 inquam,
2806 1996 2921 2034 non
2967 1981 3154 2035 omnis
3198 1982 3295 2052 qui
3345 1983 3522 2037 habet
3562 1984 3743 2037 Deum

2042 2068 2375 2140 propitium,
2408 2069 2604 2123 beatus
2635 2074 2741 2123 est.
2776 2069 2834 2123 Si
2872 2069 2978 2123 hoc
3006 2069 3159 2139 cogit
3185 2069 3350 2135 ratio,
3383 2070 3592 2140 inquit,
3624 2087 3742 2125 non

2041 2174 2274 2228 possum
2305 2172 2536 2227 negare.
2580 2158 2693 2210 Ista
2722 2157 2915 2227 igitur,
2959 2158 3216 2228 inquam,
3249 2158 3576 2212 distributio
3612 2159 3738 2224 erit,

2044 2250 2107 2299 ut
2135 2245 2320 2299 omnis
2350 2244 2449 2315 qui
2487 2245 2609 2314 jam
2655 2246 2837 2299 Deum
2885 2245 3101 2299 invenit
3135 2251 3190 2300 et
3214 2246 3527 2317 propitium
3564 2248 3743 2300 Deum

2042 2334 2268 2399 habeat,
2300 2338 2357 2386 et
2386 2333 2586 2386 beatus
2614 2332 2718 2386 sit:
2745 2332 2931 2386 omnis
2963 2338 3155 2387 autem
3187 2333 3287 2403 qui
3319 2334 3501 2387 Deum
3536 2334 3743 2405 querit

2041 2421 2360 2492 propitium
2382 2422 2562 2475 Deum
2584 2421 2811 2486 habeat,
2845 2421 2941 2475 sed
2959 2421 3216 2475 nondum
3241 2421 3315 2475 sit
3335 2421 3563 2487 beatus;
3592 2422 3742 2492 jam-

2044 2527 2176 2564 vero
2220 2509 2479 2580 quisquis
2523 2508 2674 2563 vitiis
2722 2513 2893 2580 atque
2937 2510 3182 2579 peccatis
3213 2526 3245 2563 a
3273 2511 3384 2564 Deo
3416 2526 3473 2563 se
3504 2510 3738 2577 alienat,

2042 2614 2159 2653 non
2192 2598 2363 2653 modo
2400 2598 2599 2652 beatus
2648 2614 2765 2652 non
2807 2598 2901 2665 sit,
2944 2598 3042 2653 sed
3073 2614 3144 2652 ne
3184 2599 3297 2652 Deo
3326 2598 3560 2670 quidem
3598 2598 3750 2653 vivat

2042 2684 2320 2755 propitio.

2118 2776 2206 2827 22.
2255 2773 2417 2837 Quod
2462 2790 2591 2827 cum
2640 2772 2946 2843 placuisset
2990 2773 3292 2827 omnibus:
3348 2773 3497 2826 Bene
3550 2772 3745 2841 habet,

2042 2861 2317 2932 inquam;
2348 2862 2446 2915 sed
2477 2862 2663 2916 adhuc
2684 2861 2830 2914 illud
2860 2877 3078 2925 vereor,
3111 2877 3183 2914 ne
3212 2877 3310 2914 vos
3341 2864 3566 2914 moveat
3594 2860 3749 2930 quod

2038 2951 2159 3020 jam
2190 2950 2450 3021 superius
2489 2966 2968 3019 concesseramus,
3022 2949 3297 3003 miserum
3332 2965 3453 3003 esse
3487 2947 3748 3019 quisquis

2044 3039 2241 3093 beatus
2270 3054 2386 3092 non
2419 3037 2526 3092 sit:
2559 3037 2650 3091 cui
2670 3053 3024 3108 consequens
3053 3037 3162 3091 erit
3191 3053 3311 3092 esse
3338 3037 3609 3091 miserum
3641 3035 3747 3090 ho-

2047 3126 2260 3180 minem
2291 3125 2390 3196 qui
2418 3124 2736 3196 propitium
2756 3128 2913 3178 tenet
2930 3126 3129 3192 Deum,
3153 3141 3325 3195 quem
3346 3124 3533 3179 adhuc
3564 3125 3745 3178 Deum

2047 3218 2399 3285 querentem
2440 3213 2698 3267 nondum
2732 3212 2981 3267 diximus
3018 3229 3137 3267 esse
3176 3212 3432 3267 beatum.
3474 3215 3561 3266 An
3590 3228 3746 3278 vero,

2047 3303 2199 3373 quod
2226 3301 2305 3356 ait
2341 3302 2578 3367 Tullius,
2612 3302 2926 3354 multorum
2969 3301 3029 3354 in
3060 3300 3229 3355 terris
3260 3300 3611 3369 prediorum
3643 3299 3751 3354 do-

2046 3391 2235 3445 minos
2266 3390 2466 3445 divites
2510 3389 2897 3460 appellamus;
2928 3388 3191 3442 omnium
3222 3388 3498 3442 virtutum
3525 3403 3752 3458 posses-

2048 3496 2203 3533 sores
2229 3494 2506 3549 pauperes
2526 3476 2995 3531 nominabimus?
3012 3476 3119 3530 Sed
3150 3476 3292 3529 illud
3316 3474 3529 3540 videte,
3556 3479 3752 3528 utrum

2048 3568 2336 3639 quomodo
2366 3583 2563 3621 verum
2596 3570 2681 3621 est
2723 3566 2879 3636 quod
2926 3564 3113 3619 omnis
3144 3579 3319 3634 egens
3350 3563 3527 3616 miser
3554 3562 3644 3627 sit,
3675 3561 3755 3614 ita

2048 3657 2120 3711 sit
2147 3672 2344 3710 verum
2374 3655 2524 3726 quod
2558 3654 2745 3708 omnis
2781 3653 2955 3706 miser
2981 3656 3165 3722 egeat.
3209 3653 3295 3705 Ita
3341 3650 3495 3705 enim
3527 3650 3634 3703 erit
3657 3666 3751 3702 ve-

2048 3761 2179 3799 rum
2207 3744 2350 3798 nihil
2380 3742 2534 3797 aliud
2562 3758 2682 3796 esse
2713 3740 3004 3795 miseriam
3037 3755 3212 3809 quam
3242 3742 3575 3809 egestatem,
3600 3736 3756 3808 quod

2049 3850 2142 3889 me
2186 3848 2357 3899 nunc,
2388 3847 2519 3886 cum
2567 3830 2871 3894 diceretur,
2920 3827 3154 3881 laudare
3184 3825 3455 3880 sensistis.
3503 3828 3617 3880 Hoc
3648 3841 3755 3879 au-

2048 3927 2165 3977 tem
2192 3921 2359 3976 hodie
2389 3921 2625 3989 longum
2657 3922 2741 3971 est
2776 3922 2837 3971 ut
2878 3931 3239 3987 queramus;
3288 3929 3465 3985 quare
3507 3918 3640 3983 peto
3683 3928 3757 3968 ne

2049 4010 2272 4066 fastidio
2302 4008 2459 4063 vobis
2486 4008 2557 4061 sit
2586 4006 2658 4061 ad
2697 4005 2863 4059 istam
2896 4020 3155 4059 mensam
3195 4019 3319 4057 cras
3349 4002 3521 4056 etiam
3552 4018 3756 4056 conve-

2050 4099 2195 4154 nire.
2229 4096 2391 4163 Quod
2423 4112 2551 4150 cum
2583 4110 2782 4149 omnes
2814 4110 2873 4147 se
2914 4090 3294 4147 libentissime
3331 4090 3543 4145 habere
3582 4090 3756 4145 dixis-

2052 4190 2200 4251 sent,
2228 4183 2596 4238 surreximus.

2054 4274 2278 4329 CAPUT
2328 4272 2419 4326 IV.
2472 4300 2541 4309 —
2594 4270 2905 4337 Disputatio
2958 4268 3131 4322 tertie
3172 4265 3304 4320 diei.
3352 4267 3427 4319 De
3473 4266 3761 4333 quaestimze

2120 4360 2305 4431 pridie
2330 4360 2614 4428 proposita
2653 4354 2960 4409 dicendum.
3002 4357 3168 4410 Miser
3198 4358 3277 4407 est
3298 4355 3469 4407 omnis
3499 4354 3596 4419 qui
3623 4356 3757 4417 eget.

2132 4449 2361 4518 Sapiens
2397 4460 2564 4515 porro
2604 4445 2788 4513 aliquo
2820 4459 2927 4497 non
2968 4447 3099 4511 eget.
3140 4442 3232 4496 An
3272 4442 3445 4494 omnis
3475 4442 3573 4507 qui
3599 4442 3763 4493 miser

2126 4542 2225 4603 est,
2265 4539 2435 4603 egeat.
2459 4534 2651 4588 Animi
2682 4537 2908 4601 egestas.
2946 4531 3139 4586 Animi
3164 4527 3463 4599 plenitudo.
3508 4528 3639 4593 Quis
3668 4527 3761 4581 dc-

2126 4639 2272 4678 mum
2296 4624 2369 4677 sit
2395 4622 2599 4677 beatus.

2128 4714 2217 4767 23.
2250 4710 2481 4765 Tertius
2512 4714 2705 4765 autem
2731 4708 2853 4764 dies
2883 4702 3286 4777 disputationis
3314 4708 3544 4773 nostre,
3574 4708 3764 4759 matu-

2060 4801 2210 4856 tinas
2234 4799 2415 4855 nubes
2446 4815 2577 4870 que
2618 4814 2720 4852 nos
2751 4796 3032 4867 cogebant
3074 4794 3135 4847 in
3170 4793 3427 4860 balneas,
3474 4793 3766 4863 dissipavit

2060 4894 2403 4960 tempusque
2455 4884 2922 4958 pomeridianum
2970 4881 3439 4937 candidissimum
3486 4881 3758 4937 reddidit.

2063 4978 2281 5033 Placuit
2313 4992 2449 5047 ergo
2482 4974 2543 5028 in
2572 4972 2787 5044 pratuli
2829 4970 3156 5042 propinqua
3194 4969 3553 5037 descendere,
3599 4972 3769 5039 atque

2066 5065 2338 5120 omnibus
2366 5063 2532 5117 nobis
2560 5060 2658 5115 ubi
2701 5060 3069 5114 commodum
3099 5058 3281 5113 visum
3312 5064 3397 5113 est
3425 5055 3771 5112 considenti-

2065 5155 2191 5220 bus,
2226 5152 2487 5222 reliquus
2516 5150 2596 5203 ita
2625 5164 2814 5203 sermo
2845 5152 3105 5219 peractus
3135 5152 3233 5201 est.
3267 5146 3469 5201 Omnia
3498 5160 3666 5215 pene,
3692 5142 3774 5196 in-

2067 5258 2260 5315 quam,
2295 5255 2429 5311 que
2478 5237 2857 5307 interroganti
2901 5236 3044 5291 mihi
3083 5235 3315 5290 concedi
3342 5251 3375 5287 a
3399 5232 3557 5289 vobis
3596 5230 3772 5296 volui,

2067 5330 2257 5387 habeo
2289 5344 2352 5383 ac
2383 5332 2588 5381 teneo:
2634 5341 2810 5398 quare
2854 5325 3136 5381 hodierno
3176 5324 3286 5389 die,
3333 5338 3447 5393 quo
3489 5319 3776 5391 possimus

2071 5418 2308 5484 tandem
2330 5416 2442 5471 hoc
2470 5418 2730 5470 nostrum
2760 5414 3083 5469 convivium
3113 5412 3304 5483 aliquo
3330 5408 3627 5463 intervallo
3658 5408 3777 5463 die-

2072 5524 2212 5567 rum
2257 5504 2632 5577 distinguere,
2667 5515 2764 5560 aut
2803 5503 2967 5569 nihil,
3013 5505 3111 5558 aut
3139 5517 3255 5555 non
3282 5499 3534 5554 multum
3563 5498 3689 5560 erit,
3716 5502 3783 5554 ut

2995 5610 3466 5691 (Trente-une.)
