4062 6188
400 312 496 362 971

395 431 617 503 opinor,
652 427 806 498 quod
833 427 973 480 mihi
1002 443 1101 481 vos
1121 428 1467 497 respondere
1494 442 1720 480 necesse
1747 424 1838 479 sit.
1865 424 2090 478 Dictum

399 519 552 572 enim
583 520 764 569 erata
789 519 987 580 matre,
1033 514 1178 568 nihil
1227 514 1381 567 aliud
1415 530 1534 566 esse
1583 512 1873 566 miseriam
1919 528 2093 582 quam

399 610 729 677 egestatem,
761 603 1131 672 convenitque
1173 603 1323 655 inter
1359 619 1481 666 nos,
1524 617 1720 655 omnes
1761 600 1860 671 qui
1891 604 2096 670 egeant

399 695 637 748 miseros
668 708 802 744 esse.
830 690 938 744 Sed
969 695 1161 742 utrum
1204 705 1401 742 omnes
1437 689 1610 742 etiam
1641 688 1831 742 miseri
1869 692 2092 758 egeant,

401 779 681 835 nonnulla
713 777 952 847 quzestio
984 781 1088 843 est,
1116 793 1288 846 quam
1331 777 1596 830 hesterno
1638 776 1728 830 die
1761 792 1879 829 non
1906 775 2094 845 potui-

401 886 528 923 mus
559 867 858 936 explicare.
897 866 1009 917 Hoc
1040 872 1230 917 autem
1259 865 1336 918 ita
1368 881 1426 917 se
1470 865 1700 930 habere,
1735 865 1781 917 si
1823 864 1965 917 ratio
1998 864 2094 916 de-

401 953 817 1017 monstraverit,
877 951 1281 1021 perfectissime
1350 951 1645 1005 inventum
1701 956 1784 1004 est
1848 950 1949 1021 qui
2025 949 2099 1003 sit

399 1046 636 1098 beatus:
669 1041 776 1094 erit
802 1040 955 1093 enim
984 1040 1077 1093 ille
1110 1040 1209 1110 qui
1235 1056 1352 1093 non
1386 1044 1531 1110 eget.
1567 1040 1762 1094 Omnis
1795 1039 1947 1092 enim
1979 1054 2096 1091 non

399 1131 592 1195 miser,
625 1130 822 1182 beatus
850 1133 952 1180 est.
991 1129 1192 1181 Beatus
1231 1133 1316 1181 est
1343 1144 1477 1198 ergo
1510 1128 1606 1197 qui
1639 1132 1886 1197 egestate
1919 1131 2092 1192 caret,

402 1221 445 1272 si
478 1234 652 1288 quam
679 1215 921 1270 dicimus
956 1220 1286 1286 egestatem,
1337 1217 1598 1269 eamdem
1638 1214 1928 1268 miseriam
1976 1230 2096 1267 esse

401 1305 737 1360 constiterit.

469 1397 559 1448 211-.
593 1393 739 1457 Quid
771 1391 945 1455 enim,
979 1391 1054 1444 ait
1081 1390 1416 1461 Trygetius?
1441 1408 1554 1445 non
1581 1395 1769 1461 potest
1795 1407 1857 1444 ex
1885 1406 1950 1444 eo
1975 1391 2096 1460 jam

397 1482 618 1547 confici,
649 1496 880 1534 omnem
912 1496 1023 1532 non
1056 1484 1316 1548 egentem
1352 1481 1584 1534 beatum
1605 1497 1747 1545 esse,
1782 1496 1896 1550 quo
1918 1477 2098 1532 mani-

399 1571 608 1623 festum
639 1573 723 1621 est
768 1582 998 1620 omnem
1058 1565 1157 1636 qui
1214 1572 1379 1635 egeat
1433 1583 1551 1620 esse
1595 1566 1910 1619 miserum?
1955 1567 2097 1618 Nam

400 1657 738 1711 concessisse
767 1671 866 1707 nos
896 1653 1153 1714 memini,
1186 1653 1331 1706 nihil
1375 1670 1496 1707 esse
1525 1655 1779 1708 medium
1809 1653 1958 1706 inter
1987 1652 2096 1706 mi-

400 1761 590 1798 serum
619 1749 672 1796 et
701 1745 951 1798 beatum.
977 1741 1303 1811 Aliquidne,
1339 1741 1597 1812 inquam,
1630 1742 1780 1794 inter
1805 1746 2095 1794 mortuum

399 1839 457 1887 et
509 1832 694 1885 vivum
741 1831 845 1884 tibi
891 1830 1145 1883 medium
1187 1830 1408 1883 videtur
1460 1832 1625 1883 esse?
1671 1846 1864 1884 nonne
1913 1829 2096 1883 omnis
2139 1852 2153 1866 -

395 1923 567 1974 homo
599 1924 697 1973 aut
727 1919 883 1972 vivus
913 1922 1010 1972 aut
1045 1922 1299 1972 mortuus
1322 1919 1441 1972 est?
1477 1919 1697 1985 Fateor,
1737 1918 1951 1988 inquit,
1992 1934 2092 1971 ne-

398 2027 509 2080 que
556 2009 646 2062 hic
699 2023 819 2061 esse
864 2006 1080 2076 aliquid
1128 2006 1424 2060 medium:
1455 2006 1553 2060 sed
1585 2023 1858 2077 quorsum
1900 2006 2099 2060 istud?

395 2098 560 2163 Quia,
592 2097 850 2166 inquam,
880 2095 1052 2148 etiam
1075 2094 1224 2148 istud
1246 2098 1300 2147 te
1329 2095 1494 2148 fateri
1520 2095 1709 2157 credo,
1739 2111 1968 2148 omnem
1997 2093 2096 2164 qui

396 2191 525 2240 ante
552 2201 767 2238 annum
783 2185 1038 2253 sepultus
1061 2187 1164 2248 est,
1193 2200 1310 2236 esse
1335 2187 1642 2236 mortuum.
1678 2184 1805 2236 Non
1826 2183 2092 2252 negabat.

399 2272 584 2337 Quid?
613 2272 797 2325 omnis
827 2271 926 2342 qui
957 2275 1086 2324 ante
1117 2288 1331 2324 annum
1363 2272 1615 2341 sepultus
1649 2287 1765 2325 non
1788 2276 1889 2338 est,
1921 2270 2096 2324 vivit?

401 2364 546 2427 Non,
581 2360 676 2423 ait,
711 2359 987 2429 sequitur.
1023 2360 1190 2428 Ergo,
1223 2360 1477 2429 inquam,
1513 2376 1630 2413 non
1671 2360 1928 2431 sequitur
1958 2364 2019 2412 ut
2049 2361 2096 2414 si

402 2449 590 2504 omnis
617 2448 716 2519 qui
769 2452 897 2516 eget
946 2447 1121 2500 miser
1167 2453 1268 2513 est,
1322 2448 1510 2501 omnis
1559 2449 1659 2520 qui
1708 2466 1827 2502 non
1867 2453 1995 2519 eget
2024 2450 2096 2503 sit

399 2539 618 2603 beatus,
669 2535 927 2606 quamvis
970 2535 1121 2588 inter
1148 2535 1422 2589 miserum
1451 2541 1509 2590 et
1556 2536 1810 2603 beatum,
1854 2542 1919 2590 ut
1947 2537 2097 2591 inter

398 2624 589 2678 vivum
619 2628 674 2677 et
703 2627 1014 2689 mortuum,
1050 2624 1298 2677 medium
1327 2625 1471 2678 nihil
1501 2624 1745 2678 inveniri
1775 2630 1966 2696 queat.

468 2717 556 2767 25.
591 2713 752 2776 Quod
775 2727 904 2765 cum
926 2711 1104 2780 aliqui
1133 2727 1333 2766 eorum
1363 2713 1533 2782 paulo
1557 2713 1774 2766 tardius
1795 2713 2095 2767 intellexis-

397 2807 542 2867 sent,
578 2817 668 2854 me
716 2799 772 2853 id
821 2800 1027 2870 quibus
1079 2799 1242 2870 potui
1289 2801 1475 2854 verbis
1514 2802 1585 2854 ad
1624 2817 1822 2855 eorum
1865 2818 2094 2856 sensum

398 2887 833 2944 accommodatis
881 2887 1174 2958 aperiente
1227 2892 1396 2958 atque
1441 2893 1736 2944 versante:
1789 2890 1954 2960 Ergo,
2004 2890 2092 2944 in-

397 2994 571 3049 quam
602 2977 875 3030 miserum
895 2992 1014 3030 esse
1042 2992 1275 3030 omnem
1296 2975 1395 3046 qui
1425 2982 1607 3046 egeat,
1636 2979 1857 3032 dubitat
1886 2995 2088 3033 nemo:

394 3083 499 3120 nec
532 3082 634 3119 nos
660 3069 874 3118 terrent
916 3064 1178 3134 quaedam
1217 3063 1561 3133 sapientium
1591 3066 1816 3136 corpori
1843 3083 2093 3121 necessa-

394 3155 500 3208 ria.
538 3155 662 3206 Non
689 3153 841 3206 enim
867 3151 947 3206 eis
979 3155 1106 3222 eget
1133 3153 1254 3221 ipse
1283 3153 1529 3219 animus,
1563 3153 1621 3206 in
1651 3171 1764 3224 quo
1792 3155 1978 3225 posita
2008 3161 2092 3210 est

396 3243 511 3296 vita
538 3241 722 3294 beata.
750 3243 873 3309 Ipse
904 3241 1055 3293 enim
1076 3241 1356 3308 perfectus
1381 3245 1493 3307 est;
1519 3242 1710 3296 nullus
1734 3249 1922 3296 autem
1957 3260 2088 3313 per-

396 3331 574 3384 fectus
605 3328 795 3398 aliquo
825 3333 988 3398 eget:
1019 3333 1076 3381 et
1103 3329 1257 3398 quod
1297 3329 1524 3383 videtur
1566 3331 1791 3399 corpori
1827 3348 2087 3385 necessa-

399 3417 549 3470 rium
591 3419 795 3481 sumet,
828 3415 874 3468 si
917 3415 1188 3481 adfuerit;
1239 3416 1286 3469 si
1323 3433 1440 3470 non
1483 3417 1748 3487 adfuerit,
1799 3435 1913 3472 non
1957 3436 2089 3474 eum

397 3505 635 3559 istarum
658 3521 853 3558 rerum
883 3505 1101 3573 franget
1129 3503 1341 3574 inopia.
1369 3505 1566 3560 Omnis
1593 3523 1838 3576 namque
1860 3507 2085 3578 sapiens

396 3595 554 3648 fortis
603 3597 716 3659 est;
764 3594 953 3646 nullus
997 3597 1190 3646 autem
1235 3593 1398 3646 fortis
1439 3594 1654 3664 aliquid
1692 3594 1915 3649 metuit.
1963 3597 2089 3650 Non

395 3683 571 3753 igitur
600 3681 804 3735 metuit
837 3681 1061 3752 sapiens
1085 3685 1184 3735 aut
1215 3687 1459 3736 mortem
1491 3684 1764 3754 corporis,
1798 3689 1897 3737 aut
1927 3683 2088 3738 dolo-

393 3787 502 3832 res,
534 3769 740 3839 quibus
767 3768 1044 3838 pellendis
1068 3769 1156 3822 vel
1196 3769 1440 3823 vitandis
1476 3771 1562 3823 vel
1597 3770 1922 3824 diﬂ’erendis
1957 3776 2091 3826 sunt

397 3857 712 3911 necessaria
742 3857 856 3921 illa,
891 3872 1139 3925 quorum
1180 3856 1232 3910 ei
1274 3861 1460 3926 potest
1503 3859 1830 3928 contingere
1870 3858 2085 3928 in0pia.

395 3945 503 3998 Sed
526 3949 715 3997 tamen
736 3959 852 3996 non
876 3943 1080 3996 desinit
1097 3943 1176 3996 eis
1196 3943 1340 3997 bene
1363 3944 1466 4010 uti,
1495 3944 1541 3997 si
1571 3945 1695 4014 ipsa
1719 3962 1834 4000 non
1859 3947 2084 4002 desunt.

396 4032 698 4087 Verissima
727 4036 810 4085 est
837 4031 990 4084 enim
1019 4031 1116 4084 illa
1137 4030 1446 4085 sententia:

517 4129 649 4176 Nam
678 4130 734 4175 tu
760 4126 900 4189 quod
931 4126 1090 4174 vitare
1120 4127 1288 4188 possis
1323 4127 1543 4175 stultum
1569 4126 1840 4177 admittere
1866 4132 1962 4178 est.

927 4206 1153 4268 (Terent.
1182 4207 1240 4254 in
1265 4207 1538 4263 Eunucho,
1570 4209 1675 4257 act.
1704 4209 1753 4267 4,
1783 4222 1917 4259 scen.
1951 4208 2024 4271 6.)

395 4304 605 4360 Vitabit
630 4320 765 4375 ergo
796 4306 1040 4357 mortem
1079 4319 1142 4356 ac
1171 4301 1446 4371 dolorem,
1485 4308 1766 4375 quantum
1808 4311 1996 4376 potest
2030 4311 2086 4362 et

393 4399 671 4466 quantum
709 4393 894 4459 decet;
941 4408 1014 4445 ne
1063 4391 1110 4445 si
1149 4391 1384 4445 minime
1423 4392 1700 4460 vitaverit,
1751 4409 1865 4448 non
1911 4410 1975 4448 ex
2019 4412 2086 4450 eo

394 4485 567 4537 miser
609 4482 682 4535 sit
726 4482 861 4552 quia
907 4481 1028 4534 haec
1073 4479 1353 4546 accidunt,
1405 4480 1505 4534 sed
1550 4481 1686 4552 quia
1730 4481 1908 4536 vitare
1956 4500 2086 4539 cum

389 4575 599 4640 posset,
630 4570 843 4624 noluit:
879 4569 1030 4640 quod
1052 4568 1412 4622 manifestum
1436 4569 1690 4623 stultitia:
1719 4569 1948 4641 signum
1979 4579 2080 4627 est.

393 4659 511 4712 Erit
547 4675 680 4727 ergo
709 4658 816 4711 ista
845 4674 960 4711 non
1005 4657 1210 4725 vitans,
1243 4673 1356 4711 non
1385 4673 1585 4711 earum
1623 4674 1815 4712 rerum
1850 4677 2082 4730 perpes-

389 4747 570 4811 sionc,
605 4745 703 4797 sed
737 4745 973 4798 stultitia
1009 4745 1198 4799 miser.
1229 4745 1287 4798 Si
1318 4751 1508 4799 autem
1548 4761 1665 4799 non
1701 4747 1940 4802 valuerit
1964 4750 2082 4803 evi-

389 4840 528 4898 tare,
563 4849 691 4886 cum
722 4832 779 4886 id
806 4833 1002 4886 sedulo
1032 4850 1094 4886 ac
1133 4834 1398 4888 decenter
1432 4834 1631 4905 egerit,
1665 4851 1782 4888 non
1813 4852 1944 4890 eum
1975 4837 2082 4892 ista

389 4920 666 4976 irruentia
709 4919 983 4974 miserum
1028 4921 1260 4976 facient.
1320 4922 1542 4976 Etenim
1585 4926 1640 4976 et
1683 4923 1782 4977 illa
1825 4924 2082 4995 ejusdem

389 5007 592 5063 comici
623 5008 900 5061 sententia
931 5024 1046 5062 non
1077 5008 1268 5062 minus
1297 5025 1427 5063 vera
1449 5014 1565 5064 est:

635 5105 895 5161 Quoniam
929 5119 1036 5153 non
1066 5109 1237 5167 potest
1262 5105 1313 5154 id
1339 5105 1446 5156 ﬁeri
1477 5107 1619 5170 quod
1647 5107 1746 5168 vis,

541 5185 599 5233 Id
628 5186 758 5235 velis
783 5185 925 5248 quod
956 5188 1136 5247 possit.

1161 5257 1260 5319 (Id.
1298 5259 1356 5306 in
1383 5257 1602 5317 Andria,
1629 5260 1734 5307 act.
1765 5257 1816 5316 2,
1847 5269 1984 5307 scen.
2010 5257 2078 5318 1.)

381 5357 676 5423 Quomodo
717 5357 825 5412 erit
861 5346 1056 5420 miser,
1087 5353 1179 5408 cui
1216 5354 1360 5407 nihil
1389 5354 1594 5408 accidit
1631 5359 1839 5424 prazter
1876 5355 2078 5408 volun-

377 5450 593 5502 tatem?
612 5448 754 5512 Quia
779 5445 932 5518 quod
962 5443 1069 5498 sibi
1098 5442 1251 5497 videt
1280 5459 1396 5496 non
1417 5458 1581 5512 posse
1607 5443 1930 5512 provenire,
1959 5458 2078 5498 non

379 5541 563 5606 petest
588 5536 751 5593 velle.
786 5535 965 5590 Habet
994 5531 1149 5589 enim
1173 5547 1368 5588 rerum
1401 5530 1850 5588 certissimarum
1872 5533 2076 5588 volun-

1567 303 1661 357 DE
1702 301 1940 356 BEATA
1978 299 2172 365 VITA,
2215 296 2270 353 S.
2328 293 2714 352 AUGUSTINI
3755 295 3833 345 97‘2

2202 427 2402 489 tatem,
2436 422 2494 476 id
2523 425 2626 485 est,
2661 423 2725 474 ut
2755 417 3036 489 quidquid
3067 415 3204 488 agit,
3237 432 3356 470 non
3385 419 3510 485 agat
3535 415 3636 468 nisi
3664 431 3719 469 ex
3743 418 3833 470 vir-

2201 511 2341 565 tutis
2363 510 2612 581 quodam
2633 507 2963 578 praescripto
2985 510 3040 559 et
3061 505 3254 559 divina
3277 505 3401 574 lege
3423 503 3711 574 sapientia,
3733 521 3832 576 qua:

2205 600 2360 652 nullo
2394 600 2460 652 ab
2493 615 2558 651 eo
2579 602 2743 666 pacto
2776 595 2919 666 eripi
2949 597 3208 664 possunt.

2273 690 2362 740 26.
2393 689 2518 740 Jam
2546 701 2696 738 nunc
2725 683 2932 751 videte,
2955 688 3150 736 utrum
3180 681 3352 735 etiam
3381 679 3559 734 omnis
3584 681 3673 751 qui
3698 681 3835 735 miser

2205 779 2310 840 est,
2344 780 2522 845 egeat.
2559 775 2699 826 Nam
2742 772 2876 826 huic
2904 771 3199 825 sententias
3238 769 3600 823 concedendaa
3636 769 3833 822 difficul-

2204 867 2379 916 tatem
2411 862 2508 915 illa
2536 877 2626 914 res
2655 860 2804 923 facit,
2839 859 2989 929 quod
3015 858 3184 911 multi
3209 857 3270 910 in
3298 873 3502 926 magna
3530 856 3837 908 fortuitarum

2205 967 2399 1004 rerum
2437 950 2598 1020 copia
2646 947 2938 1002 constituti
2979 950 3129 1012 sunt,
3181 945 3389 1016 quibus
3417 945 3496 998 ita
3539 944 3707 997 facilia
3737 950 3841 996 sunt

2205 1038 2415 1104 omnia,
2448 1043 2514 1092 ut
2547 1037 2614 1091 ad
2639 1052 2837 1090 eorum
2857 1040 3064 1088 nutum
3092 1039 3300 1104 prmsto
3333 1032 3404 1086 sit
3428 1031 3690 1102 quidquid
3712 1031 3834 1100 cupi-

2205 1127 2351 1181 ditas
2377 1126 2576 1196 poscit.
2614 1123 2858 1179 Difficilis
2882 1123 3114 1194 quidem
3157 1123 3262 1176 ista
3291 1121 3402 1174 vita
3432 1125 3527 1174 est.
3569 1119 3668 1173 Sed
3697 1120 3837 1187 linga-

2206 1232 2332 1269 mus
2380 1215 2632 1285 aliquem
2684 1214 2880 1274 talem,
2945 1212 3172 1282 qualern
3247 1210 3463 1263 Tullius
3525 1208 3683 1261 fuisse
3737 1207 3838 1259 dicit

2206 1304 2455 1358 Oratam.
2515 1302 2650 1366 Quis
2701 1301 2855 1355 enim
2906 1300 3070 1354 facile
3123 1299 3271 1353 dicat
3326 1297 3552 1352 Oratam
3586 1297 3602 1326 '
3643 1301 3837 1365 egestate

2206 1392 2511 1456 laborasse,
2542 1390 2837 1444 hominem
2866 1387 3231 1453 ditissimum,
3256 1384 3707 1447 amoenissimum,
3737 1383 3839 1436 deli-

2206 1479 2604 1544 ciosissimum,
2659 1478 2750 1531 cui
2804 1493 2991 1548 neque
3044 1476 3116 1529 ad
3181 1475 3529 1544 voluptatem
3583 1472 3836 1544 quidquam

2205 1567 2404 1634 defuit,
2440 1583 2626 1638 neque
2647 1567 2716 1620 ad
2744 1565 3007 1635 gratiam,
3039 1579 3226 1633 neque
3253 1563 3324 1616 ad
3352 1561 3560 1614 bonam
3589 1561 3839 1629 integram-

2207 1672 2318 1727 que
2346 1655 2769 1710 valetudinem?
2800 1654 2941 1707 Nam
2972 1657 3026 1705 et
3056 1651 3285 1722 praediis
3316 1647 3776 1720 quaestuosissimis
3801 1651 3837 1698 et

2207 1743 2403 1798 amicis
2440 1741 2890 1814 jucundissimis,
2937 1745 3216 1810 quantum
3247 1738 3436 1806 libuit,
3469 1735 3776 1797 abundavit;
3801 1737 3838 1785 et

2205 1831 2318 1886 illis
2349 1831 2615 1886 omnibus
2644 1829 2935 1900 aptissime
2964 1829 3032 1882 ad
3076 1828 3314 1880 salutem
3345 1824 3594 1894 corporis
3621 1840 3736 1876 usus
3759 1826 3837 1884 est,

2206 1921 2442 1990 ejusque
2470 1920 2556 1988 (ut
2579 1918 2828 1973 breviter
2847 1921 3036 1971 totum
3057 1915 3358 1985 explicem)
3383 1929 3548 1968 omne
3572 1912 3836 1965 institutum

2204 2010 2668 2078 voluntatemque
2707 2022 2936 2060 omnem
2975 2004 3251 2058 successio
3290 2017 3560 2074 prospera
3599 2002 3838 2054 consecuta

2205 2101 2308 2151 est.
2343 2097 2451 2151 Sed
2477 2097 2713 2150 fortasse
2752 2095 2978 2165 inquiet
3017 2093 3224 2162 aliquis
3260 2097 3534 2157 vestrum,
3575 2091 3687 2160 plus
3717 2087 3836 2140 illum

2205 2202 2380 2257 quam
2408 2185 2675 2251 habebat,
2708 2185 2916 2238 habere
2949 2182 3214 2236 voluisse.
3253 2182 3369 2234 Hoc
3405 2179 3727 2250 ignoramus.
3758 2173 3835 2227 Sed

2206 2275 2360 2345 quod
2387 2275 2522 2328 satis
2552 2279 2635 2327 est
2674 2271 2995 2343 quaastioni,
3045 2269 3320 2324 faciamus
3359 2285 3493 2322 eum
3527 2284 3634 2320 non
3665 2263 3833 2319 deside-

2205 2380 2357 2417 rasse
2387 2362 2633 2433 amplius
2650 2377 2823 2432 quam
2847 2361 3094 2414 tenebat.
3118 2358 3426 2412 Videturne
3457 2356 3606 2410 vobis
3635 2352 3836 2424 eguisse?

2209 2449 2439 2506 Etiamsi
2468 2451 2792 2513 concedam,
2832 2448 3020 2519 inquit
3053 2447 3360 2512 Licentius,
3409 2446 3549 2499 nihil
3587 2459 3704 2497 eum
3727 2438 3834 2494 desi-

2204 2540 2447 2605 derasse,
2481 2539 2630 2610 quod
2679 2537 2740 2591 in
2786 2537 3021 2591 homine
3068 2553 3184 2590 non
3223 2534 3482 2605 sapiente
3527 2532 3696 2586 nescio
3733 2544 3836 2598 quo-

2204 2629 2377 2682 modo
2409 2627 2710 2698 accipiam;
2751 2627 3043 2680 metuebat
3087 2629 3302 2690 tamen,
3351 2627 3476 2677 erat
3512 2621 3653 2675 enim
3689 2618 3769 2681 vir,
3792 2619 3835 2668 ut

2205 2716 2430 2782 dicitur,
2462 2715 2679 2786 ingenii
2716 2731 2832 2769 non
2871 2715 3024 2781 mali,
3058 2729 3128 2767 ne
3167 2714 3266 2766 illa
3297 2711 3495 2766 omnia
3537 2709 3635 2763 sibi
3659 2706 3730 2761 vel
3755 2719 3833 2756 uno

2205 2806 2441 2860 adverso
2471 2805 2694 2874 impetu
2727 2808 3084 2874 raperentur.
3120 2803 3246 2856 Non
3288 2802 3448 2855 enim
3479 2812 3726 2868 magnum
3749 2796 3834 2846 erat

2202 2894 2540 2964 intelligere,
2583 2895 2718 2947 talia
2757 2899 2982 2958 cuncta,
3033 2895 3499 2962 quantacumque
3535 2891 3717 2948 essent,
3747 2896 3834 2935 esse

2202 2983 2306 3036 sub
2354 2982 2574 3036 casibus
2624 2981 2944 3035 constituta.
2999 2981 3143 3033 Tum
3191 2995 3296 3050 ego
3350 2978 3643 3032 arridens:
3694 2971 3830 3032 Vides.

2201 3069 2460 3142 inquam,
2495 3070 2727 3136 Licenti,
2769 3068 3281 3124 fortunatissimum
3317 3065 3495 3121 istum
3541 3063 3786 3120 hominem
3810 3075 3831 3110 a

2200 3159 2363 3214 beata
2395 3160 2506 3214 vita
2531 3159 2746 3230 ingenii
2773 3159 3025 3214 bonitate
3056 3157 3419 3228 impeditum.
3453 3156 3567 3219 Quo
3595 3153 3723 3206 enim
3747 3151 3832 3202 erat

2202 3248 2438 3306 acutior.
2467 3265 2531 3302 eo
2572 3247 2798 3302 videbat
2827 3247 2924 3300 illa
2958 3245 3150 3299 omnia
3179 3262 3237 3298 se
3268 3262 3436 3316 posse
3462 3243 3719 3304 amittere;
3750 3251 3829 3308 quo

2199 3341 2356 3389 metu
2394 3335 2778 3406 frangebatur,
2813 3335 3068 3405 illudque
3107 3334 3345 3404 vulgare
3390 3333 3522 3387 satis
3573 3327 3824 3385 asserebat:

2200 3424 2441 3477 lniidum
2470 3423 2760 3477 hominem
2794 3423 2946 3476 malo
2969 3439 3072 3476 suo
3105 3439 3226 3476 esse
3256 3423 3572 3477 cordatum.

2268 3515 2336 3565 27
2385 3511 2484 3564 Hic
2521 3527 2652 3565 cum
2683 3517 2738 3565 et
2768 3512 2863 3565 ille
2908 3516 2963 3564 et
2991 3509 3180 3564 caeteri
3229 3510 3583 3564 arrisisseut:
3632 3503 3745 3560 Illud
3769 3506 3827 3554 ta-

2199 3613 2353 3664 men,
2377 3597 2634 3668 inquam,
2668 3597 2999 3668 diligentius
3027 3596 3412 3662 attendamus,
3446 3596 3540 3667 qui
3571 3594 3663 3649 etsi
3688 3587 3829 3645 timuit

2199 3685 2324 3750 iste,
2356 3701 2470 3739 non
2502 3686 2694 3755 eguit:
2740 3686 2887 3740 unde
2926 3685 3166 3756 quaestio
3207 3690 3309 3739 est.
3348 3687 3522 3756 Egere
3545 3688 3620 3737 est
3646 3681 3766 3735 enim
3787 3677 3828 3728 in

2199 3790 2318 3828 non
2348 3775 2630 3840 habendo,
2660 3791 2780 3827 non
2809 3774 2869 3827 in
2902 3774 3104 3828 timore
3144 3773 3451 3828 amittendi
3497 3789 3615 3844 quae
3653 3767 3824 3823 habeas.

2202 3864 2329 3916 Erat
2385 3869 2572 3915 autem
2629 3862 2732 3916 iste
2796 3862 2986 3924 miser,
3055 3863 3190 3933 quia
3251 3863 3561 3930 metuebat,
3629 3852 3826 3930 quamvis

2198 3966 2316 4004 non
2347 3955 2556 4021 egeret.
2616 3951 2739 4004 Non
2777 3949 2955 4020 igitur
3001 3949 3187 4003 omnis
3235 3951 3336 4020 qui
3383 3951 3554 4004 miser
3591 3952 3680 4011 est,
3718 3944 3822 4012 eget.

2198 4038 2358 4102 Quod
2415 4055 2545 4092 cum
2603 4039 3031 4108 approbavisset
3085 4054 3216 4092 cum
3273 4039 3492 4093 caeteris
3545 4037 3696 4090 etiam
3740 4032 3824 4099 ipsa

2198 4128 2359 4197 cujus
2401 4129 2745 4182 sententiam
2783 4127 3176 4193 defendebam,
3229 4127 3640 4198 aliquantulum
3679 4127 3822 4174 tamen

2197 4215 2578 4270 addubitans:
2651 4215 2872 4284 Nescio,
2946 4215 3153 4286 inquit,
3237 4221 3453 4283 tamen,
3518 4220 3570 4270 et
3624 4209 3822 4267 nondum

2196 4305 2363 4374 plene
2395 4303 2653 4374 intelligo
2693 4304 2982 4374 quomodo
3024 4305 3093 4358 ab
3133 4310 3387 4374 egestate
3431 4304 3595 4376 possit
3630 4295 3820 4355 miseria.

2196 4396 2293 4446 aut
2347 4397 2567 4464 egestas
2619 4409 2650 4446 a
2707 4392 2938 4446 miseria
2995 4393 3267 4463 separari.
3333 4396 3474 4448 Nam
3527 4397 3578 4446 et
3628 4391 3714 4442 iste
3751 4381 3820 4453 qui

2194 4480 2347 4534 dives
2377 4485 2433 4534 et
2462 4481 2712 4550 locuples
2741 4485 2882 4548 erat,
2913 4486 2969 4535 et
3000 4481 3166 4547 nihil,
3196 4487 3259 4535 ut
3288 4482 3490 4547 dicitis,
3519 4476 3731 4548 amplius
3751 4471 3823 4524 de-

2194 4569 2512 4636 siderabat;
2537 4573 2729 4622 tamen
2755 4570 2891 4640 quia
2919 4570 3229 4640 metuebat,
3270 4587 3341 4624 ne
3377 4570 3644 4624 amitteret
3669 4559 3824 4632 egebat

2193 4657 2492 4728 sapientia.
2529 4658 2748 4728 Ergone
2781 4657 2932 4711 hunc
2962 4662 3224 4728 egentem
3253 4659 3579 4721 diceremus,
3611 4654 3650 4708 si
3675 4649 3822 4720 egeret

2193 4751 2431 4817 argento
2463 4750 2520 4800 et
2549 4745 2791 4815 pecunia
2817 4766 2831 4813 ;
2867 4763 2999 4801 eum
3039 4751 3233 4817 egeret
3265 4745 3554 4818 sapientia.
3585 4757 3682 4796 nou
3709 4737 3820 4792 dice-

2193 4835 2425 4890 remus?
2474 4834 2580 4890 Ubi
2609 4851 2738 4890 cum
2782 4852 2981 4890 omnes
3028 4836 3290 4891 mirando
3330 4833 3721 4892 exclamasseut,
3755 4836 3821 4877 me

2190 4927 2314 4997 ipso
2343 4925 2516 4978 etiam
2546 4941 2664 4978 non
2687 4924 3047 4979 mediocriter
3067 4925 3238 4980 alacri
3268 4930 3436 4996 atque
3464 4925 3604 4988 laeto,
3630 4913 3754 4991 quod
3771 4909 3821 4963 ab

2191 5029 2260 5068 ea
2286 5013 2644 5085 potissimum
2675 5013 2892 5067 dictum
2931 5019 3075 5068 esset
3105 5015 3260 5084 quod
3290 5032 3394 5086 pro
3421 5028 3615 5082 magno
3640 5009 3698 5061 de
3724 4999 3818 5074 phi'

2189 5103 2560 5172 losophorum
2577 5101 2756 5168 libris,
2783 5107 2951 5172 atque
2968 5102 3238 5157 ultimum
3249 5104 3501 5172 proferre
3513 5101 3815 5172 paraveram:

2189 5191 2497 5259 Videtisne,
2534 5191 2793 5261 inquam,
2835 5192 2987 5246 aliud
3028 5208 3148 5246 esse
3184 5193 3394 5247 multas
3431 5189 3696 5256 variasque
3735 5179 3812 5232 d0:

2187 5279 2415 5345 ctrinas,
2447 5279 2603 5333 aliud
2635 5279 2890 5333 animum
2920 5281 3365 5335 attentissimum
3396 5281 3454 5334 in
3487 5273 3682 5332 Deum?
3709 5268 3814 5321 Nam

2187 5369 2340 5426 unde
2387 5368 2493 5423 ista
2540 5385 2670 5440 quae
2716 5369 3012 5439 miramur,
3063 5369 3173 5425 nisi
3217 5369 3346 5425 inde
3393 5360 3713 5440 procedunt?
3743 5352 3814 5408 llic

2253 5539 2268 5574 ί
2292 5537 2414 5588 Mss.
2443 5541 2561 5589 octo
2582 5552 2703 5589 cum
2724 5538 2850 5590 Bad.
2869 5543 2921 5591 et
2940 5540 3057 5592 Am.
3084 5543 3385 5592 constanter
3403 5538 3603 5596 habent,
3623 5530 3811 5582 Oramu-
