  <div class='ocr_page' id='page_1' title='image "/cluster/home/n/w/nwhite01/storage/ocr_20150623/32/hvd.32044096580550/506.png"; bbox 0 0 4062 6188; ppageno 0'>
   <div class='ocr_carea' id='block_1_1' title="bbox 163 339 264 390">
    <p class='ocr_par' dir='ltr' id='par_1_1' title="bbox 163 339 264 390">
     <span class='ocr_line' id='line_1_1' title="bbox 163 339 264 390; baseline 0 -1"><span class='ocrx_word' id='word_1_1' title='bbox 163 339 264 390; x_wconf 84' lang='lat'>973</span> 
     </span>
    </p>
   </div>
   <div class='ocr_carea' id='block_1_2' title="bbox 162 454 1859 527">
    <p class='ocr_par' dir='ltr' id='par_1_2' title="bbox 162 454 1859 527">
     <span class='ocr_line' id='line_1_2' title="bbox 162 454 1859 527; baseline 0.002 -19"><span class='ocrx_word' id='word_1_2' title='bbox 162 454 446 509; x_wconf 86' lang='lat' dir='ltr'>Licentius</span> <span class='ocrx_word' id='word_1_3' title='bbox 492 455 659 509; x_wconf 81' lang='lat' dir='ltr'>laetus</span> <span class='ocrx_word' id='word_1_4' title='bbox 706 454 1024 509; x_wconf 81' lang='lat' dir='ltr'>exclamans</span> <span class='ocrx_word' id='word_1_5' title='bbox 1079 469 1093 511; x_wconf 89' lang='lat'>:</span> <span class='ocrx_word' id='word_1_6' title='bbox 1145 457 1403 523; x_wconf 84' lang='lat' dir='ltr'>Prorsus,</span> <span class='ocrx_word' id='word_1_7' title='bbox 1452 456 1660 527; x_wconf 86' lang='lat' dir='ltr'>inquit,</span> <span class='ocrx_word' id='word_1_8' title='bbox 1711 458 1859 512; x_wconf 88' lang='lat' dir='ltr'>nihil</span> 
     </span>
    </p>
   </div>
   <div class='ocr_carea' id='block_1_3' title="bbox 158 542 1860 615">
    <p class='ocr_par' dir='ltr' id='par_1_3' title="bbox 158 542 1860 615">
     <span class='ocr_line' id='line_1_3' title="bbox 158 542 1860 615; baseline 0.002 -19"><span class='ocrx_word' id='word_1_9' title='bbox 158 544 371 608; x_wconf 86' lang='lat' dir='ltr'>verius,</span> <span class='ocrx_word' id='word_1_10' title='bbox 401 542 548 596; x_wconf 87' lang='lat' dir='ltr'>nihil</span> <span class='ocrx_word' id='word_1_11' title='bbox 578 543 825 597; x_wconf 89' lang='lat' dir='ltr'>divinius</span> <span class='ocrx_word' id='word_1_12' title='bbox 854 543 964 597; x_wconf 91' lang='lat' dir='ltr'>dici</span> <span class='ocrx_word' id='word_1_13' title='bbox 995 544 1200 613; x_wconf 87' lang='lat' dir='ltr'>potuit.</span> <span class='ocrx_word' id='word_1_14' title='bbox 1218 546 1360 599; x_wconf 85' lang='lat' dir='ltr'>Nam</span> <span class='ocrx_word' id='word_1_15' title='bbox 1389 550 1445 599; x_wconf 89' lang='lat' dir='ltr'>et</span> <span class='ocrx_word' id='word_1_16' title='bbox 1466 546 1652 615; x_wconf 83' lang='lat' dir='ltr'>major</span> <span class='ocrx_word' id='word_1_17' title='bbox 1677 550 1733 600; x_wconf 93' lang='lat' dir='ltr'>et</span> <span class='ocrx_word' id='word_1_18' title='bbox 1748 547 1860 599; x_wconf 90' lang='lat' dir='ltr'>miâ€”</span> 
     </span>
    </p>
   </div>
   <div class='ocr_carea' id='block_1_4' title="bbox 159 630 1860 703">
    <p class='ocr_par' dir='ltr' id='par_1_4' title="bbox 159 630 1860 703">
     <span class='ocr_line' id='line_1_4' title="bbox 159 630 1860 703; baseline 0.002 -19"><span class='ocrx_word' id='word_1_19' title='bbox 159 630 462 684; x_wconf 88' lang='lat' dir='ltr'>serabilior</span> <span class='ocrx_word' id='word_1_20' title='bbox 494 637 711 699; x_wconf 77' lang='lat' dir='ltr'>egestas</span> <span class='ocrx_word' id='word_1_21' title='bbox 742 630 900 683; x_wconf 90' lang='lat' dir='ltr'>nulla</span> <span class='ocrx_word' id='word_1_22' title='bbox 930 635 1033 699; x_wconf 88' lang='lat' dir='ltr'>est,</span> <span class='ocrx_word' id='word_1_23' title='bbox 1059 647 1232 701; x_wconf 89' lang='lat' dir='ltr'>quam</span> <span class='ocrx_word' id='word_1_24' title='bbox 1263 648 1431 703; x_wconf 88' lang='lat' dir='ltr'>egere</span> <span class='ocrx_word' id='word_1_25' title='bbox 1465 632 1769 703; x_wconf 81' lang='lat' dir='ltr'>sapientia;</span> <span class='ocrx_word' id='word_1_26' title='bbox 1806 638 1860 687; x_wconf 91' lang='lat' dir='ltr'>et</span> 
     </span>
    </p>
   </div>
   <div class='ocr_carea' id='block_1_5' title="bbox 159 718 1855 792">
    <p class='ocr_par' dir='ltr' id='par_1_5' title="bbox 159 718 1855 792">
     <span class='ocr_line' id='line_1_5' title="bbox 159 718 1855 792; baseline 0.002 -21"><span class='ocrx_word' id='word_1_27' title='bbox 159 719 261 789; x_wconf 89' lang='lat' dir='ltr'>qui</span> <span class='ocrx_word' id='word_1_28' title='bbox 285 718 568 788; x_wconf 85' lang='lat' dir='ltr'>sapientia</span> <span class='ocrx_word' id='word_1_29' title='bbox 596 734 710 773; x_wconf 88' lang='lat' dir='ltr'>non</span> <span class='ocrx_word' id='word_1_30' title='bbox 741 724 887 788; x_wconf 88' lang='lat' dir='ltr'>eget,</span> <span class='ocrx_word' id='word_1_31' title='bbox 921 721 1073 772; x_wconf 90' lang='lat' dir='ltr'>nulla</span> <span class='ocrx_word' id='word_1_32' title='bbox 1094 736 1151 773; x_wconf 93' lang='lat' dir='ltr'>re</span> <span class='ocrx_word' id='word_1_33' title='bbox 1184 721 1421 774; x_wconf 88' lang='lat' dir='ltr'>omnino</span> <span class='ocrx_word' id='word_1_34' title='bbox 1453 738 1620 792; x_wconf 89' lang='lat' dir='ltr'>egere</span> <span class='ocrx_word' id='word_1_35' title='bbox 1650 727 1855 792; x_wconf 80' lang='lat' dir='ltr'>potest.</span> 
     </span>
    </p>
   </div>
   <div class='ocr_carea' id='block_1_6' title="bbox 231 806 1860 877">
    <p class='ocr_par' dir='ltr' id='par_1_6' title="bbox 231 806 1860 877">
     <span class='ocr_line' id='line_1_6' title="bbox 231 806 1860 877; baseline 0.002 -18"><span class='ocrx_word' id='word_1_36' title='bbox 231 809 322 862; x_wconf 79' lang='lat'>28.</span> <span class='ocrx_word' id='word_1_37' title='bbox 384 808 473 859; x_wconf 85' lang='lat' dir='ltr'>Est</span> <span class='ocrx_word' id='word_1_38' title='bbox 520 823 654 877; x_wconf 91' lang='lat' dir='ltr'>ergo</span> <span class='ocrx_word' id='word_1_39' title='bbox 692 806 869 859; x_wconf 90' lang='lat' dir='ltr'>animi</span> <span class='ocrx_word' id='word_1_40' title='bbox 908 813 1147 877; x_wconf 83' lang='lat' dir='ltr'>egestas,</span> <span class='ocrx_word' id='word_1_41' title='bbox 1196 808 1453 877; x_wconf 90' lang='lat' dir='ltr'>inquam,</span> <span class='ocrx_word' id='word_1_42' title='bbox 1514 809 1659 862; x_wconf 86' lang='lat' dir='ltr'>nihil</span> <span class='ocrx_word' id='word_1_43' title='bbox 1703 810 1860 864; x_wconf 89' lang='lat' dir='ltr'>aliud</span> 
     </span>
    </p>
   </div>
   <div class='ocr_carea' id='block_1_7' title="bbox 158 894 1863 967">
    <p class='ocr_par' dir='ltr' id='par_1_7' title="bbox 158 894 1863 967">
     <span class='ocr_line' id='line_1_7' title="bbox 158 894 1863 967; baseline 0.001 -18"><span class='ocrx_word' id='word_1_44' title='bbox 158 913 338 966; x_wconf 89' lang='lat' dir='ltr'>quam</span> <span class='ocrx_word' id='word_1_45' title='bbox 378 894 641 949; x_wconf 83' lang='lat' dir='ltr'>stultitia.</span> <span class='ocrx_word' id='word_1_46' title='bbox 683 896 810 948; x_wconf 85' lang='lat' dir='ltr'>Haec</span> <span class='ocrx_word' id='word_1_47' title='bbox 843 900 926 948; x_wconf 91' lang='lat' dir='ltr'>est</span> <span class='ocrx_word' id='word_1_48' title='bbox 954 895 1107 948; x_wconf 89' lang='lat' dir='ltr'>enim</span> <span class='ocrx_word' id='word_1_49' title='bbox 1136 897 1417 950; x_wconf 90' lang='lat' dir='ltr'>contraria</span> <span class='ocrx_word' id='word_1_50' title='bbox 1448 896 1763 967; x_wconf 71' lang='lat' dir='ltr'>sapientiae,</span> <span class='ocrx_word' id='word_1_51' title='bbox 1808 902 1863 951; x_wconf 88' lang='lat' dir='ltr'>et</span> 
     </span>
    </p>
   </div>
   <div class='ocr_carea' id='block_1_8' title="bbox 158 982 1863 1052">
    <p class='ocr_par' dir='ltr' id='par_1_8' title="bbox 158 982 1863 1052">
     <span class='ocr_line' id='line_1_8' title="bbox 158 982 1863 1052; baseline 0.001 -15"><span class='ocrx_word' id='word_1_52' title='bbox 158 985 241 1037; x_wconf 91' lang='lat' dir='ltr'>ita</span> <span class='ocrx_word' id='word_1_53' title='bbox 273 982 559 1037; x_wconf 89' lang='lat' dir='ltr'>contraria</span> <span class='ocrx_word' id='word_1_54' title='bbox 584 987 649 1035; x_wconf 92' lang='lat' dir='ltr'>ut</span> <span class='ocrx_word' id='word_1_55' title='bbox 676 998 831 1037; x_wconf 90' lang='lat' dir='ltr'>mors</span> <span class='ocrx_word' id='word_1_56' title='bbox 860 982 1006 1046; x_wconf 80' lang='lat' dir='ltr'>vitae,</span> <span class='ocrx_word' id='word_1_57' title='bbox 1042 987 1107 1037; x_wconf 91' lang='lat' dir='ltr'>ut</span> <span class='ocrx_word' id='word_1_58' title='bbox 1135 984 1299 1037; x_wconf 88' lang='lat' dir='ltr'>beata</span> <span class='ocrx_word' id='word_1_59' title='bbox 1326 985 1439 1038; x_wconf 88' lang='lat' dir='ltr'>vita</span> <span class='ocrx_word' id='word_1_60' title='bbox 1468 986 1721 1052; x_wconf 75' lang='lat' dir='ltr'>miserae;</span> <span class='ocrx_word' id='word_1_61' title='bbox 1755 986 1863 1039; x_wconf 91' lang='lat' dir='ltr'>hoc</span> 
     </span>
    </p>
   </div>
   <div class='ocr_carea' id='block_1_9' title="bbox 156 1070 1862 1140">
    <p class='ocr_par' dir='ltr' id='par_1_9' title="bbox 156 1070 1862 1140">
     <span class='ocr_line' id='line_1_9' title="bbox 156 1070 1862 1140; baseline 0.001 -15"><span class='ocrx_word' id='word_1_62' title='bbox 156 1077 265 1137; x_wconf 88' lang='lat' dir='ltr'>est,</span> <span class='ocrx_word' id='word_1_63' title='bbox 303 1072 423 1125; x_wconf 85' lang='lat' dir='ltr'>sine</span> <span class='ocrx_word' id='word_1_64' title='bbox 455 1071 648 1140; x_wconf 90' lang='lat' dir='ltr'>aliquo</span> <span class='ocrx_word' id='word_1_65' title='bbox 698 1070 908 1124; x_wconf 91' lang='lat' dir='ltr'>medio.</span> <span class='ocrx_word' id='word_1_66' title='bbox 964 1072 1107 1124; x_wconf 82' lang='lat' dir='ltr'>Nam</span> <span class='ocrx_word' id='word_1_67' title='bbox 1158 1076 1223 1125; x_wconf 89' lang='lat' dir='ltr'>ut</span> <span class='ocrx_word' id='word_1_68' title='bbox 1266 1072 1452 1126; x_wconf 89' lang='lat' dir='ltr'>omnis</span> <span class='ocrx_word' id='word_1_69' title='bbox 1499 1089 1615 1126; x_wconf 90' lang='lat' dir='ltr'>non</span> <span class='ocrx_word' id='word_1_70' title='bbox 1662 1074 1862 1128; x_wconf 86' lang='lat' dir='ltr'>beatus</span> 
     </span>
    </p>
   </div>
   <div class='ocr_carea' id='block_1_10' title="bbox 154 1159 1858 1229">
    <p class='ocr_par' dir='ltr' id='par_1_10' title="bbox 154 1159 1858 1229">
     <span class='ocr_line' id='line_1_10' title="bbox 154 1159 1858 1229; baseline 0.001 -16"><span class='ocrx_word' id='word_1_71' title='bbox 154 1160 339 1213; x_wconf 87' lang='lat' dir='ltr'>homo</span> <span class='ocrx_word' id='word_1_72' title='bbox 370 1159 544 1212; x_wconf 85' lang='lat' dir='ltr'>miser</span> <span class='ocrx_word' id='word_1_73' title='bbox 574 1164 679 1228; x_wconf 88' lang='lat' dir='ltr'>est,</span> <span class='ocrx_word' id='word_1_74' title='bbox 711 1159 1012 1229; x_wconf 87' lang='lat' dir='ltr'>omnisque</span> <span class='ocrx_word' id='word_1_75' title='bbox 1043 1160 1216 1213; x_wconf 90' lang='lat' dir='ltr'>homo</span> <span class='ocrx_word' id='word_1_76' title='bbox 1247 1176 1365 1213; x_wconf 91' lang='lat' dir='ltr'>non</span> <span class='ocrx_word' id='word_1_77' title='bbox 1395 1165 1656 1214; x_wconf 87' lang='lat' dir='ltr'>mortuus</span> <span class='ocrx_word' id='word_1_78' title='bbox 1690 1160 1858 1227; x_wconf 82' lang='lat' dir='ltr'>vivit;</span> 
     </span>
    </p>
   </div>
   <div class='ocr_carea' id='block_1_11' title="bbox 155 1246 1862 1319">
    <p class='ocr_par' dir='ltr' id='par_1_11' title="bbox 155 1246 1862 1319">
     <span class='ocr_line' id='line_1_11' title="bbox 155 1246 1862 1319; baseline 0.001 -19"><span class='ocrx_word' id='word_1_79' title='bbox 155 1248 241 1301; x_wconf 89' lang='lat' dir='ltr'>sic</span> <span class='ocrx_word' id='word_1_80' title='bbox 269 1264 502 1301; x_wconf 91' lang='lat' dir='ltr'>omnem</span> <span class='ocrx_word' id='word_1_81' title='bbox 532 1263 648 1300; x_wconf 90' lang='lat' dir='ltr'>non</span> <span class='ocrx_word' id='word_1_82' title='bbox 677 1248 917 1299; x_wconf 91' lang='lat' dir='ltr'>stultum</span> <span class='ocrx_word' id='word_1_83' title='bbox 947 1246 1312 1301; x_wconf 83' lang='lat' dir='ltr'>manifestum</span> <span class='ocrx_word' id='word_1_84' title='bbox 1357 1253 1442 1301; x_wconf 92' lang='lat' dir='ltr'>est</span> <span class='ocrx_word' id='word_1_85' title='bbox 1483 1266 1602 1302; x_wconf 90' lang='lat' dir='ltr'>esse</span> <span class='ocrx_word' id='word_1_86' title='bbox 1632 1249 1862 1319; x_wconf 87' lang='lat' dir='ltr'>sapien-</span> 
     </span>
    </p>
   </div>
   <div class='ocr_carea' id='block_1_12' title="bbox 154 1334 1864 1405">
    <p class='ocr_par' dir='ltr' id='par_1_12' title="bbox 154 1334 1864 1405">
     <span class='ocr_line' id='line_1_12' title="bbox 154 1334 1864 1405; baseline 0.001 -16"><span class='ocrx_word' id='word_1_87' title='bbox 154 1340 302 1389; x_wconf 90' lang='lat' dir='ltr'>tem.</span> <span class='ocrx_word' id='word_1_88' title='bbox 338 1337 415 1388; x_wconf 83' lang='lat' dir='ltr'>Ex</span> <span class='ocrx_word' id='word_1_89' title='bbox 446 1351 560 1405; x_wconf 92' lang='lat' dir='ltr'>quo</span> <span class='ocrx_word' id='word_1_90' title='bbox 596 1338 651 1387; x_wconf 90' lang='lat' dir='ltr'>et</span> <span class='ocrx_word' id='word_1_91' title='bbox 679 1334 819 1388; x_wconf 91' lang='lat' dir='ltr'>illud</span> <span class='ocrx_word' id='word_1_92' title='bbox 839 1335 957 1405; x_wconf 88' lang='lat' dir='ltr'>jam</span> <span class='ocrx_word' id='word_1_93' title='bbox 984 1334 1117 1388; x_wconf 89' lang='lat' dir='ltr'>licet</span> <span class='ocrx_word' id='word_1_94' title='bbox 1144 1334 1355 1402; x_wconf 90' lang='lat' dir='ltr'>videre,</span> <span class='ocrx_word' id='word_1_95' title='bbox 1384 1352 1500 1390; x_wconf 91' lang='lat' dir='ltr'>non</span> <span class='ocrx_word' id='word_1_96' title='bbox 1530 1353 1593 1390; x_wconf 85' lang='lat' dir='ltr'>ex</span> <span class='ocrx_word' id='word_1_97' title='bbox 1642 1354 1709 1389; x_wconf 93' lang='lat' dir='ltr'>eo</span> <span class='ocrx_word' id='word_1_98' title='bbox 1743 1343 1864 1391; x_wconf 89' lang='lat' dir='ltr'>tan-</span> 
     </span>
    </p>
   </div>
   <div class='ocr_carea' id='block_1_13' title="bbox 154 1422 1864 1495">
    <p class='ocr_par' dir='ltr' id='par_1_13' title="bbox 154 1422 1864 1495">
     <span class='ocr_line' id='line_1_13' title="bbox 154 1422 1864 1495; baseline 0.001 -18"><span class='ocrx_word' id='word_1_99' title='bbox 154 1431 287 1478; x_wconf 89' lang='lat' dir='ltr'>tum</span> <span class='ocrx_word' id='word_1_100' title='bbox 320 1423 581 1493; x_wconf 86' lang='lat' dir='ltr'>Sergium</span> <span class='ocrx_word' id='word_1_101' title='bbox 618 1423 844 1477; x_wconf 87' lang='lat' dir='ltr'>Oratam</span> <span class='ocrx_word' id='word_1_102' title='bbox 875 1423 1046 1476; x_wconf 86' lang='lat' dir='ltr'>fuisse</span> <span class='ocrx_word' id='word_1_103' title='bbox 1077 1422 1371 1490; x_wconf 90' lang='lat' dir='ltr'>miserum,</span> <span class='ocrx_word' id='word_1_104' title='bbox 1427 1425 1582 1495; x_wconf 92' lang='lat' dir='ltr'>quod</span> <span class='ocrx_word' id='word_1_105' title='bbox 1631 1424 1864 1479; x_wconf 84' lang='lat' dir='ltr'>timebat</span> 
     </span>
    </p>
   </div>
   <div class='ocr_carea' id='block_1_14' title="bbox 153 1510 1864 1583">
    <p class='ocr_par' dir='ltr' id='par_1_14' title="bbox 153 1510 1864 1583">
     <span class='ocr_line' id='line_1_14' title="bbox 153 1510 1864 1583; baseline 0.001 -19"><span class='ocrx_word' id='word_1_106' title='bbox 153 1528 232 1564; x_wconf 90' lang='lat' dir='ltr'>ne</span> <span class='ocrx_word' id='word_1_107' title='bbox 268 1512 516 1564; x_wconf 61' lang='lat' dir='ltr'>fortuna:</span> <span class='ocrx_word' id='word_1_108' title='bbox 560 1510 658 1563; x_wconf 91' lang='lat' dir='ltr'>illa</span> <span class='ocrx_word' id='word_1_109' title='bbox 709 1526 949 1563; x_wconf 90' lang='lat' dir='ltr'>munera</span> <span class='ocrx_word' id='word_1_110' title='bbox 977 1511 1285 1578; x_wconf 89' lang='lat' dir='ltr'>amitteret,</span> <span class='ocrx_word' id='word_1_111' title='bbox 1331 1511 1429 1565; x_wconf 91' lang='lat' dir='ltr'>sed</span> <span class='ocrx_word' id='word_1_112' title='bbox 1478 1512 1613 1583; x_wconf 89' lang='lat' dir='ltr'>quia</span> <span class='ocrx_word' id='word_1_113' title='bbox 1660 1514 1864 1566; x_wconf 87' lang='lat' dir='ltr'>stultus</span> 
     </span>
    </p>
   </div>
   <div class='ocr_carea' id='block_1_15' title="bbox 155 1598 1862 1669">
    <p class='ocr_par' dir='ltr' id='par_1_15' title="bbox 155 1598 1862 1669">
     <span class='ocr_line' id='line_1_15' title="bbox 155 1598 1862 1669; baseline 0 -15"><span class='ocrx_word' id='word_1_114' title='bbox 155 1604 305 1654; x_wconf 87' lang='lat' dir='ltr'>erat.</span> <span class='ocrx_word' id='word_1_115' title='bbox 342 1600 462 1663; x_wconf 90' lang='lat' dir='ltr'>Quo</span> <span class='ocrx_word' id='word_1_116' title='bbox 508 1598 573 1651; x_wconf 83' lang='lat' dir='ltr'>fit</span> <span class='ocrx_word' id='word_1_117' title='bbox 628 1602 691 1651; x_wconf 90' lang='lat' dir='ltr'>ut</span> <span class='ocrx_word' id='word_1_118' title='bbox 742 1598 1008 1652; x_wconf 72' lang='lat' dir='ltr'>miserior</span> <span class='ocrx_word' id='word_1_119' title='bbox 1038 1602 1201 1664; x_wconf 88' lang='lat' dir='ltr'>esset,</span> <span class='ocrx_word' id='word_1_120' title='bbox 1235 1598 1281 1651; x_wconf 92' lang='lat' dir='ltr'>si</span> <span class='ocrx_word' id='word_1_121' title='bbox 1313 1603 1431 1652; x_wconf 89' lang='lat' dir='ltr'>tam</span> <span class='ocrx_word' id='word_1_122' title='bbox 1459 1599 1727 1669; x_wconf 89' lang='lat' dir='ltr'>pendulis</span> <span class='ocrx_word' id='word_1_123' title='bbox 1757 1617 1862 1654; x_wconf 91' lang='lat' dir='ltr'>nu-</span> 
     </span>
    </p>
   </div>
   <div class='ocr_carea' id='block_1_16' title="bbox 150 1686 1864 1758">
    <p class='ocr_par' dir='ltr' id='par_1_16' title="bbox 150 1686 1864 1758">
     <span class='ocr_line' id='line_1_16' title="bbox 150 1686 1864 1758; baseline 0 -16"><span class='ocrx_word' id='word_1_124' title='bbox 150 1688 535 1758; x_wconf 86' lang='lat' dir='ltr'>tantibusque</span> <span class='ocrx_word' id='word_1_125' title='bbox 565 1686 635 1739; x_wconf 89' lang='lat' dir='ltr'>iis</span> <span class='ocrx_word' id='word_1_126' title='bbox 668 1700 796 1756; x_wconf 66' lang='lat' dir='ltr'>quae</span> <span class='ocrx_word' id='word_1_127' title='bbox 826 1687 977 1741; x_wconf 89' lang='lat' dir='ltr'>bona</span> <span class='ocrx_word' id='word_1_128' title='bbox 1003 1687 1261 1756; x_wconf 83' lang='lat' dir='ltr'>putabat,</span> <span class='ocrx_word' id='word_1_129' title='bbox 1295 1686 1435 1740; x_wconf 86' lang='lat' dir='ltr'>nihil</span> <span class='ocrx_word' id='word_1_130' title='bbox 1469 1689 1706 1741; x_wconf 91' lang='lat' dir='ltr'>omnino</span> <span class='ocrx_word' id='word_1_131' title='bbox 1740 1706 1864 1742; x_wconf 88' lang='lat' dir='ltr'>me-</span> 
     </span>
    </p>
   </div>
   <div class='ocr_carea' id='block_1_17' title="bbox 152 1775 1865 1842">
    <p class='ocr_par' dir='ltr' id='par_1_17' title="bbox 152 1775 1865 1842">
     <span class='ocr_line' id='line_1_17' title="bbox 152 1775 1865 1842; baseline 0.001 -11"><span class='ocrx_word' id='word_1_132' title='bbox 152 1778 385 1831; x_wconf 86' lang='lat' dir='ltr'>tuisset.</span> <span class='ocrx_word' id='word_1_133' title='bbox 454 1777 611 1829; x_wconf 88' lang='lat' dir='ltr'>Esset</span> <span class='ocrx_word' id='word_1_134' title='bbox 662 1775 817 1829; x_wconf 90' lang='lat' dir='ltr'>enim</span> <span class='ocrx_word' id='word_1_135' title='bbox 866 1791 983 1840; x_wconf 89' lang='lat' dir='ltr'>non</span> <span class='ocrx_word' id='word_1_136' title='bbox 1038 1775 1387 1828; x_wconf 88' lang='lat' dir='ltr'>fortitudinis</span> <span class='ocrx_word' id='word_1_137' title='bbox 1449 1776 1714 1842; x_wconf 85' lang='lat' dir='ltr'>excubiis,</span> <span class='ocrx_word' id='word_1_138' title='bbox 1767 1778 1865 1832; x_wconf 90' lang='lat' dir='ltr'>sed</span> 
     </span>
    </p>
   </div>
   <div class='ocr_carea' id='block_1_18' title="bbox 153 1862 1865 1934">
    <p class='ocr_par' dir='ltr' id='par_1_18' title="bbox 153 1862 1865 1934">
     <span class='ocr_line' id='line_1_18' title="bbox 153 1862 1865 1934; baseline 0 -15"><span class='ocrx_word' id='word_1_139' title='bbox 153 1865 373 1919; x_wconf 89' lang='lat' dir='ltr'>mentis</span> <span class='ocrx_word' id='word_1_140' title='bbox 396 1880 593 1934; x_wconf 86' lang='lat' dir='ltr'>50pore</span> <span class='ocrx_word' id='word_1_141' title='bbox 625 1862 894 1929; x_wconf 87' lang='lat' dir='ltr'>securior,</span> <span class='ocrx_word' id='word_1_142' title='bbox 942 1867 998 1915; x_wconf 88' lang='lat' dir='ltr'>et</span> <span class='ocrx_word' id='word_1_143' title='bbox 1041 1862 1240 1916; x_wconf 89' lang='lat' dir='ltr'>altiore</span> <span class='ocrx_word' id='word_1_144' title='bbox 1288 1863 1527 1917; x_wconf 84' lang='lat' dir='ltr'>stultitia</span> <span class='ocrx_word' id='word_1_145' title='bbox 1573 1865 1865 1919; x_wconf 91' lang='lat' dir='ltr'>demersus</span> 
     </span>
    </p>
   </div>
   <div class='ocr_carea' id='block_1_19' title="bbox 151 1951 1866 2022">
    <p class='ocr_par' dir='ltr' id='par_1_19' title="bbox 151 1951 1866 2022">
     <span class='ocr_line' id='line_1_19' title="bbox 151 1951 1866 2022; baseline 0 -15"><span class='ocrx_word' id='word_1_146' title='bbox 151 1954 359 2007; x_wconf 89' lang='lat' dir='ltr'>miser.</span> <span class='ocrx_word' id='word_1_147' title='bbox 394 1958 465 2006; x_wconf 83' lang='lat' dir='ltr'>At</span> <span class='ocrx_word' id='word_1_148' title='bbox 492 1969 549 2006; x_wconf 85' lang='lat' dir='ltr'>se</span> <span class='ocrx_word' id='word_1_149' title='bbox 579 1952 760 2006; x_wconf 89' lang='lat' dir='ltr'>omnis</span> <span class='ocrx_word' id='word_1_150' title='bbox 782 1952 880 2022; x_wconf 89' lang='lat' dir='ltr'>qui</span> <span class='ocrx_word' id='word_1_151' title='bbox 901 1956 1052 2004; x_wconf 88' lang='lat' dir='ltr'>caret</span> <span class='ocrx_word' id='word_1_152' title='bbox 1065 1951 1344 2021; x_wconf 86' lang='lat' dir='ltr'>sapientia</span> <span class='ocrx_word' id='word_1_153' title='bbox 1368 1968 1635 2022; x_wconf 89' lang='lat' dir='ltr'>magnam</span> <span class='ocrx_word' id='word_1_154' title='bbox 1651 1954 1866 2022; x_wconf 92' lang='lat' dir='ltr'>patitur</span> 
     </span>
    </p>
   </div>
   <div class='ocr_carea' id='block_1_20' title="bbox 151 2039 1862 2113">
    <p class='ocr_par' dir='ltr' id='par_1_20' title="bbox 151 2039 1862 2113">
     <span class='ocr_line' id='line_1_20' title="bbox 151 2039 1862 2113; baseline -0.001 -17"><span class='ocrx_word' id='word_1_155' title='bbox 151 2046 493 2113; x_wconf 82' lang='lat' dir='ltr'>egestatem,</span> <span class='ocrx_word' id='word_1_156' title='bbox 528 2041 829 2110; x_wconf 90' lang='lat' dir='ltr'>omnisque</span> <span class='ocrx_word' id='word_1_157' title='bbox 872 2056 1106 2109; x_wconf 92' lang='lat' dir='ltr'>compos</span> <span class='ocrx_word' id='word_1_158' title='bbox 1144 2039 1437 2109; x_wconf 59' lang='lat' dir='ltr'>sapientia;</span> <span class='ocrx_word' id='word_1_159' title='bbox 1483 2040 1664 2095; x_wconf 88' lang='lat' dir='ltr'>nihilo</span> <span class='ocrx_word' id='word_1_160' title='bbox 1713 2046 1862 2112; x_wconf 82' lang='lat' dir='ltr'>eget,</span> 
     </span>
    </p>
   </div>
   <div class='ocr_carea' id='block_1_21' title="bbox 150 2128 1865 2201">
    <p class='ocr_par' dir='ltr' id='par_1_21' title="bbox 150 2128 1865 2201">
     <span class='ocr_line' id='line_1_21' title="bbox 150 2128 1865 2201; baseline -0.001 -17"><span class='ocrx_word' id='word_1_161' title='bbox 150 2130 425 2201; x_wconf 88' lang='lat' dir='ltr'>sequitur</span> <span class='ocrx_word' id='word_1_162' title='bbox 450 2134 516 2183; x_wconf 91' lang='lat' dir='ltr'>ut</span> <span class='ocrx_word' id='word_1_163' title='bbox 553 2129 790 2183; x_wconf 87' lang='lat' dir='ltr'>stultitia</span> <span class='ocrx_word' id='word_1_164' title='bbox 818 2128 891 2182; x_wconf 90' lang='lat' dir='ltr'>sit</span> <span class='ocrx_word' id='word_1_165' title='bbox 928 2132 1164 2198; x_wconf 85' lang='lat' dir='ltr'>egestas.</span> <span class='ocrx_word' id='word_1_166' title='bbox 1199 2129 1268 2181; x_wconf 91' lang='lat' dir='ltr'>Ut</span> <span class='ocrx_word' id='word_1_167' title='bbox 1295 2133 1487 2181; x_wconf 90' lang='lat' dir='ltr'>autem</span> <span class='ocrx_word' id='word_1_168' title='bbox 1519 2129 1702 2182; x_wconf 89' lang='lat' dir='ltr'>omnis</span> <span class='ocrx_word' id='word_1_169' title='bbox 1723 2131 1865 2183; x_wconf 91' lang='lat' dir='ltr'>stul-</span> 
     </span>
    </p>
   </div>
   <div class='ocr_carea' id='block_1_22' title="bbox 150 2213 1861 2285">
    <p class='ocr_par' dir='ltr' id='par_1_22' title="bbox 150 2213 1861 2285">
     <span class='ocr_line' id='line_1_22' title="bbox 150 2213 1861 2285; baseline -0.002 -14"><span class='ocrx_word' id='word_1_170' title='bbox 150 2224 251 2272; x_wconf 87' lang='lat' dir='ltr'>tus</span> <span class='ocrx_word' id='word_1_171' title='bbox 289 2217 485 2280; x_wconf 88' lang='lat' dir='ltr'>miser,</span> <span class='ocrx_word' id='word_1_172' title='bbox 512 2214 592 2268; x_wconf 86' lang='lat' dir='ltr'>ita</span> <span class='ocrx_word' id='word_1_173' title='bbox 624 2214 811 2268; x_wconf 91' lang='lat' dir='ltr'>omnis</span> <span class='ocrx_word' id='word_1_174' title='bbox 840 2213 1011 2267; x_wconf 87' lang='lat' dir='ltr'>miser</span> <span class='ocrx_word' id='word_1_175' title='bbox 1040 2214 1246 2267; x_wconf 90' lang='lat' dir='ltr'>stultus</span> <span class='ocrx_word' id='word_1_176' title='bbox 1279 2217 1378 2267; x_wconf 90' lang='lat' dir='ltr'>est.</span> <span class='ocrx_word' id='word_1_177' title='bbox 1411 2215 1556 2285; x_wconf 87' lang='lat' dir='ltr'>Ergo</span> <span class='ocrx_word' id='word_1_178' title='bbox 1584 2219 1646 2268; x_wconf 91' lang='lat' dir='ltr'>ut</span> <span class='ocrx_word' id='word_1_179' title='bbox 1675 2215 1861 2269; x_wconf 91' lang='lat' dir='ltr'>omnis</span> 
     </span>
    </p>
   </div>
   <div class='ocr_carea' id='block_1_23' title="bbox 151 2300 1860 2376">
    <p class='ocr_par' dir='ltr' id='par_1_23' title="bbox 151 2300 1860 2376">
     <span class='ocr_line' id='line_1_23' title="bbox 151 2300 1860 2376; baseline -0.001 -17"><span class='ocrx_word' id='word_1_180' title='bbox 151 2308 387 2376; x_wconf 81' lang='lat' dir='ltr'>egestas</span> <span class='ocrx_word' id='word_1_181' title='bbox 416 2302 666 2372; x_wconf 90' lang='lat' dir='ltr'>miseria,</span> <span class='ocrx_word' id='word_1_182' title='bbox 698 2302 777 2355; x_wconf 87' lang='lat' dir='ltr'>ita</span> <span class='ocrx_word' id='word_1_183' title='bbox 808 2300 995 2356; x_wconf 90' lang='lat' dir='ltr'>omnis</span> <span class='ocrx_word' id='word_1_184' title='bbox 1042 2301 1273 2355; x_wconf 87' lang='lat' dir='ltr'>miseria</span> <span class='ocrx_word' id='word_1_185' title='bbox 1307 2306 1527 2372; x_wconf 83' lang='lat' dir='ltr'>egestas</span> <span class='ocrx_word' id='word_1_186' title='bbox 1575 2319 1697 2357; x_wconf 93' lang='lat' dir='ltr'>esse</span> <span class='ocrx_word' id='word_1_187' title='bbox 1726 2321 1860 2358; x_wconf 89' lang='lat' dir='ltr'>con-</span> 
     </span>
    </p>
   </div>
   <div class='ocr_carea' id='block_1_24' title="bbox 150 2392 411 2447">
    <p class='ocr_par' dir='ltr' id='par_1_24' title="bbox 150 2392 411 2447">
     <span class='ocr_line' id='line_1_24' title="bbox 150 2392 411 2447; baseline -0.011 0"><span class='ocrx_word' id='word_1_188' title='bbox 150 2392 411 2447; x_wconf 84' lang='lat' dir='ltr'>vincitur</span> 
     </span>
    </p>
   </div>
   <div class='ocr_carea' id='block_1_25' title="bbox 226 2478 1861 2550">
    <p class='ocr_par' dir='ltr' id='par_1_25' title="bbox 226 2478 1861 2550">
     <span class='ocr_line' id='line_1_25' title="bbox 226 2478 1861 2550; baseline -0.001 -14"><span class='ocrx_word' id='word_1_189' title='bbox 226 2484 320 2536; x_wconf 78' lang='lat'>29.</span> <span class='ocrx_word' id='word_1_190' title='bbox 357 2481 539 2543; x_wconf 90' lang='lat' dir='ltr'>Quam</span> <span class='ocrx_word' id='word_1_191' title='bbox 567 2478 993 2533; x_wconf 88' lang='lat' dir='ltr'>conclusionem</span> <span class='ocrx_word' id='word_1_192' title='bbox 1042 2478 1338 2549; x_wconf 87' lang='lat' dir='ltr'>Trygetius</span> <span class='ocrx_word' id='word_1_193' title='bbox 1394 2495 1525 2533; x_wconf 91' lang='lat' dir='ltr'>cum</span> <span class='ocrx_word' id='word_1_194' title='bbox 1556 2495 1613 2533; x_wconf 92' lang='lat' dir='ltr'>se</span> <span class='ocrx_word' id='word_1_195' title='bbox 1655 2496 1861 2550; x_wconf 89' lang='lat' dir='ltr'>parum</span> 
     </span>
    </p>
   </div>
   <div class='ocr_carea' id='block_1_26' title="bbox 150 2566 1861 2637">
    <p class='ocr_par' dir='ltr' id='par_1_26' title="bbox 150 2566 1861 2637">
     <span class='ocr_line' id='line_1_26' title="bbox 150 2566 1861 2637; baseline -0.001 -14"><span class='ocrx_word' id='word_1_196' title='bbox 150 2568 506 2623; x_wconf 79' lang='lat' dir='ltr'>intellexisse</span> <span class='ocrx_word' id='word_1_197' title='bbox 538 2568 784 2621; x_wconf 89' lang='lat' dir='ltr'>diceret:</span> <span class='ocrx_word' id='word_1_198' title='bbox 827 2567 994 2634; x_wconf 88' lang='lat' dir='ltr'>Quid,</span> <span class='ocrx_word' id='word_1_199' title='bbox 1028 2566 1288 2637; x_wconf 87' lang='lat' dir='ltr'>inquam,</span> <span class='ocrx_word' id='word_1_200' title='bbox 1320 2566 1469 2621; x_wconf 92' lang='lat' dir='ltr'>inter</span> <span class='ocrx_word' id='word_1_201' title='bbox 1506 2585 1609 2623; x_wconf 89' lang='lat' dir='ltr'>nos</span> <span class='ocrx_word' id='word_1_202' title='bbox 1638 2569 1861 2623; x_wconf 89' lang='lat' dir='ltr'>ratione</span> 
     </span>
    </p>
   </div>
   <div class='ocr_carea' id='block_1_27' title="bbox 152 2655 1861 2727">
    <p class='ocr_par' dir='ltr' id='par_1_27' title="bbox 152 2655 1861 2727">
     <span class='ocr_line' id='line_1_27' title="bbox 152 2655 1861 2727; baseline 0.001 -16"><span class='ocrx_word' id='word_1_203' title='bbox 152 2656 471 2712; x_wconf 84' lang='lat' dir='ltr'>convenit?</span> <span class='ocrx_word' id='word_1_204' title='bbox 516 2658 657 2709; x_wconf 89' lang='lat' dir='ltr'>Eum</span> <span class='ocrx_word' id='word_1_205' title='bbox 707 2672 896 2726; x_wconf 89' lang='lat' dir='ltr'>egere,</span> <span class='ocrx_word' id='word_1_206' title='bbox 947 2655 1157 2727; x_wconf 91' lang='lat' dir='ltr'>inquit,</span> <span class='ocrx_word' id='word_1_207' title='bbox 1213 2656 1313 2726; x_wconf 87' lang='lat' dir='ltr'>qui</span> <span class='ocrx_word' id='word_1_208' title='bbox 1364 2656 1701 2727; x_wconf 88' lang='lat' dir='ltr'>sapientiam</span> <span class='ocrx_word' id='word_1_209' title='bbox 1742 2674 1861 2712; x_wconf 93' lang='lat' dir='ltr'>non</span> 
     </span>
    </p>
   </div>
   <div class='ocr_carea' id='block_1_28' title="bbox 149 2744 1860 2815">
    <p class='ocr_par' dir='ltr' id='par_1_28' title="bbox 149 2744 1860 2815">
     <span class='ocr_line' id='line_1_28' title="bbox 149 2744 1860 2815; baseline -0.001 -14"><span class='ocrx_word' id='word_1_210' title='bbox 149 2747 388 2802; x_wconf 88' lang='lat' dir='ltr'>habeat.</span> <span class='ocrx_word' id='word_1_211' title='bbox 448 2746 593 2809; x_wconf 87' lang='lat' dir='ltr'>Quid</span> <span class='ocrx_word' id='word_1_212' title='bbox 643 2749 727 2798; x_wconf 92' lang='lat' dir='ltr'>est</span> <span class='ocrx_word' id='word_1_213' title='bbox 780 2762 939 2815; x_wconf 90' lang='lat' dir='ltr'>ergo,</span> <span class='ocrx_word' id='word_1_214' title='bbox 965 2744 1225 2815; x_wconf 90' lang='lat' dir='ltr'>inquam,</span> <span class='ocrx_word' id='word_1_215' title='bbox 1248 2744 1454 2814; x_wconf 86' lang='lat' dir='ltr'>egere?</span> <span class='ocrx_word' id='word_1_216' title='bbox 1485 2744 1860 2815; x_wconf 87' lang='lat' dir='ltr'>Sapientiam,</span> 
     </span>
    </p>
   </div>
   <div class='ocr_carea' id='block_1_29' title="bbox 153 2832 1862 2905">
    <p class='ocr_par' dir='ltr' id='par_1_29' title="bbox 153 2832 1862 2905">
     <span class='ocr_line' id='line_1_29' title="bbox 153 2832 1862 2905; baseline -0.001 -16"><span class='ocrx_word' id='word_1_217' title='bbox 153 2835 372 2905; x_wconf 86' lang='lat' dir='ltr'>inquit,</span> <span class='ocrx_word' id='word_1_218' title='bbox 406 2849 522 2887; x_wconf 90' lang='lat' dir='ltr'>non</span> <span class='ocrx_word' id='word_1_219' title='bbox 541 2833 770 2887; x_wconf 92' lang='lat' dir='ltr'>habere.</span> <span class='ocrx_word' id='word_1_220' title='bbox 799 2832 943 2896; x_wconf 88' lang='lat' dir='ltr'>Quid</span> <span class='ocrx_word' id='word_1_221' title='bbox 961 2837 1061 2896; x_wconf 90' lang='lat' dir='ltr'>est,</span> <span class='ocrx_word' id='word_1_222' title='bbox 1093 2832 1350 2903; x_wconf 89' lang='lat' dir='ltr'>inquam,</span> <span class='ocrx_word' id='word_1_223' title='bbox 1376 2832 1717 2902; x_wconf 88' lang='lat' dir='ltr'>sapientiam</span> <span class='ocrx_word' id='word_1_224' title='bbox 1748 2850 1862 2887; x_wconf 93' lang='lat' dir='ltr'>non</span> 
     </span>
    </p>
   </div>
   <div class='ocr_carea' id='block_1_30' title="bbox 152 2920 1859 2991">
    <p class='ocr_par' dir='ltr' id='par_1_30' title="bbox 152 2920 1859 2991">
     <span class='ocr_line' id='line_1_30' title="bbox 152 2920 1859 2991; baseline -0.002 -14"><span class='ocrx_word' id='word_1_225' title='bbox 152 2924 373 2978; x_wconf 87' lang='lat' dir='ltr'>habere</span> <span class='ocrx_word' id='word_1_226' title='bbox 392 2921 419 2973; x_wconf 87' lang='lat'><strong>?</strong></span> <span class='ocrx_word' id='word_1_227' title='bbox 453 2920 549 2974; x_wconf 77' lang='lat' dir='ltr'>llic</span> <span class='ocrx_word' id='word_1_228' title='bbox 580 2937 709 2974; x_wconf 89' lang='lat' dir='ltr'>cum</span> <span class='ocrx_word' id='word_1_229' title='bbox 730 2924 959 2984; x_wconf 86' lang='lat' dir='ltr'>taceret,</span> <span class='ocrx_word' id='word_1_230' title='bbox 982 2937 1174 2974; x_wconf 91' lang='lat' dir='ltr'>nonne</span> <span class='ocrx_word' id='word_1_231' title='bbox 1206 2921 1315 2974; x_wconf 89' lang='lat' dir='ltr'>hoc</span> <span class='ocrx_word' id='word_1_232' title='bbox 1344 2925 1447 2990; x_wconf 90' lang='lat' dir='ltr'>est,</span> <span class='ocrx_word' id='word_1_233' title='bbox 1477 2920 1735 2991; x_wconf 90' lang='lat' dir='ltr'>inquam,</span> <span class='ocrx_word' id='word_1_234' title='bbox 1758 2922 1859 2974; x_wconf 88' lang='lat' dir='ltr'>ha-</span> 
     </span>
    </p>
   </div>
   <div class='ocr_carea' id='block_1_31' title="bbox 150 3007 1859 3079">
    <p class='ocr_par' dir='ltr' id='par_1_31' title="bbox 150 3007 1859 3079">
     <span class='ocr_line' id='line_1_31' title="bbox 150 3007 1859 3079; baseline -0.003 -13"><span class='ocrx_word' id='word_1_235' title='bbox 150 3013 294 3066; x_wconf 88' lang='lat' dir='ltr'>bere</span> <span class='ocrx_word' id='word_1_236' title='bbox 323 3010 625 3063; x_wconf 78' lang='lat' dir='ltr'>stultitiam</span> <span class='ocrx_word' id='word_1_237' title='bbox 646 3008 673 3061; x_wconf 88' lang='lat'><strong>?</strong></span> <span class='ocrx_word' id='word_1_238' title='bbox 705 3010 840 3075; x_wconf 88' lang='lat' dir='ltr'>Hoc,</span> <span class='ocrx_word' id='word_1_239' title='bbox 872 3007 1079 3078; x_wconf 87' lang='lat' dir='ltr'>inquit.</span> <span class='ocrx_word' id='word_1_240' title='bbox 1109 3008 1261 3061; x_wconf 89' lang='lat' dir='ltr'>Nihil</span> <span class='ocrx_word' id='word_1_241' title='bbox 1291 3013 1375 3061; x_wconf 90' lang='lat' dir='ltr'>est</span> <span class='ocrx_word' id='word_1_242' title='bbox 1402 3025 1538 3079; x_wconf 89' lang='lat' dir='ltr'>ergo</span> <span class='ocrx_word' id='word_1_243' title='bbox 1564 3009 1738 3075; x_wconf 87' lang='lat' dir='ltr'>aliud,</span> <span class='ocrx_word' id='word_1_244' title='bbox 1772 3008 1859 3061; x_wconf 89' lang='lat' dir='ltr'>in-</span> 
     </span>
    </p>
   </div>
   <div class='ocr_carea' id='block_1_32' title="bbox 150 3096 1857 3171">
    <p class='ocr_par' dir='ltr' id='par_1_32' title="bbox 150 3096 1857 3171">
     <span class='ocr_line' id='line_1_32' title="bbox 150 3096 1857 3171; baseline -0.002 -18"><span class='ocrx_word' id='word_1_245' title='bbox 150 3115 357 3171; x_wconf 86' lang='lat' dir='ltr'>quam,</span> <span class='ocrx_word' id='word_1_246' title='bbox 406 3098 618 3151; x_wconf 86' lang='lat' dir='ltr'>habere</span> <span class='ocrx_word' id='word_1_247' title='bbox 666 3101 999 3168; x_wconf 86' lang='lat' dir='ltr'>egestatem,</span> <span class='ocrx_word' id='word_1_248' title='bbox 1046 3112 1218 3167; x_wconf 89' lang='lat' dir='ltr'>quam</span> <span class='ocrx_word' id='word_1_249' title='bbox 1270 3096 1608 3162; x_wconf 86' lang='lat' dir='ltr'>stultitiam;</span> <span class='ocrx_word' id='word_1_250' title='bbox 1657 3114 1721 3151; x_wconf 84' lang='lat' dir='ltr'>ex</span> <span class='ocrx_word' id='word_1_251' title='bbox 1743 3114 1857 3168; x_wconf 89' lang='lat' dir='ltr'>quo</span> 
     </span>
    </p>
   </div>
   <div class='ocr_carea' id='block_1_33' title="bbox 146 3183 1862 3257">
    <p class='ocr_par' dir='ltr' id='par_1_33' title="bbox 146 3183 1862 3257">
     <span class='ocr_line' id='line_1_33' title="bbox 146 3183 1862 3257; baseline -0.001 -16"><span class='ocrx_word' id='word_1_252' title='bbox 146 3188 276 3257; x_wconf 88' lang='lat' dir='ltr'>jam</span> <span class='ocrx_word' id='word_1_253' title='bbox 307 3201 537 3239; x_wconf 90' lang='lat' dir='ltr'>necesse</span> <span class='ocrx_word' id='word_1_254' title='bbox 567 3189 653 3238; x_wconf 90' lang='lat' dir='ltr'>est</span> <span class='ocrx_word' id='word_1_255' title='bbox 681 3188 992 3253; x_wconf 83' lang='lat' dir='ltr'>egestatem</span> <span class='ocrx_word' id='word_1_256' title='bbox 1015 3184 1125 3237; x_wconf 91' lang='lat' dir='ltr'>alio</span> <span class='ocrx_word' id='word_1_257' title='bbox 1151 3184 1321 3237; x_wconf 90' lang='lat' dir='ltr'>verbo</span> <span class='ocrx_word' id='word_1_258' title='bbox 1348 3183 1658 3253; x_wconf 90' lang='lat' dir='ltr'>nominari,</span> <span class='ocrx_word' id='word_1_259' title='bbox 1685 3202 1862 3256; x_wconf 91' lang='lat' dir='ltr'>quan-</span> 
     </span>
    </p>
   </div>
   <div class='ocr_carea' id='block_1_34' title="bbox 151 3270 1863 3343">
    <p class='ocr_par' dir='ltr' id='par_1_34' title="bbox 151 3270 1863 3343">
     <span class='ocr_line' id='line_1_34' title="bbox 151 3270 1863 3343; baseline -0.002 -13"><span class='ocrx_word' id='word_1_260' title='bbox 151 3277 225 3330; x_wconf 91' lang='lat' dir='ltr'>do</span> <span class='ocrx_word' id='word_1_261' title='bbox 287 3273 531 3328; x_wconf 88' lang='lat' dir='ltr'>stultitia</span> <span class='ocrx_word' id='word_1_262' title='bbox 561 3273 905 3326; x_wconf 90' lang='lat' dir='ltr'>nominatur.</span> <span class='ocrx_word' id='word_1_263' title='bbox 955 3271 1295 3342; x_wconf 90' lang='lat' dir='ltr'>Quanquam</span> <span class='ocrx_word' id='word_1_264' title='bbox 1339 3270 1527 3325; x_wconf 90' lang='lat' dir='ltr'>nescio</span> <span class='ocrx_word' id='word_1_265' title='bbox 1576 3271 1863 3343; x_wconf 91' lang='lat' dir='ltr'>quomodo</span> 
     </span>
    </p>
   </div>
   <div class='ocr_carea' id='block_1_35' title="bbox 154 3360 1861 3431">
    <p class='ocr_par' dir='ltr' id='par_1_35' title="bbox 154 3360 1861 3431">
     <span class='ocr_line' id='line_1_35' title="bbox 154 3360 1861 3431; baseline -0.002 -14"><span class='ocrx_word' id='word_1_266' title='bbox 154 3366 441 3428; x_wconf 87' lang='lat' dir='ltr'>dicamus,</span> <span class='ocrx_word' id='word_1_267' title='bbox 475 3361 653 3415; x_wconf 86' lang='lat' dir='ltr'>Habet</span> <span class='ocrx_word' id='word_1_268' title='bbox 682 3364 1011 3431; x_wconf 89' lang='lat' dir='ltr'>egestatem,</span> <span class='ocrx_word' id='word_1_269' title='bbox 1044 3365 1164 3430; x_wconf 89' lang='lat' dir='ltr'>aut,</span> <span class='ocrx_word' id='word_1_270' title='bbox 1192 3360 1362 3414; x_wconf 88' lang='lat' dir='ltr'>habet</span> <span class='ocrx_word' id='word_1_271' title='bbox 1380 3360 1698 3414; x_wconf 89' lang='lat' dir='ltr'>stultitiam.</span> <span class='ocrx_word' id='word_1_272' title='bbox 1730 3361 1861 3415; x_wconf 89' lang='lat' dir='ltr'>Tale</span> 
     </span>
    </p>
   </div>
   <div class='ocr_carea' id='block_1_36' title="bbox 152 3447 1861 3520">
    <p class='ocr_par' dir='ltr' id='par_1_36' title="bbox 152 3447 1861 3520">
     <span class='ocr_line' id='line_1_36' title="bbox 152 3447 1861 3520; baseline -0.002 -15"><span class='ocrx_word' id='word_1_273' title='bbox 152 3458 241 3506; x_wconf 89' lang='lat' dir='ltr'>est</span> <span class='ocrx_word' id='word_1_274' title='bbox 273 3451 431 3505; x_wconf 89' lang='lat' dir='ltr'>enim</span> <span class='ocrx_word' id='word_1_275' title='bbox 462 3467 525 3503; x_wconf 90' lang='lat' dir='ltr'>ac</span> <span class='ocrx_word' id='word_1_276' title='bbox 556 3450 604 3503; x_wconf 90' lang='lat' dir='ltr'>si</span> <span class='ocrx_word' id='word_1_277' title='bbox 628 3451 817 3504; x_wconf 87' lang='lat' dir='ltr'>locum</span> <span class='ocrx_word' id='word_1_278' title='bbox 849 3448 1121 3520; x_wconf 90' lang='lat' dir='ltr'>aliquem,</span> <span class='ocrx_word' id='word_1_279' title='bbox 1152 3447 1252 3518; x_wconf 89' lang='lat' dir='ltr'>qui</span> <span class='ocrx_word' id='word_1_280' title='bbox 1282 3448 1499 3502; x_wconf 90' lang='lat' dir='ltr'>lumine</span> <span class='ocrx_word' id='word_1_281' title='bbox 1528 3454 1734 3515; x_wconf 88' lang='lat' dir='ltr'>careat,</span> <span class='ocrx_word' id='word_1_282' title='bbox 1769 3449 1861 3503; x_wconf 88' lang='lat' dir='ltr'>di-</span> 
     </span>
    </p>
   </div>
   <div class='ocr_carea' id='block_1_37' title="bbox 151 3536 1862 3607">
    <p class='ocr_par' dir='ltr' id='par_1_37' title="bbox 151 3536 1862 3607">
     <span class='ocr_line' id='line_1_37' title="bbox 151 3536 1862 3607; baseline -0.001 -14"><span class='ocrx_word' id='word_1_283' title='bbox 151 3555 360 3593; x_wconf 88' lang='lat' dir='ltr'>camus</span> <span class='ocrx_word' id='word_1_284' title='bbox 388 3538 599 3591; x_wconf 88' lang='lat' dir='ltr'>habere</span> <span class='ocrx_word' id='word_1_285' title='bbox 657 3537 921 3592; x_wconf 88' lang='lat' dir='ltr'>tenebras</span> <span class='ocrx_word' id='word_1_286' title='bbox 948 3550 961 3590; x_wconf 89' lang='lat'><strong>:</strong></span> <span class='ocrx_word' id='word_1_287' title='bbox 987 3536 1141 3606; x_wconf 91' lang='lat' dir='ltr'>quod</span> <span class='ocrx_word' id='word_1_288' title='bbox 1192 3536 1332 3589; x_wconf 88' lang='lat' dir='ltr'>nihil</span> <span class='ocrx_word' id='word_1_289' title='bbox 1370 3540 1453 3589; x_wconf 90' lang='lat' dir='ltr'>est</span> <span class='ocrx_word' id='word_1_290' title='bbox 1503 3537 1659 3591; x_wconf 88' lang='lat' dir='ltr'>aliud</span> <span class='ocrx_word' id='word_1_291' title='bbox 1689 3553 1862 3607; x_wconf 90' lang='lat' dir='ltr'>quam</span> 
     </span>
    </p>
   </div>
   <div class='ocr_carea' id='block_1_38' title="bbox 151 3624 1864 3695">
    <p class='ocr_par' dir='ltr' id='par_1_38' title="bbox 151 3624 1864 3695">
     <span class='ocr_line' id='line_1_38' title="bbox 151 3624 1864 3695; baseline -0.001 -15"><span class='ocrx_word' id='word_1_292' title='bbox 151 3628 363 3681; x_wconf 88' lang='lat' dir='ltr'>lumen</span> <span class='ocrx_word' id='word_1_293' title='bbox 394 3642 511 3679; x_wconf 91' lang='lat' dir='ltr'>non</span> <span class='ocrx_word' id='word_1_294' title='bbox 539 3626 771 3680; x_wconf 90' lang='lat' dir='ltr'>habere.</span> <span class='ocrx_word' id='word_1_295' title='bbox 806 3626 932 3679; x_wconf 89' lang='lat' dir='ltr'>Non</span> <span class='ocrx_word' id='word_1_296' title='bbox 963 3624 1119 3679; x_wconf 89' lang='lat' dir='ltr'>enim</span> <span class='ocrx_word' id='word_1_297' title='bbox 1146 3624 1397 3678; x_wconf 78' lang='lat' dir='ltr'>tenebrae</span> <span class='ocrx_word' id='word_1_298' title='bbox 1427 3625 1590 3695; x_wconf 88' lang='lat' dir='ltr'>quasi</span> <span class='ocrx_word' id='word_1_299' title='bbox 1627 3625 1864 3679; x_wconf 90' lang='lat' dir='ltr'>veniunt</span> 
     </span>
    </p>
   </div>
   <div class='ocr_carea' id='block_1_39' title="bbox 151 3711 1863 3781">
    <p class='ocr_par' dir='ltr' id='par_1_39' title="bbox 151 3711 1863 3781">
     <span class='ocr_line' id='line_1_39' title="bbox 151 3711 1863 3781; baseline -0.002 -13"><span class='ocrx_word' id='word_1_300' title='bbox 151 3720 260 3768; x_wconf 90' lang='lat' dir='ltr'>aut</span> <span class='ocrx_word' id='word_1_301' title='bbox 285 3714 597 3781; x_wconf 89' lang='lat' dir='ltr'>recedunt;</span> <span class='ocrx_word' id='word_1_302' title='bbox 630 3713 727 3767; x_wconf 90' lang='lat' dir='ltr'>sed</span> <span class='ocrx_word' id='word_1_303' title='bbox 754 3727 945 3766; x_wconf 89' lang='lat' dir='ltr'>carere</span> <span class='ocrx_word' id='word_1_304' title='bbox 976 3711 1195 3765; x_wconf 88' lang='lat' dir='ltr'>lumine</span> <span class='ocrx_word' id='word_1_305' title='bbox 1241 3711 1350 3765; x_wconf 91' lang='lat' dir='ltr'>hoc</span> <span class='ocrx_word' id='word_1_306' title='bbox 1381 3711 1571 3781; x_wconf 88' lang='lat' dir='ltr'>ipsum</span> <span class='ocrx_word' id='word_1_307' title='bbox 1619 3716 1702 3765; x_wconf 89' lang='lat' dir='ltr'>est</span> <span class='ocrx_word' id='word_1_308' title='bbox 1740 3711 1863 3781; x_wconf 85' lang='lat' dir='ltr'>jam</span> 
     </span>
    </p>
   </div>
   <div class='ocr_carea' id='block_1_40' title="bbox 152 3799 1859 3866">
    <p class='ocr_par' dir='ltr' id='par_1_40' title="bbox 152 3799 1859 3866">
     <span class='ocr_line' id='line_1_40' title="bbox 152 3799 1859 3866; baseline -0.002 -9"><span class='ocrx_word' id='word_1_309' title='bbox 152 3803 534 3857; x_wconf 87' lang='lat' dir='ltr'>tenebrosum</span> <span class='ocrx_word' id='word_1_310' title='bbox 563 3818 700 3866; x_wconf 91' lang='lat' dir='ltr'>esse,</span> <span class='ocrx_word' id='word_1_311' title='bbox 735 3806 799 3854; x_wconf 91' lang='lat' dir='ltr'>ut</span> <span class='ocrx_word' id='word_1_312' title='bbox 819 3816 1011 3855; x_wconf 91' lang='lat' dir='ltr'>carere</span> <span class='ocrx_word' id='word_1_313' title='bbox 1040 3804 1193 3853; x_wconf 86' lang='lat' dir='ltr'>veste</span> <span class='ocrx_word' id='word_1_314' title='bbox 1222 3799 1331 3854; x_wconf 91' lang='lat' dir='ltr'>hoc</span> <span class='ocrx_word' id='word_1_315' title='bbox 1362 3803 1446 3854; x_wconf 92' lang='lat' dir='ltr'>est</span> <span class='ocrx_word' id='word_1_316' title='bbox 1475 3816 1596 3855; x_wconf 92' lang='lat' dir='ltr'>esse</span> <span class='ocrx_word' id='word_1_317' title='bbox 1616 3800 1859 3854; x_wconf 90' lang='lat' dir='ltr'>nudum.</span> 
     </span>
    </p>
   </div>
   <div class='ocr_carea' id='block_1_41' title="bbox 152 3888 1863 3960">
    <p class='ocr_par' dir='ltr' id='par_1_41' title="bbox 152 3888 1863 3960">
     <span class='ocr_line' id='line_1_41' title="bbox 152 3888 1863 3960; baseline -0.001 -14"><span class='ocrx_word' id='word_1_318' title='bbox 152 3893 290 3946; x_wconf 88' lang='lat' dir='ltr'>Non</span> <span class='ocrx_word' id='word_1_319' title='bbox 321 3891 477 3945; x_wconf 90' lang='lat' dir='ltr'>enim</span> <span class='ocrx_word' id='word_1_320' title='bbox 505 3896 657 3944; x_wconf 86' lang='lat' dir='ltr'>veste</span> <span class='ocrx_word' id='word_1_321' title='bbox 689 3890 987 3944; x_wconf 85' lang='lat' dir='ltr'>accedente</span> <span class='ocrx_word' id='word_1_322' title='bbox 1033 3888 1209 3942; x_wconf 89' lang='lat' dir='ltr'>veluti</span> <span class='ocrx_word' id='word_1_323' title='bbox 1265 3888 1460 3960; x_wconf 91' lang='lat' dir='ltr'>aliqua</span> <span class='ocrx_word' id='word_1_324' title='bbox 1511 3905 1602 3943; x_wconf 89' lang='lat' dir='ltr'>res</span> <span class='ocrx_word' id='word_1_325' title='bbox 1650 3890 1863 3944; x_wconf 87' lang='lat' dir='ltr'>nobilis</span> 
     </span>
    </p>
   </div>
   <div class='ocr_carea' id='block_1_42' title="bbox 151 3977 1865 4048">
    <p class='ocr_par' dir='ltr' id='par_1_42' title="bbox 151 3977 1865 4048">
     <span class='ocr_line' id='line_1_42' title="bbox 151 3977 1865 4048; baseline -0.002 -12"><span class='ocrx_word' id='word_1_326' title='bbox 151 3979 393 4035; x_wconf 89' lang='lat' dir='ltr'>nuditas</span> <span class='ocrx_word' id='word_1_327' title='bbox 422 3978 589 4048; x_wconf 87' lang='lat' dir='ltr'>fugit.</span> <span class='ocrx_word' id='word_1_328' title='bbox 617 3978 850 4048; x_wconf 90' lang='lat' dir='ltr'>Sicergo</span> <span class='ocrx_word' id='word_1_329' title='bbox 864 3977 1104 4031; x_wconf 91' lang='lat' dir='ltr'>dicimus</span> <span class='ocrx_word' id='word_1_330' title='bbox 1126 3977 1377 4047; x_wconf 89' lang='lat' dir='ltr'>aliquem</span> <span class='ocrx_word' id='word_1_331' title='bbox 1406 3977 1615 4031; x_wconf 90' lang='lat' dir='ltr'>habere</span> <span class='ocrx_word' id='word_1_332' title='bbox 1654 3982 1865 4048; x_wconf 82' lang='lat' dir='ltr'>egesta-</span> 
     </span>
    </p>
   </div>
   <div class='ocr_carea' id='block_1_43' title="bbox 152 4065 1864 4139">
    <p class='ocr_par' dir='ltr' id='par_1_43' title="bbox 152 4065 1864 4139">
     <span class='ocr_line' id='line_1_43' title="bbox 152 4065 1864 4139; baseline -0.003 -16"><span class='ocrx_word' id='word_1_333' title='bbox 152 4074 307 4136; x_wconf 86' lang='lat' dir='ltr'>tem,</span> <span class='ocrx_word' id='word_1_334' title='bbox 337 4067 498 4139; x_wconf 91' lang='lat' dir='ltr'>quasi</span> <span class='ocrx_word' id='word_1_335' title='bbox 528 4066 780 4120; x_wconf 89' lang='lat' dir='ltr'>dicamus</span> <span class='ocrx_word' id='word_1_336' title='bbox 800 4066 1013 4120; x_wconf 89' lang='lat' dir='ltr'>habere</span> <span class='ocrx_word' id='word_1_337' title='bbox 1066 4065 1409 4119; x_wconf 87' lang='lat' dir='ltr'>nuditatem.</span> <span class='ocrx_word' id='word_1_338' title='bbox 1449 4066 1681 4135; x_wconf 86' lang='lat' dir='ltr'>Egestas</span> <span class='ocrx_word' id='word_1_339' title='bbox 1710 4066 1864 4119; x_wconf 90' lang='lat' dir='ltr'>enim</span> 
     </span>
    </p>
   </div>
   <div class='ocr_carea' id='block_1_44' title="bbox 150 4153 1862 4224">
    <p class='ocr_par' dir='ltr' id='par_1_44' title="bbox 150 4153 1862 4224">
     <span class='ocr_line' id='line_1_44' title="bbox 150 4153 1862 4224; baseline -0.002 -13"><span class='ocrx_word' id='word_1_340' title='bbox 150 4159 404 4211; x_wconf 87' lang='lat' dir='ltr'>verbum</span> <span class='ocrx_word' id='word_1_341' title='bbox 431 4161 513 4210; x_wconf 87' lang='lat' dir='ltr'>est</span> <span class='ocrx_word' id='word_1_342' title='bbox 542 4172 657 4209; x_wconf 92' lang='lat' dir='ltr'>non</span> <span class='ocrx_word' id='word_1_343' title='bbox 688 4154 959 4210; x_wconf 89' lang='lat' dir='ltr'>habendi.</span> <span class='ocrx_word' id='word_1_344' title='bbox 987 4153 1391 4220; x_wconf 90' lang='lat' dir='ltr'>Quamobrem,</span> <span class='ocrx_word' id='word_1_345' title='bbox 1439 4157 1505 4207; x_wconf 90' lang='lat' dir='ltr'>ut</span> <span class='ocrx_word' id='word_1_346' title='bbox 1549 4155 1704 4224; x_wconf 89' lang='lat' dir='ltr'>quod</span> <span class='ocrx_word' id='word_1_347' title='bbox 1734 4156 1862 4208; x_wconf 92' lang='lat' dir='ltr'>volo</span> 
     </span>
    </p>
   </div>
   <div class='ocr_carea' id='block_1_45' title="bbox 152 4242 1865 4317">
    <p class='ocr_par' dir='ltr' id='par_1_45' title="bbox 152 4242 1865 4317">
     <span class='ocr_line' id='line_1_45' title="bbox 152 4242 1865 4317; baseline -0.002 -17"><span class='ocrx_word' id='word_1_348' title='bbox 152 4245 446 4317; x_wconf 79' lang='lat' dir='ltr'>explicem</span> <span class='ocrx_word' id='word_1_349' title='bbox 477 4244 618 4298; x_wconf 89' lang='lat' dir='ltr'>sicut</span> <span class='ocrx_word' id='word_1_350' title='bbox 644 4260 892 4314; x_wconf 90' lang='lat' dir='ltr'>possum,</span> <span class='ocrx_word' id='word_1_351' title='bbox 928 4242 1009 4297; x_wconf 90' lang='lat' dir='ltr'>ita</span> <span class='ocrx_word' id='word_1_352' title='bbox 1037 4242 1264 4309; x_wconf 91' lang='lat' dir='ltr'>dicitur,</span> <span class='ocrx_word' id='word_1_353' title='bbox 1298 4242 1479 4296; x_wconf 84' lang='lat' dir='ltr'>Habet</span> <span class='ocrx_word' id='word_1_354' title='bbox 1511 4246 1823 4310; x_wconf 85' lang='lat' dir='ltr'>egestatem</span> <span class='ocrx_word' id='word_1_355' title='bbox 1849 4263 1865 4309; x_wconf 86' lang='lat'><strong>;</strong></span> 
     </span>
    </p>
   </div>
   <div class='ocr_carea' id='block_1_46' title="bbox 150 4330 1863 4407">
    <p class='ocr_par' dir='ltr' id='par_1_46' title="bbox 150 4330 1863 4407">
     <span class='ocr_line' id='line_1_46' title="bbox 150 4330 1863 4407; baseline -0.002 -18"><span class='ocrx_word' id='word_1_356' title='bbox 150 4335 331 4407; x_wconf 89' lang='lat' dir='ltr'>quasi</span> <span class='ocrx_word' id='word_1_357' title='bbox 361 4333 599 4399; x_wconf 90' lang='lat' dir='ltr'>dicatur,</span> <span class='ocrx_word' id='word_1_358' title='bbox 634 4333 815 4387; x_wconf 88' lang='lat' dir='ltr'>Habet</span> <span class='ocrx_word' id='word_1_359' title='bbox 841 4348 956 4386; x_wconf 90' lang='lat' dir='ltr'>non</span> <span class='ocrx_word' id='word_1_360' title='bbox 980 4332 1210 4386; x_wconf 91' lang='lat' dir='ltr'>habere.</span> <span class='ocrx_word' id='word_1_361' title='bbox 1243 4332 1460 4401; x_wconf 88' lang='lat' dir='ltr'>Itaque,</span> <span class='ocrx_word' id='word_1_362' title='bbox 1489 4330 1537 4383; x_wconf 91' lang='lat' dir='ltr'>si</span> <span class='ocrx_word' id='word_1_363' title='bbox 1567 4330 1863 4385; x_wconf 88' lang='lat' dir='ltr'>stultitiam</span> 
     </span>
    </p>
   </div>
   <div class='ocr_carea' id='block_1_47' title="bbox 147 4422 1866 4494">
    <p class='ocr_par' dir='ltr' id='par_1_47' title="bbox 147 4422 1866 4494">
     <span class='ocr_line' id='line_1_47' title="bbox 147 4422 1866 4494; baseline -0.003 -17"><span class='ocrx_word' id='word_1_364' title='bbox 147 4425 350 4494; x_wconf 89' lang='lat' dir='ltr'>ipsam</span> <span class='ocrx_word' id='word_1_365' title='bbox 380 4436 573 4474; x_wconf 84' lang='lat' dir='ltr'>veram</span> <span class='ocrx_word' id='word_1_366' title='bbox 604 4425 659 4473; x_wconf 90' lang='lat' dir='ltr'>et</span> <span class='ocrx_word' id='word_1_367' title='bbox 688 4424 901 4473; x_wconf 88' lang='lat' dir='ltr'>certam</span> <span class='ocrx_word' id='word_1_368' title='bbox 949 4422 1261 4489; x_wconf 88' lang='lat' dir='ltr'>egestatem</span> <span class='ocrx_word' id='word_1_369' title='bbox 1308 4432 1430 4471; x_wconf 90' lang='lat' dir='ltr'>esse</span> <span class='ocrx_word' id='word_1_370' title='bbox 1478 4422 1866 4471; x_wconf 88' lang='lat' dir='ltr'>monstratum</span> 
     </span>
    </p>
   </div>
   <div class='ocr_carea' id='block_1_48' title="bbox 148 4508 1865 4579">
    <p class='ocr_par' dir='ltr' id='par_1_48' title="bbox 148 4508 1865 4579">
     <span class='ocr_line' id='line_1_48' title="bbox 148 4508 1865 4579; baseline -0.005 -13"><span class='ocrx_word' id='word_1_371' title='bbox 148 4518 266 4577; x_wconf 90' lang='lat' dir='ltr'>est,</span> <span class='ocrx_word' id='word_1_372' title='bbox 303 4509 428 4563; x_wconf 90' lang='lat' dir='ltr'>vide</span> <span class='ocrx_word' id='word_1_373' title='bbox 448 4510 568 4579; x_wconf 88' lang='lat' dir='ltr'>jam</span> <span class='ocrx_word' id='word_1_374' title='bbox 600 4508 975 4579; x_wconf 77' lang='lat' dir='ltr'>quaestionem</span> <span class='ocrx_word' id='word_1_375' title='bbox 1000 4523 1173 4577; x_wconf 91' lang='lat' dir='ltr'>quam</span> <span class='ocrx_word' id='word_1_376' title='bbox 1203 4521 1653 4575; x_wconf 87' lang='lat' dir='ltr'>susceperamus,</span> <span class='ocrx_word' id='word_1_377' title='bbox 1673 4509 1865 4559; x_wconf 91' lang='lat' dir='ltr'>utrum</span> 
     </span>
    </p>
   </div>
   <div class='ocr_carea' id='block_1_49' title="bbox 149 4594 1866 4660">
    <p class='ocr_par' dir='ltr' id='par_1_49' title="bbox 149 4594 1866 4660">
     <span class='ocr_line' id='line_1_49' title="bbox 149 4594 1866 4660; baseline -0.003 -6"><span class='ocrx_word' id='word_1_378' title='bbox 149 4601 356 4654; x_wconf 87' lang='lat' dir='ltr'>soluta</span> <span class='ocrx_word' id='word_1_379' title='bbox 385 4596 476 4651; x_wconf 89' lang='lat' dir='ltr'>sit.</span> <span class='ocrx_word' id='word_1_380' title='bbox 529 4596 902 4651; x_wconf 89' lang='lat' dir='ltr'>Dubitabatur</span> <span class='ocrx_word' id='word_1_381' title='bbox 955 4596 1107 4649; x_wconf 86' lang='lat' dir='ltr'>enim</span> <span class='ocrx_word' id='word_1_382' title='bbox 1154 4594 1306 4648; x_wconf 92' lang='lat' dir='ltr'>inter</span> <span class='ocrx_word' id='word_1_383' title='bbox 1351 4610 1476 4660; x_wconf 90' lang='lat' dir='ltr'>nos,</span> <span class='ocrx_word' id='word_1_384' title='bbox 1511 4599 1706 4649; x_wconf 89' lang='lat' dir='ltr'>utrum</span> <span class='ocrx_word' id='word_1_385' title='bbox 1736 4611 1866 4649; x_wconf 90' lang='lat' dir='ltr'>cum</span> 
     </span>
    </p>
   </div>
   <div class='ocr_carea' id='block_1_50' title="bbox 150 4683 1867 4760">
    <p class='ocr_par' dir='ltr' id='par_1_50' title="bbox 150 4683 1867 4760">
     <span class='ocr_line' id='line_1_50' title="bbox 150 4683 1867 4760; baseline -0.002 -18"><span class='ocrx_word' id='word_1_386' title='bbox 150 4687 587 4760; x_wconf 89' lang='lat' dir='ltr'>appellaremus</span> <span class='ocrx_word' id='word_1_387' title='bbox 616 4685 930 4753; x_wconf 84' lang='lat' dir='ltr'>miseriam,</span> <span class='ocrx_word' id='word_1_388' title='bbox 971 4684 1113 4737; x_wconf 90' lang='lat' dir='ltr'>nihil</span> <span class='ocrx_word' id='word_1_389' title='bbox 1144 4683 1299 4737; x_wconf 87' lang='lat' dir='ltr'>aliud</span> <span class='ocrx_word' id='word_1_390' title='bbox 1332 4699 1505 4753; x_wconf 90' lang='lat' dir='ltr'>quam</span> <span class='ocrx_word' id='word_1_391' title='bbox 1556 4688 1867 4754; x_wconf 88' lang='lat' dir='ltr'>egestatem</span> 
     </span>
    </p>
   </div>
   <div class='ocr_carea' id='block_1_51' title="bbox 151 4771 1867 4839">
    <p class='ocr_par' dir='ltr' id='par_1_51' title="bbox 151 4771 1867 4839">
     <span class='ocr_line' id='line_1_51' title="bbox 151 4771 1867 4839; baseline -0.002 -8"><span class='ocrx_word' id='word_1_392' title='bbox 151 4774 618 4832; x_wconf 90' lang='lat' dir='ltr'>nominaremus.</span> <span class='ocrx_word' id='word_1_393' title='bbox 661 4773 933 4827; x_wconf 88' lang='lat' dir='ltr'>Dedimus</span> <span class='ocrx_word' id='word_1_394' title='bbox 963 4777 1156 4826; x_wconf 90' lang='lat' dir='ltr'>autem</span> <span class='ocrx_word' id='word_1_395' title='bbox 1186 4771 1488 4839; x_wconf 90' lang='lat' dir='ltr'>rationem,</span> <span class='ocrx_word' id='word_1_396' title='bbox 1510 4776 1659 4826; x_wconf 89' lang='lat' dir='ltr'>recte</span> <span class='ocrx_word' id='word_1_397' title='bbox 1682 4773 1867 4827; x_wconf 88' lang='lat' dir='ltr'>stulti-</span> 
     </span>
    </p>
   </div>
   <div class='ocr_carea' id='block_1_52' title="bbox 150 4859 1868 4933">
    <p class='ocr_par' dir='ltr' id='par_1_52' title="bbox 150 4859 1868 4933">
     <span class='ocr_line' id='line_1_52' title="bbox 150 4859 1868 4933; baseline -0.001 -15"><span class='ocrx_word' id='word_1_398' title='bbox 150 4865 311 4918; x_wconf 87' lang='lat' dir='ltr'>tiam</span> <span class='ocrx_word' id='word_1_399' title='bbox 340 4862 528 4916; x_wconf 88' lang='lat' dir='ltr'>vocari</span> <span class='ocrx_word' id='word_1_400' title='bbox 558 4866 887 4933; x_wconf 87' lang='lat' dir='ltr'>egestatem.</span> <span class='ocrx_word' id='word_1_401' title='bbox 937 4861 1095 4915; x_wconf 91' lang='lat' dir='ltr'>Sicut</span> <span class='ocrx_word' id='word_1_402' title='bbox 1132 4875 1265 4930; x_wconf 91' lang='lat' dir='ltr'>ergo</span> <span class='ocrx_word' id='word_1_403' title='bbox 1314 4863 1370 4914; x_wconf 91' lang='lat' dir='ltr'>et</span> <span class='ocrx_word' id='word_1_404' title='bbox 1426 4859 1613 4915; x_wconf 91' lang='lat' dir='ltr'>omnis</span> <span class='ocrx_word' id='word_1_405' title='bbox 1660 4863 1868 4916; x_wconf 89' lang='lat' dir='ltr'>stultus</span> 
     </span>
    </p>
   </div>
   <div class='ocr_carea' id='block_1_53' title="bbox 151 4947 1869 5018">
    <p class='ocr_par' dir='ltr' id='par_1_53' title="bbox 151 4947 1869 5018">
     <span class='ocr_line' id='line_1_53' title="bbox 151 4947 1869 5018; baseline -0.002 -11"><span class='ocrx_word' id='word_1_406' title='bbox 151 4953 363 5018; x_wconf 88' lang='lat' dir='ltr'>miser,</span> <span class='ocrx_word' id='word_1_407' title='bbox 392 4955 449 5004; x_wconf 91' lang='lat' dir='ltr'>et</span> <span class='ocrx_word' id='word_1_408' title='bbox 475 4950 660 5005; x_wconf 87' lang='lat' dir='ltr'>omnis</span> <span class='ocrx_word' id='word_1_409' title='bbox 685 4950 860 5005; x_wconf 89' lang='lat' dir='ltr'>miser</span> <span class='ocrx_word' id='word_1_410' title='bbox 889 4949 1094 5003; x_wconf 90' lang='lat' dir='ltr'>stultus</span> <span class='ocrx_word' id='word_1_411' title='bbox 1124 4954 1207 5002; x_wconf 89' lang='lat' dir='ltr'>est</span> <span class='ocrx_word' id='word_1_412' title='bbox 1231 4965 1244 5016; x_wconf 91' lang='lat'>;</span> <span class='ocrx_word' id='word_1_413' title='bbox 1272 4947 1352 5002; x_wconf 89' lang='lat' dir='ltr'>ita</span> <span class='ocrx_word' id='word_1_414' title='bbox 1380 4964 1606 5002; x_wconf 90' lang='lat' dir='ltr'>necesse</span> <span class='ocrx_word' id='word_1_415' title='bbox 1639 4954 1725 5003; x_wconf 86' lang='lat' dir='ltr'>est</span> <span class='ocrx_word' id='word_1_416' title='bbox 1752 4966 1869 5004; x_wconf 91' lang='lat' dir='ltr'>non</span> 
     </span>
    </p>
   </div>
   <div class='ocr_carea' id='block_1_54' title="bbox 150 5035 1868 5109">
    <p class='ocr_par' dir='ltr' id='par_1_54' title="bbox 150 5035 1868 5109">
     <span class='ocr_line' id='line_1_54' title="bbox 150 5035 1868 5109; baseline -0.001 -15"><span class='ocrx_word' id='word_1_417' title='bbox 150 5042 357 5095; x_wconf 84' lang='lat' dir='ltr'>solum</span> <span class='ocrx_word' id='word_1_418' title='bbox 387 5055 617 5093; x_wconf 89' lang='lat' dir='ltr'>omnem</span> <span class='ocrx_word' id='word_1_419' title='bbox 647 5038 747 5109; x_wconf 89' lang='lat' dir='ltr'>qui</span> <span class='ocrx_word' id='word_1_420' title='bbox 777 5041 939 5108; x_wconf 89' lang='lat' dir='ltr'>egeat</span> <span class='ocrx_word' id='word_1_421' title='bbox 962 5036 1270 5104; x_wconf 73' lang='lat' dir='ltr'>{miserum,</span> <span class='ocrx_word' id='word_1_422' title='bbox 1307 5035 1406 5106; x_wconf 85' lang='lat' dir='ltr'>sed</span> <span class='ocrx_word' id='word_1_423' title='bbox 1434 5036 1608 5091; x_wconf 90' lang='lat' dir='ltr'>etiam</span> <span class='ocrx_word' id='word_1_424' title='bbox 1637 5054 1868 5093; x_wconf 88' lang='lat' dir='ltr'>omnem</span> 
     </span>
    </p>
   </div>
   <div class='ocr_carea' id='block_1_55' title="bbox 153 5123 1868 5201">
    <p class='ocr_par' dir='ltr' id='par_1_55' title="bbox 153 5123 1868 5201">
     <span class='ocr_line' id='line_1_55' title="bbox 153 5123 1868 5201; baseline -0.001 -20"><span class='ocrx_word' id='word_1_425' title='bbox 153 5128 267 5201; x_wconf 87' lang='lat' dir='ltr'>qui</span> <span class='ocrx_word' id='word_1_426' title='bbox 300 5126 475 5181; x_wconf 89' lang='lat' dir='ltr'>miser</span> <span class='ocrx_word' id='word_1_427' title='bbox 494 5127 563 5181; x_wconf 83' lang='lat' dir='ltr'>sit</span> <span class='ocrx_word' id='word_1_428' title='bbox 594 5131 858 5197; x_wconf 87' lang='lat' dir='ltr'>egentem</span> <span class='ocrx_word' id='word_1_429' title='bbox 890 5141 1011 5180; x_wconf 88' lang='lat' dir='ltr'>esse</span> <span class='ocrx_word' id='word_1_430' title='bbox 1032 5124 1331 5179; x_wconf 87' lang='lat' dir='ltr'>fateamur.</span> <span class='ocrx_word' id='word_1_431' title='bbox 1364 5124 1435 5176; x_wconf 84' lang='lat' dir='ltr'>At</span> <span class='ocrx_word' id='word_1_432' title='bbox 1461 5123 1508 5176; x_wconf 91' lang='lat' dir='ltr'>si</span> <span class='ocrx_word' id='word_1_433' title='bbox 1532 5140 1599 5178; x_wconf 86' lang='lat' dir='ltr'>ex</span> <span class='ocrx_word' id='word_1_434' title='bbox 1632 5140 1697 5177; x_wconf 93' lang='lat' dir='ltr'>eo</span> <span class='ocrx_word' id='word_1_435' title='bbox 1717 5124 1868 5196; x_wconf 91' lang='lat' dir='ltr'>quod</span> 
     </span>
    </p>
   </div>
   <div class='ocr_carea' id='block_1_56' title="bbox 152 5209 1866 5280">
    <p class='ocr_par' dir='ltr' id='par_1_56' title="bbox 152 5209 1866 5280">
     <span class='ocr_line' id='line_1_56' title="bbox 152 5209 1866 5280; baseline -0.003 -9"><span class='ocrx_word' id='word_1_436' title='bbox 152 5224 216 5271; x_wconf 84' lang='lat' dir='ltr'>et</span> <span class='ocrx_word' id='word_1_437' title='bbox 250 5215 441 5270; x_wconf 91' lang='lat' dir='ltr'>omnis</span> <span class='ocrx_word' id='word_1_438' title='bbox 466 5215 674 5269; x_wconf 91' lang='lat' dir='ltr'>stultus</span> <span class='ocrx_word' id='word_1_439' title='bbox 704 5214 878 5267; x_wconf 89' lang='lat' dir='ltr'>miser</span> <span class='ocrx_word' id='word_1_440' title='bbox 907 5217 1012 5280; x_wconf 92' lang='lat' dir='ltr'>est,</span> <span class='ocrx_word' id='word_1_441' title='bbox 1054 5217 1109 5266; x_wconf 90' lang='lat' dir='ltr'>et</span> <span class='ocrx_word' id='word_1_442' title='bbox 1126 5210 1310 5265; x_wconf 89' lang='lat' dir='ltr'>omnis</span> <span class='ocrx_word' id='word_1_443' title='bbox 1330 5209 1503 5265; x_wconf 90' lang='lat' dir='ltr'>miser</span> <span class='ocrx_word' id='word_1_444' title='bbox 1532 5212 1736 5265; x_wconf 89' lang='lat' dir='ltr'>stultus</span> <span class='ocrx_word' id='word_1_445' title='bbox 1763 5217 1866 5280; x_wconf 88' lang='lat' dir='ltr'>est,</span> 
     </span>
    </p>
   </div>
   <div class='ocr_carea' id='block_1_57' title="bbox 153 5300 1868 5367">
    <p class='ocr_par' dir='ltr' id='par_1_57' title="bbox 153 5300 1868 5367">
     <span class='ocr_line' id='line_1_57' title="bbox 153 5300 1868 5367; baseline -0.003 -8"><span class='ocrx_word' id='word_1_446' title='bbox 153 5303 471 5360; x_wconf 85' lang='lat' dir='ltr'>conï¬citur</span> <span class='ocrx_word' id='word_1_447' title='bbox 512 5304 808 5357; x_wconf 88' lang='lat' dir='ltr'>stultitiam</span> <span class='ocrx_word' id='word_1_448' title='bbox 852 5318 971 5356; x_wconf 91' lang='lat' dir='ltr'>esse</span> <span class='ocrx_word' id='word_1_449' title='bbox 1018 5300 1345 5367; x_wconf 85' lang='lat' dir='ltr'>miseriam;</span> <span class='ocrx_word' id='word_1_450' title='bbox 1385 5314 1486 5352; x_wconf 91' lang='lat' dir='ltr'>cur</span> <span class='ocrx_word' id='word_1_451' title='bbox 1531 5314 1649 5352; x_wconf 92' lang='lat' dir='ltr'>non</span> <span class='ocrx_word' id='word_1_452' title='bbox 1690 5316 1757 5353; x_wconf 81' lang='lat' dir='ltr'>ex</span> <span class='ocrx_word' id='word_1_453' title='bbox 1803 5315 1868 5354; x_wconf 91' lang='lat' dir='ltr'>eo</span> 
     </span>
    </p>
   </div>
   <div class='ocr_carea' id='block_1_58' title="bbox 152 5386 1871 5467">
    <p class='ocr_par' dir='ltr' id='par_1_58' title="bbox 152 5386 1871 5467">
     <span class='ocr_line' id='line_1_58' title="bbox 152 5386 1871 5467; baseline -0.003 -18"><span class='ocrx_word' id='word_1_454' title='bbox 152 5394 327 5467; x_wconf 88' lang='lat' dir='ltr'>quod</span> <span class='ocrx_word' id='word_1_455' title='bbox 361 5397 417 5447; x_wconf 90' lang='lat' dir='ltr'>et</span> <span class='ocrx_word' id='word_1_456' title='bbox 439 5392 697 5463; x_wconf 88' lang='lat' dir='ltr'>quisquis</span> <span class='ocrx_word' id='word_1_457' title='bbox 731 5395 862 5462; x_wconf 90' lang='lat' dir='ltr'>eget</span> <span class='ocrx_word' id='word_1_458' title='bbox 909 5390 1102 5456; x_wconf 89' lang='lat' dir='ltr'>miser,</span> <span class='ocrx_word' id='word_1_459' title='bbox 1158 5392 1214 5442; x_wconf 90' lang='lat' dir='ltr'>et</span> <span class='ocrx_word' id='word_1_460' title='bbox 1268 5386 1527 5459; x_wconf 88' lang='lat' dir='ltr'>quisquis</span> <span class='ocrx_word' id='word_1_461' title='bbox 1587 5388 1760 5442; x_wconf 87' lang='lat' dir='ltr'>miser</span> <span class='ocrx_word' id='word_1_462' title='bbox 1788 5392 1871 5443; x_wconf 89' lang='lat' dir='ltr'>est</span> 
     </span>
    </p>
   </div>
   <div class='ocr_carea' id='block_1_59' title="bbox 152 5480 1865 5553">
    <p class='ocr_par' dir='ltr' id='par_1_59' title="bbox 152 5480 1865 5553">
     <span class='ocr_line' id='line_1_59' title="bbox 152 5480 1865 5553; baseline -0.003 -16"><span class='ocrx_word' id='word_1_463' title='bbox 152 5486 355 5553; x_wconf 87' lang='lat' dir='ltr'>egeat,</span> <span class='ocrx_word' id='word_1_464' title='bbox 389 5480 510 5535; x_wconf 89' lang='lat' dir='ltr'>nihi</span> <span class='ocrx_word' id='word_1_465' title='bbox 536 5480 693 5536; x_wconf 89' lang='lat' dir='ltr'>aliud</span> <span class='ocrx_word' id='word_1_466' title='bbox 722 5480 1015 5536; x_wconf 90' lang='lat' dir='ltr'>miseriam</span> <span class='ocrx_word' id='word_1_467' title='bbox 1040 5495 1215 5553; x_wconf 88' lang='lat' dir='ltr'>quam</span> <span class='ocrx_word' id='word_1_468' title='bbox 1242 5482 1552 5551; x_wconf 84' lang='lat' dir='ltr'>egestatem</span> <span class='ocrx_word' id='word_1_469' title='bbox 1581 5494 1703 5535; x_wconf 90' lang='lat' dir='ltr'>esse</span> <span class='ocrx_word' id='word_1_470' title='bbox 1733 5493 1865 5532; x_wconf 87' lang='lat' dir='ltr'>con-</span> 
     </span>
    </p>
   </div>
   <div class='ocr_carea' id='block_1_60' title="bbox 150 5568 433 5628">
    <p class='ocr_par' dir='ltr' id='par_1_60' title="bbox 150 5568 433 5628">
     <span class='ocr_line' id='line_1_60' title="bbox 150 5568 433 5628; baseline -0.018 0"><span class='ocrx_word' id='word_1_471' title='bbox 150 5568 433 5628; x_wconf 80' lang='lat' dir='ltr'>ticimus?</span> 
     </span>
    </p>
   </div>
   <div class='ocr_carea' id='block_1_61' title="bbox 1678 335 2148 391">
    <p class='ocr_par' dir='ltr' id='par_1_61' title="bbox 1678 335 2148 391">
     <span class='ocr_line' id='line_1_61' title="bbox 1678 335 2148 391; baseline -0.002 -2"><span class='ocrx_word' id='word_1_472' title='bbox 1678 335 1892 391; x_wconf 81' lang='lat' dir='ltr'>LIBER</span> <span class='ocrx_word' id='word_1_473' title='bbox 1941 336 2038 391; x_wconf 92' lang='lat' dir='ltr'>UN</span> <span class='ocrx_word' id='word_1_474' title='bbox 2045 336 2148 391; x_wconf 88' lang='lat' dir='ltr'>US.</span> 
     </span>
    </p>
   </div>
   <div class='ocr_carea' id='block_1_62' title="bbox 3564 343 3669 396">
    <p class='ocr_par' dir='ltr' id='par_1_62' title="bbox 3564 343 3669 396">
     <span class='ocr_line' id='line_1_62' title="bbox 3564 343 3669 396; baseline 0.01 -2"><span class='ocrx_word' id='word_1_475' title='bbox 3564 343 3669 396; x_wconf 75' lang='grc'>974</span> 
     </span>
    </p>
   </div>
   <div class='ocr_carea' id='block_1_63' title="bbox 2047 458 3670 522">
    <p class='ocr_par' dir='ltr' id='par_1_63' title="bbox 2047 458 3670 522">
     <span class='ocr_line' id='line_1_63' title="bbox 2047 458 3670 522; baseline 0.004 -11"><span class='ocrx_word' id='word_1_476' title='bbox 2047 461 2132 511; x_wconf 85' lang='grc'>30.</span> <span class='ocrx_word' id='word_1_477' title='bbox 2175 458 2337 522; x_wconf 91' lang='lat' dir='ltr'>Quod</span> <span class='ocrx_word' id='word_1_478' title='bbox 2386 475 2515 512; x_wconf 91' lang='lat' dir='ltr'>cum</span> <span class='ocrx_word' id='word_1_479' title='bbox 2575 475 2773 513; x_wconf 91' lang='lat' dir='ltr'>omnes</span> <span class='ocrx_word' id='word_1_480' title='bbox 2828 462 2907 513; x_wconf 89' lang='lat' dir='ltr'>ita</span> <span class='ocrx_word' id='word_1_481' title='bbox 2976 476 3097 515; x_wconf 90' lang='lat' dir='ltr'>esse</span> <span class='ocrx_word' id='word_1_482' title='bbox 3156 461 3489 517; x_wconf 85' lang='lat' dir='ltr'>faterentur.</span> <span class='ocrx_word' id='word_1_483' title='bbox 3522 464 3670 517; x_wconf 88' lang='lat' dir='ltr'>Illud</span> 
     </span>
    </p>
   </div>
   <div class='ocr_carea' id='block_1_64' title="bbox 1963 545 3665 621">
    <p class='ocr_par' dir='ltr' id='par_1_64' title="bbox 1963 545 3665 621">
     <span class='ocr_line' id='line_1_64' title="bbox 1963 545 3665 621; baseline 0.004 -22"><span class='ocrx_word' id='word_1_484' title='bbox 1963 546 2107 617; x_wconf 90' lang='lat' dir='ltr'>jam,</span> <span class='ocrx_word' id='word_1_485' title='bbox 2132 545 2388 616; x_wconf 88' lang='lat' dir='ltr'>inquam,</span> <span class='ocrx_word' id='word_1_486' title='bbox 2422 547 2701 617; x_wconf 88' lang='lat' dir='ltr'>sequitur,</span> <span class='ocrx_word' id='word_1_487' title='bbox 2750 552 2809 600; x_wconf 93' lang='lat' dir='ltr'>ut</span> <span class='ocrx_word' id='word_1_488' title='bbox 2828 549 3121 604; x_wconf 88' lang='lat' dir='ltr'>videamus</span> <span class='ocrx_word' id='word_1_489' title='bbox 3152 550 3279 620; x_wconf 90' lang='lat' dir='ltr'>quis</span> <span class='ocrx_word' id='word_1_490' title='bbox 3301 567 3417 605; x_wconf 93' lang='lat' dir='ltr'>non</span> <span class='ocrx_word' id='word_1_491' title='bbox 3457 556 3620 621; x_wconf 85' lang='lat' dir='ltr'>egeat</span> <span class='ocrx_word' id='word_1_492' title='bbox 3652 569 3665 606; x_wconf 93' lang='lat'><strong>:</strong></span> 
     </span>
    </p>
   </div>
   <div class='ocr_carea' id='block_1_65' title="bbox 1966 632 3666 706">
    <p class='ocr_par' dir='ltr' id='par_1_65' title="bbox 1966 632 3666 706">
     <span class='ocr_line' id='line_1_65' title="bbox 1966 632 3666 706; baseline 0.005 -21"><span class='ocrx_word' id='word_1_493' title='bbox 1966 633 2015 685; x_wconf 90' lang='lat' dir='ltr'>is</span> <span class='ocrx_word' id='word_1_494' title='bbox 2036 632 2190 687; x_wconf 90' lang='lat' dir='ltr'>enim</span> <span class='ocrx_word' id='word_1_495' title='bbox 2220 634 2327 688; x_wconf 90' lang='lat' dir='ltr'>erit</span> <span class='ocrx_word' id='word_1_496' title='bbox 2356 635 2579 704; x_wconf 89' lang='lat' dir='ltr'>sapiens</span> <span class='ocrx_word' id='word_1_497' title='bbox 2609 640 2664 688; x_wconf 86' lang='lat' dir='ltr'>et</span> <span class='ocrx_word' id='word_1_498' title='bbox 2694 636 2913 690; x_wconf 90' lang='lat' dir='ltr'>beatus.</span> <span class='ocrx_word' id='word_1_499' title='bbox 2948 638 3176 706; x_wconf 84' lang='lat' dir='ltr'>Egestas</span> <span class='ocrx_word' id='word_1_500' title='bbox 3208 644 3399 691; x_wconf 88' lang='lat' dir='ltr'>autem</span> <span class='ocrx_word' id='word_1_501' title='bbox 3421 640 3666 693; x_wconf 87' lang='lat' dir='ltr'>stultitia</span> 
     </span>
    </p>
   </div>
   <div class='ocr_carea' id='block_1_66' title="bbox 1969 717 3663 791">
    <p class='ocr_par' dir='ltr' id='par_1_66' title="bbox 1969 717 3663 791">
     <span class='ocr_line' id='line_1_66' title="bbox 1969 717 3663 791; baseline 0.005 -18"><span class='ocrx_word' id='word_1_502' title='bbox 1969 717 2073 785; x_wconf 82' lang='lat' dir='ltr'>est,</span> <span class='ocrx_word' id='word_1_503' title='bbox 2105 721 2483 791; x_wconf 90' lang='lat' dir='ltr'>egestatisque</span> <span class='ocrx_word' id='word_1_504' title='bbox 2511 739 2722 775; x_wconf 87' lang='lat' dir='ltr'>nomen</span> <span class='ocrx_word' id='word_1_505' title='bbox 2751 737 2762 777; x_wconf 89' lang='lat'><strong>:</strong></span> <span class='ocrx_word' id='word_1_506' title='bbox 2796 724 2901 776; x_wconf 91' lang='lat' dir='ltr'>hoc</span> <span class='ocrx_word' id='word_1_507' title='bbox 2943 730 3135 777; x_wconf 88' lang='lat' dir='ltr'>autem</span> <span class='ocrx_word' id='word_1_508' title='bbox 3170 726 3405 779; x_wconf 88' lang='lat' dir='ltr'>verbum</span> <span class='ocrx_word' id='word_1_509' title='bbox 3453 728 3663 781; x_wconf 91' lang='lat' dir='ltr'>sterili-</span> 
     </span>
    </p>
   </div>
   <div class='ocr_carea' id='block_1_67' title="bbox 1966 809 3665 880">
    <p class='ocr_par' dir='ltr' id='par_1_67' title="bbox 1966 809 3665 880">
     <span class='ocr_line' id='line_1_67' title="bbox 1966 809 3665 880; baseline 0.004 -19"><span class='ocrx_word' id='word_1_510' title='bbox 1966 812 2139 861; x_wconf 88' lang='lat' dir='ltr'>tatem</span> <span class='ocrx_word' id='word_1_511' title='bbox 2171 810 2457 879; x_wconf 85' lang='lat' dir='ltr'>quandam</span> <span class='ocrx_word' id='word_1_512' title='bbox 2489 815 2545 863; x_wconf 93' lang='lat' dir='ltr'>et</span> <span class='ocrx_word' id='word_1_513' title='bbox 2596 809 2851 880; x_wconf 84' lang='lat' dir='ltr'>inOpiam</span> <span class='ocrx_word' id='word_1_514' title='bbox 2892 812 3035 864; x_wconf 87' lang='lat' dir='ltr'>solet</span> <span class='ocrx_word' id='word_1_515' title='bbox 3069 812 3411 879; x_wconf 84' lang='lat' dir='ltr'>signiï¬care.</span> <span class='ocrx_word' id='word_1_516' title='bbox 3460 817 3665 868; x_wconf 80' lang='lat' dir='ltr'>Atten-</span> 
     </span>
    </p>
   </div>
   <div class='ocr_carea' id='block_1_68' title="bbox 1970 896 3663 970">
    <p class='ocr_par' dir='ltr' id='par_1_68' title="bbox 1970 896 3663 970">
     <span class='ocr_line' id='line_1_68' title="bbox 1970 896 3663 970; baseline 0.002 -19"><span class='ocrx_word' id='word_1_517' title='bbox 1970 896 2104 963; x_wconf 89' lang='lat' dir='ltr'>dite,</span> <span class='ocrx_word' id='word_1_518' title='bbox 2137 914 2349 968; x_wconf 84' lang='lat' dir='ltr'>quaeso,</span> <span class='ocrx_word' id='word_1_519' title='bbox 2373 899 2559 962; x_wconf 87' lang='lat' dir='ltr'>altius,</span> <span class='ocrx_word' id='word_1_520' title='bbox 2580 903 2793 969; x_wconf 88' lang='lat' dir='ltr'>quanta</span> <span class='ocrx_word' id='word_1_521' title='bbox 2821 915 2957 953; x_wconf 87' lang='lat' dir='ltr'>cura</span> <span class='ocrx_word' id='word_1_522' title='bbox 2986 899 3305 970; x_wconf 88' lang='lat' dir='ltr'>priscorum</span> <span class='ocrx_word' id='word_1_523' title='bbox 3342 901 3663 966; x_wconf 89' lang='lat' dir='ltr'>hominum,</span> 
     </span>
    </p>
   </div>
   <div class='ocr_carea' id='block_1_69' title="bbox 1972 985 3667 1057">
    <p class='ocr_par' dir='ltr' id='par_1_69' title="bbox 1972 985 3667 1057">
     <span class='ocr_line' id='line_1_69' title="bbox 1972 985 3667 1057; baseline 0.003 -20"><span class='ocrx_word' id='word_1_524' title='bbox 1972 985 2085 1037; x_wconf 90' lang='lat' dir='ltr'>sive</span> <span class='ocrx_word' id='word_1_525' title='bbox 2116 986 2327 1047; x_wconf 90' lang='lat' dir='ltr'>omnia,</span> <span class='ocrx_word' id='word_1_526' title='bbox 2364 985 2477 1039; x_wconf 90' lang='lat' dir='ltr'>sive</span> <span class='ocrx_word' id='word_1_527' title='bbox 2502 986 2654 1055; x_wconf 87' lang='lat' dir='ltr'>quod</span> <span class='ocrx_word' id='word_1_528' title='bbox 2685 986 3167 1052; x_wconf 86' lang='lat' dir='ltr'>manifestumest,</span> <span class='ocrx_word' id='word_1_529' title='bbox 3201 987 3464 1057; x_wconf 62' lang='lat' dir='ltr'>quaedam</span> <span class='ocrx_word' id='word_1_530' title='bbox 3495 988 3667 1043; x_wconf 90' lang='lat' dir='ltr'>verba</span> 
     </span>
    </p>
   </div>
   <div class='ocr_carea' id='block_1_70' title="bbox 1972 1075 3669 1145">
    <p class='ocr_par' dir='ltr' id='par_1_70' title="bbox 1972 1075 3669 1145">
     <span class='ocr_line' id='line_1_70' title="bbox 1972 1075 3669 1145; baseline 0.004 -20"><span class='ocrx_word' id='word_1_531' title='bbox 1972 1078 2160 1126; x_wconf 87' lang='lat' dir='ltr'>creata</span> <span class='ocrx_word' id='word_1_532' title='bbox 2190 1078 2338 1140; x_wconf 89' lang='lat' dir='ltr'>sunt,</span> <span class='ocrx_word' id='word_1_533' title='bbox 2372 1091 2568 1127; x_wconf 91' lang='lat' dir='ltr'>earum</span> <span class='ocrx_word' id='word_1_534' title='bbox 2608 1091 2799 1127; x_wconf 88' lang='lat' dir='ltr'>rerum</span> <span class='ocrx_word' id='word_1_535' title='bbox 2830 1075 3075 1127; x_wconf 77' lang='lat' dir='ltr'>maxime</span> <span class='ocrx_word' id='word_1_536' title='bbox 3108 1092 3352 1145; x_wconf 89' lang='lat' dir='ltr'>quarum</span> <span class='ocrx_word' id='word_1_537' title='bbox 3399 1084 3519 1130; x_wconf 87' lang='lat' dir='ltr'>erat</span> <span class='ocrx_word' id='word_1_538' title='bbox 3565 1093 3669 1131; x_wconf 91' lang='lat' dir='ltr'>no-</span> 
     </span>
    </p>
   </div>
   <div class='ocr_carea' id='block_1_71' title="bbox 1972 1160 3674 1231">
    <p class='ocr_par' dir='ltr' id='par_1_71' title="bbox 1972 1160 3674 1231">
     <span class='ocr_line' id='line_1_71' title="bbox 1972 1160 3674 1231; baseline 0.002 -17"><span class='ocrx_word' id='word_1_539' title='bbox 1972 1160 2097 1214; x_wconf 89' lang='lat' dir='ltr'>titia</span> <span class='ocrx_word' id='word_1_540' title='bbox 2126 1162 2567 1231; x_wconf 88' lang='lat' dir='ltr'>pernecessaria.</span> <span class='ocrx_word' id='word_1_541' title='bbox 2599 1164 2723 1216; x_wconf 87' lang='lat' dir='ltr'>Jam</span> <span class='ocrx_word' id='word_1_542' title='bbox 2757 1162 2907 1215; x_wconf 91' lang='lat' dir='ltr'>enim</span> <span class='ocrx_word' id='word_1_543' title='bbox 2941 1164 3250 1216; x_wconf 89' lang='lat' dir='ltr'>conceditis</span> <span class='ocrx_word' id='word_1_544' title='bbox 3270 1180 3500 1217; x_wconf 90' lang='lat' dir='ltr'>omnem</span> <span class='ocrx_word' id='word_1_545' title='bbox 3535 1164 3674 1218; x_wconf 88' lang='lat' dir='ltr'>stul-</span> 
     </span>
    </p>
   </div>
   <div class='ocr_carea' id='block_1_72' title="bbox 1973 1250 3667 1320">
    <p class='ocr_par' dir='ltr' id='par_1_72' title="bbox 1973 1250 3667 1320">
     <span class='ocr_line' id='line_1_72' title="bbox 1973 1250 3667 1320; baseline 0.003 -19"><span class='ocrx_word' id='word_1_546' title='bbox 1973 1253 2095 1301; x_wconf 91' lang='lat' dir='ltr'>tum</span> <span class='ocrx_word' id='word_1_547' title='bbox 2121 1266 2308 1319; x_wconf 88' lang='lat' dir='ltr'>egere,</span> <span class='ocrx_word' id='word_1_548' title='bbox 2342 1254 2398 1303; x_wconf 90' lang='lat' dir='ltr'>et</span> <span class='ocrx_word' id='word_1_549' title='bbox 2421 1266 2651 1303; x_wconf 90' lang='lat' dir='ltr'>omnem</span> <span class='ocrx_word' id='word_1_550' title='bbox 2682 1250 2780 1320; x_wconf 89' lang='lat' dir='ltr'>qui</span> <span class='ocrx_word' id='word_1_551' title='bbox 2805 1256 2969 1319; x_wconf 81' lang='lat' dir='ltr'>egeat</span> <span class='ocrx_word' id='word_1_552' title='bbox 3013 1252 3251 1304; x_wconf 85' lang='lat' dir='ltr'>stultum</span> <span class='ocrx_word' id='word_1_553' title='bbox 3302 1268 3421 1305; x_wconf 90' lang='lat' dir='ltr'>esse</span> <span class='ocrx_word' id='word_1_554' title='bbox 3456 1269 3467 1305; x_wconf 94' lang='lat'>:</span> <span class='ocrx_word' id='word_1_555' title='bbox 3502 1253 3667 1306; x_wconf 90' lang='lat' dir='ltr'>credo</span> 
     </span>
    </p>
   </div>
   <div class='ocr_carea' id='block_1_73' title="bbox 1972 1337 3670 1407">
    <p class='ocr_par' dir='ltr' id='par_1_73' title="bbox 1972 1337 3670 1407">
     <span class='ocr_line' id='line_1_73' title="bbox 1972 1337 3670 1407; baseline 0.004 -20"><span class='ocrx_word' id='word_1_556' title='bbox 1972 1352 2071 1389; x_wconf 86' lang='lat' dir='ltr'>vos</span> <span class='ocrx_word' id='word_1_557' title='bbox 2096 1337 2270 1390; x_wconf 90' lang='lat' dir='ltr'>etiam</span> <span class='ocrx_word' id='word_1_558' title='bbox 2298 1339 2607 1391; x_wconf 88' lang='lat' dir='ltr'>concedere</span> <span class='ocrx_word' id='word_1_559' title='bbox 2653 1338 2912 1391; x_wconf 90' lang='lat' dir='ltr'>animum</span> <span class='ocrx_word' id='word_1_560' title='bbox 2944 1340 3180 1392; x_wconf 89' lang='lat' dir='ltr'>stultum</span> <span class='ocrx_word' id='word_1_561' title='bbox 3232 1356 3351 1393; x_wconf 92' lang='lat' dir='ltr'>esse</span> <span class='ocrx_word' id='word_1_562' title='bbox 3382 1340 3670 1407; x_wconf 88' lang='lat' dir='ltr'>vitiosum,</span> 
     </span>
    </p>
   </div>
   <div class='ocr_carea' id='block_1_74' title="bbox 1971 1424 3668 1494">
    <p class='ocr_par' dir='ltr' id='par_1_74' title="bbox 1971 1424 3668 1494">
     <span class='ocr_line' id='line_1_74' title="bbox 1971 1424 3668 1494; baseline 0.004 -18"><span class='ocrx_word' id='word_1_563' title='bbox 1971 1424 2277 1494; x_wconf 89' lang='lat' dir='ltr'>omniaque</span> <span class='ocrx_word' id='word_1_564' title='bbox 2311 1425 2488 1478; x_wconf 90' lang='lat' dir='ltr'>animi</span> <span class='ocrx_word' id='word_1_565' title='bbox 2518 1425 2652 1479; x_wconf 86' lang='lat' dir='ltr'>vitia</span> <span class='ocrx_word' id='word_1_566' title='bbox 2685 1442 2795 1479; x_wconf 91' lang='lat' dir='ltr'>uno</span> <span class='ocrx_word' id='word_1_567' title='bbox 2826 1426 3084 1479; x_wconf 69' lang='lat' dir='ltr'>stultitia:</span> <span class='ocrx_word' id='word_1_568' title='bbox 3142 1427 3373 1480; x_wconf 89' lang='lat' dir='ltr'>nomine</span> <span class='ocrx_word' id='word_1_569' title='bbox 3429 1428 3668 1483; x_wconf 90' lang='lat' dir='ltr'>includi.</span> 
     </span>
    </p>
   </div>
   <div class='ocr_carea' id='block_1_75' title="bbox 1971 1513 3675 1585">
    <p class='ocr_par' dir='ltr' id='par_1_75' title="bbox 1971 1513 3675 1585">
     <span class='ocr_line' id='line_1_75' title="bbox 1971 1513 3675 1585; baseline 0.001 -19"><span class='ocrx_word' id='word_1_570' title='bbox 1971 1513 2162 1566; x_wconf 88' lang='lat' dir='ltr'>Primo</span> <span class='ocrx_word' id='word_1_571' title='bbox 2195 1518 2385 1567; x_wconf 90' lang='lat' dir='ltr'>autem</span> <span class='ocrx_word' id='word_1_572' title='bbox 2406 1514 2495 1567; x_wconf 88' lang='lat' dir='ltr'>die</span> <span class='ocrx_word' id='word_1_573' title='bbox 2511 1513 2682 1583; x_wconf 86' lang='lat' dir='ltr'>hujus</span> <span class='ocrx_word' id='word_1_574' title='bbox 2704 1513 3100 1584; x_wconf 89' lang='lat' dir='ltr'>disputationis</span> <span class='ocrx_word' id='word_1_575' title='bbox 3123 1519 3327 1567; x_wconf 63' lang='lat' dir='ltr'>nostra:</span> <span class='ocrx_word' id='word_1_576' title='bbox 3358 1515 3675 1585; x_wconf 90' lang='lat' dir='ltr'>nequitiam</span> 
     </span>
    </p>
   </div>
   <div class='ocr_carea' id='block_1_76' title="bbox 1976 1600 3673 1673">
    <p class='ocr_par' dir='ltr' id='par_1_76' title="bbox 1976 1600 3673 1673">
     <span class='ocr_line' id='line_1_76' title="bbox 1976 1600 3673 1673; baseline 0.002 -20"><span class='ocrx_word' id='word_1_577' title='bbox 1976 1600 2301 1654; x_wconf 81' lang='lat' dir='ltr'>dixeramus</span> <span class='ocrx_word' id='word_1_578' title='bbox 2331 1618 2452 1654; x_wconf 89' lang='lat' dir='ltr'>esse</span> <span class='ocrx_word' id='word_1_579' title='bbox 2492 1601 2560 1655; x_wconf 90' lang='lat' dir='ltr'>ab</span> <span class='ocrx_word' id='word_1_580' title='bbox 2592 1618 2658 1654; x_wconf 93' lang='lat' dir='ltr'>eo</span> <span class='ocrx_word' id='word_1_581' title='bbox 2690 1602 2898 1655; x_wconf 89' lang='lat' dir='ltr'>dictam</span> <span class='ocrx_word' id='word_1_582' title='bbox 2935 1602 3088 1672; x_wconf 90' lang='lat' dir='ltr'>quod</span> <span class='ocrx_word' id='word_1_583' title='bbox 3118 1618 3223 1655; x_wconf 89' lang='lat' dir='ltr'>nec</span> <span class='ocrx_word' id='word_1_584' title='bbox 3238 1602 3554 1673; x_wconf 88' lang='lat' dir='ltr'>quidquam</span> <span class='ocrx_word' id='word_1_585' title='bbox 3581 1603 3673 1669; x_wconf 89' lang='lat' dir='ltr'>sit,</span> 
     </span>
    </p>
   </div>
   <div class='ocr_carea' id='block_1_77' title="bbox 1975 1689 3667 1759">
    <p class='ocr_par' dir='ltr' id='par_1_77' title="bbox 1975 1689 3667 1759">
     <span class='ocr_line' id='line_1_77' title="bbox 1975 1689 3667 1759; baseline 0.002 -18"><span class='ocrx_word' id='word_1_586' title='bbox 1975 1689 2068 1741; x_wconf 91' lang='lat' dir='ltr'>cui</span> <span class='ocrx_word' id='word_1_587' title='bbox 2084 1689 2439 1742; x_wconf 84' lang='lat' dir='ltr'>contrariam</span> <span class='ocrx_word' id='word_1_588' title='bbox 2456 1689 2841 1759; x_wconf 89' lang='lat' dir='ltr'>frugalitatem</span> <span class='ocrx_word' id='word_1_589' title='bbox 2865 1707 2893 1742; x_wconf 87' lang='lat' dir='ltr'>a</span> <span class='ocrx_word' id='word_1_590' title='bbox 2908 1690 3070 1757; x_wconf 87' lang='lat' dir='ltr'>fruge</span> <span class='ocrx_word' id='word_1_591' title='bbox 3085 1690 3257 1743; x_wconf 88' lang='lat' dir='ltr'>fuisse</span> <span class='ocrx_word' id='word_1_592' title='bbox 3288 1690 3667 1745; x_wconf 86' lang='lat' dir='ltr'>nominatam.</span> 
     </span>
    </p>
   </div>
   <div class='ocr_carea' id='block_1_78' title="bbox 1978 1776 3675 1849">
    <p class='ocr_par' dir='ltr' id='par_1_78' title="bbox 1978 1776 3675 1849">
     <span class='ocr_line' id='line_1_78' title="bbox 1978 1776 3675 1849; baseline 0.002 -20"><span class='ocrx_word' id='word_1_593' title='bbox 1978 1777 2121 1845; x_wconf 80' lang='lat' dir='ltr'>Ergo</span> <span class='ocrx_word' id='word_1_594' title='bbox 2152 1777 2212 1829; x_wconf 89' lang='lat' dir='ltr'>in</span> <span class='ocrx_word' id='word_1_595' title='bbox 2233 1776 2303 1829; x_wconf 92' lang='lat' dir='ltr'>iis</span> <span class='ocrx_word' id='word_1_596' title='bbox 2335 1777 2557 1830; x_wconf 89' lang='lat' dir='ltr'>duobus</span> <span class='ocrx_word' id='word_1_597' title='bbox 2579 1776 2899 1845; x_wconf 90' lang='lat' dir='ltr'>contrariis,</span> <span class='ocrx_word' id='word_1_598' title='bbox 2929 1778 3034 1830; x_wconf 87' lang='lat' dir='ltr'>hoc</span> <span class='ocrx_word' id='word_1_599' title='bbox 3056 1782 3140 1831; x_wconf 88' lang='lat' dir='ltr'>est</span> <span class='ocrx_word' id='word_1_600' title='bbox 3157 1778 3484 1848; x_wconf 85' lang='lat' dir='ltr'>frugalitate</span> <span class='ocrx_word' id='word_1_601' title='bbox 3503 1783 3675 1849; x_wconf 89' lang='lat' dir='ltr'>atque</span> 
     </span>
    </p>
   </div>
   <div class='ocr_carea' id='block_1_79' title="bbox 1974 1864 3671 1935">
    <p class='ocr_par' dir='ltr' id='par_1_79' title="bbox 1974 1864 3671 1935">
     <span class='ocr_line' id='line_1_79' title="bbox 1974 1864 3671 1935; baseline 0.002 -18"><span class='ocrx_word' id='word_1_602' title='bbox 1974 1866 2250 1935; x_wconf 88' lang='lat' dir='ltr'>nequitia,</span> <span class='ocrx_word' id='word_1_603' title='bbox 2293 1866 2391 1919; x_wconf 91' lang='lat' dir='ltr'>illa</span> <span class='ocrx_word' id='word_1_604' title='bbox 2409 1866 2521 1919; x_wconf 89' lang='lat' dir='ltr'>duo</span> <span class='ocrx_word' id='word_1_605' title='bbox 2554 1865 2819 1918; x_wconf 89' lang='lat' dir='ltr'>videntur</span> <span class='ocrx_word' id='word_1_606' title='bbox 2849 1864 3122 1930; x_wconf 88' lang='lat' dir='ltr'>eminere,</span> <span class='ocrx_word' id='word_1_607' title='bbox 3159 1881 3279 1918; x_wconf 89' lang='lat' dir='ltr'>esse</span> <span class='ocrx_word' id='word_1_608' title='bbox 3307 1869 3363 1917; x_wconf 91' lang='lat' dir='ltr'>et</span> <span class='ocrx_word' id='word_1_609' title='bbox 3388 1882 3503 1918; x_wconf 92' lang='lat' dir='ltr'>non</span> <span class='ocrx_word' id='word_1_610' title='bbox 3527 1882 3671 1920; x_wconf 90' lang='lat' dir='ltr'>esse.</span> 
     </span>
    </p>
   </div>
   <div class='ocr_carea' id='block_1_80' title="bbox 1976 1952 3675 2023">
    <p class='ocr_par' dir='ltr' id='par_1_80' title="bbox 1976 1952 3675 2023">
     <span class='ocr_line' id='line_1_80' title="bbox 1976 1952 3675 2023; baseline 0.001 -17"><span class='ocrx_word' id='word_1_611' title='bbox 1976 1954 2224 2023; x_wconf 90' lang='lat' dir='ltr'>Egestati</span> <span class='ocrx_word' id='word_1_612' title='bbox 2251 1958 2442 2007; x_wconf 91' lang='lat' dir='ltr'>autem</span> <span class='ocrx_word' id='word_1_613' title='bbox 2467 1954 2536 2007; x_wconf 89' lang='lat' dir='ltr'>de</span> <span class='ocrx_word' id='word_1_614' title='bbox 2566 1970 2679 2022; x_wconf 89' lang='lat' dir='ltr'>qua</span> <span class='ocrx_word' id='word_1_615' title='bbox 2707 1952 2948 2023; x_wconf 68' lang='lat' dir='ltr'>quaestio</span> <span class='ocrx_word' id='word_1_616' title='bbox 2976 1956 3078 2018; x_wconf 90' lang='lat' dir='ltr'>est,</span> <span class='ocrx_word' id='word_1_617' title='bbox 3104 1952 3239 2023; x_wconf 91' lang='lat' dir='ltr'>quid</span> <span class='ocrx_word' id='word_1_618' title='bbox 3262 1956 3531 2022; x_wconf 90' lang='lat' dir='ltr'>putamus</span> <span class='ocrx_word' id='word_1_619' title='bbox 3552 1969 3675 2008; x_wconf 90' lang='lat' dir='ltr'>esse</span> 
     </span>
    </p>
   </div>
   <div class='ocr_carea' id='block_1_81' title="bbox 1976 2040 3676 2110">
    <p class='ocr_par' dir='ltr' id='par_1_81' title="bbox 1976 2040 3676 2110">
     <span class='ocr_line' id='line_1_81' title="bbox 1976 2040 3676 2110; baseline 0.001 -16"><span class='ocrx_word' id='word_1_620' title='bbox 1976 2041 2375 2095; x_wconf 85' lang='lat' dir='ltr'>contrarium?</span> <span class='ocrx_word' id='word_1_621' title='bbox 2426 2040 2522 2093; x_wconf 85' lang='lat' dir='ltr'>Hic</span> <span class='ocrx_word' id='word_1_622' title='bbox 2550 2056 2682 2093; x_wconf 90' lang='lat' dir='ltr'>cum</span> <span class='ocrx_word' id='word_1_623' title='bbox 2730 2040 3086 2110; x_wconf 89' lang='lat' dir='ltr'>aliquantum</span> <span class='ocrx_word' id='word_1_624' title='bbox 3132 2045 3534 2095; x_wconf 90' lang='lat' dir='ltr'>cunctarentur</span> <span class='ocrx_word' id='word_1_625' title='bbox 3570 2063 3583 2096; x_wconf 89' lang='lat'><strong>:</strong></span> <span class='ocrx_word' id='word_1_626' title='bbox 3619 2042 3676 2097; x_wconf 89' lang='lat' dir='ltr'>Si</span> 
     </span>
    </p>
   </div>
   <div class='ocr_carea' id='block_1_82' title="bbox 1972 2128 3662 2199">
    <p class='ocr_par' dir='ltr' id='par_1_82' title="bbox 1972 2128 3662 2199">
     <span class='ocr_line' id='line_1_82' title="bbox 1972 2128 3662 2199; baseline 0.001 -16"><span class='ocrx_word' id='word_1_627' title='bbox 1972 2130 2173 2194; x_wconf 88' lang='lat' dir='ltr'>dicam,</span> <span class='ocrx_word' id='word_1_628' title='bbox 2209 2128 2397 2199; x_wconf 87' lang='lat' dir='ltr'>inquit</span> <span class='ocrx_word' id='word_1_629' title='bbox 2424 2128 2741 2198; x_wconf 77' lang='lat' dir='ltr'>Trygetius,</span> <span class='ocrx_word' id='word_1_630' title='bbox 2788 2128 3047 2192; x_wconf 88' lang='lat' dir='ltr'>divitias;</span> <span class='ocrx_word' id='word_1_631' title='bbox 3083 2128 3248 2182; x_wconf 88' lang='lat' dir='ltr'>video</span> <span class='ocrx_word' id='word_1_632' title='bbox 3295 2128 3384 2182; x_wconf 92' lang='lat' dir='ltr'>his</span> <span class='ocrx_word' id='word_1_633' title='bbox 3414 2128 3662 2199; x_wconf 81' lang='lat' dir='ltr'>pauper-</span> 
     </span>
    </p>
   </div>
   <div class='ocr_carea' id='block_1_83' title="bbox 1970 2216 3657 2287">
    <p class='ocr_par' dir='ltr' id='par_1_83' title="bbox 1970 2216 3657 2287">
     <span class='ocr_line' id='line_1_83' title="bbox 1970 2216 3657 2287; baseline 0 -15"><span class='ocrx_word' id='word_1_634' title='bbox 1970 2223 2145 2272; x_wconf 89' lang='lat' dir='ltr'>tatem</span> <span class='ocrx_word' id='word_1_635' title='bbox 2160 2235 2279 2271; x_wconf 89' lang='lat' dir='ltr'>esse</span> <span class='ocrx_word' id='word_1_636' title='bbox 2310 2217 2676 2270; x_wconf 88' lang='lat' dir='ltr'>contrariam.</span> <span class='ocrx_word' id='word_1_637' title='bbox 2702 2218 2796 2270; x_wconf 88' lang='lat' dir='ltr'>Est</span> <span class='ocrx_word' id='word_1_638' title='bbox 2823 2216 3355 2287; x_wconf 89' lang='lat' dir='ltr'>quidem,inquam,</span> <span class='ocrx_word' id='word_1_639' title='bbox 3386 2218 3657 2272; x_wconf 91' lang='lat' dir='ltr'>vicinum.</span> 
     </span>
    </p>
   </div>
   <div class='ocr_carea' id='block_1_84' title="bbox 1975 2306 3675 2377">
    <p class='ocr_par' dir='ltr' id='par_1_84' title="bbox 1975 2306 3675 2377">
     <span class='ocr_line' id='line_1_84' title="bbox 1975 2306 3675 2377; baseline 0 -17"><span class='ocrx_word' id='word_1_640' title='bbox 1975 2307 2113 2360; x_wconf 89' lang='lat' dir='ltr'>Nam</span> <span class='ocrx_word' id='word_1_641' title='bbox 2170 2310 2475 2377; x_wconf 90' lang='lat' dir='ltr'>paupertas</span> <span class='ocrx_word' id='word_1_642' title='bbox 2523 2309 2580 2358; x_wconf 91' lang='lat' dir='ltr'>et</span> <span class='ocrx_word' id='word_1_643' title='bbox 2617 2309 2834 2375; x_wconf 88' lang='lat' dir='ltr'>egestas</span> <span class='ocrx_word' id='word_1_644' title='bbox 2886 2321 3070 2359; x_wconf 90' lang='lat' dir='ltr'>unum</span> <span class='ocrx_word' id='word_1_645' title='bbox 3111 2310 3278 2376; x_wconf 88' lang='lat' dir='ltr'>atque</span> <span class='ocrx_word' id='word_1_646' title='bbox 3311 2306 3465 2360; x_wconf 89' lang='lat' dir='ltr'>idem</span> <span class='ocrx_word' id='word_1_647' title='bbox 3495 2307 3675 2377; x_wconf 89' lang='lat' dir='ltr'>accipi</span> 
     </span>
    </p>
   </div>
   <div class='ocr_carea' id='block_1_85' title="bbox 1972 2393 3673 2459">
    <p class='ocr_par' dir='ltr' id='par_1_85' title="bbox 1972 2393 3673 2459">
     <span class='ocr_line' id='line_1_85' title="bbox 1972 2393 3673 2459; baseline 0 -11"><span class='ocrx_word' id='word_1_648' title='bbox 1972 2396 2174 2448; x_wconf 91' lang='lat' dir='ltr'>solent.</span> <span class='ocrx_word' id='word_1_649' title='bbox 2208 2396 2421 2448; x_wconf 89' lang='lat' dir='ltr'>Tamen</span> <span class='ocrx_word' id='word_1_650' title='bbox 2444 2393 2597 2447; x_wconf 86' lang='lat' dir='ltr'>aliud</span> <span class='ocrx_word' id='word_1_651' title='bbox 2628 2394 2865 2447; x_wconf 88' lang='lat' dir='ltr'>verbum</span> <span class='ocrx_word' id='word_1_652' title='bbox 2889 2393 3302 2447; x_wconf 90' lang='lat' dir='ltr'>inveniendum</span> <span class='ocrx_word' id='word_1_653' title='bbox 3336 2399 3435 2459; x_wconf 90' lang='lat' dir='ltr'>est,</span> <span class='ocrx_word' id='word_1_654' title='bbox 3462 2411 3533 2448; x_wconf 91' lang='lat' dir='ltr'>ne</span> <span class='ocrx_word' id='word_1_655' title='bbox 3553 2410 3673 2448; x_wconf 88' lang='lat' dir='ltr'>me-</span> 
     </span>
    </p>
   </div>
   <div class='ocr_carea' id='block_1_86' title="bbox 1970 2480 3673 2552">
    <p class='ocr_par' dir='ltr' id='par_1_86' title="bbox 1970 2480 3673 2552">
     <span class='ocr_line' id='line_1_86' title="bbox 1970 2480 3673 2552; baseline -0.001 -18"><span class='ocrx_word' id='word_1_656' title='bbox 1970 2481 2102 2534; x_wconf 92' lang='lat' dir='ltr'>liori</span> <span class='ocrx_word' id='word_1_657' title='bbox 2140 2480 2289 2552; x_wconf 89' lang='lat' dir='ltr'>parti</span> <span class='ocrx_word' id='word_1_658' title='bbox 2316 2480 2462 2534; x_wconf 91' lang='lat' dir='ltr'>desit</span> <span class='ocrx_word' id='word_1_659' title='bbox 2492 2496 2671 2533; x_wconf 91' lang='lat' dir='ltr'>unum</span> <span class='ocrx_word' id='word_1_660' title='bbox 2706 2480 3071 2549; x_wconf 90' lang='lat' dir='ltr'>vocabulum,</span> <span class='ocrx_word' id='word_1_661' title='bbox 3114 2484 3180 2534; x_wconf 89' lang='lat' dir='ltr'>ut</span> <span class='ocrx_word' id='word_1_662' title='bbox 3224 2496 3355 2534; x_wconf 87' lang='lat' dir='ltr'>cum</span> <span class='ocrx_word' id='word_1_663' title='bbox 3400 2480 3498 2534; x_wconf 90' lang='lat' dir='ltr'>illa</span> <span class='ocrx_word' id='word_1_664' title='bbox 3540 2497 3673 2550; x_wconf 90' lang='lat' dir='ltr'>pars</span> 
     </span>
    </p>
   </div>
   <div class='ocr_carea' id='block_1_87' title="bbox 1972 2568 3674 2640">
    <p class='ocr_par' dir='ltr' id='par_1_87' title="bbox 1972 2568 3674 2640">
     <span class='ocr_line' id='line_1_87' title="bbox 1972 2568 3674 2640; baseline 0 -17"><span class='ocrx_word' id='word_1_665' title='bbox 1972 2569 2325 2640; x_wconf 85' lang='lat' dir='ltr'>paupertatis</span> <span class='ocrx_word' id='word_1_666' title='bbox 2356 2573 2413 2623; x_wconf 91' lang='lat' dir='ltr'>et</span> <span class='ocrx_word' id='word_1_667' title='bbox 2440 2568 2707 2639; x_wconf 89' lang='lat' dir='ltr'>egestatis</span> <span class='ocrx_word' id='word_1_668' title='bbox 2738 2568 2971 2621; x_wconf 90' lang='lat' dir='ltr'>nomine</span> <span class='ocrx_word' id='word_1_669' title='bbox 3002 2568 3271 2634; x_wconf 89' lang='lat' dir='ltr'>abundet,</span> <span class='ocrx_word' id='word_1_670' title='bbox 3304 2586 3371 2622; x_wconf 80' lang='lat' dir='ltr'>ex</span> <span class='ocrx_word' id='word_1_671' title='bbox 3390 2569 3496 2622; x_wconf 88' lang='lat' dir='ltr'>hac</span> <span class='ocrx_word' id='word_1_672' title='bbox 3513 2572 3674 2639; x_wconf 89' lang='lat' dir='ltr'>parte</span> 
     </span>
    </p>
   </div>
   <div class='ocr_carea' id='block_1_88' title="bbox 1972 2655 3673 2727">
    <p class='ocr_par' dir='ltr' id='par_1_88' title="bbox 1972 2655 3673 2727">
     <span class='ocr_line' id='line_1_88' title="bbox 1972 2655 3673 2727; baseline -0.001 -16"><span class='ocrx_word' id='word_1_673' title='bbox 1972 2658 2157 2712; x_wconf 91' lang='lat' dir='ltr'>solum</span> <span class='ocrx_word' id='word_1_674' title='bbox 2178 2661 2501 2727; x_wconf 87' lang='lat' dir='ltr'>opponatur</span> <span class='ocrx_word' id='word_1_675' title='bbox 2514 2655 2843 2709; x_wconf 90' lang='lat' dir='ltr'>divitiarum</span> <span class='ocrx_word' id='word_1_676' title='bbox 2865 2672 3100 2709; x_wconf 91' lang='lat' dir='ltr'>nomen.</span> <span class='ocrx_word' id='word_1_677' title='bbox 3133 2655 3282 2708; x_wconf 90' lang='lat' dir='ltr'>Nihil</span> <span class='ocrx_word' id='word_1_678' title='bbox 3297 2656 3451 2709; x_wconf 87' lang='lat' dir='ltr'>enim</span> <span class='ocrx_word' id='word_1_679' title='bbox 3474 2656 3673 2709; x_wconf 87' lang='lat' dir='ltr'>absur-</span> 
     </span>
    </p>
   </div>
   <div class='ocr_carea' id='block_1_89' title="bbox 1972 2743 3672 2817">
    <p class='ocr_par' dir='ltr' id='par_1_89' title="bbox 1972 2743 3672 2817">
     <span class='ocr_line' id='line_1_89' title="bbox 1972 2743 3672 2817; baseline -0.002 -19"><span class='ocrx_word' id='word_1_680' title='bbox 1972 2745 2100 2799; x_wconf 90' lang='lat' dir='ltr'>dius</span> <span class='ocrx_word' id='word_1_681' title='bbox 2130 2761 2303 2817; x_wconf 90' lang='lat' dir='ltr'>quam</span> <span class='ocrx_word' id='word_1_682' title='bbox 2337 2749 2398 2797; x_wconf 90' lang='lat' dir='ltr'>ut</span> <span class='ocrx_word' id='word_1_683' title='bbox 2425 2744 2517 2798; x_wconf 91' lang='lat' dir='ltr'>hic</span> <span class='ocrx_word' id='word_1_684' title='bbox 2547 2744 2619 2796; x_wconf 92' lang='lat' dir='ltr'>sit</span> <span class='ocrx_word' id='word_1_685' title='bbox 2647 2748 2865 2813; x_wconf 88' lang='lat' dir='ltr'>egestas</span> <span class='ocrx_word' id='word_1_686' title='bbox 2894 2744 3175 2811; x_wconf 88' lang='lat' dir='ltr'>vocabuli,</span> <span class='ocrx_word' id='word_1_687' title='bbox 3216 2743 3313 2796; x_wconf 91' lang='lat' dir='ltr'>ubi</span> <span class='ocrx_word' id='word_1_688' title='bbox 3345 2748 3429 2797; x_wconf 90' lang='lat' dir='ltr'>est</span> <span class='ocrx_word' id='word_1_689' title='bbox 3449 2748 3672 2797; x_wconf 88' lang='lat' dir='ltr'>ocntra-</span> 
     </span>
    </p>
   </div>
   <div class='ocr_carea' id='block_1_90' title="bbox 1970 2830 3672 2904">
    <p class='ocr_par' dir='ltr' id='par_1_90' title="bbox 1970 2830 3672 2904">
     <span class='ocr_line' id='line_1_90' title="bbox 1970 2830 3672 2904; baseline -0.002 -17"><span class='ocrx_word' id='word_1_690' title='bbox 1970 2833 2058 2887; x_wconf 89' lang='lat' dir='ltr'>ria</span> <span class='ocrx_word' id='word_1_691' title='bbox 2086 2850 2218 2904; x_wconf 87' lang='lat' dir='ltr'>pars</span> <span class='ocrx_word' id='word_1_692' title='bbox 2244 2833 2502 2903; x_wconf 85' lang='lat' dir='ltr'>egestati.</span> <span class='ocrx_word' id='word_1_693' title='bbox 2546 2832 2873 2897; x_wconf 90' lang='lat' dir='ltr'>Plenitudo,</span> <span class='ocrx_word' id='word_1_694' title='bbox 2933 2832 3123 2901; x_wconf 89' lang='lat' dir='ltr'>inquit</span> <span class='ocrx_word' id='word_1_695' title='bbox 3152 2830 3453 2899; x_wconf 88' lang='lat' dir='ltr'>Licentius,</span> <span class='ocrx_word' id='word_1_696' title='bbox 3485 2832 3533 2885; x_wconf 89' lang='lat' dir='ltr'>si</span> <span class='ocrx_word' id='word_1_697' title='bbox 3562 2831 3672 2884; x_wconf 89' lang='lat' dir='ltr'>dici</span> 
     </span>
    </p>
   </div>
   <div class='ocr_carea' id='block_1_91' title="bbox 1970 2918 3312 2992">
    <p class='ocr_par' dir='ltr' id='par_1_91' title="bbox 1970 2918 3312 2992">
     <span class='ocr_line' id='line_1_91' title="bbox 1970 2918 3312 2992; baseline -0.001 -17"><span class='ocrx_word' id='word_1_698' title='bbox 1970 2925 2175 2992; x_wconf 90' lang='lat' dir='ltr'>potest,</span> <span class='ocrx_word' id='word_1_699' title='bbox 2205 2921 2431 2974; x_wconf 91' lang='lat' dir='ltr'>videtur</span> <span class='ocrx_word' id='word_1_700' title='bbox 2459 2918 2602 2973; x_wconf 90' lang='lat' dir='ltr'>mihi</span> <span class='ocrx_word' id='word_1_701' title='bbox 2630 2923 2781 2973; x_wconf 91' lang='lat' dir='ltr'>recte</span> <span class='ocrx_word' id='word_1_702' title='bbox 2811 2919 3027 2989; x_wconf 87' lang='lat' dir='ltr'>opponi</span> <span class='ocrx_word' id='word_1_703' title='bbox 3057 2918 3312 2989; x_wconf 87' lang='lat' dir='ltr'>egestati.</span> 
     </span>
    </p>
   </div>
   <div class='ocr_carea' id='block_1_92' title="bbox 2042 3006 3668 3078">
    <p class='ocr_par' dir='ltr' id='par_1_92' title="bbox 2042 3006 3668 3078">
     <span class='ocr_line' id='line_1_92' title="bbox 2042 3006 3668 3078; baseline -0.001 -15"><span class='ocrx_word' id='word_1_704' title='bbox 2042 3012 2127 3063; x_wconf 77' lang='lat'>31.</span> <span class='ocrx_word' id='word_1_705' title='bbox 2160 3010 2380 3075; x_wconf 90' lang='lat' dir='ltr'>Postea,</span> <span class='ocrx_word' id='word_1_706' title='bbox 2414 3008 2671 3078; x_wconf 90' lang='lat' dir='ltr'>inquam,</span> <span class='ocrx_word' id='word_1_707' title='bbox 2708 3006 2777 3060; x_wconf 93' lang='lat' dir='ltr'>de</span> <span class='ocrx_word' id='word_1_708' title='bbox 2832 3008 3003 3061; x_wconf 87' lang='lat' dir='ltr'>verbo</span> <span class='ocrx_word' id='word_1_709' title='bbox 3052 3023 3378 3077; x_wconf 67' lang='lat' dir='ltr'>qumremus</span> <span class='ocrx_word' id='word_1_710' title='bbox 3432 3007 3668 3062; x_wconf 86' lang='lat' dir='ltr'>fortasse</span> 
     </span>
    </p>
   </div>
   <div class='ocr_carea' id='block_1_93' title="bbox 1972 3094 3669 3166">
    <p class='ocr_par' dir='ltr' id='par_1_93' title="bbox 1972 3094 3669 3166">
     <span class='ocr_line' id='line_1_93' title="bbox 1972 3094 3669 3166; baseline -0.001 -15"><span class='ocrx_word' id='word_1_711' title='bbox 1972 3096 2320 3166; x_wconf 86' lang='lat' dir='ltr'>diligentius.</span> <span class='ocrx_word' id='word_1_712' title='bbox 2358 3097 2483 3149; x_wconf 86' lang='lat' dir='ltr'>Non</span> <span class='ocrx_word' id='word_1_713' title='bbox 2513 3094 2667 3149; x_wconf 85' lang='lat' dir='ltr'>enim</span> <span class='ocrx_word' id='word_1_714' title='bbox 2700 3095 2807 3149; x_wconf 93' lang='lat' dir='ltr'>hoc</span> <span class='ocrx_word' id='word_1_715' title='bbox 2840 3095 3157 3149; x_wconf 90' lang='lat' dir='ltr'>curandum</span> <span class='ocrx_word' id='word_1_716' title='bbox 3202 3100 3286 3149; x_wconf 91' lang='lat' dir='ltr'>est</span> <span class='ocrx_word' id='word_1_717' title='bbox 3322 3096 3381 3148; x_wconf 91' lang='lat' dir='ltr'>in</span> <span class='ocrx_word' id='word_1_718' title='bbox 3429 3095 3669 3166; x_wconf 90' lang='lat' dir='ltr'>inquisi-</span> 
     </span>
    </p>
   </div>
   <div class='ocr_carea' id='block_1_94' title="bbox 1970 3183 3671 3247">
    <p class='ocr_par' dir='ltr' id='par_1_94' title="bbox 1970 3183 3671 3247">
     <span class='ocr_line' id='line_1_94' title="bbox 1970 3183 3671 3247; baseline -0.001 -8"><span class='ocrx_word' id='word_1_719' title='bbox 1970 3185 2126 3239; x_wconf 90' lang='lat' dir='ltr'>tione</span> <span class='ocrx_word' id='word_1_720' title='bbox 2152 3184 2422 3239; x_wconf 89' lang='lat' dir='ltr'>veritatis.</span> <span class='ocrx_word' id='word_1_721' title='bbox 2482 3183 2747 3247; x_wconf 85' lang='lat' dir='ltr'>Quamvis</span> <span class='ocrx_word' id='word_1_722' title='bbox 2801 3183 2955 3237; x_wconf 92' lang='lat' dir='ltr'>enim</span> <span class='ocrx_word' id='word_1_723' title='bbox 3004 3183 3303 3237; x_wconf 88' lang='lat' dir='ltr'>Sallustius</span> <span class='ocrx_word' id='word_1_724' title='bbox 3331 3183 3671 3238; x_wconf 89' lang='lat' dir='ltr'>lectissimus</span> 
     </span>
    </p>
   </div>
   <div class='ocr_carea' id='block_1_95' title="bbox 1971 3272 3671 3344">
    <p class='ocr_par' dir='ltr' id='par_1_95' title="bbox 1971 3272 3671 3344">
     <span class='ocr_line' id='line_1_95' title="bbox 1971 3272 3671 3344; baseline 0 -17"><span class='ocrx_word' id='word_1_725' title='bbox 1971 3278 2237 3343; x_wconf 89' lang='lat' dir='ltr'>pensator</span> <span class='ocrx_word' id='word_1_726' title='bbox 2285 3274 2611 3339; x_wconf 88' lang='lat' dir='ltr'>verborum,</span> <span class='ocrx_word' id='word_1_727' title='bbox 2664 3273 2903 3343; x_wconf 89' lang='lat' dir='ltr'>egestati</span> <span class='ocrx_word' id='word_1_728' title='bbox 2933 3273 3265 3344; x_wconf 89' lang='lat' dir='ltr'>opposuerit</span> <span class='ocrx_word' id='word_1_729' title='bbox 3318 3272 3671 3343; x_wconf 90' lang='lat' dir='ltr'>opulentiam</span> 
     </span>
    </p>
   </div>
   <div class='ocr_carea' id='block_1_96' title="bbox 1974 3360 3668 3432">
    <p class='ocr_par' dir='ltr' id='par_1_96' title="bbox 1974 3360 3668 3432">
     <span class='ocr_line' id='line_1_96' title="bbox 1974 3360 3668 3432; baseline -0.001 -16"><span class='ocrx_word' id='word_1_730' title='bbox 1974 3363 2303 3432; x_wconf 78' lang='lat' dir='ltr'>(Sallustius,</span> <span class='ocrx_word' id='word_1_731' title='bbox 2352 3361 2417 3415; x_wconf 87' lang='lat' dir='ltr'>de</span> <span class='ocrx_word' id='word_1_732' title='bbox 2470 3362 2607 3416; x_wconf 84' lang='lat' dir='ltr'>Bello</span> <span class='ocrx_word' id='word_1_733' title='bbox 2663 3360 2948 3431; x_wconf 83' lang='lat' dir='ltr'>Catilin.);</span> <span class='ocrx_word' id='word_1_734' title='bbox 3008 3366 3202 3414; x_wconf 92' lang='lat' dir='ltr'>tamen</span> <span class='ocrx_word' id='word_1_735' title='bbox 3243 3360 3456 3431; x_wconf 90' lang='lat' dir='ltr'>accipio</span> <span class='ocrx_word' id='word_1_736' title='bbox 3498 3360 3668 3414; x_wconf 91' lang='lat' dir='ltr'>istam</span> 
     </span>
    </p>
   </div>
   <div class='ocr_carea' id='block_1_97' title="bbox 1972 3448 3672 3521">
    <p class='ocr_par' dir='ltr' id='par_1_97' title="bbox 1972 3448 3672 3521">
     <span class='ocr_line' id='line_1_97' title="bbox 1972 3448 3672 3521; baseline -0.001 -18"><span class='ocrx_word' id='word_1_737' title='bbox 1972 3449 2405 3521; x_wconf 89' lang='lat' dir='ltr'>plenitudinem.</span> <span class='ocrx_word' id='word_1_738' title='bbox 2442 3451 2569 3503; x_wconf 81' lang='lat' dir='ltr'>Non</span> <span class='ocrx_word' id='word_1_739' title='bbox 2603 3449 2757 3502; x_wconf 90' lang='lat' dir='ltr'>enim</span> <span class='ocrx_word' id='word_1_740' title='bbox 2784 3448 2875 3503; x_wconf 78' lang='lat' dir='ltr'>hic</span> <span class='ocrx_word' id='word_1_741' title='bbox 2914 3448 3421 3517; x_wconf 87' lang='lat' dir='ltr'>grammaticorum</span> <span class='ocrx_word' id='word_1_742' title='bbox 3470 3448 3672 3501; x_wconf 86' lang='lat' dir='ltr'>formi-</span> 
     </span>
    </p>
   </div>
   <div class='ocr_carea' id='block_1_98' title="bbox 1972 3532 3672 3602">
    <p class='ocr_par' dir='ltr' id='par_1_98' title="bbox 1972 3532 3672 3602">
     <span class='ocr_line' id='line_1_98' title="bbox 1972 3532 3672 3602; baseline -0.004 -9"><span class='ocrx_word' id='word_1_743' title='bbox 1972 3539 2104 3593; x_wconf 92' lang='lat' dir='ltr'>dine</span> <span class='ocrx_word' id='word_1_744' title='bbox 2134 3537 2519 3591; x_wconf 88' lang='lat' dir='ltr'>laborabimus</span> <span class='ocrx_word' id='word_1_745' title='bbox 2572 3535 2612 3602; x_wconf 75' lang='lat'>â€˜,</span> <span class='ocrx_word' id='word_1_746' title='bbox 2660 3540 2760 3589; x_wconf 89' lang='lat' dir='ltr'>aut</span> <span class='ocrx_word' id='word_1_747' title='bbox 2812 3535 3178 3589; x_wconf 91' lang='lat' dir='ltr'>metuendem</span> <span class='ocrx_word' id='word_1_748' title='bbox 3223 3538 3307 3588; x_wconf 92' lang='lat' dir='ltr'>est</span> <span class='ocrx_word' id='word_1_749' title='bbox 3364 3550 3435 3587; x_wconf 90' lang='lat' dir='ltr'>ne</span> <span class='ocrx_word' id='word_1_750' title='bbox 3489 3533 3558 3587; x_wconf 89' lang='lat' dir='ltr'>ab</span> <span class='ocrx_word' id='word_1_751' title='bbox 3592 3532 3672 3587; x_wconf 92' lang='lat' dir='ltr'>eis</span> 
     </span>
    </p>
   </div>
   <div class='ocr_carea' id='block_1_99' title="bbox 1973 3621 3671 3696">
    <p class='ocr_par' dir='ltr' id='par_1_99' title="bbox 1973 3621 3671 3696">
     <span class='ocr_line' id='line_1_99' title="bbox 1973 3621 3671 3696; baseline -0.003 -17"><span class='ocrx_word' id='word_1_752' title='bbox 1973 3625 2337 3696; x_wconf 89' lang='lat' dir='ltr'>castigemur,</span> <span class='ocrx_word' id='word_1_753' title='bbox 2370 3624 2522 3695; x_wconf 90' lang='lat' dir='ltr'>quod</span> <span class='ocrx_word' id='word_1_754' title='bbox 2552 3623 2838 3677; x_wconf 89' lang='lat' dir='ltr'>incuriose</span> <span class='ocrx_word' id='word_1_755' title='bbox 2869 3622 3088 3676; x_wconf 88' lang='lat' dir='ltr'>utimur</span> <span class='ocrx_word' id='word_1_756' title='bbox 3104 3621 3527 3692; x_wconf 90' lang='lat' dir='ltr'>verbis,quires</span> <span class='ocrx_word' id='word_1_757' title='bbox 3540 3637 3671 3675; x_wconf 90' lang='lat' dir='ltr'>suas</span> 
     </span>
    </p>
   </div>
   <div class='ocr_carea' id='block_1_100' title="bbox 1971 3708 3666 3779">
    <p class='ocr_par' dir='ltr' id='par_1_100' title="bbox 1971 3708 3666 3779">
     <span class='ocr_line' id='line_1_100' title="bbox 1971 3708 3666 3779; baseline -0.004 -13"><span class='ocrx_word' id='word_1_758' title='bbox 1971 3712 2138 3766; x_wconf 89' lang='lat' dir='ltr'>nobis</span> <span class='ocrx_word' id='word_1_759' title='bbox 2163 3712 2231 3766; x_wconf 92' lang='lat' dir='ltr'>ad</span> <span class='ocrx_word' id='word_1_760' title='bbox 2264 3711 2544 3765; x_wconf 89' lang='lat' dir='ltr'>utendum</span> <span class='ocrx_word' id='word_1_761' title='bbox 2577 3710 2859 3764; x_wconf 89' lang='lat' dir='ltr'>dederunt</span> <span class='ocrx_word' id='word_1_762' title='bbox 2890 3710 2992 3779; x_wconf 89' lang='lat' dir='ltr'>(a).</span> <span class='ocrx_word' id='word_1_763' title='bbox 3030 3709 3134 3763; x_wconf 91' lang='lat' dir='ltr'>Ubi</span> <span class='ocrx_word' id='word_1_764' title='bbox 3165 3725 3294 3762; x_wconf 91' lang='lat' dir='ltr'>cum</span> <span class='ocrx_word' id='word_1_765' title='bbox 3328 3708 3666 3761; x_wconf 86' lang='lat' dir='ltr'>arrisissent:</span> 
     </span>
    </p>
   </div>
   <div class='ocr_carea' id='block_1_101' title="bbox 1974 3796 3672 3871">
    <p class='ocr_par' dir='ltr' id='par_1_101' title="bbox 1974 3796 3672 3871">
     <span class='ocr_line' id='line_1_101' title="bbox 1974 3796 3672 3871; baseline -0.004 -16"><span class='ocrx_word' id='word_1_766' title='bbox 1974 3802 2141 3871; x_wconf 91' lang='lat' dir='ltr'>Ergo,</span> <span class='ocrx_word' id='word_1_767' title='bbox 2176 3801 2312 3871; x_wconf 92' lang='lat' dir='ltr'>quia</span> <span class='ocrx_word' id='word_1_768' title='bbox 2340 3804 2564 3853; x_wconf 88' lang='lat' dir='ltr'>mentes</span> <span class='ocrx_word' id='word_1_769' title='bbox 2590 3802 2821 3865; x_wconf 90' lang='lat' dir='ltr'>vestras,</span> <span class='ocrx_word' id='word_1_770' title='bbox 2854 3798 3114 3868; x_wconf 91' lang='lat' dir='ltr'>inquam,</span> <span class='ocrx_word' id='word_1_771' title='bbox 3147 3813 3275 3851; x_wconf 90' lang='lat' dir='ltr'>cum</span> <span class='ocrx_word' id='word_1_772' title='bbox 3306 3796 3511 3850; x_wconf 87' lang='lat' dir='ltr'>intenti</span> <span class='ocrx_word' id='word_1_773' title='bbox 3540 3796 3672 3850; x_wconf 91' lang='lat' dir='ltr'>estis</span> 
     </span>
    </p>
   </div>
   <div class='ocr_carea' id='block_1_102' title="bbox 1973 3887 3673 3958">
    <p class='ocr_par' dir='ltr' id='par_1_102' title="bbox 1973 3887 3673 3958">
     <span class='ocr_line' id='line_1_102' title="bbox 1973 3887 3673 3958; baseline -0.004 -15"><span class='ocrx_word' id='word_1_774' title='bbox 1973 3890 2034 3943; x_wconf 90' lang='lat' dir='ltr'>in</span> <span class='ocrx_word' id='word_1_775' title='bbox 2075 3892 2273 3953; x_wconf 87' lang='lat' dir='ltr'>Deum,</span> <span class='ocrx_word' id='word_1_776' title='bbox 2331 3889 2487 3942; x_wconf 89' lang='lat' dir='ltr'>velut</span> <span class='ocrx_word' id='word_1_777' title='bbox 2539 3888 2802 3958; x_wconf 71' lang='lat' dir='ltr'>quaedam</span> <span class='ocrx_word' id='word_1_778' title='bbox 2862 3887 3091 3939; x_wconf 90' lang='lat' dir='ltr'>oracula</span> <span class='ocrx_word' id='word_1_779' title='bbox 3136 3901 3255 3938; x_wconf 91' lang='lat' dir='ltr'>non</span> <span class='ocrx_word' id='word_1_780' title='bbox 3308 3889 3673 3939; x_wconf 90' lang='lat' dir='ltr'>contemnere</span> 
     </span>
    </p>
   </div>
   <div class='ocr_carea' id='block_1_103' title="bbox 1974 3972 3673 4046">
    <p class='ocr_par' dir='ltr' id='par_1_103' title="bbox 1974 3972 3673 4046">
     <span class='ocr_line' id='line_1_103' title="bbox 1974 3972 3673 4046; baseline -0.004 -14"><span class='ocrx_word' id='word_1_781' title='bbox 1974 3977 2163 4041; x_wconf 88' lang='lat' dir='ltr'>statui,</span> <span class='ocrx_word' id='word_1_782' title='bbox 2208 3976 2501 4031; x_wconf 89' lang='lat' dir='ltr'>videamus</span> <span class='ocrx_word' id='word_1_783' title='bbox 2559 3975 2698 4046; x_wconf 92' lang='lat' dir='ltr'>quid</span> <span class='ocrx_word' id='word_1_784' title='bbox 2739 3974 2849 4027; x_wconf 91' lang='lat' dir='ltr'>sibi</span> <span class='ocrx_word' id='word_1_785' title='bbox 2899 3972 3035 4027; x_wconf 87' lang='lat' dir='ltr'>velit</span> <span class='ocrx_word' id='word_1_786' title='bbox 3095 3973 3205 4028; x_wconf 91' lang='lat' dir='ltr'>hoc</span> <span class='ocrx_word' id='word_1_787' title='bbox 3252 3989 3466 4027; x_wconf 91' lang='lat' dir='ltr'>nomen</span> <span class='ocrx_word' id='word_1_788' title='bbox 3496 3991 3511 4039; x_wconf 85' lang='lat'><strong>;</strong></span> <span class='ocrx_word' id='word_1_789' title='bbox 3541 3988 3673 4026; x_wconf 90' lang='lat' dir='ltr'>nam</span> 
     </span>
    </p>
   </div>
   <div class='ocr_carea' id='block_1_104' title="bbox 1974 4061 3673 4120">
    <p class='ocr_par' dir='ltr' id='par_1_104' title="bbox 1974 4061 3673 4120">
     <span class='ocr_line' id='line_1_104' title="bbox 1974 4061 3673 4120; baseline -0.004 0"><span class='ocrx_word' id='word_1_790' title='bbox 1974 4067 2198 4120; x_wconf 90' lang='lat' dir='ltr'>nullum</span> <span class='ocrx_word' id='word_1_791' title='bbox 2229 4065 2711 4120; x_wconf 87' lang='lat' dir='ltr'>accommodatius</span> <span class='ocrx_word' id='word_1_792' title='bbox 2742 4080 2862 4117; x_wconf 90' lang='lat' dir='ltr'>esse</span> <span class='ocrx_word' id='word_1_793' title='bbox 2896 4063 3145 4118; x_wconf 91' lang='lat' dir='ltr'>arbitror</span> <span class='ocrx_word' id='word_1_794' title='bbox 3175 4061 3416 4115; x_wconf 90' lang='lat' dir='ltr'>veritati.</span> <span class='ocrx_word' id='word_1_795' title='bbox 3478 4061 3673 4115; x_wconf 90' lang='lat' dir='ltr'>Pleniâ€”</span> 
     </span>
    </p>
   </div>
   <div class='ocr_carea' id='block_1_105' title="bbox 1973 4147 3675 4224">
    <p class='ocr_par' dir='ltr' id='par_1_105' title="bbox 1973 4147 3675 4224">
     <span class='ocr_line' id='line_1_105' title="bbox 1973 4147 3675 4224; baseline -0.005 -15"><span class='ocrx_word' id='word_1_796' title='bbox 1973 4156 2110 4210; x_wconf 89' lang='lat' dir='ltr'>tudo</span> <span class='ocrx_word' id='word_1_797' title='bbox 2132 4154 2308 4224; x_wconf 89' lang='lat' dir='ltr'>igitur</span> <span class='ocrx_word' id='word_1_798' title='bbox 2336 4158 2392 4207; x_wconf 94' lang='lat' dir='ltr'>et</span> <span class='ocrx_word' id='word_1_799' title='bbox 2421 4158 2641 4223; x_wconf 87' lang='lat' dir='ltr'>egestas</span> <span class='ocrx_word' id='word_1_800' title='bbox 2672 4152 2954 4206; x_wconf 89' lang='lat' dir='ltr'>contraria</span> <span class='ocrx_word' id='word_1_801' title='bbox 2988 4156 3156 4206; x_wconf 91' lang='lat' dir='ltr'>sunt:</span> <span class='ocrx_word' id='word_1_802' title='bbox 3195 4153 3252 4203; x_wconf 90' lang='lat' dir='ltr'>at</span> <span class='ocrx_word' id='word_1_803' title='bbox 3281 4149 3453 4202; x_wconf 89' lang='lat' dir='ltr'>etiam</span> <span class='ocrx_word' id='word_1_804' title='bbox 3472 4148 3568 4201; x_wconf 91' lang='lat' dir='ltr'>hic</span> <span class='ocrx_word' id='word_1_805' title='bbox 3597 4147 3675 4200; x_wconf 93' lang='lat' dir='ltr'>si-</span> 
     </span>
    </p>
   </div>
   <div class='ocr_carea' id='block_1_106' title="bbox 1972 4235 3676 4311">
    <p class='ocr_par' dir='ltr' id='par_1_106' title="bbox 1972 4235 3676 4311">
     <span class='ocr_line' id='line_1_106' title="bbox 1972 4235 3676 4311; baseline -0.005 -15"><span class='ocrx_word' id='word_1_806' title='bbox 1972 4243 2206 4307; x_wconf 86' lang='lat' dir='ltr'>militer,</span> <span class='ocrx_word' id='word_1_807' title='bbox 2240 4246 2305 4295; x_wconf 91' lang='lat' dir='ltr'>ut</span> <span class='ocrx_word' id='word_1_808' title='bbox 2344 4241 2405 4295; x_wconf 90' lang='lat' dir='ltr'>in</span> <span class='ocrx_word' id='word_1_809' title='bbox 2457 4240 2715 4311; x_wconf 87' lang='lat' dir='ltr'>nequitia</span> <span class='ocrx_word' id='word_1_810' title='bbox 2764 4244 2820 4293; x_wconf 90' lang='lat' dir='ltr'>et</span> <span class='ocrx_word' id='word_1_811' title='bbox 2864 4239 3219 4310; x_wconf 89' lang='lat' dir='ltr'>frugalitate,</span> <span class='ocrx_word' id='word_1_812' title='bbox 3269 4240 3549 4306; x_wconf 88' lang='lat' dir='ltr'>apparent</span> <span class='ocrx_word' id='word_1_813' title='bbox 3577 4235 3676 4288; x_wconf 89' lang='lat' dir='ltr'>illa</span> 
     </span>
    </p>
   </div>
   <div class='ocr_carea' id='block_1_107' title="bbox 1976 4322 3675 4398">
    <p class='ocr_par' dir='ltr' id='par_1_107' title="bbox 1976 4322 3675 4398">
     <span class='ocr_line' id='line_1_107' title="bbox 1976 4322 3675 4398; baseline -0.005 -14"><span class='ocrx_word' id='word_1_814' title='bbox 1976 4331 2111 4397; x_wconf 91' lang='lat' dir='ltr'>duo,</span> <span class='ocrx_word' id='word_1_815' title='bbox 2147 4346 2267 4383; x_wconf 92' lang='lat' dir='ltr'>esse</span> <span class='ocrx_word' id='word_1_816' title='bbox 2295 4332 2351 4382; x_wconf 92' lang='lat' dir='ltr'>et</span> <span class='ocrx_word' id='word_1_817' title='bbox 2380 4345 2496 4382; x_wconf 92' lang='lat' dir='ltr'>non</span> <span class='ocrx_word' id='word_1_818' title='bbox 2522 4345 2665 4382; x_wconf 92' lang='lat' dir='ltr'>esse.</span> <span class='ocrx_word' id='word_1_819' title='bbox 2700 4329 2766 4381; x_wconf 87' lang='lat' dir='ltr'>Et</span> <span class='ocrx_word' id='word_1_820' title='bbox 2795 4328 2842 4380; x_wconf 92' lang='lat' dir='ltr'>si</span> <span class='ocrx_word' id='word_1_821' title='bbox 2872 4331 3090 4398; x_wconf 89' lang='lat' dir='ltr'>egestas</span> <span class='ocrx_word' id='word_1_822' title='bbox 3133 4329 3219 4379; x_wconf 88' lang='lat' dir='ltr'>est</span> <span class='ocrx_word' id='word_1_823' title='bbox 3260 4324 3383 4395; x_wconf 91' lang='lat' dir='ltr'>ipsa</span> <span class='ocrx_word' id='word_1_824' title='bbox 3411 4322 3675 4389; x_wconf 89' lang='lat' dir='ltr'>stultitia,</span> 
     </span>
    </p>
   </div>
   <div class='ocr_carea' id='block_1_108' title="bbox 1974 4410 3676 4490">
    <p class='ocr_par' dir='ltr' id='par_1_108' title="bbox 1974 4410 3676 4490">
     <span class='ocr_line' id='line_1_108' title="bbox 1974 4410 3676 4490; baseline -0.005 -19"><span class='ocrx_word' id='word_1_825' title='bbox 1974 4418 2268 4490; x_wconf 88' lang='lat' dir='ltr'>plenitudo</span> <span class='ocrx_word' id='word_1_826' title='bbox 2282 4416 2392 4471; x_wconf 90' lang='lat' dir='ltr'>erit</span> <span class='ocrx_word' id='word_1_827' title='bbox 2404 4415 2696 4486; x_wconf 83' lang='lat' dir='ltr'>sapientia.</span> <span class='ocrx_word' id='word_1_828' title='bbox 2729 4414 2925 4469; x_wconf 87' lang='lat' dir='ltr'>Merito</span> <span class='ocrx_word' id='word_1_829' title='bbox 2942 4415 3115 4469; x_wconf 89' lang='lat' dir='ltr'>etiam</span> <span class='ocrx_word' id='word_1_830' title='bbox 3126 4414 3399 4466; x_wconf 91' lang='lat' dir='ltr'>virtutum</span> <span class='ocrx_word' id='word_1_831' title='bbox 3413 4410 3676 4464; x_wconf 91' lang='lat' dir='ltr'>omnium</span> 
     </span>
    </p>
   </div>
   <div class='ocr_carea' id='block_1_109' title="bbox 1976 4499 3677 4574">
    <p class='ocr_par' dir='ltr' id='par_1_109' title="bbox 1976 4499 3677 4574">
     <span class='ocr_line' id='line_1_109' title="bbox 1976 4499 3677 4574; baseline -0.005 -14"><span class='ocrx_word' id='word_1_832' title='bbox 1976 4512 2211 4565; x_wconf 87' lang='lat' dir='ltr'>matrem</span> <span class='ocrx_word' id='word_1_833' title='bbox 2238 4504 2405 4558; x_wconf 91' lang='lat' dir='ltr'>multi</span> <span class='ocrx_word' id='word_1_834' title='bbox 2432 4504 2820 4574; x_wconf 89' lang='lat' dir='ltr'>frugalitatem</span> <span class='ocrx_word' id='word_1_835' title='bbox 2843 4519 2962 4557; x_wconf 91' lang='lat' dir='ltr'>esse</span> <span class='ocrx_word' id='word_1_836' title='bbox 2991 4502 3274 4556; x_wconf 77' lang='lat' dir='ltr'>dixerunt.</span> <span class='ocrx_word' id='word_1_837' title='bbox 3295 4499 3512 4563; x_wconf 90' lang='lat' dir='ltr'>Quibus</span> <span class='ocrx_word' id='word_1_838' title='bbox 3541 4515 3677 4552; x_wconf 91' lang='lat' dir='ltr'>con-</span> 
     </span>
    </p>
   </div>
   <div class='ocr_carea' id='block_1_110' title="bbox 1978 4586 3679 4661">
    <p class='ocr_par' dir='ltr' id='par_1_110' title="bbox 1978 4586 3679 4661">
     <span class='ocr_line' id='line_1_110' title="bbox 1978 4586 3679 4661; baseline -0.005 -13"><span class='ocrx_word' id='word_1_839' title='bbox 1978 4594 2227 4649; x_wconf 90' lang='lat' dir='ltr'>sentiens</span> <span class='ocrx_word' id='word_1_840' title='bbox 2255 4592 2471 4647; x_wconf 90' lang='lat' dir='ltr'>Tullius</span> <span class='ocrx_word' id='word_1_841' title='bbox 2504 4592 2681 4646; x_wconf 89' lang='lat' dir='ltr'>etiam</span> <span class='ocrx_word' id='word_1_842' title='bbox 2731 4591 2793 4644; x_wconf 90' lang='lat' dir='ltr'>in</span> <span class='ocrx_word' id='word_1_843' title='bbox 2842 4587 3105 4661; x_wconf 91' lang='lat' dir='ltr'>populari</span> <span class='ocrx_word' id='word_1_844' title='bbox 3135 4586 3396 4641; x_wconf 91' lang='lat' dir='ltr'>oratione</span> <span class='ocrx_word' id='word_1_845' title='bbox 3449 4586 3530 4639; x_wconf 91' lang='lat' dir='ltr'>ait</span> <span class='ocrx_word' id='word_1_846' title='bbox 3559 4605 3575 4641; x_wconf 89' lang='lat'><strong><em>:</em></strong></span> <span class='ocrx_word' id='word_1_847' title='bbox 3612 4588 3679 4642; x_wconf 87' lang='lat' dir='ltr'>Ut</span> 
     </span>
    </p>
   </div>
   <div class='ocr_carea' id='block_1_111' title="bbox 1975 4675 3681 4751">
    <p class='ocr_par' dir='ltr' id='par_1_111' title="bbox 1975 4675 3681 4751">
     <span class='ocr_line' id='line_1_111' title="bbox 1975 4675 3681 4751; baseline -0.004 -14"><span class='ocrx_word' id='word_1_848' title='bbox 1975 4684 2112 4737; x_wconf 82' lang='lat' dir='ltr'>volet</span> <span class='ocrx_word' id='word_1_849' title='bbox 2144 4684 2369 4751; x_wconf 82' lang='lat' dir='ltr'>quisque</span> <span class='ocrx_word' id='word_1_850' title='bbox 2393 4682 2626 4750; x_wconf 84' lang='lat' dir='ltr'>accipiat</span> <span class='ocrx_word' id='word_1_851' title='bbox 2656 4699 2671 4733; x_wconf 92' lang='lat'><strong><em>:</em></strong></span> <span class='ocrx_word' id='word_1_852' title='bbox 2706 4695 2799 4747; x_wconf 86' lang='lat' dir='ltr'>ego</span> <span class='ocrx_word' id='word_1_853' title='bbox 2832 4683 3010 4731; x_wconf 86' lang='lat' dir='ltr'>tamen</span> <span class='ocrx_word' id='word_1_854' title='bbox 3050 4676 3452 4744; x_wconf 74' lang='lat' dir='ltr'>frugalitatem,</span> <span class='ocrx_word' id='word_1_855' title='bbox 3504 4675 3562 4729; x_wconf 90' lang='lat' dir='ltr'>id</span> <span class='ocrx_word' id='word_1_856' title='bbox 3603 4680 3681 4730; x_wconf 82' lang='lat' dir='ltr'>est</span> 
     </span>
    </p>
   </div>
   <div class='ocr_carea' id='block_1_112' title="bbox 1977 4766 3679 4839">
    <p class='ocr_par' dir='ltr' id='par_1_112' title="bbox 1977 4766 3679 4839">
     <span class='ocr_line' id='line_1_112' title="bbox 1977 4766 3679 4839; baseline -0.005 -11"><span class='ocrx_word' id='word_1_857' title='bbox 1977 4773 2297 4828; x_wconf 84' lang='lat' dir='ltr'>modestiam</span> <span class='ocrx_word' id='word_1_858' title='bbox 2321 4776 2371 4826; x_wconf 89' lang='lat' dir='ltr'>et</span> <span class='ocrx_word' id='word_1_859' title='bbox 2401 4772 2831 4839; x_wconf 81' lang='lat' dir='ltr'>temperantiam,</span> <span class='ocrx_word' id='word_1_860' title='bbox 2853 4769 3109 4821; x_wconf 76' lang='lat' dir='ltr'>virtutem</span> <span class='ocrx_word' id='word_1_861' title='bbox 3137 4781 3245 4820; x_wconf 88' lang='lat' dir='ltr'>esse</span> <span class='ocrx_word' id='word_1_862' title='bbox 3263 4768 3563 4821; x_wconf 62' lang='lat' dir='ltr'>maximam</span> <span class='ocrx_word' id='word_1_863' title='bbox 3586 4766 3679 4835; x_wconf 83' lang='lat' dir='ltr'>ju-</span> 
     </span>
    </p>
   </div>
   <div class='ocr_carea' id='block_1_113' title="bbox 1978 4855 3680 4930">
    <p class='ocr_par' dir='ltr' id='par_1_113' title="bbox 1978 4855 3680 4930">
     <span class='ocr_line' id='line_1_113' title="bbox 1978 4855 3680 4930; baseline -0.005 -13"><span class='ocrx_word' id='word_1_864' title='bbox 1978 4863 2097 4917; x_wconf 87' lang='lat' dir='ltr'>dico</span> <span class='ocrx_word' id='word_1_865' title='bbox 2129 4862 2299 4930; x_wconf 78' lang='lat' dir='ltr'>(Orat.</span> <span class='ocrx_word' id='word_1_866' title='bbox 2331 4876 2436 4930; x_wconf 85' lang='lat' dir='ltr'>pro</span> <span class='ocrx_word' id='word_1_867' title='bbox 2476 4857 2769 4927; x_wconf 85' lang='lat' dir='ltr'>Dejotaro).</span> <span class='ocrx_word' id='word_1_868' title='bbox 2806 4857 3048 4909; x_wconf 87' lang='lat' dir='ltr'>Prorsus</span> <span class='ocrx_word' id='word_1_869' title='bbox 3102 4855 3431 4909; x_wconf 90' lang='lat' dir='ltr'>doctissime</span> <span class='ocrx_word' id='word_1_870' title='bbox 3476 4871 3540 4909; x_wconf 89' lang='lat' dir='ltr'>ac</span> <span class='ocrx_word' id='word_1_871' title='bbox 3583 4855 3680 4909; x_wconf 86' lang='lat' dir='ltr'>de-</span> 
     </span>
    </p>
   </div>
   <div class='ocr_carea' id='block_1_114' title="bbox 1977 4942 3681 5013">
    <p class='ocr_par' dir='ltr' id='par_1_114' title="bbox 1977 4942 3681 5013">
     <span class='ocr_line' id='line_1_114' title="bbox 1977 4942 3681 5013; baseline -0.005 -10"><span class='ocrx_word' id='word_1_872' title='bbox 1977 4948 2303 5004; x_wconf 85' lang='lat' dir='ltr'>centissime</span> <span class='ocrx_word' id='word_1_873' title='bbox 2337 4964 2349 5002; x_wconf 89' lang='lat'><strong>:</strong></span> <span class='ocrx_word' id='word_1_874' title='bbox 2392 4944 2767 5000; x_wconf 91' lang='lat' dir='ltr'>consideravit</span> <span class='ocrx_word' id='word_1_875' title='bbox 2815 4944 2971 4998; x_wconf 89' lang='lat' dir='ltr'>enim</span> <span class='ocrx_word' id='word_1_876' title='bbox 3021 4943 3277 5013; x_wconf 89' lang='lat' dir='ltr'>frugem,</span> <span class='ocrx_word' id='word_1_877' title='bbox 3326 4943 3385 4997; x_wconf 94' lang='lat' dir='ltr'>id</span> <span class='ocrx_word' id='word_1_878' title='bbox 3427 4946 3511 4997; x_wconf 90' lang='lat' dir='ltr'>est</span> <span class='ocrx_word' id='word_1_879' title='bbox 3539 4942 3681 4996; x_wconf 91' lang='lat' dir='ltr'>illud</span> 
     </span>
    </p>
   </div>
   <div class='ocr_carea' id='block_1_115' title="bbox 1978 5030 3683 5109">
    <p class='ocr_par' dir='ltr' id='par_1_115' title="bbox 1978 5030 3683 5109">
     <span class='ocr_line' id='line_1_115' title="bbox 1978 5030 3683 5109; baseline -0.005 -17"><span class='ocrx_word' id='word_1_880' title='bbox 1978 5036 2134 5109; x_wconf 91' lang='lat' dir='ltr'>quod</span> <span class='ocrx_word' id='word_1_881' title='bbox 2167 5053 2287 5091; x_wconf 89' lang='lat' dir='ltr'>esse</span> <span class='ocrx_word' id='word_1_882' title='bbox 2320 5034 2579 5098; x_wconf 90' lang='lat' dir='ltr'>dicimus,</span> <span class='ocrx_word' id='word_1_883' title='bbox 2615 5032 2705 5086; x_wconf 93' lang='lat' dir='ltr'>cui</span> <span class='ocrx_word' id='word_1_884' title='bbox 2737 5036 2821 5087; x_wconf 88' lang='lat' dir='ltr'>est</span> <span class='ocrx_word' id='word_1_885' title='bbox 2848 5048 2966 5086; x_wconf 93' lang='lat' dir='ltr'>non</span> <span class='ocrx_word' id='word_1_886' title='bbox 3008 5047 3130 5086; x_wconf 90' lang='lat' dir='ltr'>esse</span> <span class='ocrx_word' id='word_1_887' title='bbox 3164 5031 3535 5085; x_wconf 89' lang='lat' dir='ltr'>contrarium.</span> <span class='ocrx_word' id='word_1_888' title='bbox 3576 5030 3683 5085; x_wconf 92' lang='lat' dir='ltr'>Sed</span> 
     </span>
    </p>
   </div>
   <div class='ocr_carea' id='block_1_116' title="bbox 1978 5118 3681 5197">
    <p class='ocr_par' dir='ltr' id='par_1_116' title="bbox 1978 5118 3681 5197">
     <span class='ocr_line' id='line_1_116' title="bbox 1978 5118 3681 5197; baseline -0.006 -16"><span class='ocrx_word' id='word_1_889' title='bbox 1978 5130 2215 5197; x_wconf 91' lang='lat' dir='ltr'>propter</span> <span class='ocrx_word' id='word_1_890' title='bbox 2242 5125 2535 5193; x_wconf 89' lang='lat' dir='ltr'>vulgarem</span> <span class='ocrx_word' id='word_1_891' title='bbox 2568 5121 2846 5190; x_wconf 89' lang='lat' dir='ltr'>loquendi</span> <span class='ocrx_word' id='word_1_892' title='bbox 2895 5120 3392 5186; x_wconf 89' lang='lat' dir='ltr'>consuetudinem,</span> <span class='ocrx_word' id='word_1_893' title='bbox 3424 5135 3537 5188; x_wconf 87' lang='lat' dir='ltr'>qua</span> <span class='ocrx_word' id='word_1_894' title='bbox 3564 5118 3681 5171; x_wconf 86' lang='lat' dir='ltr'>fru-</span> 
     </span>
    </p>
   </div>
   <div class='ocr_carea' id='block_1_117' title="bbox 1980 5209 3682 5286">
    <p class='ocr_par' dir='ltr' id='par_1_117' title="bbox 1980 5209 3682 5286">
     <span class='ocr_line' id='line_1_117' title="bbox 1980 5209 3682 5286; baseline -0.006 -17"><span class='ocrx_word' id='word_1_895' title='bbox 1980 5215 2182 5286; x_wconf 88' lang='lat' dir='ltr'>galitas</span> <span class='ocrx_word' id='word_1_896' title='bbox 2205 5212 2367 5284; x_wconf 90' lang='lat' dir='ltr'>quasi</span> <span class='ocrx_word' id='word_1_897' title='bbox 2392 5210 2747 5281; x_wconf 90' lang='lat' dir='ltr'>parcimonia</span> <span class='ocrx_word' id='word_1_898' title='bbox 2778 5209 2890 5264; x_wconf 90' lang='lat' dir='ltr'>dici</span> <span class='ocrx_word' id='word_1_899' title='bbox 2923 5211 3069 5264; x_wconf 93' lang='lat' dir='ltr'>solet</span> <span class='ocrx_word' id='word_1_900' title='bbox 3093 5210 3314 5263; x_wconf 90' lang='lat' dir='ltr'>duobus</span> <span class='ocrx_word' id='word_1_901' title='bbox 3334 5221 3682 5276; x_wconf 80' lang='lat' dir='ltr'>consequen-</span> 
     </span>
    </p>
   </div>
   <div class='ocr_carea' id='block_1_118' title="bbox 1979 5294 3677 5374">
    <p class='ocr_par' dir='ltr' id='par_1_118' title="bbox 1979 5294 3677 5374">
     <span class='ocr_line' id='line_1_118' title="bbox 1979 5294 3677 5374; baseline -0.008 -15"><span class='ocrx_word' id='word_1_902' title='bbox 1979 5304 2132 5358; x_wconf 84' lang='lat' dir='ltr'>tibus</span> <span class='ocrx_word' id='word_1_903' title='bbox 2159 5302 2296 5374; x_wconf 90' lang='lat' dir='ltr'>quid</span> <span class='ocrx_word' id='word_1_904' title='bbox 2317 5298 2578 5366; x_wconf 87' lang='lat' dir='ltr'>senserit,</span> <span class='ocrx_word' id='word_1_905' title='bbox 2609 5298 2930 5366; x_wconf 89' lang='lat' dir='ltr'>illustravit,</span> <span class='ocrx_word' id='word_1_906' title='bbox 2962 5298 3313 5369; x_wconf 83' lang='lat' dir='ltr'>subjiciendo</span> <span class='ocrx_word' id='word_1_907' title='bbox 3342 5294 3677 5349; x_wconf 86' lang='lat' dir='ltr'>modestiam</span> 
     </span>
    </p>
   </div>
   <div class='ocr_carea' id='block_1_119' title="bbox 2043 5443 3683 5511">
    <p class='ocr_par' dir='ltr' id='par_1_119' title="bbox 2043 5443 3683 5511">
     <span class='ocr_line' id='line_1_119' title="bbox 2043 5443 3683 5511; baseline -0.002 -12"><span class='ocrx_word' id='word_1_908' title='bbox 2043 5451 2058 5485; x_wconf 78' lang='grc'>Â¹</span> <span class='ocrx_word' id='word_1_909' title='bbox 2086 5451 2165 5499; x_wconf 82' lang='lat' dir='ltr'>Ita</span> <span class='ocrx_word' id='word_1_910' title='bbox 2182 5448 2298 5497; x_wconf 82' lang='lat' dir='ltr'>Mss.</span> <span class='ocrx_word' id='word_1_911' title='bbox 2322 5448 2546 5511; x_wconf 66' lang='lat' dir='ltr'>Atprius</span> <span class='ocrx_word' id='word_1_912' title='bbox 2564 5449 2744 5511; x_wconf 82' lang='lat' dir='ltr'>excusi</span> <span class='ocrx_word' id='word_1_913' title='bbox 2760 5448 2960 5497; x_wconf 84' lang='lat' dir='ltr'>habent</span> <span class='ocrx_word' id='word_1_914' title='bbox 2981 5463 2992 5496; x_wconf 90' lang='lat'>:</span> <span class='ocrx_word' id='word_1_915' title='bbox 3020 5448 3283 5498; x_wconf 81' lang='lat' dir='ltr'>Nonenim</span> <span class='ocrx_word' id='word_1_916' title='bbox 3306 5456 3400 5494; x_wconf 77' lang='lat' dir='ltr'>nec</span> <span class='ocrx_word' id='word_1_917' title='bbox 3414 5443 3683 5507; x_wconf 82' lang='lat' dir='ltr'>hicgram-</span> 
     </span>
    </p>
   </div>
   <div class='ocr_carea' id='block_1_120' title="bbox 1979 5510 3013 5572">
    <p class='ocr_par' dir='ltr' id='par_1_120' title="bbox 1979 5510 3013 5572">
     <span class='ocr_line' id='line_1_120' title="bbox 1979 5510 3013 5572; baseline -0.005 -9"><span class='ocrx_word' id='word_1_918' title='bbox 1979 5512 2302 5563; x_wconf 82' lang='lat' dir='ltr'>maticorum</span> <span class='ocrx_word' id='word_1_919' title='bbox 2331 5510 2622 5572; x_wconf 76' lang='lat' dir='ltr'>formidine</span> <span class='ocrx_word' id='word_1_920' title='bbox 2643 5510 3013 5562; x_wconf 82' lang='lat' dir='ltr'>tiberabimur.</span> 
     </span>
    </p>
   </div>
   <div class='ocr_carea' id='block_1_121' title="bbox 2042 5566 3468 5636">
    <p class='ocr_par' dir='ltr' id='par_1_121' title="bbox 2042 5566 3468 5636">
     <span class='ocr_line' id='line_1_121' title="bbox 2042 5566 3468 5636; baseline -0.005 -12"><span class='ocrx_word' id='word_1_921' title='bbox 2042 5574 2114 5636; x_wconf 84' lang='grc' dir='ltr'>(Î±)</span> <span class='ocrx_word' id='word_1_922' title='bbox 2144 5566 2438 5625; x_wconf 79' lang='lat' dir='ltr'>Verecundi</span> <span class='ocrx_word' id='word_1_923' title='bbox 2458 5573 2786 5636; x_wconf 87' lang='lat' dir='ltr'>grammatici</span> <span class='ocrx_word' id='word_1_924' title='bbox 2814 5572 3129 5623; x_wconf 83' lang='lat' dir='ltr'>beneï¬cium</span> <span class='ocrx_word' id='word_1_925' title='bbox 3153 5566 3468 5619; x_wconf 85' lang='lat' dir='ltr'>subindicat.</span> 
     </span>
    </p>
   </div>
  </div>
