4062 6188
444 281 545 331 975

443 403 502 453 et
527 394 1001 467 temperantiam:
1031 397 1087 448 et
1111 391 1234 446 haec
1259 391 1371 446 duo
1398 391 1573 445 verba
1602 387 1931 460 diligentius
1957 389 2135 442 atten-

443 487 923 629 dailgfsltlodestia
952 567 1147 638 utique
1179 567 1327 620 dicta
1357 570 1444 619 est
1470 581 1504 618 a
1533 564 1728 630 modo,
1766 567 1824 617 et
1851 579 1884 616 a
1912 566 2138 632 tempe-

445 663 528 717 rie
558 657 953 729 temperantia.
991 656 1093 710 Ubi
1123 661 1315 708 autem
1345 653 1553 707 modus
1592 657 1677 706 est
1721 656 1889 722 atque
1919 657 2140 719 tempe-

447 748 576 810 ries,
607 763 706 799 nec
736 746 861 815 plus
884 749 966 797 est
985 743 1298 813 quidquam
1329 757 1432 794 nec
1463 742 1673 794 minus.
1701 740 1828 810 Ipsa
1859 743 1943 792 est
1968 737 2143 808 igitur

447 833 763 905 plenitudo,
810 847 980 902 quam
1038 829 1277 900 egestati
1325 830 1670 883 contrariam
1741 842 2140 897 posueramus,

449 923 628 976 multo
660 919 862 973 melius
892 933 1063 988 quam
1104 917 1151 969 si
1197 916 1611 970 abundantiam
1655 929 2025 984 poneremus.
2079 913 2145 966 In

449 1007 800 1064 abundantia
829 1007 983 1060 enim
1011 1005 1355 1075 intelligitur
1375 1005 1672 1058 affluentia
1693 1007 1753 1057 et
1780 1002 1944 1073 quasi
1968 1001 2146 1055 reini-

448 1098 630 1151 mium
662 1093 1019 1149 exuberantis
1069 1093 1290 1147 effusio.
1352 1093 1514 1157 Quod
1566 1108 1696 1146 cum
1755 1090 1943 1145 evenit
1996 1090 2146 1143 ultra

364 1188 369 1194 ’
450 1199 623 1255 quam
653 1183 786 1236 satis
816 1186 921 1248 est,
963 1181 1136 1234 etiam
1177 1180 1258 1233 ibi
1303 1181 1662 1233 desideratur
1708 1179 1934 1245 modus,
1975 1181 2031 1229 et
2058 1192 2146 1229 res

450 1288 577 1343 qua:
608 1271 787 1324 nimia
812 1274 914 1330 est,
945 1269 1115 1321 modo
1147 1273 1292 1337 eget.
1329 1269 1474 1337 Ergo
1507 1283 1608 1320 nec
1639 1267 1708 1320 ab
1765 1265 1889 1336 ipsa
1935 1265 2145 1318 redun-

451 1361 645 1415 dantia
671 1363 891 1428 egestas
917 1358 1102 1410 aliena
1134 1361 1218 1410 est
1247 1373 1260 1423 ;
1295 1356 1508 1409 amodo
1541 1359 1731 1408 autem
1759 1354 1952 1424 etplus
1977 1353 2148 1407 etmi-

450 1465 558 1502 nus
590 1447 772 1500 aliena
801 1449 951 1498 sunt.
988 1446 1174 1514 Ipsam
1205 1443 1378 1496 etiam
1396 1443 1753 1514 Opulentiam
1783 1441 1829 1494 si
1857 1440 2146 1512 discutias,

452 1534 708 1590 invenies
738 1549 863 1586 eam
895 1532 1035 1585 nihil
1067 1531 1225 1585 aliud
1257 1537 1450 1584 tenere
1498 1547 1672 1600 quam
1717 1529 1972 1582 modum.
2006 1529 2148 1582 Nam

453 1638 569 1676 non
600 1621 711 1674 nisi
741 1622 812 1674 ab
843 1635 950 1690 ope
983 1619 1132 1673 dicta
1163 1624 1248 1672 est
1274 1618 1588 1688 opulentia.
1617 1617 1912 1682 Quomodo
1955 1621 2147 1670 autem

451 1711 781 1780 opitulatur,
795 1707 948 1778 quod
962 1707 1206 1760 nimium
1218 1711 1322 1774 est,
1336 1723 1465 1760 cum
1481 1705 1898 1759 incommodius
1913 1705 1985 1758 sit
1997 1721 2148 1774 saepe

452 1813 625 1868 quam
656 1796 898 1866 parum?
924 1794 1210 1865 Quidquid
1244 1794 1422 1864 igitur
1440 1794 1526 1847 vel
1557 1809 1762 1864 parum
1789 1793 1876 1846 vel
1901 1792 2147 1846 nimium

453 1891 557 1951 est,
590 1885 725 1955 quia
754 1883 928 1936 modo
960 1887 1108 1952 eget,
1151 1881 1465 1936 obnoxium
1515 1886 1600 1935 est
1646 1880 1902 1951 egestati.
1953 1881 2149 1934 Modus

453 1988 589 2044 ergo
620 1970 799 2025 animi
837 1970 1116 2040 sapientia
1145 1974 1246 2023 est.
1284 1968 1506 2024 Etenim
1536 1967 1817 2039 sapientia
1864 1957 2148 2020 contraria

452 2059 710 2116 stultitim
737 2073 857 2112 non
884 2064 1146 2128 negatur,
1167 2061 1225 2110 et
1253 2057 1495 2112 stultitia
1525 2062 1763 2127 egestas,
1796 2055 2034 2126 egestati
2056 2070 2151 2108 au-

453 2155 571 2204 tem
597 2147 882 2203 contraria
903 2147 1230 2217 plenitudo.
1271 2146 1564 2217 Sapientia
1584 2147 1760 2218 igitur
1781 2144 1958 2199 animi
1987 2144 2047 2197 in
2069 2160 2151 2198 sa-

455 2238 673 2307 pientia
701 2241 804 2289 est.
843 2235 1000 2289 Unde
1025 2234 1182 2288 aliud
1212 2235 1552 2304 praeclarum
1591 2239 1695 2298 est,
1731 2237 1787 2287 et
1816 2249 1934 2287 non
1953 2232 2152 2286 imme-

454 2325 560 2379 rito
590 2323 917 2378 difl‘amatur
940 2323 1049 2376 hoc
1078 2321 1330 2392 primum
1370 2322 1430 2375 in
1459 2321 1574 2376 vita
1599 2336 1721 2376 esse
1752 2321 1890 2375 utile
1922 2337 1934 2374 :

950 2418 1017 2466 Ut
1049 2430 1116 2465 ne
1146 2417 1273 2479 quid
1299 2418 1473 2465 nimis.

891 2488 1122 2550 (Terent.
1146 2489 1204 2536 in
1223 2486 1450 2546 Andria,
1478 2488 1584 2536 act.
1605 2490 1648 2546 1,
1674 2499 1816 2537 scen.
1837 2486 1904 2548 1.)

525 2591 612 2644 33.
647 2586 983 2640 Dixeramus
1014 2589 1207 2639 autem
1245 2584 1305 2638 in
1337 2585 1572 2639 exordio
1614 2585 1907 2639 hodiernae
1953 2583 2152 2654 dispu-

455 2676 684 2732 tationis
715 2679 944 2740 nostrae,
987 2674 1143 2745 quod
1173 2674 1220 2727 si
1247 2673 1636 2728 inveniremus
1667 2674 1810 2728 nihil
1838 2673 1990 2727 aliud
2032 2688 2151 2726 esse

454 2763 744 2818 miseriam
771 2778 943 2834 quam
975 2765 1304 2832 egestatem,
1349 2777 1483 2815 eum
1522 2761 1750 2815 beatum
1795 2777 1916 2815 esse
1944 2760 2150 2814 fatere-

455 2868 604 2919 mur,
636 2851 738 2923 qui
769 2866 884 2904 non
911 2854 1120 2920 egeret.
1157 2849 1248 2903 Est
1273 2853 1465 2903 autem
1496 2849 1825 2903 inventum:
1851 2865 1987 2919 ergo
2016 2848 2148 2902 bea-

455 2945 580 2996 tum
608 2957 728 2994 esse
760 2940 903 2994 nihil
930 2944 1016 2992 est
1044 2938 1198 2992 aliud
1217 2953 1390 3008 quam
1422 2954 1538 2992 non
1570 2954 1759 3008 egere,
1789 2937 1896 2991 hoc
1923 2941 2006 2990 est
2029 2953 2152 2990 esse

454 3029 792 3099 sapientem.
825 3028 883 3082 Si
911 3031 1103 3080 autem
1135 3027 1391 3096 quaeritis
1420 3025 1557 3097 quid
1589 3027 1664 3080 sit
1695 3026 1974 3096 sapientia
2000 3028 2152 3095 (nam

458 3121 516 3170 et
540 3117 724 3186 ipsam
756 3115 924 3183 ratio,
958 3120 1240 3185 quantum
1269 3115 1330 3168 in
1359 3115 1666 3185 praesentia
1694 3114 1901 3185 potuit,
1947 3113 2154 3168 evolvit

458 3208 628 3274 atque
659 3203 820 3270 eruit)
850 3219 863 3268 ;
899 3203 1038 3256 nihil
1071 3207 1156 3256 est
1184 3202 1339 3256 aliud
1369 3218 1542 3274 quam
1574 3205 1779 3257 modus
1807 3202 2010 3271 animi,
2047 3203 2153 3255 hoc

457 3295 561 3359 est,
588 3307 700 3361 quo
733 3305 853 3344 sese
886 3289 1112 3343 animus
1149 3289 1342 3354 librat,
1375 3295 1440 3343 ut
1469 3305 1656 3358 neque
1687 3293 1950 3343 excurrat
1985 3289 2045 3342 in
2073 3288 2155 3342 ni-

455 3379 659 3444 mium,
689 3394 873 3449 neque
906 3377 1052 3431 infra
1075 3393 1249 3448 quam
1277 3377 1513 3446 plenum
1541 3382 1626 3431 est
1664 3381 2000 3431 coarctetur.
2047 3377 2152 3431 Ex-

455 3468 632 3522 currit
684 3473 876 3520 autem
907 3465 970 3519 in
1023 3465 1297 3534 luxurias,
1352 3465 1794 3527 dominationes,
1837 3463 2151 3535 superbias,

455 3559 772 3624 cazteraque
802 3552 860 3606 id
895 3568 1098 3622 genus,
1129 3551 1338 3622 quibus
1368 3552 1880 3607 immoderatorum
1914 3552 2151 3605 misero-

455 3657 698 3711 rumque
723 3640 902 3694 animi
934 3640 1043 3694 sibi
1074 3641 1300 3694 lmtitias
1325 3644 1494 3711 atque
1520 3640 1804 3710 potentias
1831 3639 2153 3712 comparari

454 3732 674 3799 putant.
729 3730 1058 3784 Coarctatur
1087 3734 1279 3782 autem
1309 3729 1594 3795 sordibus,
1645 3728 1967 3792 timoribus,
2011 3744 2151 3782 moe-

454 3833 604 3882 rorc,
626 3816 955 3885 cupiditate,
986 3820 1156 3886 atque
1182 3817 1329 3884 aliis,
1361 3833 1736 3886 quaecumque
1767 3822 1918 3883 sunt,
1943 3817 2154 3886 quibus

455 3903 717 3958 homines
756 3902 992 3956 miseros
1023 3904 1198 3957 etiam
1228 3903 1423 3958 miseri
1448 3905 1814 3958 confitentur.
1847 3905 1990 3958 Cum
2018 3920 2150 3958 vero

454 3991 795 4061 sapientiam
826 3991 1249 4060 contemplatur
1277 3994 1592 4059 inventam,
1619 4007 1864 4063 cumque
1890 3997 1953 4045 ut
1981 3994 2153 4063 hujus

453 4079 619 4151 pueri
639 4079 813 4133 verbo
841 4086 987 4144 utar,
1021 4079 1093 4134 ad
1122 4079 1308 4149 ipsam
1330 4095 1389 4134 se
1419 4084 1598 4145 tenet,
1640 4095 1742 4134 nec
1776 4096 1835 4134 se
1873 4081 1944 4134 ad
1975 4081 2152 4134 simu-

453 4169 740 4222 lacrorum
784 4167 1088 4233 fallaciam,
1134 4183 1380 4238 quorum
1412 4167 1638 4239 pondus
1665 4168 1957 4239 amplexus
1977 4184 2010 4221 a
2035 4169 2151 4222 Deo

455 4273 557 4310 suo
586 4256 787 4310 cadere
826 4259 998 4326 atque
1030 4257 1288 4326 demergi
1318 4257 1616 4324 solet,ulla
1635 4257 2153 4311 commotusinani-

451 4350 568 4398 tate
591 4343 870 4398 convertit
895 4362 910 4409 ;
929 4343 1073 4396 nihil
1099 4343 1616 4405 immoderationis,
1631 4350 1688 4399 et
1712 4344 1839 4399 ideo
1856 4344 1997 4398 nihil
2019 4361 2151 4415 ege-

454 4431 632 4500 statis,
663 4431 804 4484 nihil
854 4430 1032 4501 igitur
1078 4431 1322 4485 miseriae
1368 4431 1738 4502 pertimescit.
1793 4433 1972 4487 Habet
2017 4449 2152 4504 ergo

453 4521 691 4574 modum
725 4536 915 4588 suum,
949 4520 1002 4574 id
1035 4526 1122 4574 est
1150 4520 1516 4590 sapientiam,
1539 4521 1799 4592 quisquis
1828 4522 2026 4576 beatus
2048 4527 2148 4577 est.

524 4610 609 4662 34.
653 4608 788 4670 Quae
840 4614 925 4662 est
985 4613 1178 4662 autem
1230 4608 1468 4663 dicenda
1519 4608 1818 4679 sapientia,
1869 4610 1980 4664 nisi
2023 4627 2152 4681 qua:

455 4695 557 4748 Dei
582 4695 870 4762 Sapientia
899 4696 1027 4750 est?
1059 4695 1384 4767 accepimus
1434 4701 1628 4750 autem
1685 4694 1857 4750 etiam
1911 4698 2153 4752 auctori-

454 4787 568 4836 tate
597 4782 807 4848 divina,
844 4782 945 4836 Dei
975 4783 1179 4837 Filium
1213 4784 1358 4838 nihil
1392 4800 1513 4838 esse
1542 4783 1696 4838 aliud
1735 4801 1908 4854 quam
1941 4786 2150 4840 DeiSa-

451 4870 730 4941 pientiam
766 4870 804 4938 (Ι
845 4871 964 4926 Cor.
1027 4889 1062 4937 ι,
1119 4873 1247 4936 24);
1285 4877 1340 4926 et
1389 4877 1475 4927 est
1524 4872 1620 4926 Dei
1674 4872 1851 4927 Filius
1897 4873 2148 4944 profecto

455 4960 620 5013 Deus.
662 4958 836 5010 Deum
879 4957 1052 5012 habet
1094 4959 1269 5029 igitur
1313 4960 1571 5031 quisquis
1612 4959 1810 5014 beatus
1840 4967 1970 5016 est:
2000 4963 2150 5032 quod

453 5046 722 5102 omnibus
752 5045 916 5099 nobis
937 5046 1059 5115 jam
1088 5053 1216 5100 ante
1241 5048 1475 5116 placuit,
1507 5063 1639 5101 cum
1677 5048 1786 5102 hoc
1828 5047 2150 5102 convivium

450 5133 695 5206 ingressi
749 5150 966 5190 sumus.
1024 5135 1132 5188 Sed
1162 5135 1298 5204 quid
1359 5135 1569 5206 putatis
1615 5153 1736 5190 esse
1789 5136 2148 5207 sapientiam,

449 5225 559 5277 nisi
591 5222 927 5277 veritatem?
957 5222 1140 5275 Etiam
1170 5223 1276 5276 hoc
1302 5223 1452 5277 enim
1486 5224 1699 5279 dictum
1727 5230 1846 5279 est:
1879 5228 1992 5293 Ego
2031 5241 2150 5279 sum

456 5314 671 5368 Veritas
705 5315 876 5381 (Joan.
933 5326 1044 5378 xxv,
1079 5310 1159 5380 8).
1206 5311 1423 5365 Veritas
1457 5318 1648 5366 autem
1690 5318 1754 5366 ut
1806 5314 1894 5379 sit,
1955 5314 2019 5367 fit
2048 5330 2151 5384 per

450 5400 702 5472 aliquem
718 5415 1007 5455 summum
1030 5399 1288 5466 modum,
1313 5416 1345 5453 a
1367 5416 1480 5470 quo
1499 5402 1774 5471 procedit,
1801 5407 1857 5456 et
1887 5401 1946 5456 in
1976 5418 2149 5473 quem

451 5504 510 5542 se
539 5489 788 5558 perfecta
816 5488 1110 5544 convertit.
1142 5487 1254 5560 Ipsi
1281 5493 1472 5543 autem
1494 5505 1720 5545 summo
1751 5491 1924 5546 modo
1956 5490 2149 5546 nullus

1381 269 1475 324 DE
1515 267 1756 324 BEATA
1796 267 1988 333 VITA,
2031 264 2088 320 S.
2128 263 2512 321 AUGUSTINI
2555 263 2769 320 LIBER
2806 263 3014 320 UNUS.
3786 275 3859 327 9ῖῦ

2251 385 2394 440 alius
2422 385 2626 440 modus
2653 385 3011 457 imponitur:
3043 386 3091 440 si
3117 385 3272 441 enim
3307 403 3556 444 summus
3591 391 3762 446 modus
3787 411 3859 464 per

2251 489 2540 528 summum
2569 475 2804 528 modum
2837 475 3038 528 modus
3071 479 3176 543 est,
3223 491 3328 546 per
3347 475 3582 546 seipsum
3600 479 3774 534 modus
3790 490 3861 536 est.

2252 561 2360 615 Sed
2391 561 2561 614 etiam
2591 577 2848 615 summus
2897 562 3100 616 modus
3129 578 3356 617 necesse
3388 570 3468 618 est
3503 570 3561 619 ut
3596 584 3740 621 verus
3777 586 3863 622 mo-

2253 650 2357 703 dus
2388 649 2475 702 sit.
2507 650 2575 702 Ut
2603 649 2796 720 igitur,
2822 650 3027 703 veritas
3059 651 3226 704 modo
3248 651 3520 722 gignitur,
3539 654 3610 706 ita
3625 656 3793 709 modus
3806 674 3866 710 ve-

2253 738 2419 791 ritate
2448 739 2830 808 cognoscitur.
2882 739 3076 809 Neque
3118 740 3296 810 igitur
3336 741 3536 795 veritas
3576 742 3682 796 sine
3725 746 3863 800 modo.

2255 842 2440 896 neque
2471 827 2676 880 modus
2707 827 2829 881 sine
2859 828 3092 880 veritate
3121 843 3376 898 unquam
3415 829 3534 884 fuit.
3565 830 3684 892 Quis
3708 836 3777 884 est
3802 833 3867 884 Dei

2254 915 2448 968 filius?
2481 914 2701 968 Dictum
2723 920 2826 980 est,
2841 917 3075 970 Veritas.
3107 915 3242 978 Quis
3264 921 3348 970 est
3374 916 3471 987 qui
3499 933 3604 970 non
3629 919 3776 972 habet
3799 936 3867 989 pa-

2256 1008 2425 1070 trem,
2452 1003 2580 1073 quis
2607 1002 2750 1056 alius
2777 1019 2949 1074 quam
2981 1020 3239 1058 summus
3269 1005 3511 1058 modus?
3540 1005 3772 1076 Quisquis
3795 1007 3867 1076 igi-

2257 1097 2351 1145 tur
2379 1091 2451 1144 ad
2473 1107 2762 1144 summum
2788 1092 3018 1145 modum
3041 1109 3143 1163 per
3164 1092 3457 1146 veritatem
3479 1094 3698 1159 venerit,
3726 1095 3870 1148 beatus

2257 1182 2358 1231 est.
2395 1177 2509 1230 Hoc
2536 1181 2619 1231 est
2644 1178 2836 1231 animo
2867 1179 3041 1231 Deum
3066 1179 3295 1245 habere,
3329 1179 3385 1234 id
3415 1185 3499 1234 est
3529 1182 3634 1233 Deo
3659 1181 3770 1234 frui.
3797 1184 3869 1234 Ca-

2257 1269 2380 1319 tera
2401 1264 2553 1319 enim
2573 1266 2831 1335 quamvis
2852 1283 2885 1320 a
2902 1267 3015 1320 Deo
3032 1265 3368 1332 habeantur,
3382 1283 3501 1321 non
3519 1268 3712 1322 habent
3726 1270 3871 1322 Deum.

2331 1355 2416 1407 35.
2471 1354 2801 1407 Admonitio
2867 1360 3057 1408 autem
3117 1356 3401 1425 qumdam,
3466 1372 3590 1426 quas
3643 1357 3872 1410 nobiscum

2257 1439 2398 1510 agit,
2445 1445 2510 1494 ut
2556 1442 2734 1494 Deum
2776 1442 3162 1509 recordemur,
3207 1447 3273 1496 ut
3305 1459 3438 1497 eum
3487 1459 3794 1514 qumramus,
3836 1452 3876 1497 ut

2259 1542 2391 1580 eum
2413 1529 2575 1598 pulso
2602 1529 2759 1584 omni
2780 1529 3005 1583 fastidio
3037 1529 3316 1595 sitiemus,
3348 1531 3418 1585 de
3442 1531 3562 1602 ipso
3582 1533 3647 1586 ad
3666 1548 3751 1586 nos
3767 1533 3875 1585 fonte

2258 1613 2513 1667 veritatis
2542 1619 2788 1668 emanat.
2825 1616 2940 1668 Hoc
2986 1614 3359 1669 interioribus
3403 1617 3701 1671 luminibus
3725 1618 3877 1672 nostris

2254 1701 2422 1768 jubar
2450 1702 2534 1755 sol
2559 1702 2656 1756 ille
2686 1708 2933 1756 secretus
2962 1702 3231 1759 infundit.
3259 1705 3438 1774 Hujus
3459 1710 3540 1758 est
3566 1721 3742 1759 verum
3757 1721 3876 1758 omne

2261 1789 2418 1859 quod
2445 1789 2756 1860 loquimur,
2792 1790 2965 1844 etiam
2995 1791 3224 1862 quando
3255 1792 3440 1847 adhuc
3467 1793 3550 1846 vel
3583 1794 3749 1847 minus
3766 1794 3871 1847 sanis

2261 1877 2348 1930 vel
2379 1883 2614 1948 repente
2635 1880 2844 1949 apertis
2874 1879 3050 1933 oculis
3072 1880 3342 1934 audacter
3385 1882 3649 1947 converti,
3680 1888 3729 1936 et
3745 1889 3874 1936 totum

2261 1964 2472 2018 intueri
2498 1965 2848 2036 trepidamus
2875 1983 2888 2020 :
2916 1966 3171 2037 nihilque
3199 1967 3353 2022 aliud
3386 1969 3555 2023 etiam
3585 1969 3684 2023 hoc
3707 1974 3877 2040 apparet

2262 2069 2384 2106 esse
2431 2069 2605 2124 quam
2669 2054 2869 2122 Deum,
2919 2055 3076 2108 nulla
3109 2055 3553 2125 degeneratione
3600 2056 3877 2127 impediente

2262 2141 2597 2211 perfectum.
2629 2143 2773 2196 Nam
2801 2142 2880 2196 ibi
2910 2147 3092 2197 totum
3118 2148 3288 2214 atque
3310 2160 3482 2200 omne
3512 2148 3788 2216 perlectum
3809 2151 3874 2206 est,

2263 2229 2548 2301 simulque
2603 2235 2689 2284 est
2737 2231 3324 2302 omnipotentissimus
3400 2233 3563 2288 Deus.
3605 2233 3702 2287 Sed
3745 2238 3878 2286 tamen

2265 2319 2542 2389 quamdiu
2563 2319 2895 2390 quaerimus,
2927 2321 3185 2375 nondum
3207 2321 3335 2391 ipso
3369 2321 3547 2388 fonte,
3577 2328 3731 2392 atque
3755 2326 3802 2374 ut
3815 2319 3878 2372 illo

2263 2407 2434 2460 verbo
2491 2413 2640 2476 utar,
2694 2407 3050 2479 plenitudine
3091 2409 3348 2474 saturati,
3411 2411 3662 2464 nondum
3711 2410 3767 2464 ad
3808 2424 3878 2462 no-

2264 2499 2446 2548 strum
2498 2496 2737 2550 modum
2791 2513 2897 2550 nos
2954 2497 3278 2567 pervenisse
3330 2497 3610 2553 fateamur
3649 2515 3662 2554 :
3698 2503 3745 2551 et
3777 2497 3878 2560 ideo,

2265 2584 2526 2653 quamvis
2539 2584 2661 2654 jam
2683 2585 2798 2638 Deo
2820 2585 3140 2655 adjuvante,
3174 2586 3439 2641 nondum
3462 2591 3647 2642 tamen
3673 2585 3880 2656 sapientes

2263 2685 2328 2724 ac
2356 2670 2507 2724 beati
2536 2687 2754 2726 sumus.
2788 2673 2890 2725 Illa
2944 2676 3029 2726 est
3057 2672 3234 2743 igitur
3260 2674 3438 2744 plena
3487 2675 3700 2728 satietas
3724 2673 3878 2726 animo-

2262 2774 2414 2826 rum,
2446 2759 2567 2812 haec
2597 2765 2680 2813 est
2709 2760 2876 2814 beata
2902 2760 3036 2828 vita,
3078 2761 3169 2832 pie
3201 2763 3569 2835 perfectaque
3617 2772 3877 2832 cognoscere

2263 2862 2296 2900 a
2321 2863 2434 2917 quo
2465 2847 2753 2902 inducaris
2799 2849 2860 2902 in
2895 2850 3212 2916 veritatem,
3264 2867 3384 2922 qua
3436 2855 3665 2906 veritate
3688 2850 3878 2920 perfrua-

2263 2933 2363 3004 ris,
2393 2950 2497 3004 per
2528 2936 2665 3006 quid
2702 2937 3054 2991 connectaris
3105 2954 3330 2992 summo
3388 2939 3557 2994 modo
3595 2937 3630 2992 ¹.
3670 2939 3780 3002 Qua
3809 2933 3879 2987 tria

2264 3039 2445 3077 unum
2493 3025 2675 3078 Deum
2717 3024 3170 3096 intelligentibus
3216 3043 3518 3101 unamque
3566 3025 3878 3086 substantiam,

2265 3112 2507 3165 exclusis
2535 3111 2882 3167 vanitatibus
2910 3114 3082 3168 variae
3131 3117 3583 3185 superstitionis,
3631 3114 3876 3170 ostendunt

2265 3200 2366 3253 Hic
2395 3204 2578 3254 mater
2605 3201 2914 3271 recognitis
2945 3203 3132 3256 verbis
3171 3219 3301 3274 quae
3357 3221 3479 3260 sua;
3528 3203 3784 3259 memoria:
3814 3214 3879 3267 ρε-

2265 3288 2418 3342 nitus
2447 3287 2822 3357 inhaerebant,
2856 3295 2914 3344 et
2953 3291 3116 3361 quasi
3160 3291 3446 3364 evigilans
3488 3294 3548 3349 in
3576 3293 3727 3348 fidem
3751 3302 3877 3352 suam,

2264 3391 2490 3430 versum
2528 3377 2691 3431 illum
2717 3379 3020 3432 sacerdotis
3051 3379 3230 3434 nostri
3263 3397 3275 3433 :

2543 3465 2677 3514 Fove
2708 3470 2998 3529 precantes,
3029 3467 3276 3526 Trinitas,

2622 3536 2952 3598 (Ambrosius
2976 3540 3032 3587 in
3060 3539 3224 3602 hym.,
3257 3543 3406 3591 Deus
3435 3544 3645 3593 creator
3673 3538 3865 3591 omnium.

2263 3615 2394 3669 laeta
2425 3614 2640 3682 effudit,
2675 3623 2845 3688 atque
2867 3619 3105 3688 subjecit
3133 3636 3145 3673 :
3177 3621 3304 3674 Haec
3334 3628 3427 3676 est
3454 3625 3608 3677 nullo
3637 3619 3879 3687 ambigente

2263 3703 2432 3758 beata
2460 3705 2590 3773 vita,
2625 3721 2754 3776 quae
2784 3706 2900 3761 vita
2923 3708 3175 3777 perfecta
3201 3713 3307 3775 est,
3352 3711 3427 3765 ad
3458 3727 3627 3783 quam
3661 3724 3746 3763 nos
3769 3701 3874 3758 festi-

2263 3799 2463 3846 nantes
2491 3810 2656 3864 posse
2710 3795 2964 3865 perduci,
3020 3797 3197 3851 solida
3243 3797 3358 3852 fide
3396 3798 3440 3864 ³,
3491 3799 3652 3854 alacri
3693 3813 3786 3866 spe,
3811 3790 3875 3843 fla-

2263 3885 2463 3951 grante
2493 3881 2765 3936 charitate
2787 3884 3258 3952 praesumendum
3289 3891 3396 3942 est.
3857 3885 3860 3892 ’

2335 3971 2422 4023 36.
2459 3969 2624 4040 Ergo,
2645 3971 2903 4041 inquam,
2937 3972 3214 4041 quoniam
3243 3974 3452 4028 modus
3480 3975 3598 4045 ipse
3629 3987 3719 4027 nos
3742 3967 3874 4021 admo'

2263 4060 2380 4122 net,
2415 4056 2740 4111 convivium
2764 4057 2956 4129 aliquo
2977 4059 3277 4115 intervallo
3327 4062 3555 4116 dierum
3585 4059 3875 4126 distinguere.

2261 4150 2502 4214 quantas
2531 4162 2636 4216 pro
2679 4146 2893 4200 viribus
2935 4165 3171 4218 possum
3217 4151 3436 4220 gratias
3484 4168 3590 4222 ago
3635 4143 3871 4202 summaet

2262 4247 2394 4286 vero
2426 4233 2538 4288 Deo
2566 4234 2740 4303 Patri,
2767 4235 3007 4290 Domino
3040 4237 3332 4292 liberatori
3355 4240 3670 4294 animarum
3695 4253 3706 4288 :
3738 4225 3877 4286 deintle

2263 4319 2422 4374 vobis
2452 4321 2550 4392 qui
2583 4324 2936 4378 concorditer
2953 4324 3202 4393 invitati,
3232 4328 3437 4381 multis
3467 4328 3632 4382 etiam
3647 4341 3723 4379 me
3748 4327 3880 4374 cumu-

2261 4407 2417 4462 lastis
2449 4411 2800 4465 muneribus.
2837 4413 2978 4466 Nam
3002 4417 3228 4467 tantum
3256 4413 3319 4469 in
3350 4422 3610 4470 nostrum
3637 4418 3878 4466 sermonem

2263 4499 2600 4568 contulistis,
2632 4508 2696 4554 ut
2724 4517 2815 4555 me
2858 4517 3068 4573 negare
3125 4519 3239 4558 non
3292 4506 3530 4575 possim,
3612 4503 3674 4557 ab
3703 4494 3881 4554 invitatia

2261 4586 2405 4640 meis
2434 4602 2556 4640 esse
2595 4588 2882 4642 satiatum.
2927 4589 3026 4644 llic
3053 4591 3321 4646 omnibus
3353 4593 3716 4664 gaudentibus
3741 4593 3786 4641 et
3799 4587 3879 4639 lau-

2263 4675 2529 4730 dantibus
2560 4677 2740 4730 Deum
2767 4693 2780 4730 :
2803 4677 2986 4742 Quam
3018 4681 3240 4746 vellem,
3270 4680 3472 4752 inquit
3498 4678 3781 4753 Trygetius,
3811 4674 3880 4728 hoc

2259 4764 2427 4818 modo
2499 4781 2603 4819 nos
2641 4765 2896 4837 quotidie
2938 4783 3218 4838 pasceres.
3274 4771 3502 4836 Modus,
3548 4770 3775 4838 inquam,
3819 4760 3880 4813 ille

2260 4852 2476 4923 ubique
2505 4854 2817 4908 servandus
2846 4860 2949 4923 est,
2982 4856 3196 4928 ubique
3226 4859 3534 4925 amandus,
3558 4858 3603 4911 si
3623 4855 3758 4910 vobis
3773 4845 3879 4904 cordi

2261 4946 2347 4996 est
2371 4941 2443 4996 ad
2462 4943 2655 5026 ‘Deum
2687 4943 2901 4998 reditus
2930 4951 3146 5004 noster.
3181 4946 3278 5001 His
3307 4947 3498 5011 dictis,
3520 4949 3658 5002 facto
3684 4942 3878 5010 disputa'

2259 5029 2434 5084 tionis
2460 5031 2592 5095 ﬁne,
2625 5031 3006 5089 discessimus.

2325 5130 2340 5163 ί
2378 5129 2520 5199 Lov.,
2551 5131 3267 5199 quo_veritate_perfruqrts,
3319 5147 3430 5199 per
3473 5135 3595 5198 quid
3625 5129 3880 5199 me“???

2259 5204 2462 5240 summa
2481 5185 2625 5240 bona.
2659 5193 2758 5241 Sed
2787 5185 3102 5243 concinnius
3127 5185 3527 5246 alim'eu'itionés
3548 5202 3598 5244 et
3623 5197 3728 5243 Mss.
3757 5185 3877 5237 ποωε-

2261 5254 2710 5324 cumpraarerunt,
2737 5261 3152 5324 qua_verit¢_1(e...
3180 5271 3393 5308 summo
3414 5259 3619 5324 modo.__
3770 5313 3794 5324 Α,
3816 5323 3819 5324 ν

2323 5315 2438 5378 ξδὶε
2461 5315 2829 5366 iucunctanier
2845 5319 3128 5378 legendum
3139 5333 3259 5368 cum
3275 5320 3695 5369 Mss.etomnibus
3713 5315 3876 5370 εωῐὶιῖυιε

2261 5375 2715 5426 εᾱὶῑίουὶὸυευδιι.
2734 5381 2848 5427 Am.
2881 5375 2963 5428 Er.
2995 5387 3047 5430 et
3067 5382 3366 5431 Coloniens.
3403 5397 3488 5431 an.
3517 5385 3640 5430 1520.
3664 5379 3756 5426 Non
3779 5380 3875 5431 vero,

2261 5438 2368 5506 sola
2396 5438 2622 5506 ﬁde,_uti
2637 5441 2860 5506 habetur
2882 5427 3487 5506 apud'Uo—vtInaL—ifest—o
3519 5427 3699 5506 lapsu,_
3721 5447 3814 5506 culi}

2259 5499 2374 5550 hinc
2396 5496 2734 5553 continenter
2752 5496 2992 5556 addatur.
3027 5506 3202 5558 alacri
3231 5519 3335 5569 spe,
3365 5496 3625 5572 ﬂagrante
3655 5496 3871 5552 charitate.
