4062 6188
1526 423 2407 529 ADMONITIO

1036 607 1141 673 DE
1189 607 1729 686 SEQUENTIBUS
1776 610 2091 677 DUOBUS
2140 612 2246 676 DE
2294 611 2589 678 ORDINE
2636 613 2912 679 LIBBJS.

291 879 377 933 Ad
406 878 692 933 edendum
715 897 857 951 opus
878 882 945 935 de
971 881 1177 937 Ordine
1206 882 1466 937 animum
1496 884 1704 953 adjecit
1724 884 2076 954 Augustinus
2106 888 2338 938 auctore
2369 883 2635 951 Zenobio,
2669 886 2829 955 cujus
2859 885 2965 939 viri
2996 886 3302 940 amicitiam
3335 893 3391 940 et
3413 889 3721 957 plurimam

214 966 279 1019 in
309 982 367 1019 se
400 982 645 1037 suosque
674 967 980 1022 familiares
1011 970 1461 1025 benevolentiam
1493 976 1904 1025 commemorat
1926 971 2022 1025 lib.
2062 977 2109 1038 1,
2140 988 2185 1026 c.
2214 977 2243 1026 7
2269 990 2281 1038 ;
2309 972 2408 1026 ubi
2436 989 2493 1026 se
2520 973 2630 1043 ipsi
2655 989 2721 1026 ea
2750 973 2818 1027 de
2848 990 2909 1028 re
2939 976 3118 1027 multa
3152 979 3319 1045 atque
3343 976 3455 1028 alta
3486 993 3723 1044 percon-

214 1054 359 1107 tanti
390 1054 575 1109 facere
606 1056 739 1109 satis
762 1058 999 1111 antehac
1028 1074 1145 1111 non
1164 1060 1418 1129 potuisse
1448 1060 1604 1127 dicit,
1636 1076 1764 1113 cum
1796 1075 1910 1113 non
1942 1060 2109 1113 modo
2136 1058 2216 1112 rei
2239 1058 2562 1125 difﬁcultas,
2592 1061 2688 1114 sed
2714 1065 3045 1131 temporum
3077 1062 3249 1115 etiam
3282 1063 3565 1131 angustiae
3589 1079 3723 1132 pro-

217 1144 501 1197 hiberent.
531 1145 811 1199 Caeterum
843 1146 1023 1200 amico
1055 1148 1423 1204 vehementer
1453 1149 1689 1203 instanti
1717 1165 1786 1202 ne
1817 1148 2031 1203 diutius
2061 1147 2335 1213 diﬁ'erret,
2369 1153 2538 1218 atque
2562 1148 2633 1201 ad
2656 1148 2943 1218 copiosius
2980 1150 3442 1220 respondendum
3475 1150 3725 1204 carmine

216 1232 551 1301 provocanti
582 1248 800 1287 morem
830 1250 1027 1304 gerere
1058 1236 1331 1304 oportuit.

288 1320 467 1390 Coepit
494 1320 683 1390 itaque
713 1322 1132 1378 conscribendis
1155 1324 1306 1378 hisce
1328 1325 1487 1380 libris
1520 1342 1713 1380 vacare
1745 1325 1895 1397 apud
1924 1323 2299 1378 Cassiciacum
2324 1324 2427 1377 sub
2455 1323 2629 1377 ﬁnem
2654 1324 2789 1377 anni
2818 1327 2919 1379 386
2942 1341 2954 1390 ;
2980 1324 3193 1395 quippe
3219 1341 3349 1379 cum
3370 1326 3625 1396 primum
3654 1326 3721 1378 li-

216 1409 388 1463 brum
420 1408 720 1477 perfecerit
746 1414 1050 1482 antequam
1074 1412 1385 1467 Mediolano
1412 1430 1703 1484 regressus
1726 1419 1873 1467 esset
1900 1412 2155 1483 Alypius,
2184 1412 2283 1481 qui
2312 1412 2579 1464 inchoato
2596 1412 2718 1481 jam
2751 1415 2945 1465 contra
2975 1411 3338 1464 Academicos
3372 1428 3565 1481 opere,
3597 1416 3727 1464 ante

222 1501 285 1551 13
320 1498 470 1551 diem
501 1499 821 1553 novembris
852 1516 918 1554 eo
955 1501 1258 1572 profectus,
1284 1502 1415 1556 inde
1445 1503 1611 1557 rediit
1640 1508 1961 1574 opportune
1990 1505 2053 1554 ut
2086 1500 2383 1553 interesset
2412 1502 2535 1553 tum
2567 1499 2823 1569 ejusdem
2851 1498 3038 1569 operis
3069 1498 3481 1567 posterioribus
3506 1498 3728 1551 duobus

218 1585 581 1639 absolvendis
611 1586 790 1653 libris,
823 1592 945 1642 tum
974 1589 1143 1643 etiam
1191 1590 1355 1644 alteri
1384 1590 1642 1645 cudendo
1690 1591 1834 1644 libro
1883 1590 1953 1643 de
1990 1587 2231 1643 ordine:
2275 1587 2334 1640 in
2374 1604 2487 1658 quo
2518 1586 2726 1640 citatur
2766 1586 3053 1640 interdum
3088 1586 3231 1639 liber
3260 1585 3327 1639 de
3377 1586 3548 1639 Beata
3578 1586 3723 1651 Vita,

216 1672 489 1726 laudatur
514 1673 685 1728 etiam
709 1675 865 1729 locus
887 1675 1021 1730 libri
1039 1677 1195 1731 tertii
1222 1681 1416 1731 contra
1443 1677 1838 1732 Academicos:
1866 1676 2013 1731 unde
2036 1676 2348 1729 secundum
2370 1675 2523 1729 hunc
2543 1675 2611 1729 de
2634 1675 2845 1730 Ordine
2866 1674 3077 1728 librum
3106 1678 3232 1744 post
3252 1672 3392 1727 istos
3411 1673 3729 1743 perfectum

214 1770 343 1816 esse
371 1760 764 1832 intelligimus.

289 1852 707 1920 Argumentum
738 1850 1033 1922 utriusque
1063 1850 1194 1906 libri
1223 1852 1450 1906 exhibet
1478 1868 1699 1906 annexa
1727 1852 1820 1907 hic
1858 1850 2224 1907 Retractatio.
2260 1852 2324 1904 In
2355 1850 2541 1921 primo
2573 1849 2857 1920 insignior
2885 1850 3041 1904 locus
3070 1852 3174 1917 est,
3208 1848 3304 1902 ubi
3334 1849 3724 1919 comprimun-

214 1941 315 1991 tur
344 1938 722 1991 aemulationis
764 1942 819 1992 et
865 1938 1050 1992 inanis
1090 1940 1386 2009 juctantize
1417 1945 1601 1994 motus
1631 1940 1737 2007 illi,
1771 1940 1978 2011 quibus
2008 1940 2211 2010 agitari
2243 1941 2430 1994 solent
2457 1939 2842 1993 adolescentes
2872 1939 2971 2009 qui
3003 1938 3203 1991 litteris
3230 1943 3438 1991 navant
3468 1954 3721 2007 operam.

218 2028 285 2080 In
328 2026 573 2080 secando
613 2026 759 2080 libro
792 2042 858 2081 ex
909 2027 1124 2082 ordinis
1160 2028 1488 2083 deﬁnitione
1521 2034 1830 2082 nascuntur
1859 2028 2027 2083 varias
2057 2028 2404 2100 quaestiones
2431 2071 2443 2084 .
2477 2044 2721 2099 cumque
2751 2028 2835 2082 rei
2866 2028 3169 2082 difﬁcultas
3202 2027 3611 2080 collocutorum
3641 2044 3724 2080 ca-

214 2121 386 2186 ptum
431 2120 741 2186 superaret,
780 2115 961 2169 visum
991 2121 1074 2170 est
1099 2117 1415 2188 Augustino
1444 2122 1663 2171 rectum
1692 2118 1958 2172 studendi
1982 2117 2243 2171 ordinem
2274 2117 2533 2172 edocere.
2566 2116 2929 2186 Quapropter
2956 2114 3210 2185 primum
3241 2114 3309 2168 de
3352 2113 3726 2168 informandis

212 2203 329 2257 rite
361 2204 633 2270 moribus,
680 2209 802 2265 tum
849 2205 917 2259 de
948 2205 1349 2275 comparandis
1386 2205 1650 2259 humanis
1679 2205 1993 2275 disciplinis
2023 2205 2270 2271 disserit,
2310 2206 2519 2277 quibus
2550 2205 2727 2259 fretus
2758 2203 3107 2273 adjumentis
3134 2202 3359 2257 animus
3390 2202 3459 2257 ad
3489 2201 3728 2256 celsiora

219 2293 460 2348 demum
490 2293 862 2363 percipienda
890 2294 1178 2348 evehatur.

325 2380 483 2449 Vide
512 2381 755 2448 librum
792 2390 852 2463 1,
890 2404 1035 2470 cap.
1074 2390 1137 2463 3,
1168 2384 1766 2464 Retractationum,
1801 2382 1922 2449 col.
1956 2389 2268 2462 588-589,
2304 2379 2605 2462 averbz's,
2642 2383 2768 2447 Per
2798 2382 2978 2447 idem
3008 2387 3304 2464 tempus,
3338 2402 3405 2445 η.
3445 2388 3506 2458 1,
3531 2400 3732 2466 usque

216 2479 317 2546 ad
352 2480 547 2545 verba
574 2502 641 2546 η.
679 2489 743 2559 3,
790 2482 1104 2547 Ordinem
1141 2502 1370 2546 rerum
1409 2483 1681 2547 Zenobi.
1914 2482 1999 2546 M.

1070 2783 1179 2888 S.
1280 2784 1926 2889 AURELII
2026 2779 2875 2886 AUGUSTINI

1483 2964 2038 3022 HIPPONENSIS
2088 2962 2471 3020 EPISCOPI

770 3122 1275 3309 DE
1586 3100 3196 3308 ORDINE

1601 3396 1923 3475 LIBRI
2009 3396 2343 3482 DUOM.

1292 3698 1836 3822 LIBER
1932 3649 2653 3820 PRIMUS.

289 3894 687 3958 Disputationes
712 3893 843 3943 duas
868 3892 1099 3951 exhibet,
1125 3904 1349 3955 quarum
1373 3892 1543 3955 prima
1564 3890 1716 3940 docet
1739 3891 1917 3939 omnia
1940 3903 2151 3953 prorsus
2173 3892 2225 3938 et
2248 3888 2391 3938 bona
2409 3892 2460 3938 et
2482 3889 2623 3937 mala
2652 3887 2835 3937 ordine
2862 3886 3057 3935 divinas
3087 3885 3433 3948 providentiae
3454 3884 3732 3933 contineri.

222 3973 475 4022 Secunda
503 3973 565 4022 de
595 3973 797 4022 ordinis
818 3972 1121 4035 praestantia
1146 3976 1197 4021 et
1216 3972 1431 4021 notione
1453 3971 1699 4020 nonnihil
1723 3971 1922 4033 tangit;
1946 3973 2101 4033 atque
2126 3969 2211 4017 hic
2227 3969 2347 4018 data
2368 3969 2645 4017 occasione
2666 3966 3040 4029 incompositos
3065 3966 3225 4013 animi
3251 3968 3425 4013 motus
3442 3967 3493 4013 et
3510 3964 3735 4027 pueriles

223 4052 465 4115 gloriola
488 4052 705 4101 obtentu
729 4052 869 4100 rixas
888 4052 1224 4099 alumnarum
1251 4064 1469 4099 suorum
1490 4051 1721 4113 graviter
1736 4050 1901 4113 carpit
1920 4049 2280 4112 Augustinus;
2306 4052 2522 4113 tumque
2546 4048 2849 4097 Monnicam
2874 4046 3001 4094 dicit
3024 4046 3090 4095 ob
3107 4058 3292 4094 sexum
3323 4059 3353 4093 ει
3375 4042 3738 4107 philosophica

223 4133 590 4195 disputatione
623 4132 842 4181 minime
867 4131 1145 4180 arcendam
1181 4144 1312 4180 esse.

942 4315 1208 4355 PREFATIO
1218 4341 1228 4352 .

226 4394 461 4450 CAPUT
505 4392 799 4448 PRIMUM.
846 4421 915 4431 —
960 4391 1151 4446 Omnia
1180 4389 1369 4443 divina
1406 4386 1750 4469 providentia
1796 4387 1927 4451 regi.

310 4487 358 4537 1.
409 4482 681 4536 Ordinem
723 4496 941 4541 rerum,
999 4478 1228 4543 Zenobi,
1286 4474 1562 4546 consequi
1619 4490 1683 4527 ac
1735 4478 1931 4527 tenere

2044 4295 2251 4365 capite,
2276 4294 2609 4364 inspiciunt,
2643 4309 2815 4364 quam
2848 4291 3135 4363 quomodo
3164 4289 3263 4344 ﬁat
3292 4291 3355 4342 ut
3379 4292 3433 4341 et
3461 4288 3608 4339 Deus
3634 4287 3736 4340 hu-

2042 4399 2214 4437 mana
2253 4387 2432 4447 curet,
2484 4385 2540 4435 et
2580 4385 2739 4435 tanta
2776 4380 2835 4433 in
2873 4378 3138 4435 humanis
3185 4377 3354 4430 rebus
3402 4372 3737 4444 perversitas

2044 4487 2457 4541 usquequaque
2479 4470 2683 4525 diﬁ‘usa
2714 4470 2806 4534 sit,
2838 4474 2903 4523 ut
2923 4484 3035 4521 non
3072 4465 3297 4529 divinae,
3328 4462 3425 4515 sed
3452 4478 3521 4515 ne
3553 4461 3739 4513 servili

225 4571 441 4641 cuique
470 4570 785 4641 proprium,
807 4572 929 4621 tum
972 4584 1102 4621 vero
1136 4564 1517 4619 universitatis
1556 4580 1668 4633 quo
1706 4578 1933 4616 coerce-

234 4665 333 4714 tur
383 4674 447 4712 ac
490 4657 681 4728 agitur
721 4658 813 4711 hic
860 4656 1133 4718 mundus,
1178 4655 1259 4707 vel
1306 4654 1495 4707 videre
1549 4652 1635 4706 vel
1684 4651 1933 4723 pandere

229 4746 637 4802 difﬁcillimum
668 4745 1002 4800 hominibus
1049 4749 1217 4815 atque
1266 4741 1623 4796 rarissimum
1668 4745 1770 4793 est.
1818 4741 1936 4794 Huc

230 4834 454 4889 accedit
483 4834 635 4904 quod
684 4834 907 4888 etiamsi
934 4832 1059 4903 quis
1089 4833 1211 4886 haec
1240 4829 1438 4901 possit,
1466 4845 1578 4883 non
1610 4827 1748 4881 illud
1787 4842 1936 4897 quo-

235 4940 349 4995 que
381 4924 563 4977 valeat
599 4922 845 4989 efﬁcere,
877 4933 939 4975 ut
971 4922 1209 4991 dignum
1245 4917 1562 4972 auditorem
1590 4922 1705 4969 tam
1735 4914 1937 4969 divinis

237 5012 611 5081 obscurisque
642 5012 830 5075 rebus,
876 5010 962 5063 vel
1004 5010 1132 5063 vita:
1176 5007 1402 5073 merito,
1434 5007 1519 5059 vel
1557 5004 1755 5059 habitu
1796 5018 1938 5073 quo-

232 5103 373 5157 dam
423 5100 780 5164 eruditionis,
816 5098 1085 5153 inveniat.
1122 5098 1235 5151 Nec
1272 5101 1465 5150 tamen
1506 5093 1817 5164 quidquam
1857 5094 1943 5144 est

241 5189 397 5262 quod
430 5188 615 5258 magis
660 5188 819 5242 avide
853 5191 1122 5257 expetant
1150 5199 1393 5257 quaeque
1430 5182 1646 5250 optima
1686 5178 1935 5249 ingenia,

243 5276 543 5347 magisque
603 5276 798 5330 audire
838 5292 902 5329 ac
954 5275 1166 5330 discere
1210 5272 1477 5327 studeant
1531 5269 1631 5341 qui
1683 5267 1944 5338 scapulos

243 5368 378 5422 vita:
428 5366 601 5437 hujus
638 5370 695 5420 et
732 5365 1032 5437 procellas,
1062 5364 1217 5417 velut
1263 5365 1449 5416 erecto
1498 5362 1777 5433 quantum
1816 5357 1947 5410 licet

305 5480 385 5545 (α)
413 5481 602 5545 Scripti
632 5481 731 5531 sub
759 5480 917 5530 ﬁnem
939 5478 1067 5529 anni
1098 5480 1204 5528 386.
1282 5552 1285 5555 _

2046 4559 2276 4631 quidem
2306 4558 2555 4628 cuipiam
2585 4555 2997 4628 procurationi,
3024 4554 3070 4606 si
3098 4553 3150 4606 ei
3178 4556 3335 4605 tanta
3364 4552 3613 4619 potestas
3646 4548 3739 4601 da-

2045 4653 2222 4712 retur,
2247 4647 2547 4701 tribuenda
2564 4664 2684 4700 esse
2706 4646 2983 4699 videatur.
3008 4640 3389 4705 Quamobrem
3408 4637 3544 4691 illud
3577 4637 3737 4707 quasi

2046 4736 2432 4791 necessarium
2471 4736 2539 4789 iis
2570 4735 2776 4806 quibus
2816 4732 2949 4786 talia
2998 4733 3130 4782 sunt
3167 4744 3338 4793 curae,
3390 4725 3739 4779 credendum

2048 4825 2357 4879 dimittitur
2385 4845 2399 4891 ;
2424 4829 2523 4878 aut
2568 4823 2815 4877 divinam
2865 4816 3279 4889 providentiam
3319 4831 3432 4868 non
3462 4829 3643 4883 usque
3680 4811 3737 4864 in

2047 4914 2170 4967 haec
2215 4913 2419 4967 ultima
2456 4916 2513 4965 et
2553 4910 2667 4963 ima
2708 4905 2989 4979 pertendi,
3026 4909 3125 4959 aut
3173 4908 3321 4958 certe
3360 4902 3511 4956 mala
3549 4899 3741 4955 omnia

2052 5002 2151 5055 Dei
2191 5002 2482 5054 voluntate
2513 4996 2812 5052 committi.
2847 4996 3163 5064 Utrumque
3192 4991 3459 5061 impium,
3491 4989 3589 5042 sed
3619 5002 3739 5039 ma-

2052 5090 2136 5161 gis
2164 5088 2469 5159 posterius.
2517 5086 2855 5156 Quanquam
2896 5082 3049 5137 enim
3082 5082 3367 5135 desertum
3414 5080 3528 5131 Deo
3575 5073 3742 5161 quid-

2054 5160 2226 5249 quam
2254 5176 2509 5243 credere,
2542 5190 2669 5227 cum
2704 5171 3220 5244 imperitissimum,
3243 5174 3367 5222 tum
3399 5166 3568 5219 etiam
3597 5160 3744 5241 peri-

2054 5248 2473 5321 culosissimum
2526 5262 2717 5317 animo
2766 5262 2869 5329 sit;
2910 5266 3103 5315 tamen
3141 5258 3203 5311 in
3241 5255 3377 5327 ipsis
3413 5248 3745 5306 hominibus

2057 5370 2230 5409 nemo
2253 5367 2602 5423 quemquam
2625 5366 2742 5405 non
2761 5349 3015 5420 potuisse
3034 5344 3249 5417 aliquid
3273 5338 3603 5395 criminatus
3630 5338 3741 5389 est:
