3996 6170
373 157 478 208 979

374 276 742 351 negligentiae
771 289 905 327 vero
936 271 1276 342 vituperatio
1309 270 1490 324 multo
1523 273 1608 322 est
1636 283 1808 339 quam
1837 266 2073 320 malitia:

376 362 846 432 crudelitatisque
869 357 1184 429 purgatior.
1217 358 1412 427 Itaque
1433 357 1586 409 velut
1603 353 1966 425 compellitur
1980 369 2072 406 ra-

375 454 455 507 tio
481 457 674 506 tenere
707 465 821 502 non
845 447 1152 500 immemor
1180 444 1425 516 pietatis,
1450 447 1548 497 aut
1577 443 1681 496 ista
1702 448 1930 496 terrena
1958 457 2075 494 non

373 556 541 611 posse
585 556 618 592 a
651 535 860 591 divinis
897 531 1310 600 administrari,
1355 536 1453 586 aut
1490 531 1704 602 negligi
1731 535 1903 600 atque
1941 545 2073 583 con-

373 627 554 682 temni
581 625 767 696 potius
789 639 961 694 quam
993 622 1072 675 ita
1092 621 1420 692 gubernari,
1455 625 1521 675 ut
1550 619 1736 674 omnis
1767 619 1836 673 de
1864 620 1976 672 Deo
2003 619 2077 672 sit

375 715 530 769 mitis
559 717 730 784 atque
748 703 1105 780 'inculpanda
1135 708 1494 780 conquestio.

445 807 500 858 2.
537 802 646 856 Sed
677 800 806 872 quis
836 805 954 853 tam
998 814 1179 852 cmcus
1215 803 1299 852 est
1327 800 1540 866 mente,
1577 799 1639 850 ut
1669 795 1988 868 quidquam
2017 795 2076 848 in

376 889 671 944 movendis
691 886 1028 957 corporibus
1056 885 1293 938 rationis
1311 885 1329 918 ¹
1354 884 1506 955 quod
1538 883 1744 954 praeter
1765 884 2076 937 humanam

379 972 814 1044 dispositionem
845 987 908 1024 ac
928 971 1280 1023 voluntatem
1304 972 1408 1034 est,
1432 967 1639 1022 divinae
1657 965 1933 1038 potentiae
1963 979 2078 1016 mo-

380 1061 776 1130 derationique
808 1059 942 1112 dare
974 1057 1240 1112 dubitet?
1267 1057 1378 1110 nisi
1409 1057 1554 1110 forte
1585 1059 1683 1109 aut
1711 1053 1932 1107 casibus
1962 1057 2078 1105 tam

379 1153 502 1203 rata
523 1147 548 1182 ²
570 1148 878 1216 subtilique
900 1145 1259 1200 dimensione
1287 1146 1370 1198 vel
1393 1143 1914 1198 minutissimorum
1936 1155 2080 1210 quo-

381 1253 624 1308 rumque
647 1235 982 1289 animalium
1004 1233 1263 1287 membra
1284 1232 1606 1302 figurantur
1626 1247 1640 1297 ;
1660 1234 1757 1284 aut
1777 1228 1933 1300 quod
1948 1242 2083 1281 casu

382 1326 512 1396 quis
541 1329 729 1395 negat,
761 1323 938 1393 possit
968 1321 1076 1375 nisi
1108 1321 1326 1374 ratione
1352 1320 1564 1373 factum
1593 1318 1756 1372 fateri
1781 1334 1794 1384 ;
1830 1321 1929 1370 aut
1947 1331 2081 1368 vero

382 1431 486 1485 per
520 1414 846 1467 universam
878 1415 1163 1475 naturam,
1198 1409 1351 1478 quod
1392 1407 1453 1461 in
1493 1406 1731 1476 singulis
1759 1405 2082 1476 quibusque

383 1503 553 1555 rebus
593 1501 735 1553 nihil
772 1504 891 1552 arte
929 1499 1180 1551 humana
1212 1500 1506 1567 satagente
1552 1495 1879 1548 ordinatum
1909 1492 2082 1545 mira-

382 1606 534 1655 mur,
576 1588 826 1641 alienare
857 1604 890 1640 a
920 1584 1294 1640 secretissimo
1332 1582 1643 1654 majestatis
1678 1581 1913 1635 arbitrio
1952 1579 2084 1632 ullis

386 1677 550 1747 nugis
580 1693 741 1730 vana:
771 1674 1060 1745 opinionis
1090 1673 1444 1726 audebimus.
1480 1675 1550 1725 At
1577 1671 1728 1724 enim
1761 1671 1867 1724 hoc
1895 1668 2084 1739 ipsum

384 1769 469 1820 est
510 1765 734 1836 plenius
784 1762 1189 1834 quaestionum,
1225 1762 1378 1832 quod
1417 1760 1677 1814 membra
1716 1757 1923 1829 pulicis
1963 1756 2083 1810 dis-

383 1854 568 1924 posita
597 1853 740 1905 mire
761 1857 933 1922 atque
963 1850 1230 1904 distincta
1259 1853 1410 1917 sunt,
1436 1864 1565 1901 cum
1587 1847 1803 1901 interea
1832 1847 2087 1900 humana

385 1939 501 1991 vita
516 1936 1021 1992 innumerabilium
1047 1934 1544 2005 perturbationum
1565 1930 1946 1986 inconstantia
1967 1947 2088 1984 ver-

384 2031 547 2081 setur
586 2030 644 2080 et
672 2026 928 2080 ﬂuctuet.
963 2024 1070 2078 Sed
1093 2026 1197 2077 hoc
1221 2027 1386 2093 pacto
1413 2022 1463 2076 si
1494 2021 1619 2092 quis
1649 2025 1767 2074 tam
1796 2020 2086 2073 minutum

383 2119 663 2179 cerneret,
717 2118 780 2166 ut
828 2113 889 2166 in
935 2111 1306 2164 vermiculato
1367 2109 1692 2180 pavimento
1749 2107 1895 2162 nihil
1936 2108 2086 2161 ultra

386 2203 549 2257 usius
598 2202 839 2255 tessellae
888 2199 1188 2252 modulum
1244 2197 1391 2251 acies
1444 2198 1566 2267 ejus
1596 2197 1805 2250 valeret
1844 2195 2082 2263 ambire,

387 2289 740 2358 vituperaret
769 2285 1044 2339 artiﬁcem
1067 2286 1220 2338 velut
1239 2283 1613 2337 ordinationis
1644 2287 1700 2336 et
1728 2283 2088 2352 compositio-

390 2376 482 2429 nis
511 2376 774 2446 ignarum
799 2392 814 2441 ;
847 2390 913 2426 eo
943 2373 1097 2442 quod
1127 2371 1456 2424 varietatem
1489 2371 1816 2440 lapillorum
1856 2375 2085 2440 pertur-

389 2463 583 2516 batam
624 2466 869 2531 putaret,
903 2478 935 2514 a
972 2477 1084 2530 quo
1131 2460 1226 2512 illa
1273 2460 1616 2512 emblemata
1653 2459 1713 2511 in
1756 2459 1927 2511 unius
1957 2460 2084 2528 pul-

389 2549 726 2604 chritudinis
765 2549 966 2602 faciem
999 2547 1376 2618 congruentia
1409 2547 1577 2599 simul
1609 2546 1764 2600 cerni
1793 2547 2087 2600 collustra-

393 2638 559 2708 rique
591 2653 706 2690 non
737 2641 987 2706 possent.
1025 2636 1177 2689 Nihil
1225 2635 1378 2687 enim
1425 2634 1580 2688 aliud
1631 2635 1822 2688 minus
1851 2635 2087 2689 eruditis

391 2725 722 2780 hominibus
743 2724 965 2790 accidit,
989 2724 1088 2794 qui
1110 2723 1434 2777 universam
1456 2739 1648 2777 rerum
1669 2725 2088 2794 coaptationem

393 2819 563 2885 atque
593 2817 930 2867 concentum
967 2812 1254 2866 imbecilla
1288 2816 1479 2865 mente
1527 2812 1826 2882 complecti
1865 2816 1923 2866 et
1951 2829 2088 2866 con-

392 2902 643 2956 siderare
677 2917 797 2955 non
822 2901 1096 2969 valentes,
1115 2899 1162 2953 si
1183 2899 1322 2970 quid
1340 2915 1437 2952 eos
1458 2899 1778 2966 offenderit,
1810 2900 1944 2970 quia
1973 2917 2090 2954 suae

392 2989 721 3060 cogitationi
751 3005 1026 3059 magnum
1056 2993 1157 3054 est,
1192 3003 1461 3058 magnam
1491 2992 1697 3058 putant
1715 2988 1885 3042 rebus
1913 2988 2091 3043 inhae-

392 3095 518 3133 rere
548 3078 881 3132 foeditatem.

466 3169 517 3220 3.
543 3166 714 3236 Cujus
744 3164 952 3219 erroris
982 3164 1231 3218 maxima
1257 3179 1428 3219 causa
1462 3169 1567 3230 est,
1595 3165 1747 3236 quod
1776 3168 1950 3219 homo
1982 3165 2091 3219 sibi

393 3254 516 3322 ipse
553 3259 638 3307 est
683 3253 1024 3323 incognitus.
1068 3253 1177 3316 Qui
1206 3258 1398 3306 tamen
1440 3257 1504 3306 ut
1539 3270 1596 3307 se
1628 3258 1845 3321 noscat,
1878 3270 2091 3323 magna

395 3356 541 3412 opus
570 3341 742 3394 habet
769 3340 1182 3394 consuetudine
1221 3341 1520 3394 recedendi
1550 3356 1582 3393 a
1613 3341 1904 3402 sensibus(
1937 3343 1956 3394 Ι
1984 3345 2092 3397 Re-

395 3435 554 3484 tract.
587 3445 705 3498 cap.
740 3432 792 3494 3,
822 3445 878 3482 η.
920 3431 996 3497 2),
1040 3433 1098 3482 et
1127 3428 1385 3482 animum
1414 3427 1475 3482 in
1504 3429 1754 3499 seipsum
1789 3430 2092 3500 colligendi

395 3521 567 3588 atque
603 3518 664 3571 in
703 3517 890 3588 seipso
921 3517 1225 3571 retinendi.
1257 3516 1419 3581 Quod
1452 3517 1490 3570 ii
1522 3522 1746 3571 tantum
1777 3534 2093 3588 assequun-

395 3609 507 3672 tur,
531 3606 632 3676 qui
662 3607 860 3677 plagas
884 3606 1160 3676 quasdam
1189 3605 1549 3676 Opinionum.
1581 3621 1722 3675 quas
1749 3605 1879 3658 vita:
1902 3605 2091 3676 quoti-

395 3693 581 3748 diana:
603 3709 800 3748 cursus
830 3693 1059 3762 inﬂigit,
1092 3699 1192 3747 aut
1221 3693 1526 3747 solitudine
1552 3692 1810 3760 inurunt,
1835 3698 1934 3748 aut
1958 3693 2093 3747 libe-

395 3781 612 3835 ralibus
643 3781 932 3835 medicant
961 3781 1299 3850 disciplinis.

629 3869 851 3922 CAPUT
881 3869 949 3921 II.
983 3899 1052 3908 —
1080 3869 1303 3922 Dedicat
1333 3870 1428 3922 hoc
1457 3884 1588 3937 opus
1618 3871 1860 3924 Zenobio.

471 3955 556 4008 Ita
582 3954 736 4008 enim
761 3953 986 4007 animus
1017 3955 1123 4008 sibi
1155 3954 1432 4019 redditus,
1465 3972 1594 4026 qua:
1629 3957 1701 4010 sit
1729 3957 2092 4027 pulchritudo

399 4041 784 4096 universitatis
805 4041 1070 4112 intelligit
1092 4059 1106 4108 ;
1130 4058 1259 4113 quae
1289 4043 1542 4112 profecto
1565 4044 1632 4096 ab
1659 4060 1770 4097 uno
1797 4047 2091 4116 cognomi-

396 4136 532 4186 nata
547 4135 650 4185 est.
669 4129 998 4202 Idcircoque
1017 4129 1174 4184 illam
1189 4131 1379 4185 videre
1392 4147 1505 4185 non
1518 4131 1652 4186 licet
1665 4133 1870 4186 animae
1887 4150 2016 4204 quae
2032 4134 2092 4188 in

397 4221 581 4274 multa
590 4219 870 4291 procedit,
885 4223 1243 4291 sectaturque
1258 4219 1524 4274 aviditate
1537 4220 1871 4291 pauperiem
1888 4239 1902 4289 ;
1921 4239 2094 4292 quam

396 4307 578 4362 nescit
603 4309 724 4362 sola
743 4307 1139 4379 segregatione
1161 4308 1544 4363 multitudinis
1565 4326 1729 4380 posse
1750 4309 1931 4364 vitari.
1960 4312 2095 4366 Mul-

394 4395 702 4450 titudinem
719 4399 913 4449 autem
927 4411 1047 4449 non
1067 4395 1371 4449 hominum
1392 4395 1537 4461 dico,
1564 4397 1659 4450 sed
1681 4397 1942 4452 omnium
1965 4415 2093 4469 quae

398 4500 596 4538 sensus
623 4485 874 4555 attingit.
910 4486 1022 4538 Nec
1063 4484 1271 4538 mirere
1307 4485 1461 4556 quod
1494 4501 1560 4540 eo
1591 4491 1901 4556 egestatem
1941 4489 2090 4558 pati-

399 4574 495 4625 tur
515 4571 716 4642 magis,
739 4589 854 4643 quo
874 4571 1055 4644 magis
1077 4572 1294 4643 appetit
1321 4573 1488 4643 plura
1506 4574 1825 4644 complecti.
1853 4576 1921 4629 Ut
1939 4578 2091 4631 enim

1652 144 1746 200 DE
1783 143 2082 212 ORDINE,
2127 144 2181 200 s.
2222 139 2607 198 AUGUSTINI
3159 99 3161 102 ﬂ
3736 149 3805 199 980

2181 265 2244 319 in
2271 264 2482 318 circulo
2512 259 2880 333 quantumvis
2909 260 3100 330 amplo
3126 274 3316 313 unum
3367 263 3452 312 est
3479 259 3702 315 medium
3731 280 3809 335 quo

2183 358 2387 420 cuncta
2411 355 2786 422 convergunt,
2811 349 2965 421 quod
2986 353 3248 404 centrum
3280 355 3582 419 geometras
3607 356 3812 412 vocant‘.

2184 446 2240 496 et
2269 440 2528 512 quamvis
2557 440 2732 494 totius
2762 439 3009 493 ambitus
3043 443 3235 508 partes
3264 438 3732 494 innumerabiliter
3760 460 3814 495 se-

2184 531 2301 586 cari
2331 534 2562 601 queant,
2598 528 2741 583 nihil
2769 532 2965 582 tamen
3004 532 3090 580 est
3120 532 3339 597 praeter
3366 526 3505 580 illud
3531 544 3711 594 unum,
3741 549 3816 601 quo

2185 621 2389 671 caetera
2427 615 2685 687 pariliter
2715 613 3107 678 dimetiantur,
3141 619 3198 667 et
3232 614 3397 684 quod
3432 615 3680 668 omnibus
3705 622 3818 686 quasi

2185 705 2437 776 quodam
2478 703 2818 775 aequalitatis
2860 703 2990 771 jure
3022 701 3404 768 dominetur;
3454 701 3581 755 hinc
3631 719 3744 757 vero
3781 708 3817 760 in

2187 793 2501 866 quamlibet
2518 796 2740 863 partem
2755 792 2799 844 si
2821 790 3017 859 egredi
3036 790 3196 856 velis,
3217 806 3291 843 eo
3308 790 3642 843 amittantur
3657 793 3815 854 omnia,

2187 899 2300 953 quo
2332 881 2394 934 in
2422 880 2673 950 plurima
2701 879 2993 949 pergitur:
3038 878 3117 931 sic
3164 877 3401 931 animus
3432 894 3466 930 a
3511 877 3677 949 seipso
3709 879 3816 934 fusm

2187 968 2570 1023 immensitate
2599 967 2847 1038 quadam
2887 966 3302 1032 diverberatur,
3349 971 3407 1019 et
3447 980 3580 1020 vera
3609 969 3816 1021 mendici-

2188 1062 2303 1112 tate
2331 1057 2665 1122 conteritur,
2716 1071 2848 1109 cum
2896 1069 3028 1109 eum
3072 1060 3284 1108 natura
3332 1069 3439 1107 sua
3485 1053 3631 1124 cogit
3661 1055 3816 1126 ubique

2188 1162 2371 1200 unum
2402 1160 2680 1216 quaarere,
2713 1147 2769 1197 et
2798 1143 3105 1197 multitudo
3128 1141 3394 1197 invenire
3425 1159 3539 1196 non
3569 1143 3704 1196 sinit.

2259 1235 2314 1288 4.
2347 1233 2456 1287 Sed
2486 1237 2542 1287 et
2578 1233 2699 1286 hac
2730 1248 2859 1302 qua:
2889 1230 3007 1284 dixi
3051 1231 3244 1302 qualia
3275 1231 3417 1295 sint,
3460 1235 3516 1283 et
3560 1246 3677 1300 qua:
3706 1247 3818 1285 causa

2190 1326 2370 1376 exstet
2399 1321 2607 1375 erroris
2649 1320 2997 1386 animarum,
3031 1335 3263 1390 quoque
3304 1318 3481 1372 modo
3513 1322 3569 1371 et
3598 1318 3651 1371 in
3693 1335 3818 1372 unum

2189 1415 2510 1480 congruant
2537 1413 2709 1480 atque
2757 1408 3007 1478 perfecta
3038 1407 3152 1460 sint
3179 1411 3413 1471 cuncta,
3446 1411 3502 1459 et
3538 1409 3710 1458 tamen
3732 1423 3820 1475 pec-

2191 1504 2316 1552 cata
2359 1498 2631 1566 fugienda
2659 1497 2793 1564 sint,
2837 1496 3156 1567 assequeris
3199 1495 3480 1566 profecto,
3533 1495 3607 1548 mi
3648 1496 3815 1548 Zenobi

2191 1587 2281 1643 Sic
2307 1587 2463 1640 enim
2493 1585 2635 1640 mihi
2663 1591 2866 1640 notum
2897 1589 2980 1638 est
3001 1584 3305 1655 ingenium
3343 1588 3530 1647 tuum,
3559 1587 3610 1635 et
3634 1583 3817 1651 pulchri-

2191 1676 2406 1730 tudinis
2437 1675 2783 1728 omnimodse
2814 1679 3036 1727 amator
3065 1673 3318 1738 animus,
3351 1672 3476 1725 sine
3505 1670 3729 1724 libidinis
3751 1670 3816 1723 im-

2194 1764 2589 1817 moderatione
2625 1768 2797 1833 atque
2839 1762 3118 1816 sordibus.
3155 1761 3322 1826 Quod
3352 1760 3580 1830 signum
3611 1759 3662 1812 in
3687 1763 3728 1810 te
3757 1760 3815 1810 fu-

2193 1855 2336 1905 tura:
2380 1850 2676 1921 sapientiae
2716 1849 3052 1920 perniciosis
3090 1848 3502 1918 cupiditatibus
3539 1847 3707 1901 divino
3732 1846 3817 1914 jure

2193 1939 2530 2010 praescribit,
2569 1955 2641 1992 ne
2682 1944 2842 1992 tuam
2882 1953 3111 1991 causam
3139 1937 3374 1990 deseras
3403 1935 3556 1988 falsis
3584 1934 3814 2004 voluptati-

2193 2029 2299 2082 bus
2329 2028 2590 2090 illectus;
2626 2043 2740 2097 qua
2774 2025 3240 2097 praevaricatione
3275 2025 3422 2078 nihil
3457 2023 3666 2092 turpius
3690 2028 3732 2076 et
3750 2037 3813 2090 pe-

2194 2115 2495 2170 riculosius
2526 2115 2766 2169 inveniri
2805 2119 3010 2186 potest.
3052 2112 3392 2184 Assequeris
3433 2128 3562 2179 ergo
3593 2111 3698 2173 ista,
3721 2109 3814 2161 mihi

2193 2205 2378 2270 crede,
2425 2220 2554 2256 cum
2590 2202 2895 2257 eruditioni
2925 2218 3159 2272 operam
3198 2200 3453 2266 dederis,
3486 2216 3594 2269 qua
3616 2202 3815 2268 purgatur

2195 2297 2251 2346 et
2279 2292 2554 2346 excolitur
2582 2292 2826 2356 animus,
2863 2291 3022 2343 nullo
3062 2289 3234 2343 modo
3267 2294 3402 2342 ante
3434 2289 3654 2342 idoneus
3675 2285 3742 2338 cui
3760 2284 3810 2336 di-

2194 2379 2326 2433 vina
2369 2379 2588 2433 semina
2636 2379 3088 2432 committantur.
3139 2378 3302 2441 Quod
3353 2381 3534 2430 totum
3571 2372 3813 2444 cujusmodi

2196 2467 2286 2533 sit,
2321 2473 2378 2521 et
2408 2483 2578 2537 quem
2608 2466 2828 2536 ﬂagitet
2857 2466 3136 2530 ordinem,
3172 2465 3386 2535 quidve
3415 2462 3659 2517 studiosis
3685 2466 3727 2512 et
3746 2461 3807 2511 δρα

2196 2557 2285 2610 nis
2332 2556 2476 2609 ratio
2525 2555 2839 2626 promittat,
2883 2555 3226 2624 qualemque
3275 2555 3450 2607 vitam
3499 2569 3596 2605 nos
3629 2549 3810 2601 vivamus

2196 2643 2514 2698 charissimi
2548 2643 2653 2711 tui,
2683 2648 2741 2697 et
2783 2659 2956 2713 quem
2987 2643 3234 2696 fructum
3277 2642 3348 2696 de
3381 2639 3589 2694 liberali
3617 2637 3711 2690 otio
3731 2650 3806 2686 caro

2196 2748 2418 2802 pamus,
2452 2731 2513 2786 hi
2541 2736 2596 2785 te
2622 2731 2753 2784 libri
2775 2731 2927 2798 satis,
2953 2736 3018 2784 ut
3038 2731 3265 2800 opinor,
3297 2729 3620 2789 edocebunt,
3648 2721 3807 2776 nomine

3897 55 3903 120 Ι

2194 2825 2295 2876 tuo
2322 2821 2486 2874 nobis
2507 2837 2681 2890 quam
2704 2823 2897 2872 nostra
2917 2819 3308 2873 elaboratione
3335 2817 3622 2877 dulciores,
3641 2826 3806 2882 preser-
3908 2841 3909 2854 η

2196 2909 2301 2962 tim
2329 2908 2375 2962 si
2404 2913 2456 2962 te
2481 2908 2539 2961 in
2569 2907 2760 2978 ipsum
2789 2907 3068 2972 ordinem,
3107 2907 3175 2960 de
3207 2923 3326 2977 quo
3356 2906 3427 2960 ad
3455 2909 3508 2959 te
3537 2901 3706 2965 scribo,
3729 2913 3804 2950 me-

2195 2994 2342 3048 liora
2369 2994 2585 3064 eligens
2613 2994 2861 3048 inserere
2891 2998 3060 3064 atque
3088 2999 3360 3064 coaptare
3389 2989 3632 3044 volueris.

2269 3086 2319 3136 5.
2355 3083 2497 3136 Nam
2533 3098 2662 3135 cum
2695 3082 2973 3136 stomachi
3017 3082 3180 3136 dolor
3225 3082 3477 3136 scholam
3514 3095 3596 3132 me
3621 3077 3801 3130 deserere

2197 3169 2492 3239 coegisset,
2524 3171 2623 3240 qui
2645 3171 2788 3240 jam,
2820 3174 2884 3224 ut
2911 3170 3038 3239 scis,
3075 3170 3245 3224 etiam
3280 3171 3404 3224 sine
3433 3169 3542 3222 ulla
3568 3164 3650 3219 tali
3675 3175 3801 3214 neces-

2199 3258 2363 3312 sitate
2392 3259 2452 3311 in
2483 3258 2906 3329 philosophiam
2928 3258 3234 3328 confugere
3254 3257 3547 3316 moliebar,
3576 3250 3723 3306 statim
3744 3261 3798 3298 me

2198 3347 2416 3400 contuli
2469 3347 2539 3400 ad
2584 3347 2777 3400 villam
2827 3346 3253 3400 familiarissimi
3314 3344 3494 3400 nostri
3543 3334 3795 3394 Verecundi-

2197 3435 2342 3499 Quid
2371 3435 2576 3501 dicam,
2610 3451 2677 3489 eo
2711 3435 2958 3489 libente?
2999 3436 3155 3490 Nosti
3193 3435 3416 3505 optime
3453 3429 3686 3492 hominis,
3715 3437 3795 3476 cum

2200 3523 2260 3576 in
2290 3538 2506 3582 omnes,
2531 3527 2656 3576 tum
2670 3539 2803 3577 vero
2824 3524 2884 3576 in
2905 3539 3009 3576 nos
3037 3522 3495 3577 benevolentiam
3521 3516 3794 3586 singularem-

2199 3611 2282 3665 Ibi
2324 3610 2740 3664 disserebamus
2786 3611 2936 3664 inter
2985 3627 3089 3664 nos
3139 3624 3512 3680 quaecumque
3552 3602 3795 3658 videbantur

2198 3698 2383 3764 utilia,
2437 3698 2690 3753 adhibito
2736 3714 2871 3752 sane
2919 3697 3046 3752 stilo
3083 3714 3197 3768 quo
3239 3703 3440 3752 cuncta
3477 3692 3791 3762 exciperentur,

2199 3787 2355 3858 quod
2387 3787 2650 3841 videbam
2682 3787 2999 3841 conducere
3028 3787 3343 3842 valetudini
3377 3801 3530 3840 meae.
3560 3783 3674 3836 Cum
3696 3772 3791 3828 enim

2199 3876 2478 3930 nonnulla
2507 3875 2775 3947 loquendi
2808 3892 2944 3930 cura
2981 3875 3286 3944 detinerer,
3330 3876 3480 3929 nulla
3513 3873 3640 3925 inter
3661 3865 3789 3931 dispu-

2199 3965 2439 4017 tandum
2467 3963 2754 4035 irrepebat
2780 3964 3161 4019 immoderata
3185 3963 3491 4018 contentio.
3515 3955 3664 4014 Simul
3682 3950 3790 4004 etiam

2199 4056 2263 4105 ut
2293 4051 2339 4104 si
2366 4051 2519 4122 quod
2567 4057 2826 4105 nostrum
2868 4052 3070 4106 litteris
3114 4054 3391 4108 mandare
3435 4045 3789 4122 placuissetnec

2200 4140 2366 4194 aliter
2394 4140 2620 4194 dicendi
2640 4141 2964 4206 necessitas,
2991 4158 3095 4196 nec
3116 4142 3278 4196 labor
3301 4132 3666 4196 recordationis
3680 4125 3788 4180 esset

2199 4229 2461 4299 Agebant
2487 4233 2676 4283 autem
2708 4230 2815 4284 ista
2840 4246 3065 4283 mecum
3092 4231 3330 4300 Alypius
3351 4235 3404 4284 et
3429 4221 3660 4292 Navigins
3678 4215 3788 4300 frater

2200 4333 2382 4383 meus,
2415 4323 2472 4371 et
2499 4317 2780 4372 Licentius
2821 4323 3053 4389 repente
3094 4299 3496 4373 admirabiliter
3522 4307 3708 4383 poetica:
3730 4299 3788 4388 de:

2200 4405 2371 4460 ditus.
2412 4401 2746 4477 Trygetium
2793 4407 2931 4460 item
2981 4406 3146 4461 nobis
3175 4407 3381 4463 militia
3417 4395 3785 4478 reddiderant}:u

2200 4499 2472 4565 tanquam
2489 4474 2804 4549 veteranus
2833 4496 3119 4550 adamavit
3159 4495 3470 4550 historiam.
3501 4491 3555 4545 Et
3573 4486 3668 4557 jam
3688 4478 3728 4530 in
3748 4474 3787 4525 li-

2199 4581 2316 4636 bris
2345 4583 2613 4636 nonnihil
2641 4583 3013 4637 habebamus.

1701 4683 1974 4722 ΑΒΙΟΧΓΠΟ
2010 4690 2082 4726 ΡΡ.
2115 4693 2548 4728 BENBDICTINORUI
2557 4715 2569 4727 .

465 4751 544 4800 Ad
561 4752 764 4823 codices
785 4754 928 4803 mille
948 4755 1052 4804 fere
1082 4769 1344 4805 annorum
1364 4756 1834 4828 Theodericensem
1855 4762 1908 4806 et
1927 4759 2296 4813 Corbeiensem
2330 4764 2506 4812 collati
2530 4768 2656 4814 sunt
2674 4766 2984 4829 (prmeentes
3001 4735 3064 4815 de
3085 4765 3280 4815 Ordine
3305 4764 3458 4820 libri).
3475 4759 3529 4808 ad
3548 4753 3786 4819 Vaticanum;

402 4813 765 4861 Vedastmum.
804 4816 1081 4861 Thuaneos
1120 4818 1271 4861 duos-
1303 4819 1367 4861 ad
1400 4820 1933 4861 Remn-Mnnmnsem.
1974 4824 2304 4861 Alhinananm
2362 4826 2688 4861 Μιριιηοιίητη
2749 4827 3107 4861 Arnnlinncom
3161 4826 3454 4861 mnnnafnrii
3485 4814 3784 4861 VindocmeUSL‘

449 4814 765 4888 edastiﬂum-
804 4816 1081 4888 Τξυέηθοε
1120 4818 1272 4888 ᾀμοεν
1303 4819 1368 4866 δά
1399 4819 1950 4888 Ῐξθξξᾷοῆἱίοξι-Ῑεθῑιξεζιι]ὲ
1969 4824 2327 4884 Albinensem,
2360 4814 2718 4884 Michaeliuni:
2741 4814 3130 4888 ArnulienSem,
3161 4814 3456 4876 monasterii
3485 4814 3784 4888 κ⁷ίεό9οξηξξξξξ

401 4877 876 4953 Ρῐξμῐιξνιῌῆνᾳῐζῐςξςὶ
906 4873 1380 4953 βγιρρειβϋμιὶυιρ,
1409 4873 1627 4953 ροῖιοείὶ
1661 4882 1771 4930 RR.
1807 4873 2372 4937 PP.Bernardiinorium
2390 4873 3529 4953 iisiis:miliaE'EJ‘iéEt‘ibEésﬁhafnb?Mss.
3550 4873 3782 4936 Βειείοοτυω

402 4939 528 4987 Lov.
555 4941 608 4986 et
635 4937 697 4985 ad
729 4937 986 4987 editiones
1015 4941 1140 4989 Bad.
1171 4941 1286 4990 Am.
1317 4942 1401 4990 Er.
1429 4943 1556 4992 Lov.

493 5029 1045 5116 Comparavz'mus
1060 5043 1389 5118 praeterea
1435 5055 1544 5099 eas
1589 5057 1811 5102 omnes
1845 5035 2156 5105 editiones
2201 5040 2390 5107 initio
2447 5042 3023 5108 Retractationum
3061 5049 3128 5107 et
3182 5040 3651 5108 Confessionum
3687 5032 3774 5082 ἠδ’

403 5129 721 5184 moratas.
1262 5121 1348 5186 M.

467 5243 483 5276 ¹
514 5241 610 5314 _Hic
631 5241 760 5314 lusa:
794 5238 971 5314 decem
998 5241 1247 5314 omittunt
1267 5245 1527 5314 rationis;
1555 5247 1644 5314 sed
1673 5247 1831 5310 paulo
1858 5251 1978 5311 post
2005 5247 2098 5298 ha-

401 5303 542 5369 be_nt_
552 5304 752 5369 rationi
775 5301 965 5369 diving
987 5307 1238 5369 potentia:
1259 5301 1724 5369 moderationiqu'c,

465 5367 487 5402 ³
513 5365 597 5414 Sic
626 5365 750 5415 Bad.
779 5365 895 5416 Am.
927 5365 1012 5414 Er.
1043 5370 1096 5414 et
1132 5366 1334 5430 aliquot
1360 5369 1484 5419 Mss.
1516 5373 1582 5421 At
1609 5365 1754 5433 Lov'.,
1789 5385 1941 5424 rara.

2272 5253 2287 5286 ¹
2313 5251 2549 5316 Plerique
2575 5254 2720 5314 Mss.,
2750 5251 3118 5304 mathematici
3146 5255 3340 5302 vocant.
