4062 6188
414 256 518 311 983

416 373 753 433 diffidentia.
792 373 937 427 Tum
965 368 1266 441 Trygetius
1313 364 1690 437 gaudentibus
1724 362 1910 416 verbis
1943 375 1955 416 :
2006 362 2115 415 Ha-

417 466 644 532 bemus,
672 460 881 533 inquit,
921 460 1043 530 jam
1095 457 1247 528 quod
1294 456 1424 525 plus
1468 457 1575 518 est,
1627 449 1947 505 Licentium
2002 464 2117 503 non

420 550 856 616 Academicum;
889 565 984 603 eos
1016 546 1169 600 enim
1198 545 1293 598 ille
1343 539 1758 595 studiosissime
1816 538 2118 593 defendere

422 642 658 696 solebat.
693 640 821 693 Haec
852 636 1042 701 modo,
1078 632 1282 703 inquit,
1317 630 1519 684 omitte
1551 644 1766 700 quaeso,
1791 643 1863 682 ne
1883 643 1974 680 me
2012 627 2120 680 hoc

422 730 644 784 vafrum
690 725 958 797 quiddam
1007 726 1063 775 et
1090 718 1468 790 captatorium
1501 734 1532 770 a
1560 716 1750 770 nescio
1793 731 1906 787 qua
1931 713 2122 768 divina

424 833 507 883 re,
542 832 670 886 quae
700 812 841 867 mihi
871 813 1154 864 ostentare
1181 824 1239 861 se
1270 806 1457 876 coepit,
1477 811 1535 859 et
1562 805 1654 860 cui
1682 820 1773 858 me
1802 802 2123 857 inhiantem

426 902 729 974 suspendo,
763 901 1099 969 detorqueat
1116 901 1286 967 atque
1305 894 1645 963 disrumpat.
1674 892 1773 946 Hic
1803 908 1908 962 ego
1942 891 2122 945 multo

425 991 660 1046 uberius
706 1003 944 1042 cernens
1002 984 1295 1039 abundare
1338 982 1568 1037 laztitias
1611 996 1769 1035 meas
1816 996 1990 1051 quam
2036 980 2123 1033 vel

427 1084 624 1150 optare
669 1075 976 1147 aliquando
1009 1089 1178 1127 ausus
1209 1087 1357 1137 sum,
1387 1085 1615 1124 versum
1658 1068 1831 1122 istum
1876 1067 2125 1139 gestiens

429 1166 603 1221 cirum
627 1206 641 1220 .
679 1253 764 1302 Sic
794 1252 945 1300 Pater
964 1249 1051 1299 ille
1072 1229 1231 1297 deum
1264 1245 1438 1307 faciat,
1465 1244 1540 1293 sic
1567 1244 1705 1293 altus
1733 1243 1939 1306 Apollo,

678 1330 905 1393 Incipias
926 1344 938 1377 :

1310 1404 1537 1466 (Λεπρέα.
1570 1419 1620 1461 x,
1657 1404 1773 1454 874.
1806 1404 1943 1463 875.)

433 1507 707 1579 perducet
734 1505 888 1560 enim
918 1504 1063 1575 ipse,
1121 1503 1168 1557 si
1199 1502 1495 1574 sequimur
1534 1518 1648 1573 quo
1703 1517 1808 1555 nos
1836 1500 1919 1553 ire
1941 1498 2126 1569 jubet,

435 1600 604 1666 atque
633 1593 731 1647 ubi
755 1608 969 1663 ponere
999 1591 1213 1657 sedem,
1234 1589 1333 1661 qui
1363 1590 1459 1643 dat
1487 1589 1658 1643 modo
1684 1588 2011 1659 augurium,
2034 1602 2132 1639 no—

436 1683 681 1753 strisque
739 1681 995 1735 illabitur
1037 1678 1243 1732 animis
1274 1678 1381 1746 (Id.
1416 1694 1497 1743 Ill,
1531 1679 1621 1742 88,
1671 1678 1787 1746 89).
1832 1677 1942 1729 Nec
1978 1673 2132 1728 enim

435 1773 584 1826 altus
634 1770 839 1840 Apollo
880 1770 983 1832 est,
1030 1766 1132 1837 qui
1173 1766 1235 1818 in
1282 1764 1588 1835 speluncis,
1622 1764 1682 1818 iu
1730 1762 2044 1827 montibus,
2072 1760 2133 1814 in

436 1856 786 1923 nemoribus,
854 1854 1054 1909 nidore
1109 1854 1294 1907 thuris
1350 1853 1749 1923 pecudumque
1815 1850 2132 1904 calamitate

437 1946 749 2000 concitatus
768 1944 971 2014 implet
990 1942 1223 1997 insanos
1248 1959 1259 1996 :
1298 1941 1394 1995 sed
1415 1941 1557 1994 alius
1571 1939 1825 2010 profecto
1857 1942 1962 2004 est,
1986 1936 2135 1991 alius

437 2034 532 2088 ille
589 2033 741 2087 altus
799 2030 1103 2096 veridicus,
1160 2034 1328 2099 atque
1379 2028 1503 2099 ipsa
1551 2027 1710 2098 (quid
1759 2026 1916 2080 enim
1949 2024 2135 2079 verbis

438 2120 686 2176 ambiam
712 2122 741 2174 ?
766 2119 780 2189 )
812 2118 1062 2172 Veritas:
1096 2117 1257 2187 cujus
1287 2121 1441 2170 vates
1468 2119 1600 2169 sunt
1628 2114 1975 2185 quicumque
2005 2130 2133 2183 pos-

440 2214 574 2263 sunt
602 2224 722 2277 esse
752 2206 1057 2276 sapientes.
1093 2207 1238 2274 Ergo
1271 2203 1690 2275 aggrediamur,
1740 2202 1974 2268 Licenti,
2006 2200 2135 2255 freti

441 2297 656 2367 pietate
682 2296 946 2361 cultores,
964 2298 1022 2348 et
1040 2292 1291 2363 vestigiis
1307 2291 1515 2346 nostris
1536 2291 1729 2361 ignem
1756 2289 2136 2361 perniciosum

443 2386 798 2441 fumosarum
828 2383 1207 2453 cupiditatum
1236 2381 1648 2453 opprimamus.

520 2477 613 2527 11.
647 2473 793 2537 Jam,
825 2471 1033 2541 inquit,
1063 2470 1373 2539 interroga,
1408 2484 1507 2522 oro
1561 2472 1639 2537 te,
1687 2466 1734 2520 si
1788 2465 2003 2536 possim
2033 2465 2139 2519 hoc

442 2566 669 2616 tantum
698 2560 887 2614 nescio
918 2559 1057 2630 quid
1088 2558 1389 2628 explicare,
1433 2561 1490 2609 et
1516 2556 1627 2609 tuis
1657 2555 1841 2609 verbis
1872 2557 1930 2608 et
1974 2553 2135 2607 meis.

446 2651 561 2703 Hoc
586 2649 796 2719 ipsum,
830 2640 1087 2718 inqudm,
1121 2646 1262 2700 mihi
1294 2644 1592 2715 responde,
1625 2644 1813 2714 primo
1848 2643 2002 2698 unde
2031 2641 2139 2695 tibi

439 2737 701 2791 videatur
717 2751 865 2806 aqua
892 2735 998 2788 ista
1023 2751 1139 2789 non
1167 2739 1382 2788 temere
1400 2734 1498 2802 sic,
1530 2733 1627 2787 sed
1648 2732 1846 2787 ordine
1873 2731 2135 2785 inﬂuere.

440 2826 581 2879 Nam
610 2824 764 2896 quod
793 2824 889 2877 illa
913 2823 1179 2894 ligneolis
1194 2823 1486 2876 canalibus
1516 2820 1921 2892 superlabitur,
1948 2823 2005 2874 et
2033 2818 2133 2872 du-

442 2911 589 2966 citur
611 2927 793 2983 usque
823 2911 883 2964 in
912 2928 1047 2964 usus
1080 2914 1327 2980 nostros,
1367 2915 1554 2981 potest
1583 2910 1650 2963 ad
1681 2909 1942 2963 ordinem
1962 2905 2137 2979 perti-

444 3016 599 3055 nere.
633 3001 865 3054 Factum
895 3004 980 3053 est
1004 2998 1160 3053 enim
1190 2999 1261 3052 ab
1289 2998 1623 3052 hominibus
1670 2996 1894 3051 ratione
1925 2994 2137 3049 utenti-

442 3089 569 3149 bus,
602 3091 666 3142 ut
693 3104 807 3142 uno
839 3090 960 3159 ejus
979 3088 1183 3142 itinere
1205 3087 1374 3141 simul
1398 3092 1454 3141 et
1480 3087 1746 3141 biberent
1775 3090 1833 3140 et
1859 3086 2138 3152 lavarent,

444 3182 502 3231 et
533 3192 635 3247 pro
664 3178 916 3230 locorum
960 3175 1483 3247 opportunitatibus
1524 3190 1881 3246 consequens
1924 3178 2046 3229 erat
2074 3177 2141 3228 ut

443 3264 523 3318 ita
552 3265 732 3317 tieret.
763 3263 927 3327 Quod
959 3279 1090 3316 vero
1122 3263 1320 3329 illa,ut
1351 3263 1670 3329 dicis,folia
1693 3262 1771 3317 sic
1793 3262 2136 3327 inciderunt,

447 3356 514 3406 ut
543 3352 649 3405 hoc
676 3351 832 3422 quod
873 3350 1139 3405 admirati
1189 3367 1385 3405 sumus
1424 3350 1710 3418 eveniret;
1766 3367 1880 3421 quo
1910 3350 2140 3404 tandem

445 3455 642 3497 rerum
671 3440 892 3510 ordine,
923 3456 987 3494 ac
1007 3456 1122 3494 non
1141 3439 1331 3510 potius
1362 3455 1495 3494 casu
1524 3439 1737 3494 factum
1767 3439 2141 3511 putabimus?

447 3528 617 3593 Quasi
659 3543 813 3595 vero,
858 3528 1048 3600 inquit
1088 3528 1206 3595 ille,
1247 3528 1413 3583 aliter
1458 3532 1629 3599 atque
1662 3528 2009 3593 ceciderunt,
2042 3527 2139 3581 de-

444 3617 636 3672 buisse
665 3622 765 3671 aut
789 3617 1040 3687 potuisse
1071 3617 1270 3672 cadere
1299 3616 1569 3688 cuiquam
1596 3616 1775 3671 videri
1805 3620 2010 3687 potest,
2052 3632 2142 3669 se-

447 3704 743 3759 renissime
771 3705 1017 3759 intuenti
1046 3705 1169 3759 nihi
1202 3721 1367 3777 posse
1394 3705 1519 3759 fieri
1548 3706 1672 3760 sine
1720 3721 1908 3760 causa.
1943 3704 2088 3769 Quid
2114 3703 2142 3757 ?

441 3793 565 3862 jam
602 3792 686 3845 vis
736 3808 1049 3863 persequar
1097 3793 1238 3846 situs
1275 3793 1548 3847 arborum
1598 3798 1771 3863 atque
1827 3807 2141 3859 ramorum,

448 3878 759 3947 ipsumque
789 3880 1009 3948 pondus
1052 3884 1333 3950 quantum
1382 3884 1588 3934 natura
1625 3880 1777 3935 foliis
1825 3879 2142 3949 imposuit?

451 3965 618 4029 Quid,
651 3965 797 4018 aeris
827 3966 915 4019 vel
944 3966 1323 4020 mobilitatem
1354 3984 1467 4038 qua
1510 3967 1772 4037 volitant,
1814 3968 1903 4021 vel
1956 3965 2143 4021 molli—

446 4053 586 4108 tiem
617 4068 731 4124 qua
760 4052 1128 4121 descendunt,
1161 4055 1460 4126 variosque
1487 4055 1681 4125 lapsus
1711 4072 1816 4126 pro
1848 4054 2145 4109 affectione

451 4141 599 4206 caeli,
630 4157 736 4211 pro
767 4157 960 4209 onere,
993 4157 1096 4212 pro
1126 4142 1325 4212 ﬁguris
1354 4142 1491 4210 suis,
1514 4144 1851 4214 caaterisque
1880 4141 2145 4196 innume-

450 4230 728 4285 rabilibus
756 4234 927 4302 atque
956 4230 1378 4286 obscurioribus
1406 4231 1610 4299 causis,
1657 4232 1794 4303 quid
1824 4247 1916 4285 me
1948 4230 2149 4285 attinet

453 4319 759 4388 quaerere?
803 4319 1001 4373 Latent
1038 4318 1147 4372 ista
1175 4335 1370 4373 sensus
1395 4325 1640 4386 nostros,
1673 4319 1902 4392 penitus
1928 4320 2143 4374 latent:

452 4408 593 4462 illud
619 4413 816 4462 tamen
845 4407 995 4478 quod
1023 4412 1341 4478 aggressaa‘
1364 4408 1638 4479 quastioni
1667 4409 1801 4463 satis
1822 4412 1924 4475 est,
1958 4406 2146 4462 nescio

454 4495 743 4567 quomodo
787 4494 1045 4550 animum
1074 4510 1190 4549 non
1227 4495 1385 4564 latet,
1415 4495 1560 4550 nihil
1615 4495 1740 4550 ﬁeri
1789 4496 1910 4550 sine
1956 4512 2142 4549 causa.

453 4585 646 4637 Potest
665 4583 817 4637 enim
830 4584 1429 4655 odiosuspercontator
1446 4599 1683 4655 pergere
1703 4600 1982 4655 quaerere,
2018 4601 2145 4656 quae

454 4685 623 4723 causa
651 4676 771 4725 erat
803 4676 866 4726 ut
902 4672 983 4727 ibi
1011 4672 1243 4727 arbores
1292 4672 1693 4743 ponerentur?
1745 4673 2143 4744 Respondebo,

454 4761 675 4810 secutos
700 4773 820 4812 esse
850 4760 1112 4815 homines
1142 4761 1289 4815 uber
1318 4765 1506 4815 terrm.
1540 4759 1708 4825 Quid,
1741 4760 1789 4814 si
1838 4760 2146 4815 fructuosae

455 4847 685 4901 arbores
704 4863 821 4902 non
834 4855 984 4917 sunt,
1012 4867 1075 4905 ac
1086 4856 1300 4906 temere
1331 4857 1479 4907 natae
1510 4853 1688 4905 sunt?
1710 4853 1773 4905 Et
1795 4850 1887 4905 hic
1908 4866 2145 4922 respon-

454 4934 622 4996 debo,
656 4951 757 4989 nos
782 4953 986 5005 parum
1014 4939 1206 4994 videre
1232 4956 1247 5005 ;
1282 4956 1415 4995 nam
1442 4939 1830 5008 temerariam,
1860 4954 1989 5009 quae
2024 4938 2146 4993 illas

454 5022 676 5093 genuit,
727 5039 1091 5095 nequaquam
1121 5043 1241 5081 esse
1280 5033 1568 5083 naturam.
1601 5027 1744 5092 Quid
1786 5027 1996 5097 plura?
2032 5029 2148 5082 Aut

452 5110 671 5182 aliquid
701 5110 821 5166 sine
841 5128 1009 5167 causa
1036 5114 1163 5169 ﬁeri
1183 5115 1409 5183 docear,
1432 5120 1532 5171 aut
1548 5116 1692 5171 nihil
1712 5115 1839 5170 ﬁeri
1859 5114 1967 5169 nisi
1993 5119 2145 5169 certo

452 5215 752 5255 causarum
773 5200 971 5255 ordine
998 5202 1228 5258 credite.

518 5350 668 5416 fljlss:
680 5350 937 5416 plerique,
956 5354 1093 5416 Deus
1104 5353 1297 5416 furiat.
1310 5354 1439 5416 Tum
1458 5356 1723 5416 nonnulli,
1739 5357 1815 5406 sic
1831 5354 1977 5407 altus
1998 5357 2144 5416 Iesus

510 5412 532 5446 ³
554 5412 614 5461 In
647 5412 770 5461 Mss.
803 5412 855 5485 δί
877 5413 1078 5465 Arnulﬂ
1108 5415 1354 5465 Metensis
1382 5416 1596 5480 legitur,
1629 5412 1829 5479 agresti
1854 5415 2139 5482 quantuni.

452 5474 690 5523 Fortasse
715 5479 906 5538 aptius.

1672 243 1766 298 DE
1803 240 2092 307 OBDINE,
2135 237 2189 293 s.
2235 233 2617 293 AUGUSTINI
3055 188 3065 198 ’
3788 226 3864 277 ssi

2372 357 2595 413 CAPUT
2620 356 2677 407 V.
2701 383 2769 393 --
2799 351 2999 408 Ordine
3025 352 3218 404 cuncta
3246 351 3379 402 Deus
3406 346 3757 399 administrat.

2305 448 2391 501 l2.
2443 444 2546 502 Cui
2587 459 2731 514 ego:
2780 440 2951 507 Licet,
3004 438 3266 509 inquam,
3332 450 3425 489 me
3479 433 3729 486 odiosum
3769 448 3866 502 per-
3962 428 3963 439 ‘

2230 540 2587 591 contatorem
2637 546 2833 597 voces;
2887 528 2981 582 vix
3010 527 3162 581 enim
3203 538 3436 596 possum
3491 537 3606 575 non
3644 536 3770 586 esse,
3796 524 3868 591 qui
3962 564 3963 569 η

2230 623 2550 697 expugnavi
2578 637 2651 676 ne
2680 636 2809 675 cum
2840 620 3080 689 Pyramo
3107 619 3164 669 et
3204 612 3422 683 Thysbe
3475 609 3867 680 colloquereris;

2232 729 2469 787 pergam
2499 717 2693 766 tamen
2726 722 2983 780 quaerere
3013 705 3112 759 abs
3152 707 3227 758 te.
3263 703 3476 756 Natura
3504 698 3607 752 ista
3634 698 3869 787 quamvis
3962 720 3963 729 ι

2232 779 2412 853 videri
2443 779 2784 853 ordinatam,
2835 789 2928 843 cui
2958 789 3132 851 bono,
3181 790 3245 839 ut
3275 784 3345 839 de
3387 782 3605 837 caeteris
3631 780 3782 835 rebus
3806 779 3867 833 in-

2234 881 2686 939 numerabilibus
2710 878 2945 941 taceam,
2980 876 3115 928 istas
3140 873 3293 943 ipsas
3314 871 3541 925 arbores
3554 884 3677 940 quae
3704 867 3870 921 fructus

2234 988 2353 1027 non
2383 970 2646 1034 afferunt,
2678 962 3037 1037 procreavit?
3066 966 3139 1017 At
3165 962 3263 1016 illo
3294 958 3578 1030 cogitante
3610 956 3734 1027 quid
3760 954 3868 1009 dice-

2240 1065 2346 1125 ret,
2380 1059 2461 1113 ait
2488 1055 2786 1129 Trygetius
2814 1070 2826 1107 :
2862 1051 3290 1122 Numquidnam
3313 1064 3452 1103 usus
3482 1046 3811 1099 arbustorum
3831 1044 3870 1096 in

2242 1148 2376 1203 solis
2396 1144 2675 1202 fructibus
2686 1142 2979 1213 prazbetur
2996 1138 3327 1193 hominibus
3340 1136 3367 1190 ?
3387 1136 3608 1200 Quanta
3634 1135 3751 1185 sunt
3774 1132 3867 1191 alia,
3962 1128 3963 1135 “

2237 1253 2367 1310 quae
2390 1235 2615 1300 umbra,
2632 1247 2762 1303 qua).
2784 1229 2978 1301 lignis,
3009 1232 3302 1299 postremo
3321 1222 3609 1296 quaeipsis
3632 1220 3871 1275 frondibus

2238 1308 2339 1381 seu
2353 1324 2501 1379 foliis
2513 1324 2653 1376 ﬁant
2663 1321 2692 1376 ?
2708 1318 2856 1373 Nolli
2869 1317 3123 1383 obsecro,
3140 1314 3327 1386 inquit
3338 1313 3435 1367 ille
3444 1353 3458 1379 ,
3474 1308 3870 1379 interrogationi-

2237 1417 2345 1472 bus
2380 1416 2503 1486 ejus
2534 1414 2655 1468 hsec
2683 1411 2939 1466 reddere.
2983 1406 3430 1463 Innumerabilia
3460 1408 3595 1458 sunt
3619 1402 3757 1456 enim
3779 1416 3869 1471 qua:

2239 1504 2756 1576 proferripossunt,
2770 1516 2833 1554 ex
2852 1498 3060 1570 quibus
3081 1497 3239 1550 nulla
3258 1499 3342 1549 est
3359 1492 3682 1549 hominibus
3705 1490 3866 1544 utilitas

2242 1599 2342 1649 aut
2370 1597 2521 1649 certe
2559 1591 2640 1644 ita
2666 1592 2801 1644 latet
2829 1589 2915 1642 vel
2944 1585 3229 1641 imbecilla
3259 1588 3363 1650 est,
3400 1586 3461 1635 ut
3493 1581 3561 1634 ab
3590 1578 3869 1635 hominibus,

2242 1680 2564 1753 praesertim
2595 1678 2781 1743 nobis,
2814 1675 2939 1730 erui
2976 1672 3272 1729 defendive
3302 1687 3422 1724 non
3452 1667 3646 1740 possit.
3679 1668 3782 1736 Ipse
3804 1680 3870 1734 po-

2244 1771 2357 1826 tius
2388 1786 2491 1823 nos
2520 1769 2741 1835 doceat,
2768 1763 3057 1837 quomodo
3086 1760 3304 1832 aliquid
3327 1758 3430 1813 ﬁat
3450 1757 3602 1829 quod
3623 1771 3726 1809 non
3750 1769 3869 1807 causa

2243 1857 2614 1932 praecesserit.
2648 1858 2799 1920 Post,
2830 1853 3087 1923 inquam,
3122 1850 3229 1903 ista
3257 1848 3596 1902 videbimus.
3631 1845 3738 1899 Non
3761 1842 3869 1895 enim

2240 1948 2360 2019 jam
2390 1962 2481 2000 me
2519 1958 2748 1998 necesse
2779 1946 2862 1997 est
2908 1955 3027 1993 esse
3075 1939 3388 2005 doctorem,
3421 1951 3552 1989 cum
3588 1938 3646 1988 tu
3685 1931 3766 2003 qui
3786 1932 3867 2001 jam

2245 2016 2420 2090 tanta:
2449 2033 2532 2087 rei
2560 2037 2614 2087 te
2645 2036 2866 2085 certum
2895 2043 3015 2082 esse
3042 2026 3327 2098 professus
3349 2041 3434 2093 es,
3469 2023 3645 2077 adhuc
3666 2034 3745 2073 me
3767 2016 3864 2071 nihil

2248 2122 2509 2178 docueris
2538 2120 2783 2174 nimium
2813 2117 3028 2173 discere
3058 2115 3409 2186 cupientem,
3455 2115 3512 2167 et
3556 2112 3763 2181 propter
3796 2105 3867 2158 hoc

2248 2210 2431 2263 solum
2462 2207 2582 2262 dies
2610 2210 2918 2276 noctesque
2947 2201 3300 2273 vigilantem.

2322 2301 2407 2352 13.
2438 2297 2559 2361 Quo
2590 2311 2682 2349 me
2736 2293 2936 2358 mittis,
2968 2288 3210 2363 inquit?
3242 2294 3327 2343 An
3378 2287 3517 2359 quia
3561 2284 3722 2339 levius
3744 2286 3785 2334 te
3808 2294 3863 2331 se-

2249 2401 2395 2457 quor
2446 2400 2619 2456 quam
2672 2382 2780 2437 ista
2833 2380 2969 2435 folia
3021 2384 3240 2443 ventos,
3289 2376 3503 2447 quibus
3549 2374 3605 2427 in
3643 2369 3864 2457 profluent

2248 2479 2363 2527 tem
2394 2454 2601 2544 aquam
2627 2470 2937 2542 jaciuntur,
2967 2471 3031 2521 ut
3070 2467 3150 2520 eis
3200 2464 3407 2520 cadere
3462 2477 3656 2534 parum
3683 2459 3755 2521 sit,
3793 2454 3864 2507 nisi

2250 2562 2419 2615 etiam
2444 2543 2787 2614 trahantur?
2822 2558 2961 2612 Nam
2992 2555 3129 2628 quid
3168 2553 3321 2608 aliud
3356 2553 3468 2607 erit
3503 2567 3625 2605 cum
3655 2543 3863 2602 Licentius

2251 2656 2306 2705 et
2333 2648 2737 2720 Augustinum,
2781 2650 2837 2700 et
2866 2661 2933 2699 ea
2961 2660 3089 2716 qua:
3119 2648 3253 2697 sunt
3277 2642 3341 2695 in
3371 2640 3555 2695 media
3580 2628 3863 2708 philosophia

2250 2739 2414 2793 docet
2434 2738 2463 2790 ?
2493 2736 2620 2791 Noli
2649 2736 2908 2799 obsecro,
2939 2732 3200 2803 inquam,
3229 2735 3328 2783 aut
3354 2734 3411 2784 te
3432 2732 3644 2782 tantum
3668 2720 3861 2791 abjicere,

2251 2832 2350 2881 aut
2378 2842 2469 2879 me
2500 2824 2788 2878 extollere.
2805 2823 2946 2877 Nam
2971 2825 3026 2874 et
3051 2835 3158 2891 ego
3176 2818 3237 2872 in
3260 2815 3615 2890 philosophia
3628 2819 3860 2883 puersum,

2252 2919 2307 2969 et
2325 2930 2441 2968 non
2472 2911 2642 2967 nimis
2658 2927 2813 2976 curo,
2846 2926 2977 2965 cum
3006 2909 3316 2978 interrogo,
3340 2923 3447 2977 per
3472 2919 3633 2976 quem
3660 2896 3775 2954 mihi
3799 2893 3859 2945 ille
3962 2900 3963 2959 ξ

2250 3000 2610 3070 respondeat,
2644 2998 2743 3069 qui
2772 3014 2866 3053 me
2899 2996 3153 3069 quotidie
3186 2996 3496 3067 querulum
3527 2988 3728 3060 accipit:
3751 2981 3859 3051 cujus

2248 3094 2305 3143 te
2336 3088 2570 3160 quidem
2608 3087 2776 3142 credo
2805 3086 3151 3158 quandoque
3182 3089 3371 3138 vatem
3401 3084 3677 3143 futurum;
3721 3083 3851 3160 neque

2251 3156 2378 3242 hoc,
2409 3176 2772 3247 quandoque,
2804 3156 3043 3229 forsitan
3072 3174 3309 3245 longum
3345 3176 3448 3226 est.
3481 3169 3584 3225 Sed
3610 3172 3768 3220 tamen
3797 3156 3857 3209 alii

2252 3282 2481 3337 quoque
2509 3266 2751 3319 multum
2780 3263 3009 3334 sepositi
3045 3263 3113 3317 ab
3153 3260 3487 3332 hujusmodi
3515 3255 3693 3312 studiis
3717 3251 3855 3337 docere

2252 3354 2467 3425 aliquid
2521 3356 2779 3424 possunt,
2836 3350 3427 3407 cum‘disserentium
3481 3341 3709 3401 societati
3747 3329 3854 3407 qua?i

2250 3442 2492 3497 vinculis
2548 3440 3070 3511 interrogationum
3117 3442 3496 3493 coarctantur.
3544 3434 3682 3489 Idem
3724 3429 3853 3480 autem

2252 3531 2466 3602 aliquid
2492 3547 2609 3585 non
2640 3536 2725 3586 est
2752 3532 2913 3585 nihil.
2944 3533 3034 3585 An
3060 3547 3176 3585 non
3206 3528 3367 3583 vides
3415 3530 3532 3598 (tuo
3569 3523 3702 3578 enim
3736 3513 3853 3570 simili

2251 3624 2382 3675 utar
2428 3620 2723 3691 libentius)
2757 3620 2857 3674 illa
2898 3620 3023 3690 ipsa
3064 3618 3200 3673 folia
3250 3633 3384 3689 quae
3438 3617 3677 3671 feruntur
3710 3602 3851 3691 ventis.

2254 3726 2383 3781 quae
2404 3708 2574 3763 undis
2592 3688 2875 3776 innatant,
2903 3688 3162 3762 resistere
3184 3688 3543 3777 aliquantum
3562 3688 3850 3773 pracipitanti

2254 3813 2312 3851 se
2342 3796 2588 3863 ﬂumini,
2616 3802 2671 3851 et
2701 3797 2770 3851 de
2796 3811 2989 3850 rerum
3020 3794 3219 3849 ordine
3247 3794 3512 3847 homines
3555 3792 3849 3843 commonm,

2254 3886 2301 3940 si
2329 3890 2523 3939 tamen
2550 3886 2659 3939 hoc
2689 3884 2844 3955 quod
2869 3884 2969 3938 abs
2997 3887 3052 3937 te
3078 3882 3426 3951 defenditur,
3454 3893 3634 3933 verum
3661 3870 3761 3927 est?

2330 3978 2411 4028 14.
2449 3974 2546 4027 Hic
2574 3972 2670 4028 ille
2706 3951 2853 4027 lecto
2884 3972 3055 4026 etiam
3084 3971 3350 4025 exsiliens
3400 3986 3516 4042 pra:
3540 3964 3739 4022 laetitia:
3763 3951 3850 4042 Ουέ

2256 4066 2448 4133 neget,
2480 4064 2629 4115 Deus
2661 4077 2887 4132 magne,
2921 4060 3130 4131 inquit,
3160 4064 3217 4114 te
3238 4040 3440 4114 cuncta
3470 4056 3651 4111 ordine
3676 4040 3848 4133 admini-

2257 4152 2473 4204 strare?
2510 4151 2690 4214 Quam
2722 4166 2780 4203 se
2811 4130 3020 4203 omnia,
3033 4148 3263 4203 tenent!
3301 4162 3473 4220 quam
3488 4142 3612 4199 ratis
3634 4130 3850 4220 successi?

2255 4239 2424 4293 nibus
2454 4238 2511 4292 in
2545 4238 2721 4292 nodos
2751 4254 2883 4291 suos
2912 4236 3223 4308 urgentur!
3249 4217 3465 4307 qu—anta
3489 4237 3543 4287 et
3561 4241 3707 4301 quam
3731 4217 3849 4308 multa

2256 4327 2400 4381 facta
2428 4329 2561 4380 sunt
2586 4331 2650 4380 ut
2676 4326 2800 4380 haec
2827 4306 3197 4397 loqueremur
3229 4330 3239 4379 ι
3275 4306 3487 4395 quanta
3514 4320 3645 4375 ﬁunt
3669 4317 3718 4368 ut
3738 4306 3848 4363 lein-

2256 4414 2585 4470 veniamusl
2646 4414 2801 4469 Unde
2842 4413 2996 4468 enim
3040 4414 3148 4468 hoc
3206 4413 3419 4483 ipsum,
3470 4408 3571 4464 nisi
3624 4420 3681 4458 ex
3716 4406 3846 4483 rem}

2259 4503 2458 4558 ordine
2495 4507 2692 4557 manat
2730 4508 2786 4557 et
2835 4502 3081 4569 ducitur,
3141 4476 3295 4573 quod
3336 4476 3709 4570 evigilavimus,
3747 4476 3846 4553 (ῐυθά

2254 4591 2420 4646 illum
2449 4606 2655 4645 sonum
2707 4589 3018 4655 advertisti,
3076 4588 3231 4660 quod
3286 4584 3531 4658 quaesisti
3574 4587 3729 4636 tecum
3760 4580 3847 4660 μῖξις

2256 4695 2407 4745 δδωιο
2446 4678 2600 4749 quod
2653 4682 2717 4733 tu
2764 4693 2991 4732 causam
3047 4677 3283 4731 tantilla:
3339 4675 3421 4730 rei
3467 4688 3573 4728 non
3618 4650 3849 4721 invenisti?

2256 4764 2421 4818 Sorex
2450 4763 2619 4816 etiam
2642 4761 2854 4832 prodit,
2889 4767 2954 4816 ut
2990 4777 3096 4832 ego
3127 4761 3369 4832 vigilans
3394 4757 3605 4830 prodar.
3630 4750 3846 4805 Postremi0

2254 4854 2389 4905 tuus
2418 4851 2591 4904 etiam
2618 4851 2739 4920 ipse
2767 4854 3044 4916 sermo,te
3073 4851 3308 4905 fortasse
3335 4849 3394 4903 id
3418 4862 3527 4901 non
3562 4841 3733 4911 agente
3756 4836 3844 4920 (no‘n

2257 4939 2411 4995 enim
2439 4938 2708 5010 cuiquam
2731 4938 2791 4992 in
2804 4942 3082 5009 potestate
3102 4944 3187 4992 est
3215 4938 3352 5009 quid
3372 4930 3610 4991 veniatin
3623 4911 3842 5010 mentem):

2257 5029 2336 5083 sic
2360 5028 2550 5082 nescio
2584 5026 2872 5099 quomodo
2902 5026 3327 5097 circumagitur,
3359 5029 3420 5079 ut
3449 5037 3533 5077 me
3568 5018 3670 5087 ipse
3707 5002 3844 5099 defeat

2256 5116 2397 5187 quid
2416 5115 2521 5170 tibi
2550 5091 2789 5170 debeam
2820 5091 3185 5186 respondere:
3219 5091 3487 5184 Namque,
3511 5121 3599 5162 oro
3625 5108 3687 5166 te,
3709 5094 3745 5147 si
3763 5091 3842 5143 1186

2254 5220 2384 5275 quae
2413 5221 2447 5258 a
2474 5204 2643 5259 nobis
2672 5203 2821 5259 dicta
2848 5209 3002 5271 sunt,
3043 5204 3270 5272 litteris,
3320 5207 3382 5257 ut
3425 5190 3695 5254 instituisti.
3736 5187 3842 5234 11³⁸³³⁸

2255 5294 2390 5348 data
2415 5297 2802 5365 pervagentur
2829 5292 3001 5363 paulo
3029 5292 3202 5346 latius
3232 5292 3303 5347 ad
3346 5286 3622 5345 hominum
3659 5275 3839 5365 fama?

2253 5353 2447 5436 nonne
2504 5353 2729 5436 itavres
2763 5353 2972 5450 magna
3037 5380 3341 5448 videbitur,
3393 5380 3453 5429 ut
3495 5372 3581 5426 illa
3623 5353 3837 5450 εοιξδιξίίω

2254 5469 2460 5541 aliquis
2484 5474 2638 5524 vates
2684 5442 2926 5540 magnus
2952 5472 3051 5524 aut
3071 5442 3363 5525 Chaldaeus
3374 5458 3673 5533 respondere
3688 5442 3833 5502 dabue'
