4062 6188
193 267 296 321 985

191 389 288 453 rit,
324 388 501 441 multo
530 391 837 459 antequam
887 388 1111 441 evenit?
1156 388 1319 453 Quod
1383 388 1428 441 si
1481 388 1883 459 respondisset,

190 474 275 528 ita
303 473 528 527 divinus
555 473 858 541 diceretur,
887 473 966 528 ita
996 473 1293 529 efferretur
1321 475 1580 529 laudibus
1602 475 1884 543 omnium,

189 574 255 616 ut
278 567 471 615 tamen
504 578 571 615 ex
600 578 667 616 eo
688 578 858 616 nemo
886 579 1142 633 quasrere
1164 564 1399 618 auderet
1424 580 1524 617 cur
1569 564 1773 619 folium
1818 564 1886 618 ab

188 652 396 705 arbore
421 649 703 712 ceciderit,
742 655 839 704 aut
866 655 1061 705 utrum
1089 667 1215 705 mus
1250 652 1519 706 oberrans
1548 654 1760 723 jacenti
1788 654 1887 707 ho-

188 738 336 792 mini
365 739 634 791 molestus
661 738 867 792 fuerit?
891 739 1312 810 Numquidnam
1346 741 1501 794 enim
1532 741 1668 794 talia
1694 741 1886 795 futura

186 826 494 898 quisquam
524 826 755 880 illorum
785 832 879 881 aut
934 844 1036 898 per
1062 843 1118 881 se
1166 828 1307 882 dixit
1337 829 1669 901 aliquando,
1711 835 1810 883 aut
1856 845 1889 883 a

186 916 514 968 consultore
565 920 792 968 coactus
846 919 929 968 est
984 914 1210 969 dicere?
1268 917 1462 985 Atqui,
1522 916 1569 969 si
1626 917 1887 971 futurum

187 1003 502 1075 quemdam
532 1003 742 1057 librum
773 1019 887 1057 non
910 1003 1223 1074 ignobilem
1262 1004 1495 1071 diceret,
1528 1008 1584 1058 et
1612 1004 1668 1059 id
1700 1021 1887 1059 neces-

185 1092 339 1145 sario
369 1096 705 1145 eventurum
737 1091 972 1157 videret,
1015 1108 1132 1145 non
1181 1092 1335 1147 enim
1384 1098 1575 1163 posset
1606 1094 1770 1147 aliter
1800 1094 1884 1147 di-

184 1180 411 1247 vinare;
443 1179 697 1249 profecto
727 1178 1007 1250 quidquid
1047 1180 1302 1233 volitatio
1333 1180 1605 1234 foliorum
1636 1181 1694 1234 in
1727 1198 1884 1252 agro,

185 1269 474 1340 quidquid
512 1269 787 1322 vilissima
838 1268 1079 1323 bestiola
1128 1269 1187 1322 in
1227 1270 1397 1323 domo
1429 1271 1579 1336 facit,
1610 1276 1725 1325 tam
1757 1276 1889 1325 sunt

186 1358 249 1411 in
280 1374 475 1412 rerum
522 1357 720 1412 ordine
767 1357 1104 1421 necessaria,
1138 1374 1311 1428 quam
1348 1358 1459 1411 illa:
1510 1358 1737 1413 litterae.
1795 1358 1888 1413 His

186 1446 348 1501 enim
377 1445 562 1500 verbis
592 1446 759 1515 ﬁunt,
790 1462 919 1517 qua:
978 1446 1099 1499 sine
1153 1446 1266 1499 illis
1316 1446 1771 1517 praecedentibus
1804 1447 1885 1500 vi-

187 1534 422 1588 lissimis
452 1535 623 1588 rebus
652 1550 757 1587 nec
813 1534 872 1587 in
911 1538 1163 1587 mentem
1222 1534 1414 1587 venire
1470 1539 1723 1604 possent,
1784 1550 1887 1588 nec

186 1638 290 1677 ore
320 1623 627 1693 procedere
653 1622 981 1693 poterisque
1009 1621 1288 1676 mandari.
1322 1622 1505 1686 Quare
1551 1623 1690 1694 jam,
1724 1639 1884 1694 rogo,

185 1727 361 1765 nemo
389 1728 455 1765 ex
488 1728 578 1765 me
627 1715 844 1782 quaerat
873 1727 973 1765 cur
1012 1710 1264 1781 quidque
1295 1710 1412 1765 ﬁat.
1448 1711 1592 1765 Satis
1632 1717 1715 1765 est
1746 1712 1886 1764 nihil

184 1800 338 1866 ﬁeri,
370 1800 510 1853 nihil
540 1800 699 1871 gigni
727 1800 883 1871 quod
936 1815 1052 1853 non
1098 1798 1291 1870 aliqua
1334 1815 1505 1853 causa
1533 1799 1796 1870 genuerit
1828 1815 1888 1853 ac

183 1888 458 1943 moverit.

414 1976 639 2031 CAPUT
668 1977 757 2031 VI.
799 2007 866 2015 —
893 1975 1036 2032 Ordo
1065 1978 1245 2029 omnia
1271 1978 1661 2045 complectitur.

268 2070 353 2119 15.
412 2065 511 2119 Hic
568 2068 804 2136 apparet
856 2068 932 2126 te,
976 2064 1235 2135 inquam,
1277 2064 1496 2117 nescire
1550 2064 1884 2118 adolescens

183 2169 369 2225 quam
400 2155 597 2222 multa,
634 2164 689 2207 et
712 2170 745 2207 a
774 2152 1040 2224 qualibus
1082 2152 1220 2206 viris
1249 2157 1446 2206 contra
1478 2152 1889 2206 divinationem

184 2243 347 2297 dicta
375 2242 505 2297 siut.
537 2242 642 2296 Sed
672 2241 955 2312 responde
980 2256 1152 2307 nunc,
1182 2257 1296 2294 non
1319 2246 1517 2295 utrum
1540 2241 1641 2295 ﬁat
1671 2240 1891 2312 aliquid

182 2332 319 2386 sine
357 2348 555 2398 causa;
587 2347 718 2384 nam
757 2330 817 2385 id
841 2331 963 2401 jam
1016 2329 1179 2384 video
1226 2334 1279 2383 te
1311 2330 1464 2383 nolle
1514 2330 1886 2399 respondere:
1920 2376 1923 2379 λ

183 2422 295 2475 sed
328 2421 465 2474 ordo
498 2419 602 2474 iste
630 2424 922 2489 susceptus
960 2423 1092 2472 tuus
1122 2419 1411 2472 bonumne
1442 2418 1781 2489 quidquam,
1814 2434 1888 2471 an

181 2510 414 2563 malum
440 2508 543 2561 tibi
583 2524 703 2561 esse
751 2507 1037 2561 videatur.
1106 2507 1169 2559 Et
1224 2506 1318 2559 ille
1376 2508 1886 2560 submurmurans:

182 2598 340 2663 Non,
372 2596 578 2668 inquit,
613 2596 695 2649 sic
724 2595 959 2666 rogasti,
1016 2598 1076 2647 ut
1129 2610 1309 2647 unum
1340 2610 1368 2647 e
1424 2593 1645 2647 duobus
1682 2609 1890 2665 queam

181 2686 563 2757 respondere.
596 2686 770 2739 Video
808 2684 900 2737 hic
929 2682 1083 2736 enim
1134 2683 1443 2752 quamdam
1500 2682 1885 2736 medietatem.

184 2777 338 2830 Nam
366 2774 503 2827 ordo
536 2773 678 2827 mihi
702 2789 805 2826 nec
831 2772 1069 2833 bonum,
1097 2787 1199 2825 nec
1227 2772 1444 2825 malum
1474 2771 1711 2825 videtur.
1746 2770 1889 2835 Quid

183 2865 397 2918 saltem
428 2878 638 2928 censes,
686 2860 945 2931 inquam,
981 2859 1170 2913 ordini
1216 2875 1337 2913 esse
1368 2859 1760 2913 contrarium?
1788 2859 1889 2912 Ni-

182 2952 296 3014 hil,
328 2951 408 3005 ait
434 2951 549 3004 ille.
585 2952 723 3004 Nam
748 2948 1040 3019 quomodo
1064 2964 1184 3002 esse
1205 2946 1552 3001 contrarium
1575 2947 1887 3018 quidquam

184 3043 383 3113 potest
410 3039 461 3093 ei
491 3038 573 3092 rei
603 3054 731 3109 quae
779 3042 965 3091 totum
1011 3035 1327 3106 occupavit,
1368 3039 1555 3089 totum
1607 3035 1890 3089 obtinuit?

184 3129 357 3195 Quod
388 3128 539 3182 enim
565 3127 671 3181 erit
699 3126 887 3181 ordini
922 3124 1291 3191 contrarium,
1344 3140 1571 3178 necesse
1618 3124 1726 3178 erit
1767 3140 1888 3179 esse

185 3222 406 3290 preter
435 3216 711 3270 ordinem.
747 3214 897 3269 Nihil
930 3219 1122 3268 autem
1155 3230 1276 3268 esse
1297 3218 1507 3285 praeter
1524 3213 1785 3268 ordinem
1812 3213 1889 3267 vi-

185 3308 325 3363 deo.
355 3304 503 3360 Nihil
533 3304 709 3375 igitur
737 3302 926 3357 ordini
957 3305 1182 3373 oportet
1232 3306 1434 3372 putare
1502 3318 1621 3355 esse
1665 3306 1887 3355 contra-

185 3396 360 3451 riam.
397 3396 639 3464 Ergone,
676 3392 755 3447 ait
802 3390 1120 3463 Trygetius,
1162 3389 1481 3445 contrarius
1510 3390 1700 3445 ordini
1732 3407 1891 3445 error

186 3500 314 3538 non
342 3483 462 3536 est?
493 3482 661 3536 Nullo
714 3480 911 3549 modo,
959 3478 1167 3551 inquit.
1204 3481 1344 3533 Nam
1398 3479 1692 3533 neminem
1721 3479 1887 3533 video

184 3587 385 3627 errare
416 3570 538 3625 sine
579 3585 764 3624 causa.
796 3570 1108 3624 Causarum
1138 3572 1327 3621 autem
1359 3567 1532 3620 series
1563 3568 1763 3622 ordine
1794 3568 1889 3621 in-

181 3661 463 3716 cluditur.
496 3660 559 3713 Et
585 3675 745 3713 error
768 3658 889 3729 ipse
920 3673 1037 3710 non
1064 3656 1248 3710 solum
1278 3655 1535 3727 gignitur
1565 3672 1754 3723 causa,
1788 3656 1888 3710 sed

184 3750 368 3805 etiam
409 3749 594 3821 gignit
619 3748 832 3820 aliquid
863 3747 1023 3817 cujus
1053 3762 1220 3800 causa
1250 3746 1338 3800 sit.
1366 3745 1747 3810 Quamobrem
1772 3762 1886 3817 quo

184 3844 352 3893 extra
380 3838 640 3892 ordinem
673 3853 786 3890 non
817 3842 921 3903 est,
948 3853 1013 3890 eo
1040 3851 1154 3889 non
1184 3839 1371 3907 potest
1398 3835 1585 3889 ordini
1612 3852 1731 3890 esse
1762 3852 1890 3889 con-

183 3927 423 3981 trarius.

272 4018 354 4069 l6.
390 4016 454 4069 Et
484 4031 613 4070 cum
658 4014 926 4069 tacuisset
971 4013 1289 4084 Trygetius,
1336 4029 1559 4085 egoque
1604 4013 1886 4085 meipsum

183 4120 309 4159 non
367 4120 629 4174 caperem
672 4102 904 4174 gaudio,
960 4102 1115 4173 quod
1161 4100 1423 4155 videbam
1471 4102 1885 4157 adolescentem

181 4193 510 4248 charissimi
538 4192 707 4246 amici
736 4192 921 4246 ﬁlium
941 4190 1114 4244 etiam
1138 4206 1327 4243 meum
1353 4189 1506 4257 ﬁeri;
1540 4205 1645 4244 nec
1675 4190 1882 4257 solum,

183 4296 388 4334 verum
427 4280 487 4334 in
528 4281 777 4335 amicum
817 4294 1043 4351 quoque
1086 4279 1206 4349 jam
1258 4278 1397 4331 mihi
1438 4293 1670 4347 surgere
1715 4283 1886 4349 atque

180 4371 583 4441 grandescere,
616 4374 671 4424 et
701 4369 861 4440 cujus
892 4368 1145 4421 studium
1176 4366 1262 4419 vel
1292 4366 1352 4419 in
1383 4366 1698 4420 mediocres
1728 4367 1885 4419 litte-

180 4475 281 4513 ras
312 4458 767 4528 desperaveram,
813 4456 977 4528 quasi
1019 4461 1278 4525 respecta
1322 4457 1339 4492 ¹
1386 4454 1739 4525 possessione
1785 4471 1887 4508 sua

182 4552 311 4600 toto
348 4546 563 4617 impetu
603 4546 665 4599 in
704 4546 953 4600 mediam
997 4545 1191 4599 venire
1234 4543 1677 4615 philosophiam.
1721 4544 1884 4608 Quod

180 4636 330 4689 dum
361 4635 562 4689 tacitus
601 4634 780 4688 miror
809 4639 863 4688 et
906 4639 1155 4687 exaestuo
1198 4632 1255 4686 in
1283 4632 1746 4703 gratulationem,
1788 4649 1883 4686 su-

178 4723 308 4778 bito
349 4724 444 4778 ille
474 4723 637 4795 quasi
670 4729 859 4777 mente
903 4722 1151 4793 quadam
1182 4726 1475 4792 correptus
1505 4723 1809 4776 exclamat:
1841 4723 1883 4777 Ο

181 4812 230 4864 si
285 4827 510 4881 possem
541 4811 728 4864 dicere
770 4811 922 4882 quod
977 4810 1136 4864 volol
1186 4810 1373 4879 Rogo;
1428 4810 1543 4877 ubi,
1592 4810 1688 4863 ubi
1726 4811 1880 4877 estis,

181 4900 412 4953 verba?
440 4899 769 4954 succurrite.
807 4900 871 4953 Et
898 4899 1051 4953 bona
1081 4902 1135 4951 et
1170 4897 1321 4951 mala
1375 4897 1437 4951 in
1484 4899 1684 4952 ordine
1730 4905 1878 4952 sunt.

180 4989 415 5044 CAPUT
442 4989 557 5043 Vll.
592 5019 657 5027 —
689 4991 826 5043 Deus
854 5003 961 5041 non
986 4987 1174 5054 diligit
1200 4986 1348 5039 mala
1371 4986 1491 5039 licet
1537 4986 1612 5039 ad
1640 4986 1883 5041 ordinem

872 5079 1199 5147 pertineant.

269 5169 349 5220 l7.
385 5165 623 5230 Credite,
658 5165 705 5219 si
743 5165 940 5231 vultis;
977 5180 1111 5218 nam
1160 5161 1443 5235 quomodo
1493 5162 1546 5216 id
1606 5163 1880 5232 explicem

180 5254 401 5309 nescio.
434 5255 549 5325 Ego
584 5254 832 5308 mirabar
853 5258 908 5308 et
938 5255 1212 5308 tacebam.
1244 5251 1540 5322 Trygetius
1570 5256 1761 5305 autem
1783 5252 1880 5306 ubi

174 5344 328 5398 vidit
357 5344 650 5399 hominem
680 5344 982 5414 paululum
1013 5342 1175 5414 quasi
1200 5341 1417 5411 digesta
1447 5341 1718 5396 ebrietate
1749 5342 1882 5396 affa-

251 5468 420 5530 tLov.
459 5468 702 5529 despecta
741 5469 1087 5530 possessione.
1116 5466 1183 5517 At
1216 5465 1392 5516 caeteri
1421 5464 1626 5515 codices
1660 5465 1784 5517 editi
1831 5471 1882 5516 et

179 5529 368 5593 scripti
395 5528 609 5589 habent,
638 5528 897 5593 respectu.

1675 266 1888 323 LIBER
1927 266 2210 325 PRIMUS.
3598 260 3698 312 986

1993 388 2168 443 bilem
2226 388 2436 442 factum
2507 387 2910 458 redditumque
2960 385 3283 456 colloquio:
3349 383 3697 443 Absurdum,

1996 478 2203 549 inquit,
2235 477 2376 531 mihi
2406 477 2650 546 videtur,
2686 476 2917 543 Licenti,
2947 481 3001 529 et
3030 477 3196 546 plane
3218 474 3468 528 alienum
3500 489 3533 525 a
3561 472 3697 525 veri-

1997 572 2113 621 tate
2146 567 2296 639 quod
2320 566 2485 633 dicis;
2517 566 2611 620 sed
2642 582 2832 636 quzpso
2870 566 3088 635 patiare
3115 580 3206 618 me
3238 562 3557 634 paululum,
3594 576 3701 614 nec

1997 656 2297 727 perturbes
2346 656 2709 709 clamitando.
2770 654 2865 707 Dic
2923 654 3073 724 quod
3126 653 3206 704 vis
3256 652 3335 705 ait
3388 650 3514 703 ille:
3582 665 3700 703 non

1998 744 2152 798 enim
2177 750 2369 798 metuo
2402 760 2471 798 ne
2495 744 2810 797 meauferas
2836 742 2904 794 ab
2937 758 3002 795 eo
3049 741 3201 812 quod
3237 741 3420 805 video,
3455 755 3519 791 ac
3548 753 3699 808 pene

1997 836 2186 888 teneo.
2224 832 2471 894 Utinam,
2506 832 2712 903 inquit,
2766 831 2834 885 ab
2868 848 2932 883 eo
2986 846 3155 900 quem
3205 828 3461 882 defendis
3493 827 3697 881 ordine

1997 921 2193 976 devius
2224 937 2339 975 non
2371 921 2467 989 sis,
2500 937 2615 973 non
2646 924 2803 974 tanta
2834 918 2893 972 in
2922 920 3103 972 Deum
3136 916 3334 970 feraris
3362 917 3376 984 (
3407 920 3469 968 ut
3498 915 3697 968 mitius

1996 1010 2216 1080 loquar)
2242 1009 2479 1063 incuria.
2512 1008 2659 1073 Quid
2693 1007 2845 1061 enim
2867 1006 3056 1077 potuit
3083 1006 3191 1059 dici
3217 1003 3396 1074 magis
3425 1002 3691 1072 impium,

1998 1114 2171 1168 quam
2203 1097 2374 1152 etiam
2399 1098 2547 1151 mala
2578 1096 2775 1149 ordine
2806 1094 3123 1149 contineri?
3156 1094 3315 1147 Certe
3362 1091 3515 1145 enim
3546 1092 3695 1143 Deus

1999 1190 2153 1240 amat
2181 1186 2458 1240 ordinem.
2500 1187 2633 1239 Vere
2664 1189 2835 1249 amat,
2866 1184 2941 1237 ait
2980 1184 3104 1248 ille;
3139 1183 3207 1236 ab
3238 1182 3359 1251 ipso
3392 1184 3606 1243 manat,
3642 1183 3697 1231 et

1999 1290 2127 1327 cum
2158 1274 2280 1344 ipso
2313 1279 2413 1327 est.
2450 1274 2512 1326 Et
2540 1274 2587 1326 si
2615 1273 2752 1343 quid
2781 1276 2967 1342 potest
2992 1272 3059 1325 de
3080 1287 3141 1323 re
3163 1274 3385 1323 tantum
3417 1268 3527 1321 alta
3557 1283 3694 1319 con-

1998 1361 2320 1415 venientius
2350 1361 2483 1427 dici,
2512 1362 2716 1431 cogita,
2759 1377 2973 1431 quzeso,
3003 1360 3123 1430 ipse
3163 1364 3371 1411 tecum.
3406 1358 3517 1409 Nec
3540 1355 3695 1408 enim

1998 1465 2126 1503 sum
2152 1450 2392 1503 idoneus
2437 1450 2529 1520 qui
2562 1454 2615 1502 te
2646 1450 2749 1502 ista
2781 1464 2933 1502 nunc
2965 1449 3215 1501 doceam.
3250 1446 3395 1509 Quid
3427 1445 3690 1512 cogitem,

1998 1538 2185 1608 inquit
2212 1538 2548 1609 Trygetius?
2582 1538 2807 1609 Accipio
2855 1553 3083 1607 prorsus
3114 1535 3266 1607 quod
3321 1534 3479 1597 dicis,
3532 1532 3697 1585 satis-

2000 1643 2110 1697 que
2141 1627 2283 1680 mihi
2301 1632 2386 1681 est
2415 1627 2473 1680 in
2506 1643 2571 1679 eo
2598 1627 2753 1698 quod
2775 1627 3059 1694 intelligo.
3085 1626 3247 1678 Certe
3277 1623 3429 1676 enim
3462 1627 3519 1673 et
3546 1620 3697 1672 mala

2001 1715 2189 1768 dixisti
2219 1716 2417 1769 ordine
2446 1716 2745 1779 contineri,
2781 1721 2836 1768 et
2874 1716 3061 1784 ipsum
3095 1714 3356 1766 ordinem
3400 1725 3633 1763 manare
3666 1725 3697 1760 a

2000 1819 2225 1856 summo
2257 1804 2392 1867 Deo,
2439 1808 2609 1873 atque
2658 1802 2728 1856 ab
2759 1818 2825 1855 eo
2857 1801 3039 1870 diligi.
3077 1802 3148 1853 Ex
3185 1815 3298 1869 quo
3330 1796 3589 1867 sequitur
3634 1798 3697 1847 ut

2000 1897 2055 1944 et
2084 1892 2235 1944 mala
2263 1890 2378 1945 sint
2406 1907 2439 1944 a
2468 1906 2691 1945 summo
2720 1891 2855 1955 Deo,
2889 1895 2942 1942 et
2973 1889 3121 1941 mala
3154 1889 3300 1940 Deus
3328 1886 3547 1953 diligat.

2076 1982 2161 2033 t8.
2193 1980 2257 2033 In
2286 1996 2395 2049 qua
2428 1978 2786 2033 conclusione
2818 1977 2984 2031 timui
3014 1975 3286 2030 Licentio.
3311 1977 3383 2027 At
3411 1974 3505 2025 ille
3540 1972 3697 2039 inge-

2000 2067 2244 2121 miscens
2287 2068 2617 2122 difﬁcultate
2647 2068 2975 2131 verborum,
3017 2082 3121 2119 nec
3164 2062 3401 2117 omnino
3432 2076 3697 2131 qumrens

2001 2156 2140 2226 quid
2189 2157 2579 2226 responderet,
2613 2157 2710 2209 sed
2741 2154 3225 2227 quemadmodum
3255 2151 3409 2223 quod
3458 2164 3697 2218 respon-

2004 2244 2254 2297 dendum
2306 2249 2428 2298 erat
2470 2249 2785 2315 promeret:
2826 2245 2951 2297 Non
3000 2242 3161 2312 diligi
3212 2242 3361 2293 Deus
3401 2232 3573 2303 mala,
3603 2236 3694 2289 in-

2003 2333 2154 2404 quit;
2184 2349 2288 2386 nec
2314 2334 2385 2387 ob
2430 2334 2605 2399 aliud,
2640 2334 2749 2387 nisi
2780 2332 2914 2403 quia
2945 2330 3163 2385 ordinis
3193 2344 3308 2382 non
3341 2333 3426 2381 est
3455 2331 3521 2379 ut
3550 2326 3697 2379 Deus

2001 2422 2152 2474 mala
2182 2422 2404 2492 diligat.
2446 2423 2510 2476 Et
2552 2422 2813 2475 ordinem
2845 2420 2972 2473 ideo
3016 2418 3260 2472 multum
3300 2414 3509 2485 diligit,
3563 2412 3700 2483 quia

2000 2525 2106 2579 per
2135 2526 2265 2564 eum
2293 2526 2412 2564 non
2441 2510 2628 2581 diligit
2659 2511 2805 2563 mala
2859 2512 2928 2563 At
2956 2524 3086 2560 vero
3118 2507 3241 2576 ispa
3272 2504 3421 2558 mala
3451 2502 3551 2574 qui
3572 2517 3698 2572 pos-

2002 2602 2135 2651 sunt
2164 2615 2281 2653 non
2312 2614 2431 2652 esse
2476 2599 2535 2652 in
2569 2599 2792 2661 ordine,
2833 2614 2963 2650 cum
2997 2599 3146 2651 Deus
3176 2595 3271 2648 illa
3309 2609 3424 2647 non
3456 2591 3698 2660 diligat?

2004 2688 2146 2740 Nam
2175 2688 2280 2740 iste
2312 2688 2434 2758 ipse
2476 2692 2557 2741 est
2590 2689 2871 2741 malorum
2903 2686 3039 2738 ordo
3070 2689 3135 2737 ut
3162 2699 3279 2736 non
3312 2682 3627 2750 diligantur
3666 2694 3699 2730 a

2004 2776 2142 2829 Deo.
2183 2779 2271 2830 An
2300 2792 2505 2847 parvus
2536 2792 2727 2829 rerum
2762 2775 2899 2828 ordo
2928 2774 3031 2827 tibi
3091 2772 3334 2835 videtur,
3368 2774 3431 2822 ut
3460 2773 3515 2821 et
3544 2768 3696 2821 bona

2002 2864 2151 2917 Deus
2176 2865 2397 2933 diligat,
2430 2870 2487 2917 et
2516 2880 2631 2918 non
2675 2863 2877 2934 diligat
2906 2862 3096 2915 mala?
3133 2862 3218 2913 Ita
3247 2874 3349 2911 nec
3378 2861 3585 2927 praeter
3610 2870 3697 2907 or-

2000 2952 2194 3006 dinem
2222 2959 2355 3006 sunt
2375 2953 2546 3017 mala,
2573 2968 2701 3022 quae
2726 2968 2841 3005 non
2874 2950 3062 3021 diligit
3104 2950 3271 3013 Deus,
3305 2951 3360 2999 et
3388 2946 3575 3016 ipsum
3603 2949 3693 2995 ta-

2000 3057 2133 3095 men
2164 3042 2423 3095 ordinem
2454 3040 2671 3111 diligit:
2704 3040 2807 3094 hoc
2838 3040 3025 3110 ipsum
3054 3038 3205 3091 enim
3236 3034 3425 3105 diligit
3458 3032 3695 3102 diligere

1998 3129 2172 3195 bona,
2216 3134 2272 3183 et
2300 3145 2414 3182 non
2441 3129 2679 3199 diligere
2710 3128 2887 3192 mala;
2923 3126 3078 3198 quod
3117 3129 3201 3179 est
3232 3122 3424 3194 magni
3455 3119 3693 3183 ordinis,

2002 3224 2059 3271 et
2089 3217 2296 3272 divinae
2353 3217 2764 3287 dispositionis.
2808 3216 2914 3280 Qui
2949 3215 3089 3269 ordo
3147 3218 3319 3284 atque
3376 3208 3694 3281 dispositio,

2001 3307 2135 3378 quia
2164 3306 2552 3361 universitatis
2591 3305 3024 3376 congruentiam
3057 3304 3179 3374 ipsa
3208 3300 3569 3356 distinctione
3598 3314 3694 3352 cu-

2002 3396 2190 3462 stodit,
2220 3396 2285 3449 ﬁt
2313 3400 2379 3450 ut
2407 3397 2556 3450 mala
2586 3396 2759 3449 etiam
2799 3380 2919 3448 esse
2949 3409 3177 3447 necesse
3208 3392 3297 3445 sit.
3326 3392 3410 3443 lta
3440 3387 3601 3459 quasi
3630 3403 3695 3440 ex

2003 3485 2293 3538 antithetis
2314 3486 2763 3556 quodammodo,
2791 3484 2945 3555 quod
2965 3482 3129 3536 nobis
3156 3480 3329 3533 etiam
3356 3479 3415 3531 in
3438 3476 3693 3530 oratione

1994 3573 2312 3642 jucundum
2342 3577 2444 3638 est,
2478 3573 2534 3627 id
2558 3578 2661 3641 est,
2691 3589 2756 3625 ex
2778 3569 3096 3636 contrariis,
3126 3567 3385 3621 omnium
3408 3564 3577 3617 simul
3608 3577 3689 3616 re-

1998 3677 2127 3715 rum
2158 3661 2524 3733 pulchritudo
2554 3661 2853 3732 ﬁguratur.

2074 3754 2158 3805 19.
2194 3752 2324 3805 Post
2352 3752 2459 3804 hoc
2508 3750 2818 3804 intersiluit
2876 3746 3112 3802 modice.
3170 3746 3235 3799 Et
3290 3744 3525 3813 repente
3570 3755 3689 3793 sese

2000 3839 2225 3909 erigens
2273 3856 2386 3910 qua
2430 3838 2727 3911 Trygetius
2758 3839 2969 3891 lectum
3000 3834 3274 3889 habebat:
3323 3833 3465 3886 Nam
3496 3844 3692 3901 quaero

2000 3943 2065 3981 ex
2092 3933 2166 3991 te,
2197 3944 2410 3999 quaeso,
2434 3927 2642 3999 inquit,
2666 3927 2929 3998 justusne
2973 3926 3045 3978 sit
3087 3923 3269 3978 Deus?
3299 3921 3542 3976 Tacebat
3574 3920 3693 3986 ille,

2000 4016 2193 4078 nimis,
2229 4022 2291 4070 ut
2328 4024 2525 4087 postea
2556 4016 2768 4081 retulit,
2817 4014 3104 4069 admirans
3135 4020 3189 4066 et
3219 4013 3458 4066 horrens
3510 4008 3697 4065 subito

1999 4106 2371 4175 condiscipuli
2401 4110 2457 4158 et
2476 4104 2773 4159 familiaris
2792 4104 2879 4158 sui
2907 4104 3163 4158 afflatum
3192 4116 3337 4155 nova
3365 4098 3693 4169 inspiratio-

1999 4210 2071 4247 ne
2106 4210 2445 4249 sermonem.
2484 4196 2605 4259 Quo
2642 4197 2883 4259 tacente,
2936 4192 3031 4245 ille
3079 4192 3157 4244 ita
3205 4192 3432 4243 secutus
3479 4191 3581 4240 est.
3636 4186 3692 4239 Si

1997 4281 2151 4334 enim
2182 4283 2361 4335 Deum
2400 4282 2616 4351 justum
2658 4297 2777 4334 non
2803 4296 2923 4333 esse
2967 4276 3353 4349 responderis,
3388 4279 3450 4327 tu
3480 4273 3687 4327 videris

1997 4369 2134 4439 quid
2166 4386 2319 4441 agas,
2353 4370 2451 4440 qui
2480 4386 2570 4423 me
2592 4369 2807 4424 dudum
2833 4368 3143 4439 impietatis
3169 4364 3463 4434 arguebas.
3494 4362 3551 4414 Si
3583 4378 3687 4414 au-

1995 4462 2133 4524 tem,
2168 4462 2229 4511 ut
2258 4458 2418 4511 nobis
2448 4457 2711 4524 traditur,
2743 4473 2958 4528 nosque
2989 4455 3168 4525 ipsius
3199 4452 3415 4507 ordinis
3447 4450 3690 4503 necessi-

1996 4551 2112 4600 tate
2142 4548 2439 4613 sentimus,
2461 4547 2651 4617 justus
2681 4551 2764 4601 est
2795 4548 2961 4611 Deus,
2996 4560 3096 4596 sua
3125 4541 3329 4612 cuique
3352 4539 3695 4593 distribuen-

1996 4635 2069 4689 do
2126 4636 2324 4706 utique
2367 4636 2553 4705 justus
2610 4639 2710 4689 est.
2764 4635 2899 4699 Quae
2956 4637 3148 4686 autem
3195 4627 3518 4683 distributio
3578 4626 3690 4681 dici

1995 4729 2193 4796 potest,
2228 4724 2324 4778 ubi
2355 4724 2641 4778 distinctio
2673 4723 2829 4777 nulla
2879 4721 2999 4774 est?
3046 4722 3158 4773 Aut
3207 4734 3335 4789 qum
3382 4716 3691 4780 distinctio,

1995 4814 2042 4867 si
2070 4814 2220 4867 bona
2244 4818 2377 4867 sunt
2406 4814 2638 4867 omnia?
2657 4811 2873 4876 Quidve
2904 4813 3113 4879 praeter
3159 4807 3421 4861 ordinem
3450 4804 3692 4877 reperiri

1992 4907 2197 4973 potest,
2232 4902 2278 4955 si
2313 4901 2408 4955 Dei
2444 4901 2668 4971 justitia
2697 4900 2979 4953 bonorum
3022 4898 3419 4966 malorumque
3467 4894 3689 4948 meritis

1996 5006 2096 5044 sua
2126 4990 2331 5061 cuique
2364 4988 2717 5043 redduntur?
2774 4988 2994 5040 Justum
3027 4989 3219 5039 autem
3252 4986 3432 5039 Deum
3488 4998 3689 5036 omnes

1993 5079 2256 5133 fatemur.
2290 5081 2494 5132 Totum
2516 5077 2691 5146 igitur
2713 5075 2913 5129 ordine
2936 5073 3268 5129 includitur.
3292 5074 3507 5138 Quibus
3526 5070 3690 5124 dictis

1993 5168 2232 5221 resilite
2263 5171 2459 5231 strato,
2505 5170 2561 5219 et
2604 5166 2724 5235 jam
2779 5165 2965 5218 lenior
2992 5180 3126 5219 voce
3178 5180 3307 5217 cum
3367 5162 3419 5215 ei
3450 5160 3683 5213 verbum

1994 5272 2165 5309 nemo
2213 5256 2451 5310 faceret:
2492 5253 2716 5308 Nihilne
2763 5253 2929 5319 mihi,
2962 5252 3171 5324 inquit,
3202 5252 3292 5305 vel
3321 5256 3379 5304 tu
3406 5248 3503 5321 qui
3532 5263 3686 5301 com-

1991 5344 2186 5416 pulisti
2216 5344 2285 5398 ad
2316 5343 2441 5406 ista,
2473 5342 2822 5413 respondes?

2062 5436 2150 5487 ‘20.
2171 5432 2271 5487 Cui
2293 5448 2399 5501 ego
2421 5449 2433 5485 :
2459 5434 2611 5486 Nova
2640 5449 2789 5487 nunc
2812 5432 3013 5505 religio
3037 5433 3234 5486 istbmc
3266 5430 3321 5483 in
3355 5432 3408 5485 te
3440 5426 3687 5495 incessit,

1993 5521 2132 5575 cedo
2187 5522 2423 5589 (Terent.
2478 5523 2654 5577 Andr.
2711 5528 2822 5578 act.
2888 5524 2943 5588 4,
2997 5536 3135 5576 scen.
3185 5519 3256 5585 3),
3289 5517 3546 5588 inquam.
3581 5516 3687 5571 Sed
