4062 6188
461 216 561 269 987
1738 211 1833 265 DE
1871 209 2163 278 ORDINE,
2206 209 2242 265 S

465 335 618 406 quod
673 333 978 402 videbitur,
1036 349 1142 405 per
1210 333 1364 388 diem
1416 331 1796 403 respondebo,
1862 332 1964 402 qui
2012 331 2157 387 mihi

459 425 582 495 jam
610 423 834 478 videtur
861 422 1077 489 redire;
1127 421 1240 476 nisi
1269 423 1423 476 luna:
1465 425 1551 475 est
1605 421 1701 474 ille
1752 420 1853 490 qui
1894 421 2158 475 fenestris

464 513 657 583 fulgor
677 511 989 566 inducitur.
1021 512 1204 566 Simul
1226 515 1283 564 et
1312 510 1601 581 agendum
1633 512 1717 563 est
1735 525 1807 562 ne
1826 513 1982 564 tanta
2010 510 2158 564 bona

462 605 582 667 tua,
617 601 853 668 Licenti,
886 601 1188 654 absorbeat
1218 599 1448 665 oblivio,
1496 598 1730 662 Quando
1763 597 1918 652 enim
1947 603 2158 654 nostrae

463 691 668 744 litterae
695 705 811 742 non
841 688 948 742 sibi
987 689 1118 742 hinc
1149 687 1410 740 mandari
1439 686 1737 758 ﬂagitent?
1766 686 1959 740 Dicam
1989 687 2158 756 plane

463 777 567 831 tibi
623 777 779 848 quod
831 776 1033 841 sentio,
1077 775 1376 845 disputabo
1431 775 1732 828 adversum
1784 779 1838 828 te
1879 779 2158 845 quantum

464 882 730 936 possum;
760 882 875 918 non
905 865 1060 918 enim
1091 863 1251 930 mihi,
1284 863 1330 917 si
1358 879 1450 917 me
1498 863 1720 930 viceris,
1747 864 1933 934 major
1955 864 2158 917 trium-

468 955 614 1026 phus
645 955 767 1008 dari
811 958 1017 1023 potest.
1070 953 1127 1007 Si
1174 956 1366 1006 autem
1412 953 1500 1006 vel
1533 952 1821 1006 callidita’i
1874 953 1962 1006 vel
1995 955 2158 1005 acuto

467 1043 698 1097 cuidam
745 1042 927 1097 errori
975 1041 1297 1107 hominum,
1342 1058 1589 1112 quorum
1639 1046 1827 1111 partes
1878 1041 2160 1111 suscipere

465 1132 720 1190 tentabo,
754 1131 984 1185 cesserit
1039 1130 1400 1184 imbecillitas
1444 1133 1562 1196 tua,
1611 1146 1740 1199 quin
1783 1128 1973 1182 minus
2003 1133 2162 1200 pasta

466 1219 786 1273 eruditione
813 1218 1252 1289 desciplinarum
1275 1223 1499 1272 tantum
1527 1218 1698 1271 deum
1727 1217 1968 1272 fortasse
1999 1219 2162 1273 susti-

468 1323 605 1360 nere
651 1323 771 1361 non
814 1306 1053 1376 poterit;
1101 1323 1191 1360 res
1238 1311 1293 1360 te
1333 1307 1457 1376 ipsa
1506 1305 1892 1360 commonebit
1931 1312 2160 1377 quantm

465 1394 572 1448 tibi
602 1394 767 1459 vires,
813 1396 966 1450 utin
1011 1413 1144 1450 eum
1189 1395 1411 1449 ﬁrmior
1459 1395 1674 1461 redeas,
1707 1395 1977 1464 parandas
2008 1395 2158 1449 sint:

465 1481 635 1536 simul
667 1483 801 1552 quia
821 1488 878 1536 et
905 1483 1072 1537 istam
1103 1483 1548 1553 disputationem
1579 1487 1832 1536 nostram
1874 1483 2161 1537 elimatius

466 1571 593 1623 volo
623 1571 956 1640 provenire;
987 1589 1102 1626 non
1131 1573 1286 1626 enim
1307 1587 1433 1625 eam
1463 1571 1675 1642 grossis
1695 1571 1930 1625 auribus
1957 1572 2156 1626 debeo.

469 1659 614 1711 Nam
645 1659 922 1713 Zenobius
966 1664 1158 1714 noster
1209 1661 1390 1713 multa
1418 1676 1642 1712 mecum
1682 1676 1831 1729 saepe
1866 1659 1935 1713 de
1966 1676 2160 1714 rerum

470 1745 669 1800 ordine
699 1747 962 1814 contulit,
995 1749 1086 1801 cui
1107 1748 1219 1801 alta
1241 1747 1597 1817 percontanti
1619 1763 1917 1818 nunquam
1947 1748 2162 1802 satisfa-

466 1849 593 1887 cere
622 1835 806 1904 potui,
839 1851 935 1889 seu
966 1840 1201 1907 propter
1227 1835 1633 1890 obscuritatem
1653 1853 1866 1904 rerum,
1900 1853 1998 1890 seu
2029 1854 2163 1908 pro-

465 1925 594 1992 pter
622 1930 950 1994 temporum
985 1925 1292 1995 angustias.
1325 1925 1663 1979 Crebrarum
1696 1931 1886 1980 autem
1911 1926 2009 1980 ille
2035 1943 2164 1996 pro-

467 2011 939 2066 crastinationum
971 2029 1151 2084 usque
1185 2013 1324 2066 adeo
1346 2012 1653 2083 impatiens
1673 2014 1801 2080 fuit,
1823 2019 1888 2068 ut
1903 2030 2014 2081 me,
2046 2031 2162 2084 quo

465 2099 797 2170 diligentius
825 2104 881 2154 et
896 2101 1178 2170 copiosius
1205 2102 1550 2172 respondere
1567 2116 1820 2172 cogerer,
1847 2103 2020 2156 etiam
2042 2119 2163 2158 car-

465 2187 622 2242 mine
651 2193 1004 2258 provocaret,
1037 2193 1092 2242 et
1120 2190 1270 2243 bono
1304 2190 1573 2254 carmine,
1610 2191 1761 2244 unde
1785 2191 1950 2246 illum
1982 2192 2163 2263 magis

470 2292 645 2330 ames.
671 2275 777 2330 Sed
796 2293 984 2346 neque
1005 2281 1142 2330 tunc
1163 2278 1266 2331 tibi
1287 2278 1399 2349 legi
1419 2277 1611 2348 potuit
1630 2277 1950 2334 abistarum
1968 2296 2163 2334 rerum

465 2365 654 2418 studio
685 2364 1083 2429 remotissimo,
1114 2383 1299 2436 neque
1317 2383 1468 2420 nunc
1491 2371 1692 2437 potest.
1714 2368 1854 2422 Nam
1884 2369 2160 2438 profectio

467 2453 592 2522 ejus
618 2457 737 2506 tam
770 2454 1074 2524 repentina
1103 2459 1159 2508 et
1177 2456 1510 2524 perturbata
1538 2456 1648 2509 fuit
1676 2457 1930 2511 tumultu
1958 2458 2081 2526 illo,
2100 2462 2166 2512 ut

468 2541 613 2595 nihil
643 2541 885 2596 istorum
915 2543 1110 2597 venire
1144 2543 1307 2597 nobis
1335 2544 1395 2597 in
1425 2549 1678 2598 mentem
1718 2546 1995 2616 potuerit:
2028 2563 2164 2600 nam

469 2629 528 2683 id
552 2629 875 2700 relinquere
897 2630 1041 2684 mihi
1067 2648 1408 2703 responsuro
1435 2637 1736 2700 statuerat;
1760 2639 1816 2687 et
1836 2635 2014 2688 multa
2034 2651 2165 2688 con-

468 2723 706 2772 currunt
743 2735 844 2772 cur
875 2720 928 2773 ei
960 2735 1145 2774 sermo
1174 2721 1278 2774 iste
1307 2721 1582 2775 mittatur.
1611 2721 1869 2776 Primum
1895 2727 1995 2787 est,
2031 2723 2166 2793 quia

465 2807 736 2875 debetur;
773 2808 1001 2869 deinde,
1051 2809 1185 2880 quia
1215 2810 1539 2879 cujusmodi
1568 2826 1721 2864 nunc
1763 2811 1940 2865 vitam
1993 2811 2164 2866 duca-

469 2913 622 2962 mus,
661 2897 835 2950 etiam
866 2897 943 2951 sic
972 2897 1213 2952 indicari
1246 2898 1368 2968 ejus
1386 2899 1448 2952 in
1493 2914 1597 2952 nos
1624 2899 2037 2954 benevolentiae
2067 2900 2164 2954 de-

467 2990 586 3052 cet;
617 2990 928 3055 postremo,
958 2987 1111 3057 quod
1141 2986 1201 3040 in
1232 2987 1441 3056 gaudio
1473 2987 1541 3040 de
1580 3003 1677 3057 spe
1703 2992 1802 3040 tua
1825 2987 2045 3042 nemini
2073 3003 2164 3042 ce-

465 3076 566 3130 dit.
586 3077 728 3130 Nam
756 3081 959 3130 etcum
981 3093 1234 3147 praesens
1255 3081 1423 3142 esset,
1455 3093 1558 3147 pro
1578 3076 1964 3131 familiaritate
1988 3077 2166 3148 patris

466 3160 572 3226 tui,
606 3162 694 3214 vel
751 3162 942 3231 potius
995 3162 1258 3216 omnium
1302 3166 1559 3216 nostrum
1598 3162 1847 3215 multum
1895 3162 2166 3216 sollicitus

467 3254 592 3304 erat
620 3265 692 3304 ne
722 3250 942 3321 ingenii
972 3252 1057 3304 tui
1085 3251 1347 3321 quaedam
1379 3251 1660 3319 scintillae,
1695 3268 1836 3322 quas
1863 3253 2167 3324 diligenter

467 3336 982 3400 animadvertebat,
1054 3353 1171 3391 non
1215 3341 1334 3391 tam
1395 3338 1779 3392 conﬂarentur
1821 3355 1957 3392 cura
2014 3355 2163 3406 mea,

469 3441 642 3496 quam
673 3429 772 3479 tua
801 3424 1306 3495 exstinguerentur
1330 3426 1570 3481 incuria.
1597 3429 1661 3480 Et
1689 3443 1819 3480 cum
1842 3430 1897 3480 te
1926 3428 2166 3498 poetica:

469 3530 698 3586 quoque
732 3515 1050 3569 studiosum
1095 3532 1214 3570 esse
1242 3517 1594 3586 cognoverit,
1644 3515 1724 3570 sic
1762 3517 2163 3586 gratulabitur,

469 3607 533 3655 ut
556 3619 687 3656 eum
716 3604 860 3657 mihi
889 3604 1232 3672 gestientem
1262 3604 1454 3660 videre
1479 3605 1602 3675 jam
1631 3604 1842 3659 videar.

470 3691 696 3746 CAPUT
729 3693 793 3746 Vl
803 3693 869 3746 II.
903 3723 972 3732 -—-
1000 3695 1268 3748 Licentius
1285 3694 1646 3763 philosophia:
1667 3709 1846 3748 amore
1863 3709 2163 3748 succensus.

539 3781 907 3850 Reprehensus
939 3797 973 3832 a
1025 3783 1275 3835 Monnica
1323 3782 1467 3851 quod
1489 3784 1694 3852 psalmi
1730 3784 2051 3836 versiculum
2094 3782 2169 3836 ad

539 3871 810 3938 requisita
846 3873 1064 3923 natura:
1091 3884 1334 3936 egressus
1364 3873 1673 3925 cantitaret.
1705 3871 2038 3924 Liberalium
2084 3871 2170 3924 di-

539 3957 898 4024 sciplinarum
917 3957 1150 4011 utilitas.

543 4048 635 4098 21.
697 4043 852 4097 Nihil
921 4043 1066 4098 mihi
1115 4044 1352 4116 quidem
1407 4046 1627 4116 gratius
1690 4046 1881 4114 facies,
1937 4047 2166 4120 inquit:

472 4133 591 4199 sed,
617 4132 732 4186 sive
763 4133 1144 4187 mobilitatem
1171 4151 1359 4188 meam
1390 4139 1448 4189 et
1476 4135 1757 4206 puerilem
1786 4135 2074 4191 levitatem
2098 4135 2170 4190 ri-

473 4221 702 4288 debitis,
749 4221 865 4276 sive
897 4221 1088 4293 aliquo
1139 4239 1270 4276 vere
1299 4223 1491 4278 divino
1522 4230 1671 4279 nutu
1699 4229 1754 4279 et
1783 4225 1985 4279 ordine
2015 4225 2082 4279 ﬁt
2110 4225 2171 4279 in

471 4310 656 4372 nobis,
694 4327 806 4364 non
836 4309 993 4365 vobis
1025 4310 1279 4365 dubitem
1315 4311 1524 4378 dicere,
1567 4312 1787 4383 pigrior
1815 4329 1942 4366 sum
1975 4313 2044 4367 ad
2073 4312 2172 4366 illa

471 4404 658 4453 metra
677 4399 867 4453 subito
891 4399 1154 4465 effectus;
1178 4399 1309 4464 alia,
1331 4401 1500 4471 longe
1522 4401 1635 4453 alia
1656 4401 1846 4454 nescio
1867 4401 2004 4472 quid
2027 4401 2171 4454 mihi

470 4504 624 4541 nunc
661 4488 786 4541 luce
816 4488 1185 4558 resplenduit.
1222 4488 1521 4542 Pulchrior
1553 4493 1637 4542 est
1666 4489 2050 4560 philosophia,
2082 4490 2169 4544 fa-

471 4581 615 4642 teor,
650 4593 824 4648 quam
855 4577 1106 4648 Thysbe,
1133 4593 1307 4648 quam
1327 4579 1625 4648 Pyramus,
1657 4594 1830 4649 quam
1851 4578 1951 4632 illa
1989 4579 2172 4632 Venus

474 4669 532 4718 et
549 4665 767 4734 Cupido
786 4667 1040 4736 talesque
1064 4665 1383 4720 omnimodi
1409 4683 1659 4720 amores:
1678 4671 1736 4720 et
1766 4683 1895 4720 cum
1928 4667 2170 4738 suspirio

475 4751 684 4823 gratias
715 4752 938 4808 Christo
977 4754 1200 4823 agebat.
1234 4754 1441 4824 Accepi
1474 4771 1580 4825 ego
1615 4755 1756 4821 haec,
1791 4755 1926 4825 quid
1963 4754 2169 4821 dicam,

475 4841 754 4909 libenter;
785 4847 884 4896 aut
932 4843 1070 4913 quid
1119 4859 1236 4897 non
1287 4843 1512 4898 dicam?
1547 4843 1798 4913 Accipiat
1835 4843 2076 4914 quisque
2110 4850 2174 4898 ut

472 4929 648 4995 volet,
668 4930 812 4984 nihil
834 4947 990 4998 curo,
1013 4931 1121 4985 nisi
1147 4932 1299 5002 quod
1320 4932 1468 4986 forte
1491 4931 1794 4986 immodice
1826 4932 2166 5002 gaudebam.

548 5021 636 5072 22.
669 5019 889 5073 Interea
915 5025 1046 5090 post
1069 5021 1371 5090 paululum
1410 5019 1530 5074 dies
1583 5036 1704 5074 sese
1751 5020 2004 5090 aperuit;
2046 5037 2170 5074 sur-

476 5113 750 5162 rexerunt
793 5108 896 5175 illi,
947 5113 1004 5163 et
1045 5125 1149 5179 ego
1195 5108 1557 5180 illacrymans
1597 5110 1777 5162 multa
1823 5108 2008 5162 oravi:
2041 5125 2172 5163 cum

473 5197 646 5250 audio
680 5197 996 5252 Licentium
1025 5197 1407 5252 succinentem
1436 5198 1580 5252 illud
1608 5199 2010 5269 Propheticum
2044 5199 2171 5252 laete

474 5289 645 5356 atque
671 5287 899 5357 garrule
931 5289 1068 5340 Deus
1097 5287 1384 5351 virtutum,
1433 5292 1675 5341 converte
1699 5302 1824 5353 nos;
1857 5291 1907 5342 et
1953 5287 2170 5342 ostende

473 5376 671 5441 faciem
715 5381 882 5444 tuam,
930 5380 980 5428 et
1031 5375 1173 5429 salvi
1217 5378 1414 5430 erimus
1440 5375 1609 5447 (Psal.
1641 5392 1820 5443 LXXIX,
1874 5375 1954 5448 8).
2007 5375 2170 5439 Quod

472 5464 657 5535 pridie
673 5470 803 5536 post
823 5480 1042 5519 coenam
1066 5480 1196 5518 cum
1218 5464 1286 5518 ad
1311 5465 1584 5536 requisita
1601 5470 1822 5519 natura:
1842 5465 1992 5519 foras
2021 5463 2166 5518 exis-

2249 251 2261 263 .
2303 205 2688 264 AUGUSTINI
3791 219 3866 271 988

2271 334 2374 398 set,
2417 331 2595 400 paulo
2635 327 2848 382 clarius
2905 326 3127 393 cecinit,
3195 343 3367 398 quam
3415 333 3476 384 ut
3524 337 3684 388 mater
3722 343 3870 392 nostra

2265 420 2414 474 ferre
2445 423 2656 490 posset,
2706 418 2866 489 quod
2916 417 3014 471 illo
3066 417 3188 470 loco
3235 417 3370 471 talia
3422 421 3658 476 continuo
3687 428 3869 495 repetita

2267 512 2627 562 canerentur.
2653 506 2808 560 Nihil
2831 506 2984 560 enim
3009 506 3162 560 aliud
3195 506 3430 573 dicebat,
3463 511 3704 579 quoniam
3730 513 3870 582 ipsum

2269 596 2566 652 cantilenas
2597 595 2833 649 modum
2871 611 3058 666 nuper
3085 596 3371 659 hauserat,
3409 600 3462 649 et
3489 599 3704 666 amabat,
3732 607 3783 655 ut
3813 604 3868 670 ﬁt,

2269 687 2446 739 melos
2476 684 2832 738 inusitatum.
2867 684 3202 754 Objurgavit
3233 700 3363 738 eum
3399 685 3797 757 religiosissima,
3830 699 3873 745 ut

2270 774 2398 841 scis,
2432 772 2666 841 femina,
2705 773 2774 826 ob
2807 773 2916 826 hoc
2947 773 3140 842 ipsum
3179 773 3337 844 quod
3363 773 3728 830 inconveniens
3760 778 3871 832 locus

2270 863 2510 928 cantico,
2561 865 2724 916 esset.
2772 864 2927 917 Tunc
2959 862 3056 916 ille
3087 861 3329 926 dixerat,
3357 862 3565 931 jocans:
3613 865 3740 928 Quas
3775 883 3870 919 vero

2271 951 2318 1005 si
2347 951 2475 1022 quis
2506 951 2597 1005 hic
2629 966 2720 1003 me
2749 949 3017 1004 inimicus
3038 951 3370 1012 includeret,
3402 966 3509 1004 non
3537 956 3647 1006 erat
3671 954 3792 1007 Deus
3813 971 3871 1007 ex-

2273 1041 2573 1094 auditurus
2604 1055 2802 1092 vocem
2827 1055 3038 1092 meam.

2341 1131 2428 1183 23.
2465 1130 2609 1198 Ergo
2662 1143 2831 1181 mane
2886 1144 3016 1181 cum
3080 1144 3368 1198 regressus
3422 1132 3560 1182 esset
3603 1129 3753 1194 solus,
3781 1147 3872 1183 nam

2272 1223 2515 1288 uterque
2549 1217 2622 1270 ob
2651 1217 2914 1271 eamdem
2957 1233 3186 1271 causam
3217 1223 3574 1286 processerat,
3613 1220 3805 1271 accessit
3827 1219 3872 1271 ad

2271 1307 2541 1362 lectulum
2570 1321 2786 1359 meum.
2823 1306 3030 1359 Verum
3055 1306 3143 1360 dic
3182 1305 3346 1372 mihi,
3373 1305 3570 1376 inquit,
3605 1305 3676 1358 ita
3697 1309 3778 1359 tiat
3799 1323 3874 1359 no-

2270 1395 2357 1449 bis
2384 1394 2538 1465 quod
2564 1393 2665 1456 vis,
2713 1393 2853 1465 quid
2883 1394 2950 1448 de
2981 1411 3072 1448 me
3103 1393 3406 1448 existimes.
3440 1395 3612 1464 Atque
3654 1409 3743 1462 ego
3781 1395 3873 1446 ado-

2270 1482 2534 1537 lescentis
2595 1483 2886 1536 dexteram
2959 1483 3426 1552 apprehendens:
3478 1481 3632 1547 Quid,
3682 1481 3874 1550 inquam,

2271 1571 2592 1626 existimem
2639 1570 2835 1638 sentis,
2868 1571 3070 1637 credis,
3103 1571 3400 1642 intelligis.
3431 1571 3613 1641 Neque
3653 1571 3777 1622 enim
3811 1587 3876 1622 δτι

2271 1660 2452 1714 bitror
2479 1664 2531 1713 te
2562 1659 2773 1712 frustra
2813 1659 2940 1714 heri
2981 1659 3199 1714 tamdiu
3249 1659 3532 1724 cecinisse,
3578 1662 3636 1712 ut
3671 1659 3876 1711 virtutum

2274 1749 2422 1802 Deus
2450 1763 2718 1802 converso
2746 1747 2852 1801 tibi
2878 1764 2935 1801 se
2966 1748 3244 1802 ostendat.
3284 1750 3356 1801 At
3396 1747 3488 1799 ille
3545 1763 3660 1800 cum
3704 1747 3876 1800 admira-

2271 1837 2428 1891 tione
2456 1837 2812 1890 recordatus:
2859 1838 3147 1907 Magnum,
3184 1836 3394 1907 inquit,
3443 1836 3574 1889 dicis
3621 1841 3671 1889 et
3707 1851 3870 1888 verum.

2275 1927 2400 1979 Non
2426 1925 2578 1978 enim
2624 1924 2908 1996 meipsum
2949 1941 3155 1995 parum
3195 1929 3388 1978 movet
3427 1925 3569 1996 quod
3617 1923 3757 1976 modo
3798 1928 3874 1974 tam

2275 2029 2426 2083 aegre
2458 2013 2734 2067 avocabar
2762 2030 2792 2066 a
2821 2013 2991 2083 nugis
3022 2013 3136 2066 illis
3165 2012 3433 2066 carminis
3483 2012 3605 2079 mei,
3635 2016 3685 2064 et
3703 2011 3797 2080 jam
3817 2026 3873 2061 re-

2275 2102 2396 2156 dire
2420 2102 2493 2155 ad
2514 2117 2607 2155 eas
2637 2101 2796 2172 piget
2818 2105 2875 2156 et
2895 2101 3091 2172 pudet,
3114 2102 3188 2155 ita
3207 2107 3361 2155 totus
3387 2101 3448 2155 in
3468 2101 3706 2172 quaedam
3728 2113 3875 2166 magna

2275 2195 2334 2244 et
2360 2190 2506 2243 mira
2537 2189 2836 2244 subvehor.
2886 2191 3085 2244 Nonne
3118 2191 3222 2243 hoc
3255 2195 3342 2244 est
3367 2206 3493 2244 vere
3524 2189 3581 2242 in
3611 2190 3763 2242 Deum
3783 2200 3873 2238 con-

2272 2278 2458 2332 verti?
2490 2278 2673 2333 Simul
2693 2282 2749 2332 et
2767 2278 2911 2332 illud
2945 2279 3189 2348 gaudeo,
3223 2279 3377 2349 quod
3414 2279 3615 2332 frustra
3636 2274 3755 2329 mihi
3775 2288 3873 2326 scm-

2273 2367 2446 2438 pulus
2471 2367 2888 2438 superstitionis
2935 2367 3178 2438 injectus
3226 2371 3316 2421 est
3357 2367 3504 2438 quod
3535 2366 3624 2420 tali
3667 2365 3767 2418 loco
3787 2360 3875 2414 talia

2275 2456 2642 2510 cantitabam.
2690 2455 2847 2522 Mihi,
2905 2455 3164 2527 inquam,
3207 2472 3398 2528 neque
3439 2456 3539 2509 hoc
3578 2452 3808 2524 displicet,
3841 2453 3875 2500 et

2275 2543 2346 2597 ad
2384 2542 2551 2596 illum
2587 2543 2848 2598 ordinem
2869 2547 3008 2613 puto
3024 2543 3317 2614 pertinere
3329 2548 3393 2596 ut
3416 2542 3578 2596 etiam
3594 2541 3706 2594 hinc
3725 2533 3874 2605 aliquid

2276 2631 2615 2686 diceremus.
2653 2632 2798 2685 Nam
2823 2631 2909 2684 illi
2937 2631 3179 2699 cantico,
3211 2636 3267 2685 et
3293 2633 3477 2685 locum
3512 2630 3682 2700 ipsum
3704 2642 3791 2697 quo
3814 2623 3876 2675 illa

2276 2720 2489 2774 oﬂ‘ensa
2537 2723 2639 2786 est,
2685 2724 2742 2774 et
2784 2725 3012 2774 noctem
3062 2736 3382 2791 congruere
3422 2719 3594 2773 video.
3645 2719 3685 2770 Α
3732 2712 3876 2783 quibus

2277 2809 2432 2864 enim
2463 2810 2634 2864 rebus
2663 2813 2829 2879 putas
2859 2825 2964 2862 nos
2993 2825 3156 2863 orare
3177 2814 3242 2862 ut
3264 2812 3643 2863 convertamur
3659 2804 3718 2856 ad
3736 2803 3874 2860 Deum,

2276 2899 2514 2969 ejusque
2548 2897 2754 2951 faciem
2789 2897 3100 2962 videamus,
3129 2897 3244 2951 nisi
3265 2915 3300 2951 a
3319 2897 3559 2968 quodam
3579 2909 3714 2948 caeno
3741 2902 3875 2956 corp0~

2275 2986 2355 3040 ris
2381 2990 2551 3058 atque
2605 2985 2892 3054 sordibus,
2925 2990 2980 3039 et
3033 2985 3174 3040 item
3225 3002 3260 3040 a
3319 2983 3562 3039 tenebris
3603 2981 3772 3052 quibus
3808 2989 3875 3027 nos

2277 3091 2436 3129 error
2467 3074 2744 3129 involvit?
2799 3077 2914 3128 Aut
2945 3074 3083 3145 quid
3134 3078 3220 3129 est
3250 3075 3410 3128 aliud
3435 3071 3684 3135 converti,
3727 3065 3810 3120 nisi
3832 3061 3875 3113 ab

2275 3163 2749 3218 immoderatione
2799 3163 3094 3230 vitiorum,
3147 3162 3364 3217 virtute
3395 3179 3457 3215 ac
3491 3154 3807 3229 temperantia
3836 3149 3875 3201 in

2277 3268 2399 3307 sese
2430 3252 2657 3306 attolli?
2695 3251 2910 3316 Quidve
2955 3251 3111 3305 aliud
3161 3256 3248 3305 est
3300 3251 3402 3306 Dei
3444 3250 3620 3316 facies,
3641 3259 3778 3317 quam
3798 3240 3877 3309 ipsa

2277 3341 2370 3395 cui
2392 3340 2767 3412 suspiramus,
2796 3343 2852 3393 et
2867 3339 2958 3393 cui
2983 3355 3086 3392 nos
3108 3345 3314 3394 amatae
3336 3338 3572 3392 mundos
3587 3334 3875 3406 pulchrosque

2275 3430 2591 3498 reddimus,
2651 3428 2897 3483 veritas?
2958 3429 3156 3483 Melius
3207 3429 3322 3483 dici
3366 3444 3480 3482 non
3527 3428 3708 3496 potest,
3747 3414 3875 3486 inquit

2277 3519 2619 3574 exclamans.
2655 3517 2868 3571 Deinde
2895 3517 3258 3588 suppressius
3276 3517 3439 3589 quasi
3466 3516 3531 3570 ad
3553 3525 3745 3568 aurem:
3770 3502 3874 3599 Ὑί(ξῆ

2279 3625 2495 3680 quasso,
2532 3612 2746 3679 quanta
2779 3613 3171 3674 occurrerunt,
3206 3613 3276 3662 ut
3318 3607 3545 3662 credam
3569 3618 3688 3674 erga
3710 3613 3790 3653 nos
3811 3592 3876 3647 ali-

2279 3697 2414 3768 quid
2438 3698 2561 3768 jam
2588 3697 2946 3767 prosperiore
2973 3696 3168 3750 ordine
3199 3696 3347 3750 ﬁeri.

2347 3786 2436 3838 24.
2466 3783 2523 3838 Si
2554 3783 2833 3850 ordinem,
2871 3783 3129 3854 inquam,
3164 3799 3352 3849 curas,
3388 3768 3803 3836 redeundumtihi
3826 3768 3877 3819 θεῖ

2280 3872 2354 3926 ad
2372 3872 2500 3925 illos
2527 3887 2744 3925 versus.
2771 3872 2914 3924 Nam
2941 3871 3186 3925 eruditio
3203 3857 3876 3942 disciplinarumliberalium

2279 3959 2537 4014 modesta
2568 3975 2704 4012 sane
2733 3962 2903 4030 atque
2933 3959 3238 4024 succincta,
3272 3963 3328 4012 et
3362 3955 3652 4012 alacriores
3681 3954 3726 4003 et
3745 3956 3877 4018 perse-

2279 4047 2630 4102 verantiores
2680 4050 2738 4102 et
2785 4047 3131 4118 comptiores
3168 4046 3402 4100 exhibet
3441 4047 3697 4098 amatores
3735 4030 3879 4101 amplt“

2281 4136 2501 4191 ctenda:
2532 4135 2772 4198 veritati,
2802 4139 2867 4189 ut
2893 4140 2947 4190 et
2980 4135 3278 4189 ardentius
3305 4135 3591 4207 appetant,
3625 4132 3675 4182 et
3701 4123 3878 4178 constan-

2280 4225 2394 4279 tius
2420 4225 2812 4295 insequantur,
2839 4229 2894 4278 et
2913 4224 3234 4278 inhaereant
3259 4229 3549 4296 postremo
3573 4215 3757 4273 dulcius
3774 4213 3802 4278 (l

2283 4318 2443 4368 tract.
2467 4329 2595 4382 cap.
2626 4316 2678 4372 3.
2709 4329 2768 4367 η.
2799 4312 2873 4382 2),
2920 4329 3050 4384 quae
3085 4319 3344 4378 vocatur,
3385 4307 3614 4374 Licenti,
3641 4305 3773 4358 beata
3795 4298 3878 4384 \fin

2283 4401 2406 4465 Qua
2437 4402 2753 4470 nominata,
2781 4417 2979 4455 omnes
3000 4417 3121 4456 sese
3143 4401 3400 4473 erigunt,
3426 4403 3480 4453 et
3497 4394 3647 4469 quasi
3667 4379 3882 4478 attenll‘lmt

2282 4490 2342 4543 in
2381 4506 2606 4560 manus,
2640 4496 2834 4544 utrum
2865 4491 3078 4544 habeas
3112 4491 3268 4560 quod
3316 4490 3450 4544 dare
3476 4483 3641 4556 possis
3670 4469 3882 4548 θεευυδιδ

2282 4578 2564 4648 variisque
2587 4579 2800 4632 morbis
2821 4578 3134 4650 impeditis.
3162 4579 3384 4643 Quibus
3405 4571 3663 4646 sapientia
3676 4579 3779 4620 cum
3792 4569 3882 4650 Ρΐῖίξ·

2285 4667 2471 4738 cipere
2493 4669 2729 4738 coeperit
2759 4673 2822 4722 ut
2854 4668 3140 4723 medicum
3175 4668 3494 4739 perferant,
3520 4674 3675 4731 seque
3699 4666 3799 4739 ευφ
3818 4643 3880 4739 Ψ

2284 4772 2397 4826 qua
2425 4756 2702 4826 patientia
2733 4757 2921 4811 curari
2954 4757 3166 4823 sinant,
3200 4757 3260 4810 in
3284 4771 3504 4827 pannos
3537 4765 3656 4804 suos
3678 4735 3881 4798 recidunt

2284 4845 2541 4908 Quorum
2562 4846 3036 4900 concalefactione
3057 4845 3355 4912 tabiﬁcati,
3372 4841 3607 4896 scabiem
3617 4829 3880 4924 voluptalutﬂ

2288 4949 2745 4988 aerumnosarum
2766 4935 3028 5004 scalpunt
3050 4933 3326 4988 libentius
3356 4945 3522 5002 quam
3543 4931 3600 4981 ut
3618 4921 3880 5010 1110111ng

2286 5022 2398 5076 dici
2429 5023 2728 5091 paululum
2763 4992 2908 5076 dura
2958 5025 3015 5074 et
3064 5021 3282 5075 morbis
3312 4992 3548 5073 onerosa
3599 4992 3880 5091 peFPeﬁFPdo

2285 5085 2454 5180 atque
2487 5110 2806 5173 subeundo,
2843 5109 3158 5164 valetudini
3189 5122 3462 5162 sanorum
3490 5101 3692 5170 lucique
3717 5085 3881 5146 reddam

2284 5203 2396 5253 tur.
2421 5199 2620 5269 Itaque
2649 5199 2746 5252 illo
2776 5198 2989 5252 summi
3023 5198 3122 5252 Dei
3151 5198 3389 5252 nomine
3420 5211 3483 5248 ac
3510 5204 3658 5245 sensu
3681 5181 3877 5276 ιίξξιίῖυδξθ

2285 5286 2427 5357 stipe
2457 5287 2711 5341 contenti
2741 5287 2938 5341 vivunt
2966 5287 3179 5353 miseri,
3213 5286 3413 5340 vivunt
3444 5287 3636 5336 tamen.
3668 5270 3875 5357 Aliost“:

2283 5379 2401 5430 tem
2420 5376 2591 5442 viros,
2613 5377 2719 5443 vel,
2751 5382 2813 5430 ut
2840 5375 3026 5430 verius
3046 5377 3372 5446 loquamur,
3403 5371 3534 5425 alias
3562 5363 3759 5452 animafs
3783 5349 3872 5452 δξξξῗ

2282 5464 2392 5518 hoc
2422 5481 2630 5536 corpus
2659 5469 2854 5536 agunt,
2881 5465 3004 5536 jam
3024 5465 3276 5518 thalamo
3307 5477 3408 5516 suo
3427 5458 3610 5530 dignas
3628 5445 3788 5514 conjux
3810 5430 3871 5486 Ille
