4062 6188
216 184 303 237 989

211 303 427 374 Optimus
453 314 513 352 ac
540 297 955 370 pulcherrimus
1004 298 1231 368 quierit,
1264 298 1472 369 quibus
1501 315 1617 354 non
1644 299 1853 365 vivere,

210 390 290 444 sed
315 388 461 441 beate
487 387 669 440 vivere
695 386 825 439 satis
857 386 945 439 sit.
981 386 1133 439 Vade
1172 403 1309 457 ergo
1355 386 1585 440 interim
1618 387 1689 441 ad
1732 387 1857 441 illas

207 480 375 533 Musas.
401 477 811 537 Verumtamen,
841 473 947 527 scis
978 475 1116 545 quid
1148 480 1201 528 te
1229 475 1413 529 facere
1443 476 1613 529 velim
1632 476 1660 529 Ἰ
1689 476 1853 541 Jube,

204 564 431 634 ait,qu0d
457 563 657 633 placet.
698 562 797 616 Ubi
825 578 904 628 se,
940 563 1201 633 inquam,
1234 566 1510 633 Pyramus
1539 570 1593 616 et
1615 564 1713 617 illa
1735 564 1855 634 ejus

200 668 343 722 supra
369 650 722 713 seminecem,
761 656 821 705 ut
853 656 1184 705 cantaturus
1219 668 1298 717 es,
1342 652 1761 719 interemerint,
1794 652 1853 705 in

202 740 363 792 dolore
390 739 530 808 ipso,
562 755 677 809 quo
710 744 871 792 tuum
916 755 1147 793 carmen
1196 740 1590 793 vehementius
1627 741 1856 794 inflam-

199 826 318 880 mari
341 826 506 891 decet,
552 827 729 880 habes
770 827 1297 881 commodissimam
1339 828 1849 898 opportunitatem.

198 916 363 983 Arripe
390 914 538 967 illius
566 914 733 968 foedae
764 914 1016 968 libidinis
1046 920 1100 969 et
1126 915 1521 969 incendiorum
1551 922 1854 970 venenato-

198 1018 302 1056 rum
323 1002 774 1069 exsecrationem,
790 1003 1000 1073 quibus
1020 1003 1343 1058 miseranda
1362 1004 1460 1057 illa
1480 1006 1819 1074 contingunt
1840 1022 1852 1059 :

197 1090 367 1144 deinde
396 1095 541 1143 totus
573 1092 833 1145 attollere
860 1091 1163 1145 inlaudem
1181 1092 1309 1162 puri
1323 1092 1596 1146 etsinceri
1620 1094 1851 1160 amoris,

196 1195 285 1248 quo
310 1179 500 1232 animas
531 1179 744 1233 dotata:
779 1179 1092 1250 disciplinis
1122 1185 1175 1234 ct
1204 1181 1412 1234 virtute
1443 1181 1712 1235 formosas
1759 1198 1854 1235 co-

196 1267 430 1336 pulantur
454 1268 769 1322 intellectui
801 1286 902 1339 per
926 1268 1373 1339 philosophiam,
1417 1274 1473 1322 et
1515 1286 1630 1322 non
1670 1270 1856 1323 solum

196 1359 399 1409 mortem
427 1356 679 1426 fugiunt,
730 1373 929 1409 verum
977 1358 1149 1409 etiam
1196 1356 1311 1409 vita
1356 1356 1685 1410 beatissima
1726 1374 1855 1427 per-

192 1443 437 1499 fruuntur.
474 1445 573 1498 Hic
595 1445 693 1498 ille
726 1446 931 1499 tacitus
944 1462 1008 1498 ac
1036 1445 1134 1499 diu
1147 1445 1602 1500 consid3ratione
1617 1450 1849 1511 nutans,

195 1536 371 1584 metato
401 1534 583 1602 capite
618 1533 905 1588 abscessit.

248 1622 318 1673 ‘25.
357 1621 566 1675 Deinde
614 1638 721 1691 ego
775 1638 1001 1692 quoque
1050 1621 1295 1691 surrexi,
1343 1622 1691 1695 redditisque
1742 1627 1854 1679 Deo

193 1708 500 1776 quotidianis
524 1711 691 1779 votis,
724 1710 806 1765 ire
828 1727 1180 1780 cmperamus
1210 1711 1270 1764 in
1294 1712 1544 1768 balneas.
1580 1714 1677 1766 Ille
1702 1713 1853 1767 enim

189 1795 317 1849 locus
344 1798 521 1867 nobis,
547 1816 682 1852 cum
715 1801 854 1853 cmlo
885 1799 1031 1852 tristi
1060 1800 1119 1853 in
1150 1816 1287 1870 agro
1320 1817 1439 1853 esse
1469 1801 1706 1855 minime
1730 1805 1855 1872 pot-

188 1900 395 1951 eramus,
420 1891 584 1957 aptus
614 1888 689 1941 ad
721 1888 1128 1958 disputandum
1159 1894 1214 1942 et
1243 1888 1534 1941 familiaris
1563 1888 1691 1943 fuit.
1717 1890 1857 1943 Cum

186 1987 287 2025 ecce
307 1978 427 2028 ante
457 1975 609 2029 fores
648 1976 993 2030 advertimus
1022 1978 1204 2047 gallos
1226 1977 1569 2047 gallinaceos
1592 1978 1856 2032 ineuntes

183 2077 401 2131 pugnam
428 2064 598 2117 nimis
644 2081 852 2118 acrem.
906 2064 1098 2120 Libuit
1144 2066 1459 2121 attendere.
1514 2066 1659 2130 Quid
1700 2068 1854 2121 enim

184 2163 276 2201 non
303 2151 574 2221 ambiunt,
622 2170 737 2223 qua
766 2169 884 2206 non
915 2160 1223 2223 peragrant
1266 2154 1415 2207 oculi
1453 2161 1705 2209 amatum
1726 2198 1740 2224 ,
1786 2173 1856 2209 ne

184 2237 297 2306 quid
323 2240 466 2294 unde
506 2242 667 2295 unde
697 2244 714 2277 ι
755 2241 959 2295 innuat
987 2242 1354 2312 pulchritudo
1390 2243 1622 2296 rationis
1653 2249 1853 2297 cuncta

182 2326 379 2381 scientia
407 2333 459 2382 et
490 2330 809 2384 nescientia
836 2330 1213 2384 modiﬁcantis
1231 2336 1285 2384 et
1305 2331 1697 2401 gubernantis,
1726 2349 1855 2402 quae

182 2412 435 2470 inhiantes
466 2419 573 2472 sibi
606 2423 911 2472 sectatores
941 2435 1071 2471 suos
1100 2419 1273 2472 trahit
1296 2436 1658 2490 quacumque
1684 2426 1852 2491 atque

183 2502 493 2576 ubicumque
524 2524 582 2560 se
599 2508 779 2577 quaeri
802 2508 1006 2576 jubet?
1035 2509 1176 2561 Nam
1195 2509 1345 2561 unde
1378 2513 1474 2561 aut
1492 2509 1589 2562 ubi
1608 2526 1725 2562 non
1756 2527 1855 2579 po-

182 2592 271 2644 test
295 2593 510 2663 signum
534 2596 714 2650 dare?
740 2597 806 2649 Ut
827 2596 885 2648 in
910 2595 1123 2649 eisdem
1145 2596 1280 2667 ipsis
1306 2597 1467 2666 gallis
1498 2602 1619 2651 erat
1642 2598 1850 2664 videre,

184 2676 375 2734 intenta
398 2684 711 2754 projectius
741 2683 947 2754 capita,
982 2684 1208 2737 inﬂatas
1239 2701 1447 2751 comas,
1490 2686 1855 2740 vehementes

181 2765 318 2831 ictus,
334 2773 684 2826 cautissimas
712 2772 1064 2835 evitationes,
1091 2779 1146 2827 et
1167 2774 1224 2825 in
1250 2773 1407 2826 omni
1438 2777 1598 2827 motu
1629 2775 1847 2828 anima-

180 2854 299 2911 lium
332 2862 570 2916 rationis
603 2862 919 2932 expertium
965 2862 1108 2915 nihil
1138 2878 1256 2915 non
1287 2862 1591 2930 decorum,
1639 2862 1853 2932 quippe

177 2943 267 2997 alia
292 2948 499 3004 ratione
553 2950 796 3020 desuper
825 2949 1020 3003 omnia
1061 2949 1416 3003 moderante.
1450 2951 1744 3002 Postremo
1772 2951 1851 3002 le—

177 3046 287 3100 gem
304 3036 477 3106 ipsam
497 3038 770 3104 victoris;
797 3038 1110 3108 superbum
1132 3042 1385 3104 cantum,
1420 3041 1475 3091 et
1506 3038 1764 3091 membra
1794 3038 1854 3092 in

178 3136 331 3177 unum
359 3127 520 3195 quasi
554 3126 761 3188 [orbem
800 3127 1032 3179 collecta
1061 3126 1216 3179 velut
1251 3125 1310 3177 in
1349 3125 1560 3179 fastum
1594 3126 1855 3181 domina-

180 3208 344 3266 tionis.
371 3214 618 3285 Signum
645 3218 835 3267 autem
859 3213 991 3267 victi
1017 3234 1032 3281 ;
1065 3214 1239 3267 elatas
1260 3230 1292 3267 a
1314 3214 1526 3267 cervice
1552 3217 1852 3284 pennulas,

180 3300 226 3348 et
243 3298 293 3351 in
307 3318 431 3356 voce
448 3308 629 3372 atque
648 3308 809 3356 motu
826 3302 1079 3355 deforme
1099 3307 1301 3363 totum,
1323 3307 1379 3355 et
1399 3319 1465 3357 eo
1489 3302 1612 3374 ipso
1634 3308 1854 3358 naturae

180 3382 372 3452 legibus
400 3390 594 3445 nescio
626 3390 915 3461 quomodo
948 3391 1291 3445 concinnum
1322 3396 1379 3445 et
1406 3393 1734 3462 pulchrum.

236 3478 313 3530 26.
345 3480 515 3535 Multa
565 3480 1003 3550 quaerebamus:
1052 3496 1152 3533 cur
1196 3480 1276 3532 sic
1326 3497 1545 3547 omnes,
1590 3497 1690 3534 cur
1719 3497 1852 3552 pro-

178 3564 285 3627 pter
330 3566 783 3623 dominationem
828 3568 890 3620 in
946 3568 1224 3638 subjectas
1274 3568 1381 3621 sibi
1435 3569 1697 3634 feminas,
1756 3585 1856 3622 cur

179 3647 358 3708 deinde
386 3673 490 3711 nos
526 3656 651 3728 ipsa
678 3673 890 3728 pugnas
918 3656 1090 3710 facies
1137 3656 1501 3727 aliquantum
1548 3662 1605 3711 et
1649 3662 1856 3727 praeter

177 3736 410 3798 altiorem
435 3746 607 3800 istam
639 3745 1154 3799 considerationem
1176 3746 1408 3800 duceret
1428 3747 1487 3799 in
1506 3748 1855 3817 voluptatem

177 3832 494 3893 spectaculi:
533 3833 671 3904 quid
702 3834 763 3886 in
794 3834 958 3887 nobis
984 3840 1131 3888 esset
1178 3836 1334 3906 quod
1384 3852 1418 3888 a
1467 3836 1725 3889 sensibus
1764 3851 1857 3889 re-

178 3918 313 3967 mota
336 3915 358 3949 ²
394 3921 578 3974 multa
607 3925 919 3991 quaereret;
970 3921 1108 3992 quid
1136 3938 1365 3976 rursum
1394 3923 1547 3993 quod
1600 3923 1857 3993 ipsorum

180 4013 424 4061 sensuum
456 4008 797 4063 invitatione
846 4015 1164 4080 caperetur.
1214 4012 1551 4065 Dicebamus
1577 4011 1740 4065 nobis
1769 4012 1856 4081 ip-

176 4086 239 4139 sis
266 4107 277 4143 :
311 4094 405 4149 Ubi
428 4113 549 4150 non
570 4098 701 4151 lex?
731 4098 833 4151 ubi
856 4086 975 4152 non
999 4098 1495 4152 melioridebitum
1521 4099 1857 4169 imperium?

174 4174 258 4227 ubi
287 4194 398 4235 non
458 4184 661 4237 umbra
687 4186 1021 4239 constantia:
1042 4187 1068 4239 ?
1100 4186 1195 4239 ubi
1234 4202 1352 4240 non
1382 4186 1628 4240 imitatio
1677 4188 1854 4240 veris-

172 4260 313 4320 Simte
362 4270 519 4324 illius
540 4272 1033 4342 pulchritudinis?
1079 4274 1181 4327 ubi
1219 4290 1338 4327 non
1380 4274 1633 4327 modus?
1670 4277 1855 4345 Atque

176 4348 291 4408 inde
318 4359 597 4413 admoniti
627 4364 689 4414 ut
718 4362 1009 4431 spectandi
1037 4363 1245 4415 modus
1294 4367 1462 4427 esset,
1494 4362 1853 4431 perreximus

180 4452 276 4507 quo
304 4448 663 4519 propositum
689 4455 825 4503 erat.
875 4453 1060 4521 Atque
1108 4450 1202 4511 ibi,
1260 4452 1666 4522 ut-potuimus,
1721 4467 1857 4505 sane

175 4525 464 4601 diligenter
491 4537 651 4607 (nam
681 4542 736 4591 et
765 4544 1019 4592 recentes
1049 4556 1140 4593 res
1163 4544 1345 4605 erant,
1379 4544 1435 4593 et
1464 4539 1694 4611 quando
1723 4543 1856 4609 pot-

176 4626 321 4673 erant
365 4630 483 4677 tam
532 4625 802 4696 insignita
853 4626 1030 4679 trium
1080 4627 1468 4681 studiosorum
1516 4628 1853 4682 memoriam

174 4703 403 4779 elfugere
422 4712 475 4780 ?)
520 4713 716 4766 omnia
763 4719 972 4768 nostrae,
1002 4715 1411 4769 lucubrationis
1469 4718 1741 4788 opuscula
1796 4718 1854 4771 in

172 4788 496 4854 hanclibelli
524 4807 746 4871 partem
777 4804 1144 4858 contulimus.
1198 4805 1469 4876 Nihilque
1498 4823 1531 4859 a
1571 4823 1663 4860 me
1704 4807 1856 4861 aliud

178 4887 352 4941 actum
380 4894 467 4943 est
495 4891 592 4944 illo
622 4890 734 4958 die,
767 4896 830 4945 ut
857 4893 1172 4946 valetudini
1197 4910 1515 4963 parcerem,
1564 4895 1673 4947 nisi
1702 4896 1853 4965 quod

175 4976 289 5025 ante
315 4992 541 5031 coenam
561 4995 690 5033 cum
719 4979 856 5049 ipsis
888 4980 1197 5035 dimidium
1229 4983 1500 5035 volumen
1514 4983 1733 5053 Virgilii
1760 5000 1854 5037 au-

175 5055 283 5114 dire
311 5066 564 5135 quotidie
593 5067 792 5121 solitus
819 5084 997 5138 eram,
1051 5069 1197 5123 nihil
1241 5069 1406 5123 nobis
1436 5068 1649 5140 ubique
1700 5071 1853 5124 aliud

176 5160 333 5214 quam
388 5169 581 5207 rerum
638 5156 875 5209 modum
925 5156 1435 5210 considerantibus.
1496 5157 1675 5220 Quem
1732 5175 1852 5213 non

230 5238 373 5309 "Am.
404 5242 487 5289 Er.
520 5244 718 5309 e_t_Lov.
752 5244 1053 5303 habent,ne
1082 5245 1212 5309 quid
1230 5245 1348 5309 inde
1367 5248 1562 5309 innuat
1583 5263 1595 5293 :
1619 5248 1672 5294 et
1692 5247 1851 5309 paulo

173 5302 295 5401 Post,
319 5306 479 5365 atque
498 5306 813 5368 ubicumque
842 5310 1039 5356 sectari
1057 5302 1231 5369 jubet.
1253 5308 1353 5358 Sed
1384 5302 1707 5357 concinnior’
1724 5309 1847 5358 Mss.

192 5365 327 5401 enim,
356 5379 509 5401 rinam
538 5367 588 5401 in
626 5372 769 5401 fovi“
801 5368 987 5401 (lamna

192 5365 330 5419 ectio,
356 5379 511 5419 quam
537 5367 593 5414 in
626 5365 772 5416 textu
801 5368 1005 5417 damus.

228 5421 247 5455 ²
266 5422 344 5474 Sic
371 5421 499 5477 Mss.
526 5429 592 5478 At
617 5428 749 5478 Edd.
780 5432 1053 5481 remotum.

1631 177 1847 232 LIBER
1905 178 2189 235 PRIMUS.

3558 187 3665 239 990

1963 302 2211 370 probare
2243 318 2412 356 nemo
2460 305 2681 375 potest,
2731 305 2938 359 sentire
2970 310 3183 371 autem,
3233 321 3363 359 cum
3413 305 3658 376 quisque

1965 389 2184 460 aliquid
2215 390 2464 446 studiose
2493 392 2631 463 agit,
2664 393 3069 449 difficillimum
3082 399 3253 466 atque
3274 394 3655 449 rarissimum.

2505 506 2814 545 DISPUTATIO
2854 509 3095 546 SECUNDA
3108 533 3121 545 .

2275 586 2499 641 CAPUT
2538 589 2621 641 IX.
2664 618 2732 627 -—-
2762 590 2905 644 Ordo
2925 591 3040 642 dum
3068 590 3143 643 ad
3165 594 3348 645 Deum.

2034 675 2123 727 27.
2154 674 2366 729 Deinde
2395 676 2666 745 postridie
2722 677 2866 730 bene
2924 695 3091 731 mane
3148 680 3361 733 alacres
3415 679 3657 733 adisoli-

1964 763 2087 814 tum
2118 764 2301 816 locum
2332 766 2717 830 convenimus,
2751 766 2808 818 in
2848 781 3031 836 eoque
3060 767 3440 821 consedimur.
3474 769 3538 821 Et
3558 784 3662 836 ego

1965 850 2194 903 attentis
2224 852 2283 905 in
2308 869 2397 906 me
2428 854 2708 907 ambobus
2741 871 2752 907 :
2789 854 2885 907 Hic
2915 859 3055 917 esto,
3110 855 3368 925 inquam,
3422 855 3660 921 Licenti,

1965 944 2244 1010 quantum
2287 948 2464 1011 potes,
2508 946 2564 995 et
2618 947 2674 995 tu
2724 943 2975 1013 quidem,
3035 944 3300 1013 Trygeti;
3357 960 3460 996 nec
3505 943 3661 997 enim

1963 1043 2137 1097 parva
2156 1044 2243 1081 res
2273 1029 2495 1099 agitur:
2520 1031 2588 1083 de
2620 1030 2820 1084 ordine
2849 1031 3177 1101 quaerimus.
3206 1032 3347 1094 Quid
3380 1048 3485 1101 ego
3510 1047 3662 1084 nunc

1966 1116 2129 1186 quasi
2159 1116 2217 1169 in
2247 1118 2436 1170 schola
2468 1118 2583 1182 illa,
2617 1119 2765 1172 unde
2815 1135 2904 1171 me
2928 1136 3159 1189 quoquo
3215 1120 3385 1173 modo
3418 1119 3659 1173 evasisse

1967 1206 2207 1274 gaudeo,
2258 1207 2615 1273 constitutus,
2641 1208 2866 1276 copiose
2888 1212 3057 1278 atque
3102 1214 3299 1261 ornate
3322 1208 3481 1261 vobis
3510 1208 3662 1262 ordi-

1966 1309 2102 1349 nem
2130 1294 2357 1348 laudem
2376 1296 2404 1347 ?
2434 1296 2691 1365 accipite,
2724 1296 2769 1348 si
2798 1296 2985 1360 vultis,
3036 1296 3152 1349 imo
3191 1296 3355 1349 facite
3376 1302 3438 1350 ut
3458 1296 3659 1363 velitis,

1967 1398 2080 1452 quo
2112 1400 2298 1454 neque
2328 1384 2641 1454 quidquam
2672 1385 2741 1438 de
2784 1385 2954 1454 hujus
2994 1386 3157 1439 laude
3187 1385 3435 1451 brevius,
3478 1402 3663 1454 neque

1965 1475 2031 1524 ut
2058 1471 2202 1525 mihi
2231 1471 2457 1525 videtur
2482 1473 2672 1526 verius
2700 1473 2809 1526 dici
2858 1478 3064 1543 potest.
3099 1474 3248 1527 Ordo
3290 1479 3375 1527 est
3416 1490 3587 1544 quem
3617 1473 3664 1526 si

1967 1560 2323 1614 tenuerimus
2346 1560 2405 1613 iu
2435 1560 2567 1626 vita,
2601 1562 2870 1631 perducet
2897 1563 2968 1615 ad
3001 1564 3178 1616 Deum
3208 1582 3220 1623 ;
3258 1568 3311 1616 et
3340 1579 3512 1633 quem
3552 1562 3659 1615 nisi

1966 1648 2322 1701 tenuerimus
2352 1649 2410 1701 in
2437 1648 2571 1714 vita,
2604 1666 2719 1703 non
2748 1650 3148 1719 perveniemus
3178 1651 3246 1703 ad
3281 1652 3478 1704 Deum.
3528 1653 3662 1703 Per-

1964 1741 2233 1789 venturos
2257 1741 2449 1789 autem
2495 1751 2599 1789 nos
2639 1738 2782 1806 jam,
2839 1738 2947 1790 nisi
2996 1755 3086 1791 me
3134 1738 3362 1791 animus
3395 1740 3463 1792 de
3494 1738 3655 1791 vobis

1965 1821 2131 1888 fallit,
2166 1823 2569 1891 praesumimus
2599 1827 2655 1875 et
2674 1839 2985 1892 speramus.
3026 1823 3463 1894 Diligentissime
3488 1822 3665 1892 igitur

1965 1910 2117 1963 inter
2145 1927 2250 1963 nos
2277 1911 2386 1963 ista
2415 1910 2653 1980 quaestio
2711 1910 2922 1963 versari
2973 1912 3141 1964 debet
3188 1916 3357 1980 atque
3413 1911 3660 1965 dissolvi.

1968 2000 2180 2051 Vellem
2213 1999 2471 2052 adessent
2501 1998 2692 2054 caeteri
2720 1998 2820 2068 qui
2850 1999 3144 2052 nobiscum
3175 1999 3263 2052 his
3284 1998 3527 2067 negotiis
3567 2015 3662 2052 so-

1965 2086 2087 2140 lent
2114 2088 2409 2142 interesse.
2444 2088 2682 2155 Vellem,
2714 2088 2761 2141 si
2798 2088 2949 2141 ﬁerit
2976 2092 3186 2157 posset,
3222 2104 3336 2141 non
3379 2087 3513 2141 istos
3544 2094 3665 2141 tan-

1966 2180 2110 2242 tum,
2144 2178 2242 2230 sed
2278 2193 2482 2230 omnes
2509 2178 2710 2231 saltem
2761 2176 3071 2230 familiares
3119 2182 3364 2245 nostros,
3414 2192 3662 2247 quorum

1967 2280 2193 2335 semper
2248 2266 2501 2319 admiror
2549 2265 2872 2337 ingenium.
2917 2282 3071 2319 nunc
3120 2264 3140 2297 ¹
3186 2282 3410 2319 mecum
3454 2265 3665 2319 habere

1966 2370 2139 2423 quam
2166 2370 2262 2407 vos
2288 2354 2420 2407 estis
2451 2354 2738 2421 intentos;
2776 2358 2871 2407 aut
2900 2358 3050 2407 certe
3082 2354 3267 2423 ipsum
3300 2357 3525 2406 tantum
3558 2355 3655 2405 Ze-

1968 2438 2226 2504 nobium,
2260 2454 2433 2508 quem
2463 2437 2531 2491 de
2558 2439 2663 2491 hac
2692 2453 2752 2491 re
2783 2442 2940 2491 tanta
2985 2436 3321 2490 molientem
3368 2452 3667 2506 nunquam

1965 2544 2070 2597 pro
2103 2530 2226 2597 ejus
2258 2526 2659 2596 magnitudine
2691 2526 2907 2580 otiosus
2928 2525 3138 2595 accepi.
3182 2526 3288 2579 Sed
3316 2526 3451 2596 quia
3478 2525 3535 2579 id
3552 2542 3668 2579 non

1967 2616 2175 2680 evenit,
2210 2616 2402 2684 legent
2428 2615 2647 2667 litteras
2698 2619 2943 2681 nostras,
2992 2614 3267 2682 quoniam
3312 2613 3667 2666 instituimus

1960 2703 2082 2772 jam
2116 2703 2185 2756 de
2213 2702 2332 2755 istis
2363 2700 2533 2753 rebus
2562 2702 2735 2754 verba
2756 2717 2873 2754 non
2902 2701 3165 2770 perdere,
3202 2716 3405 2769 resque
3450 2701 3601 2769 ipsas
3631 2718 3663 2753 a

1969 2790 2247 2843 memoria
2275 2789 2524 2859 fugaces,
2550 2789 2893 2858 scriptorum
2917 2787 3079 2858 quasi
3108 2788 3334 2840 vinculo
3356 2803 3470 2857 quo
3500 2788 3665 2840 redu-

1966 2886 2167 2934 cantur
2196 2879 2503 2931 innectere.
2542 2879 2607 2930 Et
2632 2876 2709 2928 sic
2743 2879 2974 2929 fortasse
3014 2875 3152 2928 ordo
3198 2873 3322 2944 ipse
3370 2875 3656 2944 poscebat,

1966 2969 2065 3040 qui
2093 2983 2293 3021 eorum
2314 2964 2640 3037 procuravit
2659 2964 2992 3018 absentiam.
3030 2964 3170 3016 Nam
3198 2967 3253 3015 et
3280 2980 3380 3016 vos
3408 2963 3663 3033 profecto

1966 3059 2027 3112 in
2056 3072 2178 3111 rem
2200 3060 2441 3129 tantam,
2473 3053 2608 3125 quia
2637 3053 2767 3106 solis
2788 3052 3124 3123 perferenda
3141 3052 3457 3121 imponitur
3477 3050 3663 3117 nobis,

1966 3146 2239 3201 erectiore
2289 3142 2479 3197 animo
2534 3141 2870 3212 insurgitis;
2901 3145 2958 3195 et
2999 3156 3130 3194 cum
3161 3140 3245 3193 illi
3290 3140 3537 3211 legerint
3565 3140 3668 3210 qui

1966 3234 2131 3290 nobis
2169 3232 2419 3286 maxima
2448 3248 2584 3286 cura
2610 3234 2762 3296 sunt,
2795 3230 2843 3283 si
2873 3229 3015 3301 quid
3045 3246 3141 3283 eos
3170 3229 3415 3283 moverit
3445 3229 3515 3283 ad
3534 3246 3672 3282 con-

1965 3322 2384 3383 tradicendum,
2417 3321 2555 3375 alias
2580 3320 2743 3373 nobis
2773 3318 3184 3389 disputationes
3216 3318 3526 3389 disputatio
3557 3319 3667 3371 ista

1964 3411 2311 3484 procreabit,
2334 3425 2509 3479 seque
2536 3409 2660 3478 ipsa
2681 3406 2955 3460 successio
2976 3422 3305 3459 sermonum
3332 3405 3390 3457 in
3404 3405 3664 3459 ordinem

1965 3500 2177 3553 inseret
2207 3496 2541 3566 disciplinae.
2576 3496 2685 3550 Sed
2716 3511 2888 3559 nunc,
2920 3498 2984 3547 ut
3031 3494 3431 3563 promiseram,
3464 3493 3661 3547 Licen-

1965 3587 2067 3651 tio,
2102 3589 2381 3657 quantum
2411 3601 2498 3637 res
2526 3584 2764 3654 patitur,
2797 3582 3171 3647 adversabor;
3205 3582 3304 3652 qui
3334 3586 3511 3635 totam
3532 3598 3665 3635 cau-

1965 3691 2087 3728 sam
2112 3675 2231 3743 jam
2252 3690 2399 3743 pene
2416 3672 2673 3737 confecit,
2703 3672 2748 3724 si
2778 3670 2955 3741 possit
2970 3686 3095 3723 eam
3122 3669 3466 3723 defensionis
3495 3686 3663 3723 muro

1966 3763 2246 3817 stabiliter
2273 3762 2552 3831 ﬁrmeque
2581 3761 2809 3815 vallare.

1967 3854 2192 3908 CAPUT
2230 3854 2292 3906 Χ.
2328 3880 2398 3890 -
2424 3851 2567 3906 Ordo
2606 3850 2760 3917 quid.
2798 3851 2864 3903 Ut
2893 3847 3171 3902 coercendi
3210 3847 3571 3900 mmulationis
3611 3850 3661 3899 et

2035 3943 2219 3994 inanis
2253 3941 2539 4009 jactantiaa
2574 3943 2747 3992 motus
2795 3940 2854 3991 in
2903 3936 3345 4004 adolescentibus,
3388 3937 3485 4004 qui
3531 3934 3665 3988 dant

2038 4045 2255 4098 operam
2282 4030 2494 4082 litteris.
3370 4072 3371 4075 η

2036 4121 2126 4171 28.
2154 4118 2252 4171 Hic
2281 4116 2383 4170 ubi
2413 4133 2531 4184 eos,
2564 4115 2815 4184 silentio,
2844 4116 3026 4180 vultu,
3059 4113 3258 4180 oculis,
3290 4110 3665 4181 suspensione

1970 4212 2138 4277 atque
2172 4205 2571 4259 immobilitate
2601 4204 2995 4258 membrorum
3043 4208 3099 4256 et
3145 4203 3228 4256 rei
3270 4198 3664 4269 magnitudine

1967 4295 2101 4348 satis
2149 4298 2489 4356 commotos,
2561 4296 2617 4345 et
2670 4291 2942 4345 audiendi
2994 4290 3277 4345 desiderio
3339 4288 3661 4341 inﬂamma-

1969 4388 2059 4437 tos
2106 4398 2227 4436 esse
2278 4380 2541 4450 conspexi
2589 4397 2602 4435 :
2646 4382 2813 4450 Ergo,
2862 4380 3121 4450 inquam,
3175 4378 3407 4445 Licenti,
3466 4377 3514 4430 si
3557 4376 3663 4429 tibi

1966 4471 2213 4537 videtur,
2247 4469 2449 4540 collige
2493 4469 2638 4523 inte
2687 4468 2969 4539 quidquid
3014 4467 3221 4521 virium
3263 4472 3447 4537 potes,
3487 4465 3663 4519 elima

1968 4558 2249 4630 quidquid
2275 4558 2450 4611 habes
2478 4556 2777 4624 acuminis,
2819 4563 2874 4609 et
2905 4556 3045 4609 ordo
3076 4554 3181 4608 iste
3224 4554 3362 4624 quid
3410 4552 3483 4606 sit
3523 4552 3664 4607 deii-

1969 4648 2183 4702 nitione
2213 4647 2605 4717 complectere.
2650 4647 2793 4699 Tum
2815 4644 2910 4697 ille
2939 4643 3038 4697 ubi
3085 4660 3143 4697 se
3173 4644 3242 4697 ad
3273 4642 3664 4697 definiendum

1966 4736 2094 4807 cogi
2126 4735 2359 4801 audivit,
2401 4734 2564 4806 quasi
2593 4750 2740 4804 aqua
2769 4732 2979 4803 frigida
3019 4748 3283 4803 aspersus
3322 4731 3616 4785 exhorruit
3649 4749 3662 4795 ;

1967 4827 2021 4876 et
2068 4823 2380 4877 turbatiore
2429 4823 2591 4875 vultu
2644 4838 2733 4875 me
2790 4822 3044 4889 intuens,
3091 4825 3155 4874 ut
3222 4820 3304 4886 ﬁt,
3365 4820 3489 4891 ipsa
3548 4825 3663 4873 tre-

1964 4911 2257 4981 pidatione
2287 4911 2613 4964 subridens:
2647 4909 2789 4973 Quid
2821 4910 2926 4963 hoc
2956 4913 3039 4963 est
3066 4909 3194 4963 rei?
3223 4908 3361 4979 quid
3375 4908 3539 4979 quasi
3559 4906 3663 4959 tibi

1964 5000 2177 5066 videor,
2210 4999 2442 5069 inquit?
2476 5014 2546 5050 an
2578 5014 2707 5052 vere
2740 5000 2926 5052 nescio
2958 5015 3070 5069 quo
3100 4997 3411 5052 adventitio
3460 4995 3665 5065 spiritu

1965 5104 2057 5142 me
2098 5088 2279 5142 credis
2321 5086 2635 5141 inﬂatum?
2680 5086 2995 5157 Statimque
3046 5104 3168 5141 sese
3215 5086 3475 5140 animans
3504 5101 3518 5137 :
3548 5086 3662 5135 Aut

1962 5176 2219 5243 fortasse,
2247 5175 2344 5238 ait,
2378 5174 2597 5243 aliquid
2624 5189 2848 5227 mecum
2880 5180 2982 5228 est.
3016 5175 3434 5243 Paululumque
3480 5170 3655 5233 siluit,

1963 5266 2095 5319 utin
2108 5264 2502 5319 definitionem
2520 5262 2800 5334 quidquid
2824 5263 2908 5317 illi
2940 5264 3007 5318 de
3035 5264 3235 5318 ordine
3253 5259 3501 5315 notionis
3516 5266 3658 5325 erat,

1967 5432 2002 5484 ἡ
2030 5372 2222 5482 ibLov.,
2244 5382 2347 5419 non
2361 5370 2534 5423 minus
2549 5382 2747 5421 mecum
2763 5369 2979 5421 habere.
3001 5370 3101 5418 Alii
3123 5368 3279 5426 Libri,
3296 5378 3435 5416 nunc
3456 5377 3661 5423 mecum

2005 5447 2036 5481 α
2073 5444 2179 5484 ere.

2005 5444 2179 5486 αοετε.

3704 1522 3725 1559 f
