4062 6188
218 327 323 380 993

218 450 407 505 solum
436 446 625 510 liberi,
659 444 813 516 quod
853 443 1030 497 cuivis
1085 442 1399 514 disciplinaa
1426 442 1672 508 liberali,
1704 442 1917 496 nedum

216 536 603 609 philosophias
628 534 762 587 satis
776 536 880 600 est,
915 532 1009 585 sed
1035 548 1259 585 summo
1282 533 1435 602 apud
1461 548 1594 585 suos
1624 532 1745 584 loco
1776 528 1917 584 nati.

219 626 687 681 Doctissimorum
717 626 909 675 autem
938 620 1238 674 hominum
1268 621 1473 673 litterae
1504 620 1678 673 etiam
1695 625 1920 672 sutores

216 714 676 785 philosophatos,
722 714 777 763 et
815 710 997 762 multo
1056 708 1259 761 viliora
1301 708 1667 761 fortunarum
1708 722 1921 777 genera

217 801 548 856 continent:
583 799 682 871 qui
712 803 905 852 tamen
932 800 1087 849 tanta
1114 794 1331 865 ingenii
1382 795 1749 865 virtustisque
1794 796 1919 847 luce

217 890 521 943 fulserunt.
558 893 620 941 ut
647 888 798 941 bona
827 902 928 939 sua
957 900 1088 938 cum
1116 884 1369 954 qualibet
1396 883 1795 955 hujuscemodi
1825 898 1921 936 no-

216 978 441 1032 bilitate
470 977 629 1030 nullo
663 975 828 1029 modo
858 974 1084 1039 vellent,
1106 972 1331 1027 etiamsi
1358 976 1609 1042 possent,
1637 972 1755 1025 ulla
1784 986 1920 1024 con-

219 1066 440 1120 ditione
471 1070 717 1118 mutare.
737 1064 849 1117 Nec
874 1061 1072 1127 deerit,
1097 1060 1241 1114 mihi
1262 1061 1449 1126 crede,
1478 1062 1589 1114 tale
1620 1059 1921 1113 hominum

219 1169 422 1224 genus,
449 1152 539 1206 cui
566 1152 697 1221 plus
725 1151 947 1220 placeat
976 1149 1084 1203 hoc
1118 1149 1328 1219 ipsum,
1364 1148 1499 1218 quia
1539 1163 1763 1201 mecum
1787 1146 1919 1217 phi-

218 1240 558 1312 losopharis,
592 1255 764 1309 quam
797 1238 844 1291 si
889 1238 1030 1307 quid
1077 1237 1169 1291 hic
1200 1236 1377 1302 aliud,
1409 1240 1507 1290 aut
1549 1235 1921 1307 jucunditatis

221 1334 323 1384 aut
346 1328 639 1399 gravitatis
669 1326 968 1380 invenerit.
1028 1326 1169 1379 Nam
1214 1329 1269 1378 et
1296 1326 1526 1379 feminas
1585 1330 1717 1379 sunt
1769 1324 1931 1400 apud.

221 1424 441 1472 veteres
470 1416 906 1487 philosophatze,
948 1417 1004 1468 et
1032 1414 1393 1485 philosophia
1422 1420 1521 1468 tua
1566 1413 1711 1467 mihi
1738 1413 1921 1484 pluri-

223 1521 387 1560 mum
418 1505 622 1575 placet.

297 1596 385 1649 32.
416 1594 556 1646 Nam
583 1608 654 1645 ne
682 1590 844 1661 quid,
872 1594 1074 1656 mater,
1108 1590 1354 1660 ignores,
1383 1590 1490 1645 hoc
1519 1605 1769 1661 grzncum
1795 1605 1920 1643 ver-

224 1683 511 1752 bum,quo
524 1678 894 1750 philosophia
907 1678 1438 1746 nominatur,latine
1457 1695 1617 1732 amor
1629 1678 1923 1748 sapientiae

222 1771 447 1825 dicitur.
476 1770 631 1823 Unde
654 1768 825 1821 etiam
852 1767 1371 1838 divinazScripturaa
1388 1784 1529 1837 quas
1558 1768 1924 1821 vehementer

224 1857 605 1929 amplecteris,
624 1872 740 1910 non
752 1856 987 1910 omnino
1005 1856 1401 1926 philosophos,
1436 1856 1530 1909 sed
1546 1855 1922 1927 philosophos

222 1948 399 2017 hujus
426 1944 623 1999 mundi
656 1944 949 1998 evitandos
978 1948 1149 2014 atque
1200 1942 1523 1996 irridendos
1555 1960 1675 1997 esse
1723 1945 1922 2014 praeci—

221 2036 393 2106 piunt
424 2036 635 2102 (Coloss.
672 2050 733 2099 11,
780 2033 854 2104 8).
907 2034 1035 2086 Esse
1073 2036 1264 2086 autem
1312 2032 1489 2085 alium
1530 2032 1808 2087 mundum
1852 2033 1923 2087 ab

221 2125 346 2179 istis
374 2124 553 2177 oculis
596 2122 1068 2190 remotissimum,
1100 2136 1270 2192 quem
1303 2138 1615 2193 paucorum
1650 2138 1922 2176 sanorum

222 2214 546 2267 intellectus
575 2212 835 2266 intuetur
860 2212 897 2281 (l
918 2213 1154 2265 Retract.
1184 2226 1303 2279 cap.
1336 2214 1389 2276 3,
1416 2226 1473 2263 η.
1516 2212 1589 2278 2),
1636 2210 1771 2264 satis
1799 2211 1922 2281 ipse

225 2301 483 2355 Christus
532 2299 835 2370 signiﬁcat,
876 2298 976 2369 qui
1027 2314 1147 2353 non
1195 2298 1349 2365 dicit,
1408 2300 1670 2369 Regnum
1727 2315 1923 2353 meum

222 2406 343 2444 non
397 2394 480 2442 est
511 2390 580 2443 de
624 2388 883 2442 mundo:
917 2388 1036 2455 sed,
1066 2390 1307 2454 Regnum
1364 2404 1538 2442 meum
1582 2404 1689 2443 non
1742 2395 1819 2443 est
1858 2390 1923 2444 de

225 2479 324 2530 hoc
351 2475 549 2529 mundo
571 2479 598 2529 ?
625 2475 815 2545 (Joan.
848 2490 1003 2539 xvm,
1053 2474 1167 2541 36.)
1210 2475 1349 2527 Nam
1403 2474 1663 2544 quisquis
1690 2490 1922 2529 omnem

224 2564 652 2634 philosophiam
689 2562 1023 2632 fugiendam
1052 2565 1235 2632 putat,
1267 2561 1412 2615 nihil
1442 2578 1545 2615 nos
1574 2564 1696 2617 vult
1745 2564 1918 2631 aliud,

1644 318 1856 375 LIBER
1896 317 2293 376 SECUNDUS.

3620 335 3722 387 994-

2032 458 2203 512 quam
2236 459 2352 496 non
2383 459 2573 497 amare
2599 445 2958 515 sapientiam.
2992 447 3430 503 Contemnerem
3460 454 3515 504 te
3550 451 3727 522 igitur

2031 531 2090 583 in
2128 531 2216 585 his
2256 530 2461 585 litteris
2509 532 2670 593 meis,
2706 533 2753 586 si
2782 534 3117 605 sapientiam
3165 553 3279 590 non
3319 554 3577 606 amares;
3607 556 3725 593 non

2029 624 2222 673 autem
2281 625 2728 689 contemnerem,
2776 623 2822 675 si
2871 639 2996 675 eam
3045 625 3408 679 mediocriter
3461 644 3721 693 amares;

2030 708 2211 761 multo
2227 708 2435 769 minus,
2470 708 2517 761 si
2534 713 2754 762 tantum
2788 716 3067 779 quantum
3100 728 3203 781 ego
3237 730 3457 768 amares
3502 716 3727 785 sapien-

2028 792 2184 846 tiam.
2222 794 2379 847 Nunc
2405 810 2536 847 vero
2568 811 2694 847 cum
2719 810 2844 848 eam
2874 796 3053 849 multo
3079 798 3205 865 plus
3233 815 3407 868 quam
3439 802 3721 871 meipsum

2030 881 2253 951 diligas,
2288 887 2345 935 et
2372 881 2629 936 noverim
2660 888 2939 953 quantum
2973 900 3063 937 me
3094 884 3300 953 diligas
3330 902 3342 951 ;
3376 903 3619 957 cumque
3670 889 3727 943 in

2032 986 2098 1023 ea
2129 976 2351 1024 tantum
2375 971 2701 1041 profeceris,
2730 976 2794 1024 ut
2815 971 2937 1040 jam
2966 988 3071 1025 nec
3101 972 3351 1041 cujusvis
3382 974 3731 1029 incommodi

2031 1058 2269 1125 fortuiti,
2301 1075 2403 1112 nec
2433 1059 2609 1129 ipsius
2636 1058 2853 1126 mortis,
2889 1060 3041 1130 quod
3081 1060 3215 1113 viris
3244 1062 3588 1116 doctissimis
3617 1064 3723 1118 dif-

2030 1148 2348 1201 ﬁcillimum
2368 1152 2469 1213 est,
2495 1149 2731 1202 horrore
2745 1149 3032 1215 terrearis,
3058 1166 3231 1219 quam
3250 1166 3533 1204 summam
3547 1152 3731 1221 philo-

2031 1236 2248 1307 sophiae
2279 1252 2465 1290 arcem
2482 1252 2681 1290 omnes
2710 1252 2829 1290 esse
2860 1236 3245 1305 confitentur;
3279 1254 3463 1309 egone
3491 1256 3583 1294 me
3616 1257 3728 1307 non

2030 1325 2274 1378 libenter
2300 1324 2407 1377 tibi
2438 1325 2609 1378 etiam
2638 1324 2979 1394 discipulum
3008 1325 3155 1378 dabo
3177 1326 3204 1380 ?

2103 1417 2194 1468 33.
2236 1414 2335 1466 Hic
2361 1413 2459 1466 illa
2486 1430 2615 1466 cum
2644 1413 2849 1467 blande
2890 1430 2954 1467 ac
2997 1414 3262 1484 religiose
3306 1432 3603 1487 nunquam
3637 1435 3729 1472 me

2029 1506 2254 1556 tantum
2294 1502 2597 1555 mentitum
2620 1517 2741 1555 esse
2772 1501 3023 1566 dixisset,
3057 1506 3114 1555 et
3141 1502 3393 1557 viderem
3421 1510 3532 1558 tam
3547 1508 3728 1560 multa

2030 1608 2135 1645 nos
2160 1590 2330 1645 verba
2359 1590 2590 1654 fudisse,
2628 1594 2689 1643 ut
2714 1606 2898 1660 neque
2929 1591 3225 1645 scribenda
3256 1607 3372 1645 non
3404 1598 3614 1660 essent,
3679 1601 3734 1649 et

2024 1681 2147 1751 jam
2175 1679 2309 1734 libri
2331 1680 2531 1733 modus
2569 1683 2737 1746 esset,
2775 1694 2961 1749 neque
2980 1679 3189 1733 tabulae
3218 1681 3453 1750 reliquas
3493 1682 3682 1737 forent
3712 1704 3727 1748 ;

2030 1768 2245 1839 placuit
2275 1767 2647 1838 quaastionem
2680 1766 2914 1833 differri,
2960 1766 3131 1820 simul
3174 1772 3237 1821 ut
3280 1784 3410 1822 meo
3442 1772 3731 1824 stomacho

2031 1872 2349 1927 parcerem.
2392 1858 2530 1909 Nam
2545 1872 2698 1922 eum,
2720 1856 2848 1924 plus
2866 1870 3041 1924 quam
3055 1855 3278 1923 vellem,
3306 1864 3733 1911 commoverant

2033 1963 2100 2000 ea
2127 1962 2255 2017 quas
2295 1945 2439 1998 mihi
2470 1943 2783 1997 evomenda
2826 1942 2883 1996 in
2931 1943 3056 1996 illos
3108 1944 3491 1998 adolescentes
3536 1962 3729 1999 neces-

2033 2035 2181 2088 sario
2210 2034 2488 2087 visasunt.
2522 2032 2629 2087 Sed
2660 2048 2788 2085 cum
2811 2031 2967 2085 abire
2991 2032 3390 2101 ccepissemus:
3420 2034 3726 2101 Memento,

2031 2124 2216 2195 inquit
2248 2122 2549 2186 Licentius,
2578 2138 2749 2191 quam
2781 2120 2963 2174 multa
2992 2123 3047 2173 et
3078 2137 3250 2191 quam
3276 2123 3594 2175 necessaria
3622 2140 3728 2177 no-

2034 2215 2118 2269 bis
2149 2215 2245 2268 abs
2281 2217 2332 2266 te
2370 2210 2701 2281 accipienda
2747 2226 2851 2280 per
2879 2208 3330 2263 occultissimum
3382 2210 3545 2263 illum
3588 2212 3731 2265 divi-

2033 2316 2287 2371 numque
2319 2298 2583 2353 ordinem
2612 2297 2785 2350 etiam
2812 2300 2865 2349 te
2888 2294 3176 2349 nesciente
3199 2296 3727 2351 subministrentur.

2032 2390 2226 2457 Video,
2246 2388 2502 2460 inquam,
2526 2385 2851 2455 etingratus
2875 2384 2989 2437 Deo
3017 2398 3131 2436 non
3145 2398 3271 2436 sum
3296 2399 3540 2454 ;vosque
3572 2382 3728 2453 ipsos

2033 2479 2132 2550 qui
2160 2479 2281 2532 haec
2310 2474 2599 2531 advertitis
2632 2474 2703 2527 ob
2750 2472 2805 2527 id
2855 2472 3043 2543 ipsum
3085 2488 3371 2541 prmsumo
3430 2472 3553 2526 fore
3611 2487 3729 2525 me-

2030 2569 2218 2622 liores.
2253 2568 2367 2621 Hoc
2390 2564 2499 2619 fuit
2524 2568 2746 2616 tantum
2775 2560 2874 2615 illo
2909 2560 2999 2615 die
3030 2559 3329 2630 negotium
3361 2576 3572 2614 meum.

1216 2723 1729 2846 LIBER
1843 2717 2753 2849 SECUNDUS.

285 2878 678 2940 Disputationes
699 2877 798 2926 hoc
824 2877 960 2926 libro
981 2875 1100 2925 duas
1120 2877 1477 2940 continentur,
1499 2878 1692 2939 quibus
1715 2877 1839 2926 dum
1864 2880 2073 2929 Ordinis
2100 2879 2457 2929 deﬁnitionem
2484 2876 2791 2938 expendunt
2810 2876 3191 2940 colloquentes,
3216 2874 3460 2940 incidunt
3486 2874 3541 2940 in
3563 2874 3736 2923 varias

222 2936 566 3003 quaestiones,
596 2940 795 2988 scilicet
822 2954 833 2987 :
865 2940 1132 3003 quomodo
1162 2939 1372 3003 sapiens
1400 2936 1531 2986 cum‘
1552 2940 1658 2988 Deo
1690 2946 1901 2989 maneat
1929 2943 2210 3001 immotus;
2242 2955 2309 2989 an
2338 2941 2495 2988 etiam
2526 2936 2734 3003 aequa:
2760 2936 3032 3003 perperam
3064 2938 3128 2984 ab
3155 2936 3643 3003 hominibusﬁunt,
3671 2949 3736 2984 ex

223 2998 318 3051 Dei
350 3003 535 3051 ordine
565 3006 820 3064 agantur:
858 2998 1053 3064 u'trump
1076 2998 1414 3064 Deus'justus
1451 3005 1589 3049 esset
1627 3004 2041 3064 antegeriginem
2082 2998 2243 3061 mali;
2281 3006 2457 3050 utrum
2488 2998 2677 3064 ethei
2715 2998 2899 3047 ordine
2926 2998 3127 3064 malum
3157 3005 3395 3064 exortum
3432 2998 3514 3064 sit.
3551 2998 3738 3064 Agitur

219 3065 438 3112 demum
469 3060 639 3112 fusiu's
670 3065 734 3133 de
763 3068 915 3133 recto
938 3060 1425 3133 studendiordi'ne,
1470 3064 1573 3133 qui.
1598 3063 1830 3133 postulat
1868 3060 1925 3114 in
1970 3066 2267 3115 informatis
2308 3064 2405 3112 rite
2435 3062 2690 3121 moribus,
2724 3066 2775 3109 et
2803 3060 3117 3125 comparatis
3157 3060 3404 3109 humanis
3444 3060 3735 3122 disciplinis

218 3131 595 3188 promoveatur
622 3126 830 3174 animus
855 3126 921 3172 ad
957 3125 1125 3172 altore
1153 3128 1204 3172 et
1233 3124 1413 3171 divina
1438 3124 1789 3186 percipienda.

809 3279 861 3315 Dl
878 3277 1124 3316 SPUTATIO
1159 3277 1321 3315 PRIMA
1333 3300 1348 3315 .

296 3352 525 3406 CAPUT
559 3351 848 3405 PRIMUM.
879 3381 947 3391 —
981 3352 1204 3406 Ordinis
1234 3350 1482 3420 deﬁnitio
1509 3352 1851 3420 empenditur.

300 3445 350 3494 ί.
384 3439 740 3510 Interpositis
758 3439 963 3493 deinde
987 3440 1243 3509 pauculis
1274 3440 1476 3493 diebus
1503 3440 1925 3511 venitAlypius,

219 3532 282 3581 et
312 3534 507 3581 exorto
539 3530 654 3582 sole
676 3528 1010 3596 clarissimo,
1035 3528 1295 3583 invitavit
1309 3528 1436 3582 coeli
1464 3529 1633 3594 nitor,
1660 3534 1715 3581 et
1745 3547 1927 3599 quan-

220 3622 351 3669 tum
366 3616 425 3669 in
438 3616 550 3669 illis
564 3616 701 3669 locis
720 3616 907 3669 hieme
920 3620 1161 3685 poterat,
1178 3616 1387 3670 blanda
1400 3618 1705 3687 temperies
1720 3620 1777 3672 in
1798 3635 1928 3688 pra-

219 3709 353 3759 tum
382 3705 743 3770 descendere,
775 3720 888 3774 quo
924 3704 1130 3775 saepius
1162 3710 1217 3758 et
1240 3705 1578 3759 familiarius
1600 3708 1924 3762 utebamur.

226 3794 542 3847 Nobiscum
584 3799 705 3847 erat
733 3795 905 3846 etiam
944 3799 1126 3846 mater
1154 3798 1372 3862 nostra,
1405 3794 1567 3864 cujus
1606 3794 1928 3866 ingenium,

224 3887 402 3951 atque
432 3882 492 3934 in
517 3898 606 3935 res
638 3881 858 3935 divinas
884 3882 1306 3935 inﬂammatum
1320 3882 1598 3948 animum,
1621 3900 1749 3938 cum
1765 3888 1931 3937 antea

222 3970 486 4023 convictu
500 3969 772 4024 diuturno
804 3970 1133 4039 etdiligenti
1146 3971 1603 4025 consideratione
1631 3988 1933 4043 perspexe-

222 4073 349 4111 ram
378 4074 391 4123 ;
424 4064 549 4111 tum
592 4074 726 4112 vero
782 4059 843 4111 in
873 4058 1122 4128 quadam
1153 4058 1537 4128 disputatione
1570 4076 1685 4114 non
1741 4077 1931 4131 parvae

223 4149 330 4211 rei,
364 4164 538 4219 quam
568 4148 658 4202 die
683 4150 857 4203 natali
887 4165 1015 4203 meo
1045 4164 1175 4203 cum
1218 4149 1469 4202 convivis
1523 4149 1715 4211 habui,
1762 4156 1930 4221 atque

221 4237 289 4291 in
318 4236 575 4290 libellum
606 4238 821 4291 contuli
855 4242 1011 4291 tanta
1043 4238 1185 4291 mihi
1210 4253 1374 4291 mens
1406 4238 1529 4307 ejus
1558 4244 1926 4308 apparuerat,

219 4330 294 4380 ut
325 4325 466 4378 nihil
511 4326 699 4396 aptius
750 4342 898 4380 verae
940 4325 1318 4397 phi1050phiae
1365 4326 1673 4380 videretur.
1736 4327 1932 4397 Itaque

222 4414 613 4481 institueram,
648 4430 777 4468 cum
805 4415 1127 4469 abundaret
1155 4414 1291 4479 otio,
1340 4430 1508 4485 agere
1556 4418 1616 4467 ut
1644 4414 1930 4485 colloquio

221 4508 422 4557 nostro
457 4519 567 4556 non
597 4503 835 4557 deesset.
867 4504 1029 4567 Quod
1061 4503 1122 4556 in
1151 4503 1337 4573 primo
1354 4503 1527 4558 etiam
1552 4503 1723 4575 hujus
1745 4503 1933 4574 operis

223 4589 377 4643 libro
405 4590 506 4644 abs
537 4596 590 4645 te
618 4592 915 4662 cognitum
946 4596 1054 4645 est.

299 4680 352 4731 2.
388 4678 529 4732 Cum
560 4679 738 4749 igitur
766 4685 1085 4735 memorato
1116 4679 1175 4734 in
1220 4680 1365 4747 loco,
1398 4684 1462 4735 ut
1496 4681 1795 4735 commode
1827 4698 1930 4752 po-

222 4766 469 4832 tuimus,
503 4769 978 4837 consedissemus,
1012 4787 1117 4840 ego
1149 4770 1261 4824 illis
1291 4770 1514 4825 duobus
1559 4772 1930 4825 adolescenti-

223 4855 377 4910 bus:
412 4856 682 4919 Quamvis
724 4857 907 4927 vobis,
957 4858 1217 4929 inquam,
1250 4860 1694 4929 succensuerim,
1741 4860 1933 4931 pueri-

222 4944 365 4998 liter
395 4945 463 4999 de
496 4945 719 5015 magnis
747 4947 917 5000 rebus
947 4947 1276 5017 agentibus;
1310 4952 1502 5002 tamen
1537 4948 1681 5002 mihi
1712 4948 1935 5001 videtur

225 5048 350 5086 non
381 5033 503 5087 sine
533 5034 753 5096 ordine,
786 5035 1036 5105 propitio
1072 5036 1208 5100 Deo,
1240 5035 1525 5103 accidisse,
1552 5036 1703 5106 quod
1733 5035 1793 5088 in
1823 5051 1935 5089 ser-

227 5137 408 5175 mone
438 5138 553 5192 quo
601 5138 699 5176 vos
746 5124 815 5177 ab
861 5123 969 5178 ista
1017 5124 1244 5178 levitate
1287 5124 1677 5190 detrahebam,
1710 5129 1934 5194 tempus

224 5209 311 5263 ita
332 5215 738 5280 consumptum
770 5216 871 5274 est,
908 5216 971 5265 ut
1000 5228 1090 5266 res
1120 5217 1276 5266 tanta
1309 5213 1381 5266 ad
1409 5212 1598 5283 Alypii
1627 5212 1935 5266 adventum

229 5298 409 5351 dilata
439 5299 717 5353 videatur.
767 5300 1145 5370 Quapropter,
1193 5301 1470 5371 quoniam
1514 5302 1565 5355 ei
1611 5302 1734 5371 jam
1776 5317 1933 5370 qua:-

228 5385 480 5439 stionem
511 5387 874 5441 notissimam
905 5388 1104 5455 feci,et
1124 5395 1403 5459 quantum
1435 5388 1495 5443 in
1509 5405 1577 5443 ea
1590 5390 1932 5459 processeri-

227 5488 361 5526 mus
392 5474 636 5544 ostendi,
657 5480 967 5545 paratusne
987 5492 1066 5544 es,
1089 5476 1324 5543 Licenti,
1355 5494 1583 5532 causam
1614 5492 1787 5549 quam
1810 5493 1932 5531 sus-

227 5562 431 5633 cepisti
460 5579 526 5618 ex
558 5562 655 5619 illa
685 5568 782 5620 tua
810 5564 1146 5621 deﬁnitione
1174 5565 1520 5621 defendere?
1554 5567 1698 5621 Nam
1725 5565 1931 5622 memi-

2035 3266 2185 3320 nisse
2215 3281 2307 3319 me
2337 3263 2603 3329 arbitror,
2634 3266 2689 3316 te
2722 3261 2983 3316 ordinem
3013 3277 3135 3315 esse
3164 3260 3368 3315 dixisse
3411 3276 3515 3331 per
3560 3277 3732 3332 quem

2036 3356 2183 3409 Deus
2196 3352 2612 3424 ageretomnia.
2632 3353 2867 3405 Paratus
2880 3350 3242 3420 sum,inquit,
3259 3354 3541 3420 quantum
3555 3350 3733 3403 valeo.

2034 3444 2330 3508 Quomodo
2346 3458 2502 3512 ergo,
2517 3441 2774 3510 inquam,
2790 3439 3120 3510 agitordine
3146 3438 3341 3492 omnia
3364 3440 3514 3492 Deus
3535 3440 3563 3491 ?
3583 3439 3737 3492 Itane

2033 3537 2099 3586 ut
2122 3533 2292 3586 etiam
2316 3547 2373 3584 se
2404 3530 2605 3583 ordine
2633 3532 2764 3598 agat
2789 3545 2801 3594 ;
2845 3544 2917 3580 an
2945 3531 3154 3597 praeter
3185 3542 3318 3579 eum
3341 3526 3539 3579 ordine
3568 3524 3636 3578 ab
3670 3542 3736 3577 eo

2035 3624 2238 3674 caetera
2252 3618 2685 3689 gubernantur?
2701 3616 2802 3669 Ubi
2826 3615 3016 3669 omnia
3035 3615 3186 3668 bona
3199 3619 3343 3675 sunt,
3368 3613 3574 3684 inquit,
3600 3614 3738 3666 ordo

2036 3725 2153 3762 non
2183 3713 2284 3761 est.
2314 3708 2405 3760 Est
2421 3705 2577 3759 enim
2603 3720 2826 3759 summa
2839 3703 3158 3774 aequalitas,
3173 3719 3303 3773 quae
3317 3702 3576 3755 ordinem
3594 3701 3736 3754 nihil

2035 3796 2342 3851 desiderat.
2359 3796 2560 3864 Negas,
2576 3793 2811 3864 inquam
2822 3834 2835 3858 ,
2852 3793 3005 3862 apud
3019 3794 3201 3846 Deum
3215 3791 3410 3845 omnia
3425 3791 3576 3845 bona
3589 3791 3739 3843 esse?

2039 3886 2160 3939 Non
2191 3900 2359 3955 nego,
2390 3882 2603 3954 inquit.
2645 3881 2973 3948 Conﬁcitur,
3013 3880 3274 3952 inquam,
3304 3897 3491 3951 neque
3536 3881 3737 3944 Deum,

2036 3989 2223 4044 neque
2252 3974 2349 4026 illa
2377 3988 2505 4042 qua:
2531 3970 2683 4041 apud
2715 3971 2892 4023 Deum
2923 3973 3073 4037 sunt,
3100 3969 3299 4023 ordine
3330 3968 3737 4023 administrari.

2038 4060 2410 4115 Concedebat.
2445 4058 2896 4130 Numquidnam,
2930 4057 3188 4128 inquam,
3220 4056 3575 4112 omniabona
3597 4056 3741 4109 nihil

2038 4151 2142 4205 tibi
2173 4150 2435 4204 videntur
2464 4150 2631 4202 esse?
2662 4150 2804 4214 Imo,
2837 4147 2933 4212 ait,
2968 4147 3092 4216 ipsa
3125 4162 3252 4200 vere
3303 4150 3457 4201 sunt.
3517 4145 3619 4198 Ubi
3660 4149 3744 4197 est

2038 4256 2196 4309 ergo,
2211 4238 2469 4308 inquam,
2493 4237 2812 4290 illudtuum
2831 4236 2982 4305 quod
2998 4234 3211 4297 dixisti,
3233 4234 3426 4288 omnia
3438 4249 3565 4302 quae
3588 4237 3739 4297 sunt,

2039 4328 2238 4380 ordine
2259 4324 2669 4390 administrari,
2685 4324 2945 4393 nihilque
2974 4323 3210 4376 omnino
3245 4338 3364 4375 esse
3383 4320 3539 4390 quod
3563 4320 3632 4372 ab
3655 4335 3742 4372 or-

2040 4414 2173 4469 dine
2204 4418 2529 4484 separatum
2557 4412 2670 4465 sit?
2700 4412 2805 4467 Sed
2832 4416 2983 4478 sunt,
3012 4410 3221 4481 inquit,
3242 4410 3414 4462 etiam
3445 4409 3617 4474 mala,
3638 4424 3743 4478 per

2041 4520 2170 4574 qua:
2198 4502 2413 4556 factum
2444 4506 2527 4555 est
2556 4504 2620 4555 ut
2649 4505 2705 4554 et
2732 4501 2882 4554 bona
2903 4499 3045 4553 ordo
3073 4497 3379 4552 concludat
3407 4513 3419 4563 ;
3458 4513 3592 4549 nim
3625 4497 3742 4549 sola

2039 4592 2190 4647 bona
2219 4608 2336 4645 non
2366 4590 2567 4645 ordine
2606 4594 2901 4661 reguntur,
2937 4588 3033 4642 sed
3076 4586 3245 4639 simul
3274 4586 3423 4640 bona
3463 4590 3518 4639 et
3566 4586 3735 4639 mala.

2043 4681 2231 4745 Quum
2286 4685 2479 4734 autem
2522 4678 2783 4744 dicimus,
2838 4676 3039 4731 Omnia
3087 4691 3216 4745 qua:
3273 4679 3428 4741 sunt,
3476 4691 3593 4729 non
3624 4674 3743 4728 sola

2042 4769 2243 4839 utique
2274 4770 2425 4823 bona
2449 4769 2709 4823 dicimus.
2741 4769 2816 4820 Ex
2847 4782 2959 4836 quo
2989 4766 3055 4819 tit
3071 4771 3135 4818 ut
3164 4764 3358 4818 omnia
3387 4763 3579 4832 simul,
3612 4780 3757 4835 qum

2045 4859 2191 4912 Deus
2217 4857 2598 4924 administrat,
2628 4856 2824 4909 ordine
2856 4853 3349 4908 administrentur.

2115 4950 2174 5003 3.
2210 4946 2311 5001 Cui
2341 4963 2445 5016 ego
2480 4962 2492 5000 :
2527 4946 2663 5008 Quae
2710 4942 3183 4998 administrantur
3230 4946 3285 4996 et
3330 4946 3599 5014 aguntur,
3658 4941 3744 4995 vi-

2042 5035 2249 5089 dentur
2282 5034 2386 5088 tibi
2443 5033 2681 5099 moveri,
2713 5048 2786 5086 an
2825 5031 3147 5086 immobilia
3190 5036 3356 5102 putas
3399 5031 3565 5085 esse?
3607 5032 3744 5098 Ista,

2044 5124 2250 5195 inquit,
2284 5140 2413 5195 quae
2447 5123 2508 5176 in
2539 5124 2645 5176 hoc
2674 5122 2823 5176 ﬁunt
2848 5121 3087 5189 mundo,
3123 5121 3303 5176 fateor
3331 5120 3563 5175 moveri.
3590 5118 3743 5174 Reli-

2045 5230 2178 5283 qua,
2208 5213 2465 5283 inquam,
2501 5213 2715 5281 negas?
2746 5212 2882 5275 Qua:
2920 5214 3051 5263 sunt
3082 5227 3213 5264 cum
3236 5212 3368 5277 Deo,
3385 5208 3593 5279 inquit,
3627 5223 3742 5261 non

2045 5305 2346 5355 moventur
2368 5317 2382 5366 ;
2406 5299 2625 5369 reliqua
2645 5299 2839 5353 omnia
2864 5299 3080 5353 moveri
3098 5300 3361 5353 arbitror.
3397 5298 3539 5351 Cum
3568 5294 3746 5364 igitur

2043 5404 2110 5442 ea
2138 5404 2266 5459 qua:
2300 5403 2430 5440 cum
2469 5389 2584 5441 Deo
2633 5390 2785 5453 sunt,
2830 5387 3090 5457 inquam,
3134 5401 3253 5440 non
3294 5383 3509 5437 moveri
3553 5387 3744 5452 putas,

2043 5481 2246 5529 caetera
2288 5482 2479 5530 autem
2510 5476 2773 5531 concedis
2816 5476 3058 5543 moveri,
3101 5473 3354 5529 ostendis
3384 5471 3579 5526 omnia
3610 5486 3739 5543 quae

2042 5568 2349 5622 moventur
2389 5582 2508 5622 non
2536 5582 2656 5621 esse
2686 5582 2817 5623 cum
2847 5567 2982 5621 Deo.
3017 5566 3230 5634 Repete
3268 5562 3377 5616 hoc
3404 5560 3616 5632 ipsum,
3666 5559 3748 5615 in-
