4062 6188
417 312 519 364 995

416 432 562 504 quit,
595 431 768 502 paulo
798 431 1044 501 planius.
1075 430 1236 494 Quod
1257 447 1374 485 non
1404 429 1546 485 mihi
1571 429 1726 483 visus
1757 433 1840 483 est
1865 429 2110 484 difﬁcul-

414 524 529 574 tate
571 519 928 590 intelligendi
956 519 1082 574 ﬁeri
1111 520 1376 585 voluisse,
1410 521 1506 572 sed
1538 518 1833 590 quaerendi
1863 517 2110 589 spatium

417 626 530 680 quo
555 608 839 662 inveniret
863 608 1001 678 quid
1051 607 1441 677 responderet.
1485 606 1703 668 Dixisti,
1747 607 2007 677 inquam,
2045 622 2110 660 ea

417 713 545 768 quae
575 713 704 750 cum
733 697 848 748 Deo
870 699 1003 748 sunt
1023 695 1390 760 nonmoveri,
1413 700 1618 749 caetera
1649 700 1842 748 autem
1873 693 2108 747 moveri.

417 785 475 840 Si
505 801 642 855 ergo
673 785 796 837 haec
828 799 957 854 quae
989 789 1296 836 moventur
1323 800 1441 837 non
1468 788 1832 837 moverentur
1854 781 1898 835 si
1926 786 2114 836 essent

416 890 547 928 cum
574 875 707 940 Deo,
740 872 1016 943 quoniam
1050 871 1245 926 omnia
1274 889 1403 942 qua:
1434 877 1567 926 sunt
1595 888 1725 925 cum
1755 873 1892 936 Deo,
1938 887 2112 941 negas

415 961 656 1029 moveri,
701 964 875 1014 restat
922 965 985 1014 ut
1026 965 1232 1031 printer
1278 963 1457 1014 Deum
1487 960 1599 1013 sint
1627 977 1756 1030 qure
1788 963 2108 1013 moventur.

415 1050 631 1114 Quibus
660 1049 822 1103 dictis
850 1049 1034 1103 adhuc
1074 1050 1298 1104 tacebat
1326 1067 1338 1115 ;
1376 1066 1506 1103 cum
1553 1049 1781 1102 tandem
1812 1065 1824 1102 :
1877 1048 2114 1102 Videtur

415 1139 578 1205 mihi,
610 1138 821 1209 inquit,
859 1139 1011 1208 quod
1051 1143 1107 1192 et
1136 1139 1194 1192 in
1227 1139 1334 1192 hoc
1364 1138 1577 1191 mundo
1604 1138 1649 1190 si
1671 1154 1784 1207 qua
1830 1153 1946 1190 non
1991 1152 2110 1189 mo-

411 1232 635 1293 ventur,
667 1243 798 1280 cum
829 1227 944 1281 Deo
977 1231 1125 1280 sunt.
1145 1227 1296 1280 Nihil
1327 1228 1435 1280 hoc
1479 1227 1548 1280 ad
1571 1242 1683 1291 me,
1717 1226 1975 1295 inquam.
2009 1225 2113 1277 Fa-

415 1317 554 1370 teris
583 1315 759 1380 enim,
791 1320 855 1368 ut
880 1315 1105 1385 opinor,
1138 1331 1256 1368 non
1289 1314 1484 1368 omnia
1513 1331 1642 1384 quas
1671 1314 1732 1367 in
1758 1315 1864 1367 hoc
1898 1313 2112 1366 mundo

416 1411 571 1470 sunt,
598 1420 713 1457 non
742 1403 982 1456 moveri.
1001 1405 1074 1456 Ex
1091 1419 1204 1472 quo
1236 1402 1690 1471 conﬁcitur,non
1705 1401 2114 1455 omniamundi

414 1491 586 1561 hujus
611 1507 731 1544 esse
762 1507 892 1544 cum
916 1492 1050 1546 Deo.
1087 1492 1303 1556 Fateor,
1339 1490 1547 1560 inquit,
1581 1507 1697 1543 non
1721 1490 1933 1544 omnia.
1965 1491 2110 1559 Ergo

415 1584 500 1632 est
515 1578 732 1648 aliquid
754 1578 874 1631 sine
905 1579 1039 1632 Deo.
1075 1579 1220 1643 Non,
1247 1578 1452 1648 inquit.
1485 1578 1626 1632 Cum
1651 1579 1764 1631 Deo
1791 1577 2114 1647 suntigitur

413 1667 621 1720 omnia.
658 1667 756 1720 Hic
785 1666 1253 1720 cunctabundus:
1305 1667 1526 1730 Quaeso,
1560 1666 1770 1736 inquit,
1803 1665 1946 1719 illud
1994 1681 2109 1718 non

417 1755 678 1822 dixerim,
714 1755 867 1825 quod
894 1755 1016 1808 sine
1044 1755 1157 1808 Deo
1188 1754 1330 1808 nihil
1360 1754 1468 1820 sit;
1492 1771 1625 1808 nam
1656 1771 1888 1825 prorsus
1919 1753 2114 1808 omnia

413 1860 542 1913 qua».
562 1847 883 1907 moventur,
918 1841 1194 1896 nonmihi
1213 1842 1478 1896 videntur
1502 1859 1623 1896 esse
1654 1859 1784 1896 cum
1815 1844 1946 1896 Deo.
1977 1843 2112 1896 Sine

413 1933 527 1986 Deo
574 1936 674 1997 est,
722 1931 980 2002 inquam,
1031 1931 1209 2002 igitur
1249 1932 1456 1985 coelum
1511 1931 1638 1997 hoc,
1692 1931 1841 2002 quod
1895 1931 2112 1984 moveri

412 2035 581 2074 nemo
611 2019 866 2090 ambigit.
904 2021 1026 2073 Non
1055 2022 1160 2088 est,
1191 2019 1399 2090 inquit,
1434 2020 1554 2073 sine
1568 2021 1682 2073 Deo
1704 2021 1929 2073 coelum.
1964 2021 2110 2090 Ergo

409 2114 494 2163 est
518 2108 734 2178 aliquid
773 2123 903 2161 cum
938 2109 1071 2172 Deo,
1123 2107 1273 2178 quod
1327 2113 1640 2162 moveatur.
1691 2108 1813 2161 Non
1852 2105 2108 2177 possum,

408 2197 615 2269 inquit,
648 2202 712 2250 ut
739 2198 886 2262 volo,
939 2196 1221 2267 explicare
1271 2198 1425 2267 quod
1474 2197 1694 2251 sentio:
1738 2200 1933 2250 tamen
1969 2197 2108 2267 quid

408 2285 611 2339 moliar
623 2285 828 2350 dicere,
843 2289 976 2355 peto
990 2290 1048 2338 ut
1069 2301 1185 2338 non
1199 2285 1533 2354 exspectatis
1550 2285 1737 2339 verbis
1760 2286 1920 2353 meis,
1951 2302 2110 2355 saga-

405 2373 654 2439 cissime,
687 2373 732 2425 si
763 2372 1021 2442 potestis,
1039 2371 1391 2442 intelligetis.
1429 2373 1570 2426 Nam
1598 2378 1653 2426 et
1683 2372 1803 2427 sine
1827 2374 1940 2427 Deo
1963 2372 2109 2426 mihi

406 2461 550 2515 nihil
570 2461 794 2514 videtur
819 2476 937 2514 esse
957 2475 970 2528 ;
988 2461 1202 2530 etquod
1216 2476 1346 2514 cum
1379 2461 1491 2513 Deo
1505 2464 1608 2526 est,
1635 2477 1860 2514 rursum
1885 2461 2108 2515 videtur

405 2549 810 2603 inconcussum
840 2565 1107 2602 manere:
1143 2549 1345 2603 coelum
1387 2553 1581 2602 autem
1607 2549 1792 2603 dicere
1824 2548 1945 2603 sine
1990 2550 2106 2603 Deo

405 2655 547 2702 esse,
571 2653 687 2691 non
717 2653 948 2708 possum
973 2654 986 2702 ;
1007 2653 1125 2690 non
1155 2637 1340 2690 solum
1361 2637 1518 2707 quod
1546 2636 1688 2691 nihil
1712 2638 1832 2692 sine
1850 2639 1965 2692 Deo
1984 2654 2105 2692 esse

405 2726 672 2792 arbitror,
705 2726 802 2780 sed
832 2725 983 2796 quod
999 2726 1206 2779 coelum
1236 2731 1432 2796 putem
1463 2725 1673 2779 habere
1704 2726 1919 2798 aliquid
1952 2728 2106 2798 quod

403 2831 522 2868 non
554 2819 833 2881 movetur,
868 2814 1021 2885 quod
1046 2830 1177 2868 vere
1209 2820 1306 2868 aut
1344 2815 1492 2867 Deus
1523 2818 1626 2881 est,
1661 2820 1761 2869 aut
1789 2831 1920 2869 cum
1966 2818 2102 2884 Deo,

403 2902 663 2973 quamvis
691 2902 881 2973 ipsum
939 2901 1146 2955 ccelum
1202 2918 1318 2955 non
1372 2901 1632 2956 dubitem
1680 2902 1824 2956 verti
1861 2919 1926 2956 ac
1982 2920 2105 2957 mo-

403 2991 542 3045 veri.

403 3080 630 3134 CAPUT
661 3080 730 3134 II.
764 3110 832 3118 —
862 3080 992 3134 Cum
1013 3083 1116 3133 Deo
1136 3095 1265 3143 esse,
1288 3079 1422 3147 quid
1449 3081 1541 3133 sit.
1594 3080 1863 3150 Quomodo
1887 3083 2103 3149 sapiens

857 3184 975 3222 cum
1022 3171 1124 3222 Deo
1152 3174 1332 3222 manet
1361 3171 1630 3222 immotus.

467 3258 521 3310 4.
554 3255 739 3310 Deﬁni
766 3272 923 3325 ergo,
966 3255 1225 3325 inquam,
1268 3255 1315 3308 si
1342 3257 1549 3325 placet,
1575 3255 1713 3326 quid
1735 3256 1807 3309 sit
1827 3273 1952 3312 esse
1965 3273 2099 3312 cum

405 3346 541 3413 Deo,
592 3350 647 3398 et
677 3345 814 3414 quid
843 3343 914 3397 sit
960 3359 1077 3396 non
1097 3359 1216 3396 esse
1251 3343 1370 3397 sine
1419 3346 1551 3397 Deo.
1571 3345 1627 3398 Si
1653 3344 1804 3398 enim
1824 3345 1893 3399 de
1915 3346 2102 3400 verbis

397 3433 551 3488 inter
581 3449 684 3486 nos
715 3431 1101 3486 controversia
1132 3435 1230 3492 est,
1267 3431 1428 3486 facile
1469 3437 1891 3501 contemnetur,
1924 3433 2100 3487 dum-

398 3522 565 3576 modo
597 3538 719 3575 rem
772 3521 954 3590 ipsam
987 3535 1160 3590 quam
1190 3519 1499 3588 concepisti
1528 3525 1741 3587 mente,
1784 3521 2096 3576 videamus.

399 3611 502 3665 Odi
534 3626 662 3681 ego,
692 3609 900 3680 inquit,
919 3609 1179 3664 deﬁnire.
1203 3609 1348 3671 Quid
1370 3624 1505 3680 ergo
1521 3610 1811 3676 faciemus,
1835 3610 2104 3681 inquam?

397 3702 500 3764 Tu,
532 3699 737 3770 inquit,
775 3697 976 3764 deﬁni,
1015 3714 1228 3768 quaeso.
1283 3699 1423 3750 Nam
1472 3699 1691 3752 facilius
1724 3703 1808 3752 est
1846 3699 1987 3752 mihi
2018 3700 2098 3753 vi-

399 3789 532 3842 dere
576 3788 636 3840 in
666 3786 902 3840 alterius
929 3785 1262 3840 deﬁnitione
1291 3786 1430 3855 quid
1460 3802 1575 3839 non
1622 3787 1880 3856 probem,
1927 3805 2100 3858 quam

395 3876 714 3946 quidquam
744 3875 888 3928 bene
913 3873 1239 3928 definiendo
1273 3874 1572 3943 explicare.
1609 3877 1813 3928 Geram
1842 3875 1945 3929 tibi
1977 3893 2099 3929 mo-

397 3979 539 4027 rem,
592 3962 848 4032 inquam.
877 3961 1113 4015 Videtur
1136 3961 1241 4015 tibi
1271 3961 1325 4015 id
1359 3977 1479 4015 esse
1511 3978 1641 4016 cum
1683 3964 1819 4029 Deo,
1847 3965 1998 4034 quod
2029 3964 2097 4018 ab

397 4067 462 4105 eo
481 4051 698 4121 regitur
710 4055 879 4120 atque
909 4049 1380 4104 administratur?
1400 4051 1545 4117 Non,
1578 4048 1806 4122 ait§ille,
1847 4052 1956 4106 hoc
1975 4052 2099 4105 ani-

395 4156 488 4194 mo
520 4154 916 4208 conceperam,
948 4154 1079 4191 cum
1110 4137 1368 4192 dicebam
1399 4155 1466 4192 ea
1494 4155 1623 4210 quas
1642 4156 1755 4193 non
1775 4146 2094 4208 moventur,

393 4244 514 4282 esse
544 4243 676 4282 cum
709 4228 840 4280 Deo.
876 4225 1010 4280 Vide
1059 4242 1218 4296 ergo,
1262 4226 1523 4299 inquam,
1573 4233 1768 4282 utrum
1817 4230 1941 4282 haec
1989 4229 2096 4284 tibi

393 4319 594 4372 saltem
629 4315 886 4370 deﬁnitio
916 4315 1171 4386 placeat:
1205 4331 1334 4368 cum
1369 4317 1478 4370 Deo
1511 4320 1594 4370 est
1624 4317 1902 4388 quidquid
1931 4317 2096 4370 intel-

392 4406 518 4477 ligit
549 4407 746 4459 Deum.
783 4404 1067 4472 Concedo,
1090 4403 1299 4474 inquit.
1333 4404 1477 4468 Quid
1503 4421 1662 4475 ergo,
1694 4405 1973 4476 inquam?
2003 4422 2094 4458 sa-

392 4494 558 4566 piens
579 4494 683 4548 tibi
714 4495 890 4548 Deum
916 4493 1238 4563 intelligere
1266 4509 1384 4546 non
1420 4493 1646 4546 videtur
1665 4494 1693 4547 ?
1721 4493 1972 4559 Videtur,
2006 4493 2095 4547 in-

393 4583 537 4654 quit.
569 4584 712 4637 Cum
756 4599 893 4654 ergo
945 4583 1227 4652 sapientes
1266 4597 1383 4634 non
1415 4581 1600 4634 solum
1648 4581 1708 4634 in
1757 4599 1872 4636 una
1901 4583 2092 4649 domo,

393 4674 495 4723 aut
523 4669 685 4734 urbe,
727 4669 824 4722 sed
857 4669 1028 4723 etiam
1060 4685 1165 4738 per
1193 4668 1474 4722 immensa
1503 4667 1806 4737 regionum
1835 4668 2093 4738 peregri-

394 4756 609 4821 nando,
623 4756 1056 4826 navigandoque
1072 4760 1433 4823 moveantur;
1447 4771 1658 4826 quomo
1668 4755 1735 4808 io
1750 4756 1860 4810 erit
1872 4773 2091 4821 verum,

394 4843 677 4917 quidquid
708 4859 837 4896 cum
872 4845 984 4898 Deo
1010 4848 1094 4897 est
1124 4861 1238 4898 non
1269 4843 1534 4898 moveri?
1568 4843 1762 4898 Risum
1793 4844 1954 4911 mihi,
1999 4845 2093 4899 in-

393 4933 538 5006 quit,
573 4931 816 4997 movisti,
853 4932 1016 5002 quasi
1055 4949 1159 5003 ego
1192 4933 1348 5004 quod
1398 4933 1624 5004 sapiens
1654 4932 1804 4998 facit,
1847 4933 2089 4987 dixerim

391 5041 515 5080 esse
559 5038 691 5076 cum
722 5022 856 5075 Deo.
891 5021 1032 5074 Cum
1064 5023 1178 5076 Deo
1233 5026 1338 5086 est,
1371 5022 1469 5076 sed
1522 5021 1666 5076 illud
1717 5022 1871 5092 quod
1913 5023 2087 5077 novit.

391 5115 514 5168 Non
541 5110 715 5173 novit,
751 5109 1009 5180 inquam,
1052 5110 1279 5180 sapiens
1296 5110 1549 5164 codicem
1579 5127 1772 5170 suum,
1823 5111 2089 5180 pallium,

387 5202 662 5264 tunicam,
697 5199 1128 5270 supellectilem,
1161 5199 1205 5252 si
1237 5216 1412 5269 quam
1456 5199 1647 5265 habet,
1681 5203 2000 5270 ceteraque
2031 5199 2087 5254 id

391 5308 594 5363 genus,
614 5307 743 5362 quas
759 5287 920 5343 stulti
941 5287 1115 5342 etiam
1130 5287 1276 5342 bene
1290 5288 1612 5342 noverunt?
1634 5289 1853 5354 Fateor,
1878 5287 2088 5358 inquit,

369 5387 555 5435 ‘nosse
582 5380 858 5444 tunicam,
891 5381 948 5432 et
979 5393 1144 5431 nosse
1174 5377 1436 5447 pallium,
1470 5393 1588 5430 non
1619 5393 1739 5431 esse
1785 5393 1917 5431 cum
1950 5378 2084 5432 Deo.

461 5469 514 5519 5.
547 5467 664 5520 Hoc
689 5481 846 5536 ergo,
889 5465 1146 5537 inquam,
1181 5463 1358 5518 dicis:
1391 5465 1515 5518 Non
1543 5481 1713 5519 omne
1743 5466 1895 5537 quod
1931 5465 2088 5520 novit

393 5553 644 5625 sapiens,
676 5571 798 5612 esse
829 5571 963 5612 cum
1009 5554 1166 5621 Deo;
1199 5553 1298 5609 sed
1343 5557 1534 5609 tamen
1561 5555 1805 5626 quiquid
1836 5554 2084 5627 sapienti

1678 309 1772 363 DE
1810 306 2111 372 ORDINE,
2155 305 2209 361 S.
2253 305 2639 363 AUGUSTINI
3770 325 3845 375 996

2223 445 2353 483 cum
2385 431 2498 483 Deo
2526 435 2628 495 est,
2648 429 2705 483 id
2717 445 2883 483 nosse
2902 429 3242 501 sapientem.
3263 432 3505 504 Optime,
3532 435 3703 507 inquit
3721 455 3845 505 ;nam

2225 515 2503 586 quidquid
2533 533 2700 570 sensu
2731 517 2837 572 isto
2864 520 3117 589 corporis
3146 521 3319 586 novit,
3354 538 3466 576 non
3493 529 3570 576 est
3592 541 3706 580 cum
3745 529 3845 594 Deo,

2224 604 2320 657 sed
2378 603 2520 658 illud
2571 605 2724 676 quod
2754 607 2945 661 animo
2985 609 3244 678 percipit.
3288 611 3418 664 Plus
3465 612 3622 666 etiam
3665 614 3848 671 fortasse

2225 693 2405 746 audeo
2436 693 2655 759 dicere;
2702 696 2800 750 sed
2845 701 3038 749 tamen
3069 697 3291 752 dicam:
3326 699 3481 753 vobis
3523 701 3664 754 enim
3700 704 3849 757 existi-

2224 781 2558 848 matoribus,
2592 785 2690 835 aut
2717 784 3045 852 contirmer,
3075 789 3175 838 aut
3196 785 3428 839 discam.
3467 787 3710 858 Quisquis
3731 792 3847 845 enim

2225 885 2290 922 ea
2319 870 2437 922 sola
2464 869 2618 924 novit
2655 887 2785 941 quas
2817 873 3069 943 corporis
3100 889 3300 927 sensus
3330 875 3568 945 attingit,
3585 893 3689 930 non
3708 879 3850 933 solum

2223 974 2353 1011 cum
2385 959 2498 1012 Deo
2531 975 2651 1012 esse
2676 975 2794 1013 non
2837 960 2982 1014 mihi
3011 961 3256 1027 videtur,
3301 963 3395 1016 sed
3439 979 3519 1027 ne.
3553 980 3724 1017 secum
3759 967 3849 1034 qui-

2223 1046 2374 1099 dem.
2435 1046 2535 1100 Hic
2581 1063 2710 1100 cum
2747 1049 3090 1118 Trygetium
3147 1050 3660 1105 animadvertissem
3715 1052 3764 1106 in
3801 1070 3848 1106 eo

2221 1135 2403 1202 vultu,
2428 1139 2491 1188 ut
2509 1136 2697 1189 nescio
2729 1136 2868 1206 quid
2900 1138 3042 1191 velle
3070 1137 3255 1192 dicere
3281 1138 3579 1203 videretur,
3623 1140 3708 1194 sed
3733 1156 3849 1212 vei-ef

2223 1223 2430 1276 cundia
2459 1238 2613 1292 eum,
2645 1241 2715 1278 ne
2742 1225 2904 1294 quasi
2934 1224 2995 1279 in
3026 1225 3280 1280 alienum
3310 1226 3852 1292 locumirrueret,con-

2222 1311 2430 1377 tineri;
2503 1311 2609 1366 feci
2656 1317 3020 1382 potestatem,
3077 1314 3194 1390 jam
3241 1319 3466 1368 tacente
3521 1315 3761 1382 Licentio,
3802 1321 3848 1368 ut

2222 1404 2512 1470 promeret
2538 1399 2583 1452 si
2615 1401 2752 1470 quid
2780 1403 2966 1455 vellet.
2997 1405 3070 1456 At
3098 1402 3230 1456 ille:
3274 1404 3405 1464 Ista.
3437 1403 3638 1473 inquit,
3665 1420 3772 1474 qua:
3804 1404 3851 1456 ad

2223 1505 2420 1542 sensus
2445 1489 2703 1558 corporis
2731 1489 3040 1559 pertinent,
3073 1507 3307 1559 prorsus
3336 1508 3507 1545 nemo
3534 1491 3853 1545 mihividetur

2223 1594 2405 1631 nosse.
2437 1576 2605 1630 Aliud
2639 1581 2721 1632 est
2757 1576 2912 1632 enim
2943 1578 3173 1645 sentire,
3216 1578 3368 1633 aliud
3405 1596 3584 1634 nosse.
3630 1580 3784 1643 Quare
3821 1581 3853 1632 si

2223 1665 2360 1736 quid
2390 1665 2673 1731 novimus,
2723 1667 2840 1720 solo
2871 1665 3161 1721 intellectu
3207 1667 3490 1722 contineri
3537 1673 3683 1738 puto,
3725 1672 3770 1721 et
3807 1684 3854 1720 eo

2223 1753 2344 1806 solo
2373 1769 2538 1823 posse
2583 1754 3012 1825 comprehendi.
3071 1756 3148 1808 Ex
3188 1771 3302 1826 quo
3332 1755 3420 1821 ﬁt,
3465 1761 3524 1809 ut
3552 1755 3596 1808 si
3640 1755 3758 1808 illud
3793 1761 3852 1807 est

2222 1857 2353 1894 cum
2380 1843 2494 1895 Deo
2517 1843 2671 1912 quod
2697 1842 3068 1914 intelligendo
3101 1843 3528 1914 sapiensjnovit,
3550 1848 3716 1897 totum
3742 1843 3853 1912 quod

2223 1929 2378 1983 novit
2403 1931 2629 2000 sapiens
2658 1931 2837 2000 possit
2866 1947 2986 1984 esse
3009 1947 3138 1983 cum
3171 1932 3313 1985 Deo.
3353 1931 3516 1995 Quod
3545 1947 3665 1985 cum
3706 1932 3850 1984 Licen-

2220 2018 2334 2072 tius
2365 2019 2755 2088 approbasset,
2783 2019 3021 2088 subjecit
3047 2019 3201 2073 aliud
3230 2020 3387 2090 quod
3409 2021 3567 2074 nullo
3593 2025 3735 2091 pacto
3759 2035 3850 2089 pos-

2222 2121 2342 2159 sem
2389 2112 2776 2160 contemnere.
2833 2107 2928 2162 Ait
2972 2106 3164 2161 enim:
3221 2108 3458 2178 Sapiens
3513 2124 3722 2178 prorsus
3759 2122 3851 2159 cum

2223 2195 2336 2248 Deo
2357 2198 2460 2261 est,
2493 2211 2628 2248 nam
2652 2199 2710 2249 et
2731 2194 2982 2266 seipsum
3010 2195 3280 2266 intelligit
3307 2195 3551 2267 sapiens.
3591 2195 3731 2259 Quod
3754 2211 3848 2247 con-

2219 2281 2409 2336 ﬁcitur
2449 2288 2505 2337 et
2550 2300 2614 2337 ex
2662 2300 2728 2337 eo
2757 2284 2909 2353 quod
2939 2289 3057 2338 ate
3088 2283 3300 2354 accepi,
3342 2284 3401 2338 id
3434 2300 3552 2338 esse
3599 2301 3714 2338 cum
3757 2285 3848 2338 Deo.

2219 2370 2375 2440 quod
2399 2371 2671 2443 intelligit
2685 2373 2865 2426 Deum
2886 2389 2900 2439 ;
2924 2377 2982 2426 et
2994 2389 3060 2426 ex
3084 2388 3150 2427 eo
3163 2372 3319 2444 quod
3337 2389 3372 2426 a
3392 2373 3554 2427 nobis
3575 2373 3755 2426 dictum
3775 2375 3848 2430 est.

2218 2458 2277 2512 id
2309 2476 2429 2512 esse
2459 2477 2589 2514 cum
2615 2462 2751 2526 Deo,
2775 2461 2927 2531 quod
2949 2478 2982 2514 a
3001 2461 3256 2531 sapiente
3273 2459 3626 2531 intelligitur.
3645 2459 3735 2513 Sed
3749 2457 3852 2510 hanc

2219 2549 2340 2618 ejus
2368 2555 2590 2619 partem
2621 2566 2723 2621 per
2752 2567 2924 2620 quam
2957 2549 3077 2604 istis
3104 2549 3288 2604 utitur
3318 2550 3578 2603 sensibus
3609 2552 3723 2617 (non
3740 2545 3850 2599 enim

2215 2642 2355 2708 puto
2384 2641 2906 2693 connumerandam
2930 2655 3071 2704 esse,
3105 2654 3234 2692 cum
3260 2638 3582 2708 sapientem
3603 2635 3849 2700 vocamus),

2215 2725 2397 2779 fateor
2424 2742 2515 2780 me
2546 2727 2904 2793 nescire,nec
2934 2725 3171 2780 omnino
3199 2721 3847 2796 cujusmodisitsuspicari.

2287 2818 2340 2870 6.
2376 2815 2560 2885 Negas
2589 2831 2744 2885 ergo;
2777 2815 3034 2885 inquam,
3087 2831 3205 2868 non
3244 2815 3438 2869 solum
3486 2831 3553 2868 ex
3594 2812 3852 2882 corporeet

2215 2901 2428 2968 anima,
2464 2903 2562 2957 sed
2594 2903 2768 2956 etiam
2799 2919 2867 2956 ex
2895 2902 3088 2956 anima
3120 2907 3241 2956 tota
3265 2909 3529 2956 constare
3561 2901 3846 2970 sapientem;

2216 2989 2499 3061 siquidem
2541 2995 2762 3062 partem
2799 2991 2968 3044 istam
3013 3005 3128 3061 qua
3172 2989 3358 3044 utitur
3399 2989 3666 3057 sensibus,
3691 2985 3845 3040 animae

2215 3095 2335 3134 esse
2391 3096 2602 3150 negare
2649 3079 2932 3134 dementis
2977 3084 3078 3133 est.
3141 3081 3268 3133 Non
3317 3079 3478 3133 enim
3505 3077 3608 3149 ipsi
3634 3075 3759 3130 oculi
3786 3072 3845 3124 vel

2213 3183 2400 3233 aures,
2437 3169 2535 3222 sed
2565 3167 2756 3222 nescio
2783 3168 2922 3238 quid
2953 3168 3106 3222 aliud
3135 3184 3240 3238 per
3281 3169 3478 3222 oculos
3505 3166 3678 3221 sentit.
3706 3165 3848 3234 Ipsum

2213 3259 2406 3310 autem
2437 3256 2669 3322 sentire,
2713 3257 2762 3310 si
2806 3273 2922 3310 non
2952 3257 3153 3310 damus
3183 3255 3525 3324 intellectui,
3570 3270 3672 3308 non
3699 3253 3847 3305 damus

2213 3343 2381 3397 alicui
2410 3344 2559 3414 parti
2605 3344 2829 3399 animae.
2865 3346 3060 3399 Restat
3088 3349 3152 3398 ut
3180 3345 3409 3415 corpori
3455 3344 3735 3404 tribuatur,
3764 3351 3844 3407 quo

2213 3432 2516 3486 absurdius
2545 3433 2654 3486 dici
2679 3433 2822 3486 nihil
2849 3432 3083 3487 interim
3108 3433 3250 3486 mihi
3279 3433 3525 3488 videtur.
3550 3431 3747 3492 Anima,
3779 3426 3845 3477 in-

2212 3520 2357 3591 quit,
2390 3521 2660 3591 sapientis
2689 3527 3034 3592 perpurgata
3063 3521 3394 3587 virtutibus,
3415 3527 3471 3575 et
3480 3521 3595 3592 jam
3619 3518 3845 3572 cohaerens

2214 3610 2352 3676 Deo,
2383 3609 2656 3679 sapientis
2685 3610 2858 3663 etiam
2890 3609 3120 3664 nomine
3153 3609 3326 3680 digna
3363 3615 3469 3675 est,
3502 3625 3568 3662 ne
3598 3605 3844 3678 quidquam

2211 3697 2334 3766 ejus
2363 3696 2518 3750 aliud
2547 3697 2707 3751 decet
2738 3697 3018 3767 appellari
3045 3698 3369 3767 sapientem
3396 3697 3525 3752 :sed
3540 3702 3710 3750 tamen
3727 3685 3843 3761 quasi

2211 3785 2497 3854 qumdam,
2531 3789 2595 3838 ut
2623 3785 2700 3838 ita
2730 3784 2938 3850 dicam,
2987 3785 3183 3839 sordes
3224 3791 3400 3857 atque
3445 3784 3652 3840 exuviae
3691 3777 3843 3850 quibus

2211 3889 2269 3926 se
2325 3873 2422 3927 ille
2477 3873 2789 3940 mundavit,
2858 3879 2916 3928 et
2967 3875 3129 3944 quasi
3184 3875 3471 3929 subtraxit
3516 3874 3573 3926 in
3627 3870 3840 3938 seipsum.

2211 3961 2264 4015 ei
2291 3962 2496 4016 animae
2522 3963 2795 4016 serviunt.
2825 3963 2925 4016 Vel
2946 3962 2994 4015 si
3020 3966 3138 4016 tota
3167 3962 3290 4016 haec
3321 3963 3514 4017 anima
3542 3957 3750 4015 dicenda
3768 3957 3842 4016 est,

2209 4049 2264 4104 ei
2289 4055 2441 4104 certe
2470 4050 2617 4120 parti
2669 4051 2875 4105 animae
2927 4051 3181 4104 serviunt
3228 4055 3403 4122 atque
3448 4050 3697 4118 subjecta:
3730 4042 3840 4100 sunt,

2209 4153 2384 4208 quam
2417 4139 2598 4193 solam
2625 4139 2945 4209 sapientem
2975 4138 3261 4192 nominari
3293 4140 3476 4193 decet.
3510 4139 3571 4192 In
3591 4149 3692 4206 qua
3723 4130 3840 4200 parte

2210 4226 2464 4296 subjecta
2507 4227 2682 4282 etiam
2742 4228 2926 4298 ipsam
2998 4228 3340 4282 memoriam
3420 4231 3558 4298 puto
3623 4219 3855 4277 habitam.

2211 4314 2396 4368 Utitur
2424 4331 2560 4385 ergo
2588 4316 2694 4370 hac
2723 4317 2950 4387 sapiens
2974 4316 3135 4387 quasi
3167 4332 3353 4383 servo,
3384 4321 3448 4369 ut
3467 4317 3584 4369 haec
3604 4311 3652 4367 ei
3670 4307 3838 4381 jubeat.

2207 4417 2415 4473 easque
2427 4403 2550 4474 jam
2590 4403 2808 4458 domito
2827 4405 3023 4476 {atque
3074 4405 3360 4460 substrato
3376 4398 3841 4470 metaslegisimpo-

2206 4497 2326 4560 nat,
2359 4498 2422 4546 ut
2451 4493 2588 4546 dum
2617 4493 2738 4546 istis
2769 4493 3030 4548 sensibus
3057 4493 3239 4547 utitur
3264 4498 3504 4564 propter
3520 4491 3611 4545 illa
3638 4482 3841 4558 quatiam

2206 4597 2323 4634 non
2353 4580 2620 4652 sapienti,
2647 4583 2746 4636 sed
2772 4581 2879 4635 sibi
2909 4587 3044 4636 sunt
3072 4581 3412 4649 necessaria,
3447 4596 3558 4634 non
3599 4593 3652 4630 se
3685 4569 3843 4627 audeat

2205 4669 2495 4736 extollere,
2527 4686 2633 4725 nec
2661 4669 2957 4741 superbire
2989 4671 3243 4736 domino,
3280 4687 3388 4724 nec
3415 4669 3484 4723 iis
3510 4667 3638 4738 ipsis
3663 4675 3768 4733 qua?
3791 4653 3842 4708 ad

2205 4774 2262 4811 se
2287 4774 2388 4828 per
2415 4757 2602 4812 tinent
2630 4759 2840 4829 passim
2878 4764 3051 4831 atque
3080 4759 3456 4814 immoderate
3478 4757 3596 4830 luti.
3624 4752 3698 4807 Ad
3725 4747 3840 4802 illam

2204 4847 2358 4900 enim
2397 4846 2731 4902 vilissimam
2785 4852 3010 4918 partem
3049 4852 3294 4919 possunt
3331 4863 3398 4901 ea
3449 4843 3715 4916 pertinere
3745 4846 3841 4904 qui?

2202 4939 2568 5006 praetereunt.
2615 4935 2831 5000 Quibus
2869 4941 3062 4991 autem
3104 4941 3189 4990 est
3230 4936 3508 4990 memoria
3550 4922 3830 4986 necessaria,

2203 5023 2313 5077 nisi
2341 5025 2842 5094 praetereuntibus,
2887 5030 2944 5079 et
2967 5025 3130 5096 quasi
3158 5023 3513 5096 fugientibus
3553 5015 3744 5073 rebus?
3765 5008 3839 5103 Ille

2201 5111 2377 5183 igitur
2406 5113 2630 5182 sapiens
2653 5113 3016 5184 amplectitur
3041 5115 3244 5180 Deum,
3265 5128 3449 5184 eoque
3471 5106 3751 5182 perfruitur
3765 5111 3838 5168 qm

2203 5217 2430 5271 semper
2466 5205 2680 5268 manet,
2713 5218 2819 5256 nec
2847 5206 3207 5273 exspectatur
3235 5207 3297 5256 ut
3345 5201 3436 5265 sit,
3475 5215 3574 5253 nec
3614 5189 3836 5249 metuitur

2201 5304 2273 5343 ne
2305 5290 2468 5357 desit,
2501 5290 2598 5344 sed
2610 5307 2676 5344 eo
2697 5289 2820 5361 ipso
2837 5307 2950 5360 quo
2978 5307 3110 5345 vere
3139 5297 3240 5356 est,
3265 5305 3489 5360 semper
3517 5289 3597 5342 est
3617 5286 3833 5355 praesens.

2203 5379 2374 5434 Curat
2411 5382 2602 5434 autem
2622 5379 2934 5434 immobilis
2964 5385 3020 5435 et
3039 5379 3100 5434 in
3127 5397 3185 5435 se
3215 5395 3452 5434 manens
3476 5374 3611 5430 servi
3631 5368 3705 5424 sui
3725 5376 3834 5433 ίῐιιο·

2200 5467 2504 5522 dammodo
2543 5469 2854 5539 peculium,
2900 5473 2966 5524 ut
3017 5485 3084 5523 eo
3126 5474 3341 5540 tanqua
3383 5466 3531 5536 frugi
3560 5465 3613 5518 et
3639 5455 3832 5525 dilige“3

2197 5555 2448 5612 famulus
2478 5557 2624 5613 bene
2653 5561 2868 5627 utatur,
2898 5573 3185 5631 parceque
3214 5555 3515 5614 custodiat.
