4062 6188
154 320 257 371 997

219 445 274 495 7.
308 440 489 504 Quam
520 438 868 493 sententiam
913 438 1033 509 ejus
1073 455 1203 493 cum
1254 438 1635 494 admiratione
1667 441 1849 495 consi-

149 529 378 593 derans,
414 527 746 581 recordatus
776 544 903 581 sum
934 527 1183 597 idipsum
1233 528 1541 598 aliquando
1588 546 1679 583 me
1718 529 1851 582 bre-

148 618 297 670 viter
352 617 453 670 illo
503 616 770 670 audiente
830 615 1053 669 dixisse.
1104 618 1248 669 Tum
1297 617 1598 670 arridens:
1634 618 1853 671 Gratias

149 721 279 775 age,
313 706 573 775 inquam,
624 703 860 771 Licenti,
908 705 1041 757 huic
1088 720 1248 756 servo
1290 708 1410 769 tuo,
1448 704 1547 774 qui
1589 704 1694 757 tibi
1742 704 1853 757 nisi

147 795 371 864 aliquid
402 795 470 847 de
502 793 725 864 peculio
740 810 840 846 suo
857 793 1228 858 ministraret,
1259 810 1409 847 nunc
1441 794 1675 847 fortasse
1699 795 1850 864 quod

155 899 454 952 promeres
484 899 599 936 non
629 882 888 944 haberes,
912 883 1052 935 Nam
1067 881 1113 934 si
1145 882 1213 935 ad
1236 898 1361 935 eam
1382 888 1607 952 partem
1636 898 1850 936 memo-

149 972 235 1024 ria
268 971 533 1041 pertinet,
562 987 692 1041 quze
721 987 778 1023 se
825 972 979 1023 velut
1020 970 1294 1023 famulam
1324 971 1492 1024 bona;
1551 971 1731 1025 menti
1760 988 1851 1025 re-

147 1061 398 1129 gendam
429 1060 707 1127 concedit,
738 1058 862 1129 ipsa
908 1075 1060 1111 nunc
1092 1058 1319 1128 adjutus
1350 1075 1429 1125 es,
1476 1059 1617 1112 mihi
1663 1059 1849 1125 crede,

147 1152 214 1200 ut
239 1148 348 1200 hoc
370 1146 605 1200 diceres.
643 1149 786 1216 Ergo
819 1153 1126 1218 antequam
1154 1147 1226 1200 ad
1271 1147 1435 1201 illum
1466 1147 1727 1201 ordinem
1755 1164 1852 1201 re—

143 1236 337 1295 deam,
371 1251 560 1289 nonne
597 1234 702 1288 tibi
744 1235 966 1288 videtur
1010 1236 1097 1288 vel
1144 1240 1380 1305 propter
1428 1236 1583 1302 talia,
1634 1236 1691 1289 id
1741 1240 1845 1301 est,

143 1328 385 1393 propter
410 1323 677 1377 honestas
706 1340 769 1376 ac
800 1324 1142 1376 necessarias
1172 1323 1521 1392 disciplinas,
1576 1324 1854 1377 memoria

141 1427 294 1480 opus
325 1428 440 1464 esse
470 1410 757 1481 sapienti?
781 1411 948 1480 Quid,
981 1412 1192 1481 inquit.
1227 1412 1507 1465 memoria
1548 1428 1690 1482 opus
1742 1416 1848 1481 est,

141 1516 280 1552 cum
310 1516 508 1553 omnes
528 1516 655 1553 suas
685 1516 775 1553 res
803 1506 1110 1569 praesentes
1149 1500 1354 1553 habeat
1376 1516 1438 1553 ac
1468 1499 1701 1553 teneat?
1728 1501 1849 1552 Non

141 1589 305 1640 enim
338 1589 421 1640 vel
453 1588 511 1640 in
528 1588 651 1657 ipso
674 1603 862 1653 sensu,
893 1588 960 1641 ad
984 1587 1040 1641 id
1065 1588 1218 1657 quod
1245 1594 1375 1643 ante
1404 1589 1596 1642 oculos
1623 1595 1845 1641 nostros

140 1680 250 1739 est,
287 1675 349 1728 in
378 1675 657 1729 auxilium
688 1676 853 1730 nobis
880 1693 1149 1730 vocamus
1194 1678 1553 1732 memoriam.
1590 1677 1847 1749 Sapienti

139 1779 285 1833 ergo
312 1769 441 1817 ante
470 1764 599 1817 illos
627 1764 929 1818 interiores
985 1765 1309 1819 intellectus
1365 1767 1560 1819 oculos
1614 1766 1849 1820 habenti

138 1852 364 1918 omnia,
396 1852 453 1906 id
482 1857 584 1917 est,
618 1854 798 1906 Deum
838 1853 1029 1922 ipsum
1076 1855 1187 1907 fixe
1237 1854 1725 1924 immobiliterque
1764 1854 1847 1906 in-

133 1940 348 2005 tuenti,
384 1957 512 1994 cum
544 1958 656 2011 quo
677 1946 810 1995 sunt
839 1941 1033 1995 omnia
1064 1958 1190 2012 quae
1220 1942 1544 1995 intellectus
1573 1942 1728 1996 videt
1783 1958 1847 1994 ac

134 2028 414 2098 possidet,
445 2030 579 2099 quid
611 2046 755 2099 opus
777 2034 881 2092 est,
915 2047 1134 2101 quasso,
1152 2030 1433 2084 memoria
1451 2032 1480 2083 ?
1498 2030 1632 2084 Mihi
1654 2034 1847 2084 autem

133 2121 208 2170 ut
238 2133 384 2186 opus
414 2122 561 2171 esset
588 2119 657 2171 ad
687 2119 808 2171 haec
838 2128 967 2189 qua!
983 2119 1080 2172 abs
1109 2124 1165 2173 te
1196 2119 1491 2173 audieram
1522 2118 1842 2196 retinenda,

134 2206 404 2259 nondum
417 2222 541 2259 sum
560 2206 713 2259 illius
728 2207 929 2260 famuli
953 2207 1245 2273 dominus;
1263 2208 1358 2262 sed
1384 2207 1620 2262 eimodo
1642 2208 1842 2271 servio,

134 2293 316 2347 modo
350 2304 545 2364 pugno
576 2300 643 2348 ut
670 2311 787 2349 non
817 2296 1080 2362 serviam,
1104 2301 1159 2350 et
1187 2296 1348 2368 quasi
1378 2313 1469 2350 me
1497 2298 1680 2350 audeo
1702 2313 1845 2350 asse-

134 2399 270 2435 rere
297 2382 356 2435 in
386 2384 706 2437 libertatem
727 2400 935 2437 meam.
954 2385 1017 2438 Et
1042 2385 1088 2438 si
1108 2385 1249 2439 forte
1278 2386 1841 2457 aliquandoimpero,

133 2479 315 2545 atque
346 2475 703 2545 obtemperat
736 2476 898 2539 mihi,
948 2477 1194 2549 facitque
1253 2495 1400 2549 szepe
1447 2484 1649 2549 putare
1692 2479 1843 2549 quod

131 2563 401 2626 vicerim,
435 2563 496 2617 in
526 2564 653 2617 aliis
682 2581 881 2619 rursus
907 2566 1078 2619 rebus
1110 2566 1190 2619 ita
1229 2582 1347 2620 sese
1398 2568 1587 2637 erigit,
1630 2573 1694 2621 ut
1722 2568 1844 2637 ejus

130 2652 245 2705 sub
284 2652 527 2721 pedibus
557 2653 1001 2722 miserjaceam.
1053 2654 1457 2722 Quamobrem,
1503 2656 1729 2727 quando
1774 2656 1842 2710 de

130 2741 397 2811 sapiente
413 2740 747 2811 quaerimus,
769 2758 857 2795 me
876 2744 1005 2796 nolo
1021 2743 1305 2797 nomines.
1330 2746 1440 2797 Nec
1454 2760 1565 2809 me,
1580 2744 1839 2814 inquam.

128 2829 244 2883 Sed
271 2833 467 2883 tamen
496 2831 918 2900 numquidnam
958 2832 1185 2901 sapiens
1215 2832 1321 2885 iste
1358 2849 1489 2885 suos
1510 2838 1700 2902 potest
1744 2834 1843 2887 de-

127 2934 348 2985 serere,
379 2922 475 2971 aut
504 2919 621 2971 ullo
648 2924 835 2989 pacto,
866 2936 996 2972 cum
1026 2920 1134 2973 hoc
1178 2936 1383 2991 corpus
1430 2921 1567 2990 agit,
1621 2920 1681 2974 in
1726 2937 1839 2992 quo

126 3006 313 3059 istum
342 3006 623 3059 famulum
654 3023 757 3061 sua
788 3009 915 3078 lege
964 3008 1291 3063 devinctum
1329 3014 1504 3075 tenet,
1553 3008 1842 3080 relinquet

127 3095 394 3148 officium
426 3096 703 3149 beneficia
728 3097 1018 3150 tribuendi
1039 3098 1246 3167 quibus
1268 3103 1478 3167 potest,
1514 3103 1569 3151 et
1595 3098 1839 3151 maxime

127 3183 293 3253 quod
341 3184 411 3237 ab
460 3200 525 3236 eo
572 3184 1071 3238 vehementissime
1120 3186 1437 3256 flagitatur,
1499 3186 1839 3256 sapientiam

126 3272 323 3341 ipsam
354 3271 652 3325 docendi?
681 3272 839 3336 Quod
873 3289 1002 3325 cum
1030 3274 1183 3339 facit,
1224 3278 1289 3327 ut
1344 3291 1592 3344 congrue
1621 3274 1839 3340 doceat,

125 3358 691 3429 minusqueineptus
712 3359 802 3421 sit,
825 3366 1108 3430 praeparat
1128 3377 1278 3430 saepe
1311 3362 1552 3432 aliquid,
1586 3362 1737 3431 quod
1770 3378 1838 3415 ex

128 3447 517 3516 dispositione
540 3449 840 3517 eloquatur
870 3464 933 3501 ac
958 3448 1231 3519 disputet,
1247 3450 1395 3520 quod
1416 3450 1524 3503 nisi
1547 3450 1837 3504 memoriae

125 3535 646 3602 eommendaverit,
679 3542 876 3605 pereat
921 3553 1149 3590 necesse
1195 3542 1296 3592 est.
1348 3539 1493 3608 Ergo
1536 3539 1838 3592 autofficia

126 3624 554 3677 benevolentiae
583 3624 818 3693 negabis
850 3641 970 3678 esse
1014 3625 1303 3695 sapientis,
1342 3632 1440 3680 aut
1475 3627 1836 3681 conﬁteberis

122 3729 222 3765 res
255 3712 475 3782 aliquas
505 3712 775 3782 sapientis
809 3715 1087 3767 memoria
1134 3715 1439 3769 custodiri:
1496 3732 1566 3768 an
1594 3716 1834 3771 fortasse

123 3800 352 3870 aliquid
396 3816 629 3852 suarum
660 3817 856 3854 rerum
886 3818 1002 3855 non
1032 3808 1268 3873 propter
1320 3820 1377 3858 se
1426 3804 1680 3875 quidem,
1733 3806 1832 3859 sed

124 3895 373 3960 propter
416 3905 547 3942 suos
600 3889 709 3943 sibi
775 3894 970 3943 tamen
1035 3891 1415 3946 necessarium
1472 3895 1838 3947 commendat

122 3979 475 4032 servandum
515 3977 598 4031 illi
627 3979 866 4046 famulo,
906 3983 969 4033 ut
999 3979 1093 4033 ille
1124 3985 1395 4051 tanquam
1428 3983 1669 4048 sobrius,
1694 3988 1750 4036 et
1770 3999 1835 4036 ex

120 4067 352 4137 optima
380 4066 596 4119 domini
629 4067 952 4136 disciplina,
982 4084 1099 4122 non
1130 4070 1365 4139 quidem
1390 4072 1693 4137 custodiat,
1724 4071 1836 4125 nisi

121 4155 289 4225 quod
328 4160 566 4223 propter
596 4156 795 4209 stultos
825 4156 893 4209 ad
925 4156 1267 4225 sapientiam
1298 4160 1713 4228 perducendos,
1739 4160 1837 4214 sed

121 4242 289 4315 quod
345 4243 397 4295 ei
445 4247 636 4296 tamen
698 4243 795 4297 ille
843 4245 1279 4299 custodiendum
1328 4246 1669 4316 imperarit?
1727 4250 1836 4302 Nec

119 4330 370 4386 omnino
400 4332 553 4396 huic,
587 4332 796 4403 inquit,
826 4335 1215 4388 commendari
1246 4334 1564 4406 quidquam
1588 4336 1837 4390 arbitror

118 4438 156 4474 a
209 4421 509 4490 sapiente;
569 4421 853 4493 siquidem
893 4423 988 4477 ille
1040 4440 1267 4494 semper
1316 4426 1430 4478 Deo
1474 4425 1680 4479 infixus
1729 4430 1833 4492 est,

120 4510 250 4563 sive
296 4509 518 4575 tacitus,
570 4510 684 4563 sive
733 4528 862 4565 cum
910 4512 1236 4566 hominibus
1279 4513 1564 4583 loquens:
1602 4514 1698 4568 sed
1738 4514 1833 4569 ille

117 4614 330 4652 servus
348 4598 469 4668 jam
500 4599 645 4653 bene
678 4599 973 4654 institutus
1004 4600 1308 4671 diligenter
1348 4608 1533 4657 servat
1566 4604 1716 4674 quod
1745 4604 1833 4658 in-

117 4687 363 4742 terdum
394 4688 708 4759 disputanti
760 4689 991 4743 domino
1042 4696 1333 4761 suggerat,
1379 4696 1433 4745 et
1463 4693 1512 4746 ei
1560 4699 1834 4764 tanquam

104 4774 453 4857 justissima
475 4782 702 4846 gratum
732 4777 902 4831 faciat
939 4778 1191 4832 officium
1224 4796 1407 4842 suum,
1440 4782 1544 4835 sub
1575 4783 1736 4851 cujus
1775 4798 1832 4835 se

112 4864 286 4918 videt
311 4868 589 4933 potestate
620 4866 825 4919 vivere.
859 4867 926 4920 Et
957 4867 1065 4920 hoc
1110 4867 1240 4921 facit
1282 4884 1400 4922 non
1445 4869 1608 4940 quasi
1658 4870 1833 4924 ratio-

114 4952 399 5018 cinando,
434 4954 531 5007 sed
561 4971 787 5009 summa
816 4955 912 5009 illa
943 4956 1067 5025 lege
1089 4973 1429 5028 summoque
1458 4958 1656 5012 ordine
1677 4975 1833 5029 prae-

113 5042 434 5095 scribente.
472 5043 645 5111 Nihil,
671 5043 929 5114 inquam,
964 5062 1115 5098 nunc
1142 5046 1339 5098 resisto
1362 5046 1677 5100 rationibus
1698 5047 1830 5113 tuis,

109 5137 185 5185 ut
218 5130 377 5200 quod
423 5132 775 5202 suscepimus
824 5133 1017 5203 potius
1060 5134 1384 5204 peragatur.
1422 5136 1499 5188 De
1550 5135 1654 5188 isto
1698 5151 1830 5188 vero

112 5218 437 5288 diligenter
463 5222 951 5290 quemadmodum
973 5239 1093 5275 sese
1124 5223 1480 5290 habeat(non
1494 5223 1645 5276 enim
1658 5239 1831 5293 parva

110 5324 213 5361 res
241 5312 347 5373 est,
380 5312 481 5361 aut
512 5312 628 5361 tam
660 5326 834 5379 parvo
868 5327 1127 5364 sermone
1182 5316 1462 5378 contenta)
1511 5312 1830 5367 videbimus

112 5395 286 5461 alias,
321 5411 448 5449 cum
484 5397 631 5450 Deus
660 5397 781 5468 ipse
832 5398 1321 5469 opportunitatem
1351 5400 1551 5454 ordine
1591 5401 1828 5457 dederit.

374 5485 598 5539 CAPUT
639 5487 734 5542 Ill.
765 5517 832 5526 —-—
859 5488 1110 5543 Stultitia
1138 5503 1208 5541 an
1229 5504 1346 5542 cum
1366 5491 1469 5543 Deo
1498 5494 1589 5545 sit.

196 5574 259 5628 8.
315 5573 628 5629 Definitum
686 5580 771 5631 est
799 5580 991 5633 autem
1031 5576 1172 5648 quid
1219 5576 1291 5633 sit
1337 5594 1458 5635 esse
1505 5595 1635 5635 cum
1686 5579 1822 5636 Deo.

1602 317 1811 372 LIBER
1857 315 2241 373 SECUNDUS.

3560 329 3661 380 998

1964 443 2031 495 Et
2059 458 2189 495 cum
2221 459 2252 495 a
2280 458 2371 495 me
2400 442 2613 496 dictum
2644 448 2807 507 esset,
2841 444 2899 498 id
2929 461 3050 498 esse
3078 461 3208 499 cum
3240 448 3354 500 Deo
3385 448 3539 517 quod
3570 448 3660 502 in-

1964 531 2170 601 telligit
2197 532 2395 597 Deum,
2429 548 2522 585 vos
2566 532 2738 585 etaim
2780 534 2908 602 plus
2957 534 3261 603 adjecistis,
3315 540 3375 589 ut
3424 537 3503 590 ibi
3544 538 3660 592 sint

1963 619 2133 673 etiam
2166 621 2261 673 illa
2289 637 2417 690 quae
2447 621 2888 690 intelliguntura
2917 624 3327 692 sapiente.Qua
3354 625 3409 677 in
3441 642 3500 679 re
3516 628 3660 679 mul-

1961 713 2083 762 tum
2117 726 2205 762 me
2238 714 2426 763 movet
2458 711 2741 780 quomodo
2773 710 2959 763 subito
3010 728 3139 765 cum
3191 714 3302 766 Deo
3354 715 3657 768 stultitiam

1961 798 2386 851 collocaveritis.
2422 800 2563 851 Nam
2594 798 2641 851 si
2665 814 2795 851 cum
2827 800 2940 852 Deo
2983 804 3115 852 sunt
3144 816 3521 871 quaecumque
3562 804 3654 857 in-

1960 886 2168 956 telligit
2198 888 2443 957 sapiens,
2470 903 2573 940 nec
2596 888 2704 939 nisi
2722 887 3067 940 intellectam
3081 889 3383 942 stultitiam
3403 892 3655 960 effugere

1958 979 2185 1043 potest;
2218 975 2325 1029 erit
2360 976 2550 1041 etiam,
2597 976 2751 1046 quod
2794 976 2945 1029 dictu
2981 977 3137 1030 nefas
3196 982 3299 1045 est,
3353 979 3526 1047 pestis
3558 980 3656 1033 illa

1959 1079 2088 1115 cum
2122 1064 2253 1117 Deo.
2288 1065 2409 1127 Qua
2438 1064 2799 1117 conclusione
2830 1064 3122 1129 commoti,
3165 1082 3296 1118 cum
3328 1065 3387 1118 in
3427 1066 3656 1120 silentio

1961 1168 2019 1204 se
2047 1151 2404 1222 aliquantum
2435 1152 2787 1205 tenuissent:
2820 1153 3202 1222 Respondeat,
3235 1153 3422 1224 inquit
3455 1156 3661 1225 Tryge-

1960 1239 2095 1308 tius,
2128 1241 2299 1294 etiam
2330 1240 2425 1293 ille
2457 1241 2524 1294 de
2554 1241 2714 1311 cujus
2742 1241 2987 1294 adventu
3011 1241 3083 1294 ad
3113 1240 3280 1294 istam
3311 1242 3660 1312 disputatio-

1960 1345 2094 1381 nem
2125 1329 2610 1399 opportunissimo
2640 1345 2757 1381 non
2786 1344 2889 1382 nos
2910 1334 3049 1398 puto
3077 1333 3292 1383 temere
3316 1332 3654 1399 gratulatos.

1960 1418 2103 1469 Tum
2133 1417 2370 1487 Alypius
2404 1434 2416 1470 :
2450 1419 2599 1470 Deus
2647 1417 2905 1481 meliora,
2958 1417 3180 1487 inquit!
3225 1418 3464 1471 huccine
3516 1419 3659 1473 mihi

1957 1505 2190 1558 tandem
2220 1510 2443 1558 tantum
2474 1520 2664 1558 meum
2688 1504 2980 1557 silentium
3005 1504 3354 1573 parabatur?
3380 1504 3487 1558 Sed
3508 1505 3657 1559 irru-

1956 1598 2057 1662 pta
2078 1593 2199 1662 jam
2230 1592 2393 1663 quies
2424 1598 2526 1647 est.
2559 1595 2767 1647 Verum
2798 1608 2948 1646 nunc
2979 1593 3163 1646 enitar
3192 1593 3324 1645 huic
3340 1598 3653 1664 utcumque

1956 1681 2243 1750 rogationi
2271 1682 2614 1743 satisfacere,
2647 1698 2779 1735 cum
2810 1681 2953 1734 mihi
2983 1681 3140 1749 prius
3170 1680 3259 1735 vel
3307 1681 3367 1733 in
3396 1682 3657 1736 futurum

1954 1786 2318 1840 prospexero,
2352 1774 2407 1823 et
2436 1787 2467 1823 a
2504 1770 2664 1822 vobis
2692 1769 3071 1839 impetravero
3101 1775 3165 1822 ut
3211 1786 3242 1822 a
3273 1785 3363 1823 me
3411 1772 3659 1840 amplius

1955 1857 2065 1911 ista
2094 1858 2460 1928 responsione
2491 1858 2635 1910 nihil
2658 1857 2944 1926 flagitetis.
2978 1857 3144 1910 Nullo
3172 1858 3362 1924 modo,
3397 1859 3657 1929 inquam,

1954 1951 2059 2012 est,
2082 1947 2268 2017 Alypi,
2289 1945 2701 2000 benevolentiae
2719 1950 2889 2015 atque
2910 1945 3282 1999 humanitatis
3314 1951 3430 2000 tute
3462 1964 3655 2001 vocem

1954 2034 2114 2084 tuam
2146 2031 2395 2084 sermoni
2432 2038 2627 2083 nostro
2650 2029 2821 2083 etiam
2855 2029 3236 2083 desideratam
3268 2047 3502 2100 negare.
3545 2032 3655 2086 Sed

1953 2135 2129 2190 perge
2144 2120 2336 2186 modo,
2355 2120 2507 2189 quod
2535 2118 2833 2172 instituisti
2862 2118 3052 2183 efﬁce;
3076 2123 3302 2185 caetera,
3323 2124 3387 2172 ut
3400 2120 3521 2189 jam
3535 2137 3655 2174 sese

1953 2208 2128 2261 habet
2157 2209 2295 2261 ordo
2336 2208 2453 2274 ille,
2504 2207 2855 2277 provenient.
2909 2209 3088 2277 xEque
3128 2206 3271 2260 mihi
3319 2208 3388 2261 de
3432 2208 3653 2271 ordine,

1953 2295 2164 2367 inquit,
2196 2300 2328 2349 sunt
2354 2296 2636 2366 speranda
2664 2296 2923 2361 meliora,
2956 2296 3017 2349 in
3043 2296 3205 2365 cujus
3235 2296 3545 2350 assertione
3574 2298 3658 2351 in-

1953 2386 2119 2438 terim
2149 2402 2240 2439 me
2262 2384 2605 2439 substituere
2645 2383 2927 2439 voluistis.
2962 2384 3090 2450 Sed,
3124 2384 3185 2437 ni
3207 2384 3392 2451 fallor,
3445 2386 3518 2439 ob
3548 2386 3657 2439 hoc

1953 2473 2250 2527 stultitiam
2283 2475 2395 2527 Deo
2422 2473 2527 2527 ista
2559 2478 2657 2527 tua
2686 2474 3049 2527 conclusione
3091 2473 3160 2527 ab
3203 2473 3291 2527 his
3329 2476 3655 2544 copulatam

1952 2562 2184 2632 putasti,
2217 2562 2371 2632 quod
2403 2562 2665 2615 universa
2694 2579 2821 2632 quae
2850 2561 3121 2631 intelligit
3143 2562 3365 2632 sapiens
3387 2579 3515 2616 cum
3540 2565 3653 2617 Deo

1953 2666 2073 2704 esse
2104 2651 2387 2705 dixerunt.
2414 2651 2523 2704 Sed
2553 2650 2609 2703 id
2640 2655 2921 2721 quatenus
2951 2650 3349 2718 accipiendum
3382 2650 3472 2715 sit,
3502 2667 3655 2704 nunc

1952 2740 2157 2793 omitto
2184 2760 2198 2806 ;
2229 2745 2385 2793 tuam
2399 2739 2558 2792 illam
2571 2738 3061 2792 ratiocinationem
3082 2739 3382 2809 paululum
3396 2739 3648 2792 adverte.

1954 2826 2154 2881 Dixisti
2184 2827 2399 2897 quippe
2424 2844 2438 2880 :
2461 2828 2603 2881 Nam
2634 2828 2679 2879 si
2708 2844 2838 2880 cum
2864 2828 2975 2880 Deo
3005 2832 3137 2879 sunt
3158 2842 3538 2896 quascumque
3560 2827 3647 2879 in-

1949 2916 2156 2987 telligit
2182 2917 2426 2986 sapiens,
2456 2915 2682 2970 necnisi
2710 2916 3054 2969 intellectam
3069 2915 3369 2968 stultitiam
3398 2914 3649 2985 effugere

1949 3010 2151 3075 potest.
2187 3005 2357 3069 Quasi
2376 2987 2514 3058 vero
2544 3004 2684 3058 illud
2714 3004 3018 3057 obscurum
3050 3003 3139 3067 sit,
3169 3008 3479 3073 antequam
3501 3004 3638 3056 stul-

1949 3094 2134 3148 titiam
2164 3094 2405 3165 quisque
2434 3093 2596 3160 vitet,
2630 3092 2902 3163 sapientis
2936 3109 3068 3146 eum
3095 3092 3329 3146 nomine
3376 3109 3493 3146 non
3523 3109 3644 3146 esse

1947 3183 2312 3235 censendum.
2348 3183 2412 3235 Et
2437 3181 2651 3235 dictum
2683 3187 2789 3249 est,
2820 3198 2852 3233 a
2881 3181 3135 3251 sapiente
3178 3181 3466 3234 intellecta
3514 3197 3636 3234 esse

1948 3288 2079 3325 cum
2110 3273 2243 3325 Deo.
2265 3272 2405 3325 Cum
2426 3270 2599 3339 igitur
2611 3269 2890 3323 evitandae
2918 3269 3173 3323 stultitiae
3186 3270 3369 3340 gratia
3386 3270 3648 3323 eamdem

1946 3359 2245 3413 stultitiam
2276 3358 2519 3428 quisque
2540 3357 2826 3427 intelligit,
2852 3358 3104 3412 nondum
3126 3364 3209 3411 est
3238 3358 3481 3427 sapiens.
3508 3358 3651 3412 Cum

1950 3452 2138 3502 autem
2172 3448 2394 3518 sapiens
2423 3447 2613 3511 fuerit,
2648 3463 2765 3500 non
2803 3446 2953 3500 inter
2982 3464 3049 3500 ea
3077 3463 3206 3516 qua:
3237 3447 3332 3500 ille
3374 3447 3649 3516 intelligit

1949 3537 2187 3591 stultitia
2216 3536 2571 3589 numeranda
2600 3540 2707 3590 est.
2746 3536 3129 3599 Quamobrem
3145 3535 3417 3605 quoniam
3431 3552 3497 3588 ea
3519 3552 3652 3588 con-

1940 3626 2140 3695 juncta
2168 3630 2297 3678 sunt
2328 3626 2464 3691 Deo,
2510 3641 2638 3694 quze
2660 3624 2781 3693 jam
2830 3624 3056 3694 sapiens
3094 3622 3383 3693 intelligit,
3432 3626 3584 3677 recte
3615 3632 3648 3676 a

1949 3715 2063 3767 Deo
2098 3712 2339 3767 stultitia
2378 3712 2713 3765 secernitur.

2017 3806 2063 3855 9.
2095 3804 2271 3855 Acute
2303 3801 2554 3872 quidem,
2584 3801 2845 3870 inquam,
2876 3804 2942 3853 ut
2972 3799 3139 3868 soles,
3162 3799 3351 3870 Alypi,
3400 3816 3649 3870 respon-

1946 3891 2211 3962 distinsed
2239 3894 2513 3961 tanquam
2542 3889 2602 3942 in
2633 3889 2847 3943 alienas
2876 3894 3068 3943 trusus
3100 3888 3411 3959 angustias.
3431 3890 3646 3944 Tamen

1946 3980 2099 4051 quia,
2124 3984 2188 4033 ut
2215 3980 2478 4045 arbitror,
2509 3978 2693 4031 adhuc
2724 3994 2946 4031 mecum
2977 3978 3185 4031 stultus
3214 3994 3335 4031 esse
3365 3978 3644 4048 dignaris,

1946 4070 2079 4141 quid
2108 4070 2379 4123 faciemus
2401 4070 2447 4122 si
2469 4068 2721 4139 aliquem
2743 4068 3138 4122 nanciscamur
3176 4069 3516 4139 sapientem,
3547 4071 3648 4140 qui

1945 4175 2048 4212 nos
2080 4163 2231 4213 tanto
2245 4159 2395 4211 malo
2411 4157 2666 4211 docendo
2695 4173 2758 4210 ac
2788 4157 3134 4227 disputando
3156 4157 3647 4211 libenterliberet?

1945 4247 2087 4300 Nam
2104 4246 2249 4300 nihil
2281 4262 2413 4299 eum
2436 4245 2618 4314 prius,
2635 4249 2915 4315 quantum
2939 4246 3205 4311 arbitror,
3236 4245 3643 4314 deprecaturus

1944 4348 2091 4399 sum,
2126 4331 2234 4385 nisi
2268 4336 2331 4385 ut
2357 4331 2500 4384 mihi
2529 4331 2791 4384 ostendat
2820 4348 2949 4401 quze
2980 4332 3070 4397 sit,
3117 4331 3257 4401 quid
3312 4331 3402 4395 sit,
3456 4330 3642 4400 qualis

1944 4421 2017 4474 sit
2045 4420 2279 4474 omnino
2310 4419 2564 4473 stultitia.
2598 4421 2674 4473 De
2700 4424 2756 4474 te
2784 4420 2939 4474 enim
2969 4436 3087 4473 non
3116 4419 3282 4473 facile
3316 4419 3641 4473 affirmave-

1942 4510 2087 4577 rim;
2121 4525 2212 4563 me
2243 4513 2437 4562 tamen
2464 4511 2689 4562 tantum
2720 4513 2777 4563 et
2804 4512 2920 4562 tam
2953 4508 3052 4562 diu
3085 4506 3324 4573 detinet,
3360 4512 3640 4576 quantum

1944 4603 2002 4653 et
2031 4615 2200 4669 quam
2234 4596 2330 4652 diu
2371 4615 2403 4651 a
2434 4614 2525 4652 me
2554 4614 2671 4652 non
2702 4597 3068 4666 intelligitur.
3116 4595 3381 4649 Dicturus
3402 4599 3486 4649 est
3507 4613 3644 4667 ergo

1941 4685 2058 4752 ille,
2088 4690 2402 4753 teauctore
2437 4702 2449 4739 :
2487 4687 2555 4741 Ut
2581 4687 2689 4740 hoc
2718 4702 2816 4739 vos
2856 4685 3138 4749 docerem,
3173 4684 3404 4754 quando
3437 4686 3645 4739 stultus

1942 4791 2097 4828 eram
2129 4776 2196 4829 ad
2219 4791 2309 4829 me
2341 4776 2531 4829 venire
2562 4773 2837 4829 debuistis
2863 4791 2875 4840 ;
2910 4773 3080 4827 modo
3110 4778 3303 4827 autem
3332 4791 3432 4829 vos
3472 4776 3641 4829 vestri

1941 4863 2201 4933 magistri
2228 4880 2346 4918 esse
2374 4863 2632 4935 poteritis
2663 4878 2676 4915 :
2709 4878 2840 4915 nam
2874 4878 2979 4930 ego
3021 4861 3141 4931 jam
3193 4862 3492 4917 stultitiam
3520 4880 3641 4917 non

1940 4953 2218 5024 intelligo.
2250 4952 2411 5018 Quod
2444 4951 2675 5023 quidem
2704 4950 2772 5004 ab
2806 4967 2872 5004 eo
2899 4951 2946 5003 si
2970 4950 3384 5018 audirem,non
3414 4968 3643 5006 vererer

1941 5043 2247 5096 admonere
2279 5041 2575 5095 hominem
2606 5044 2667 5093 ut
2696 5055 2886 5093 comes
2910 5039 3076 5095 nobis
3128 5041 3310 5106 fieret,
3353 5040 3641 5110 simulque

1939 5132 2281 5201 magistrum
2293 5130 2469 5184 alium
2484 5144 2891 5199 quaereremus.
2912 5128 3144 5183 Utenim
3157 5130 3325 5199 plene
3339 5128 3641 5182 stultitiam

1939 5236 2058 5273 non
2090 5220 2369 5290 intelligo,
2400 5218 2564 5272 video
2592 5222 2785 5272 tamen
2821 5218 2960 5271 nihil
2981 5218 3354 5289 responsione
3384 5217 3488 5269 hac
3518 5231 3639 5269 esse

1940 5308 2190 5363 stultius.
2222 5308 2331 5362 Sed
2361 5307 2598 5377 pudebit
2626 5324 2758 5361 eum
2788 5307 3025 5361 fortasse
3056 5308 3136 5361 ita
3188 5323 3292 5360 nos
3336 5310 3435 5359 aut
3463 5304 3638 5357 relin-

1939 5414 2133 5469 quere,
2165 5402 2263 5451 aut
2293 5396 2476 5467 sequi.
2516 5396 2836 5467 Disputabit
2866 5408 3001 5468 ergo
3032 5400 3087 5451 et
3128 5392 3494 5465 exaggerahit
3539 5408 3639 5444 co-

1938 5486 2257 5559 piosissime
2286 5485 2540 5539 stultitia:
2570 5486 2739 5540 mala.
2774 5486 2886 5540 Nos
2915 5490 3108 5540 autem
3135 5484 3280 5537 bene
3305 5480 3469 5535 nobis
3495 5496 3639 5550 pro-

1939 5578 2216 5645 videntes,
2250 5580 2348 5632 aut
2376 5575 2676 5631 audiemus
2706 5579 2921 5632 attente
2950 5573 3251 5631 hominem
3286 5568 3640 5627 nescientem
