4062 6188
474 289 576 339 999

473 418 602 474 quae
627 401 912 472 loquatur,
945 402 1042 452 aut
1069 395 1367 450 credemus
1395 407 1528 446 eum
1559 388 1615 443 id
1645 387 1799 457 quod
1812 402 1924 440 non
1953 384 2166 438 intelli-

473 473 558 562 git
584 489 748 554 scire,
772 493 871 542 aut
899 487 1085 541 adhuc
1117 486 1232 538 Deo
1264 483 1660 549 susceptorum
1689 479 1921 528 tuorum
1948 473 2166 526 ratione

474 561 714 633 stultitia
743 577 1119 649 copulataest.
1138 571 1291 625 Nihil
1314 573 1504 622 autem
1533 562 1894 634 superiorum
1916 561 2167 630 estquod

471 668 640 722 video
671 647 831 738 posse
863 661 1106 718 defendi.
1159 661 1353 712 Restat
1399 655 1595 726 igitur,
1629 651 1785 722 quod
1834 666 1947 704 non
1976 647 2166 714 vultis,

473 760 811 811 extremum.
849 753 1152 819 Nunquam
1185 751 1260 811 te,
1306 742 1514 814 inquit,
1562 739 1823 794 invidum
1853 751 2164 790 senseram.

475 846 616 898 Nam
646 842 692 894 si
733 841 800 894 ab
831 839 973 903 istis,
996 841 1059 890 ut
1083 835 1241 898 dicis,
1279 830 1554 901 susceptis
1577 829 1892 900 quidquam
1917 827 2167 880 honora-

476 932 563 996 rii,
598 934 659 984 ut
686 925 1230 996 solet,accepissem,
1253 921 1394 976 dum
1411 916 1862 974 ratiocinationis
1879 914 2050 984 hujus
2081 913 2165 967 ni-

473 1020 654 1074 mium
687 1023 854 1072 tenax
867 1031 946 1083 es,
973 1014 1028 1068 id
1052 1013 1132 1067 eis
1154 1011 1324 1066 modo
1336 1009 1573 1063 reddere
1605 1022 1856 1078 cogerer.
1877 1004 2060 1068 Quare
2083 1016 2169 1069 vel

472 1111 580 1164 hoc
601 1104 854 1162 contenti
882 1103 1015 1168 sint,
1043 1102 1193 1172 quod
1211 1117 1301 1154 me
1315 1105 1498 1154 tecum
1518 1097 1809 1151 laborante
1826 1110 1940 1148 non
1965 1107 2170 1163 parum

474 1197 555 1251 eis
581 1196 650 1250 ad
664 1192 1100 1264 excogitandum
1117 1188 1389 1258 temporis
1409 1186 1566 1251 dedi;
1588 1185 1694 1246 vel,
1716 1183 1761 1236 si
1789 1181 1919 1235 victi
1945 1178 2171 1250 patroni

475 1285 634 1339 nulla
666 1280 900 1354 quidem
932 1295 1034 1332 sua
1064 1278 1232 1345 culpa
1257 1273 1492 1328 consilio
1541 1271 1785 1325 libenter
1832 1268 2167 1328 auscultant,

474 1377 531 1426 et
558 1372 619 1425 in
648 1371 756 1424 hoc
771 1370 892 1439 jam
920 1365 1026 1420 tibi
1056 1365 1277 1428 cedant,
1309 1367 1365 1416 et
1402 1361 1516 1414 sint
1540 1360 1600 1413 in
1629 1357 1846 1412 caeteris
1876 1355 2167 1409 cactiores.

550 1463 634 1514 lO.
670 1460 793 1513 Non
824 1459 1210 1517 contemnam,
1240 1451 1495 1520 inquam,
1546 1447 1699 1518 quod
1729 1446 1786 1499 in
1833 1448 1932 1499 tua
1977 1443 2170 1496 defen-

479 1544 637 1598 sione
664 1539 964 1612 Trygetius
994 1536 1182 1591 nescio
1215 1535 1351 1607 quid
1381 1534 1550 1587 etiam
1596 1534 1956 1602 perstrepens
1984 1528 2169 1582 dicere

477 1630 763 1702 cupiebat,
823 1627 1141 1696 faciamque
1181 1625 1332 1678 bona
1387 1626 1485 1675 tua
1532 1619 1887 1673 veniaznam
1935 1616 2170 1669 fortasse

475 1737 590 1775 non
603 1717 1068 1773 beneinstructus
1093 1729 1172 1774 es,
1205 1711 1304 1783 qui
1329 1725 1528 1764 recens
1547 1708 1682 1762 huic
1702 1705 1932 1776 negotio
1967 1719 2169 1775 super-

473 1807 698 1874 venisti,
754 1809 820 1858 ut
870 1807 1087 1856 remoto
1138 1797 1454 1869 patrocinio
1508 1796 1657 1867 ipsos
1717 1809 1946 1848 causam
2007 1808 2171 1846 suam

472 1897 812 1967 peragentes
844 1890 1073 1945 audiam
1103 1887 1404 1958 patienter,
1435 1888 1497 1939 ut
1521 1901 1824 1954 coeperam.
1861 1883 2004 1936 Tum
2031 1882 2170 1950 Try-

473 1985 682 2056 getius,
738 1979 990 2036 Licentio
1037 1992 1270 2048 prorsus
1326 1975 1559 2028 absente
1593 1989 1605 2026 :
1634 1971 1930 2035 Quomodo
1977 1969 2168 2035 vultis,

470 2055 679 2144 inquit,
712 2069 948 2138 accipite
980 2071 1036 2120 et
1061 2065 1242 2120 ridete
1272 2061 1573 2117 stultitiam
1603 2075 1810 2114 meam.
1856 2059 1979 2112 Non
2027 2055 2172 2110 mihi

471 2143 699 2216 videtur
750 2158 956 2214 debere
1003 2154 1113 2208 dici
1171 2153 1488 2216 intelectus,
1521 2165 1634 2220 quo
1683 2143 2170 2216 intelligituripsa

474 2248 730 2314 stultitia,
761 2263 890 2317 quae
921 2261 1034 2299 non
1082 2240 1440 2312 intelligendi
1488 2239 1576 2292 vel
1620 2237 1739 2290 sola
1791 2235 1879 2288 vel
1922 2232 2172 2287 maxima

473 2353 643 2392 causa
671 2340 772 2390 est.
809 2335 933 2388 Non
963 2332 1146 2400 facile,
1179 2331 1436 2401 inquam,
1463 2342 1658 2380 recuso
1688 2323 1838 2378 istud
1893 2321 2167 2392 accipere.

472 2424 741 2490 Quamvis
772 2422 927 2477 enim
954 2438 1043 2476 me
1074 2420 1321 2474 multum
1354 2420 1597 2484 moveat,
1631 2413 1784 2484 quod
1828 2410 1999 2466 sentit
2039 2409 2170 2480 Aly-

471 2512 623 2582 pius,
656 2509 945 2582 quomodo
976 2513 1126 2563 recte
1154 2507 1334 2578 possit
1364 2504 1605 2576 quisque
1647 2503 1850 2557 docere
1893 2498 2078 2572 qualis
2102 2498 2173 2551 sit

473 2618 566 2656 res
604 2617 778 2672 quam
809 2616 925 2653 non
968 2596 1260 2668 intelligit,
1313 2599 1704 2666 quantamque
1748 2589 1929 2645 menti
1972 2587 2174 2642 afferat

470 2690 786 2763 perniciem
816 2688 971 2760 quod
997 2691 1189 2741 mente
1220 2702 1334 2738 non
1365 2683 1542 2748 videt;
1564 2698 1698 2736 nam
1711 2681 1767 2735 id
1785 2679 1979 2750 utique
1996 2682 2174 2730 atten-

471 2780 629 2846 dens,
663 2779 815 2849 quod
845 2783 909 2832 tu
931 2774 1118 2831 dixisti
1147 2774 1333 2828 dicere
1362 2776 1445 2826 est
1473 2770 1704 2836 veritus,
1740 2785 1870 2822 cum
1902 2767 1955 2820 ei
1977 2766 2049 2820 sit
2068 2765 2174 2818 ista

471 2869 644 2924 etiam
669 2869 738 2922 de
750 2867 1046 2921 doctorum
1069 2863 1228 2918 libris
1251 2866 1379 2916 nota
1397 2859 1916 2916 sententiaztamen
1943 2870 2172 2909 sensum

472 2958 662 3028 ipsum
689 2955 1056 3010 considerans
1069 2951 1338 3023 corporis,
1361 2965 1496 3004 nam
1513 2953 1571 3003 et
1584 2948 1688 3002 isto
1709 2948 1831 3018 ipso
1848 2945 2039 2999 anima
2059 2943 2170 2997 uti-

469 3051 649 3112 tur,et
665 3045 792 3114 ipsa
805 3044 923 3098 sola
935 3047 1160 3098 estcum
1177 3040 1464 3094 intellectu
1481 3037 1913 3109 qualiscumque
1925 3032 2169 3098 collatio,

471 3135 722 3188 adducor
754 3134 819 3185 ut
853 3131 1038 3184 dicam
1095 3128 1388 3182 neminem
1440 3142 1606 3196 posse
1662 3124 1854 3178 videre
1890 3121 2169 3175 tenebras.

473 3220 880 3284 Quamobrem,
915 3219 961 3271 si
991 3216 1172 3270 menti
1197 3217 1302 3270 hoc
1323 3219 1409 3269 est
1434 3213 1774 3283 intelligere,
1806 3209 1961 3281 quod
1983 3207 2174 3262 sensui

473 3309 688 3374 videre,
715 3311 770 3361 et
793 3307 928 3360 licet
955 3304 1199 3376 quisque
1228 3303 1406 3357 oculis
1435 3302 1668 3372 apertis,
1701 3299 1874 3365 sanis,
1899 3297 2172 3370 purisque

473 3399 566 3465 sit,
599 3397 790 3452 videre
819 3399 1014 3450 tamen
1045 3393 1309 3448 tenebras
1350 3407 1467 3444 non
1503 3394 1728 3461 potest;
1761 3403 1877 3442 non
1928 3385 2172 3441 absurde

475 3486 704 3554 dicitur,
730 3483 974 3554 intelligi
991 3498 1103 3536 non
1122 3497 1285 3552 posse
1315 3477 1644 3544 stultitiam;
1670 3493 1803 3531 nam
1832 3475 2018 3530 nullas
2036 3473 2173 3528 alias

473 3575 682 3630 mentis
711 3573 974 3627 tenebras
1003 3570 1390 3626 nominamus.
1427 3569 1537 3622 Nec
1558 3568 1680 3638 jam
1712 3566 1856 3621 illud
1902 3565 2170 3632 movebit,

473 3663 764 3736 quomodo
795 3661 1032 3716 stultitia
1055 3659 1229 3732 possit
1255 3673 1372 3712 non
1403 3657 1687 3711 intellecta
1712 3654 1895 3710 vitari.
1922 3656 1992 3709 Ut
2021 3652 2174 3708 enim

473 3753 650 3808 oculis
677 3751 942 3805 tenebras
969 3749 1212 3803 vitamus
1243 3764 1309 3802 eo
1339 3747 1461 3815 ipso
1502 3762 1615 3817 quo
1645 3745 1917 3799 nulumus
1943 3759 2061 3796 non
2087 3741 2176 3795 vi-

478 3841 659 3896 dere:
692 3839 771 3892 sic
801 3837 1066 3909 quisquis
1091 3837 1242 3890 volet
1286 3835 1463 3888 vitare
1507 3833 1830 3901 stultitiam,
1877 3848 1996 3885 non
2049 3846 2175 3884 eam

477 3933 716 3984 conetur
745 3925 1096 3996 intelligere;
1129 3925 1226 3978 sed
1259 3939 1325 3976 ea
1355 3938 1482 3992 quas
1500 3928 1741 3992 possunt
1775 3920 2042 3990 intelligi,
2073 3934 2176 3988 per

475 4018 625 4073 hanc
655 4032 714 4070 se
741 4031 860 4069 non
886 4013 1209 4083 intelligere
1240 4012 1465 4078 doleat;
1491 4026 1731 4080 eamque
1749 4009 1858 4063 sibi
1887 4025 2004 4062 esse
2035 4023 2176 4079 prae-

476 4110 722 4171 sentem,
745 4121 860 4158 non
894 4119 1006 4174 quo
1031 4103 1213 4172 ipsam
1243 4101 1424 4172 magis
1455 4099 1744 4169 intelligit,
1777 4099 1872 4153 sed
1917 4114 2028 4169 quo
2067 4096 2178 4152 alia

485 4196 675 4250 minus
703 4193 994 4264 intelligit,
1025 4196 1250 4246 sentiat.

483 4302 709 4358 CAPUT
765 4301 853 4354 IV.
1003 4300 1129 4365 Qua
1171 4299 1322 4351 homo
1360 4312 1647 4367 perperam
1676 4298 1813 4362 agit,
1870 4311 1943 4349 an
1989 4295 2178 4349 ordine

553 4395 703 4459 agat.
728 4390 880 4444 Mala
928 4392 987 4442 in
1025 4387 1267 4442 ordinem
1296 4386 1518 4440 redacta
1569 4387 1785 4452 faciunt
1828 4384 1903 4438 ad
1940 4384 2179 4439 decorem

546 4480 808 4533 universi.

554 4579 642 4630 il.
675 4575 782 4630 Sed
817 4575 887 4629 ad
909 4573 1171 4628 ordinem
1209 4571 1527 4638 redeamus,
1559 4574 1624 4624 ut
1676 4570 1841 4624 nobis
1871 4569 2178 4641 aliquando

480 4663 760 4718 reddatur
791 4661 1096 4717 Licentius.
1129 4661 1274 4715 Illud
1303 4660 1456 4714 enim
1480 4660 1601 4729 jam
1631 4673 1697 4713 ex
1727 4659 1883 4713 vobis
1923 4659 2176 4730 requiro,

483 4757 682 4806 utrum
707 4767 1083 4822 quaecumque
1114 4750 1233 4820 agit
1263 4749 1487 4816 stultus,
1517 4747 1715 4803 ordine
1735 4747 1893 4802 vobis
1914 4765 2081 4818 agere
2102 4748 2178 4802 vi-

486 4841 706 4896 deatur.
744 4839 886 4892 Nam
916 4839 1101 4893 videte
1144 4837 1366 4909 rogatio
1397 4853 1539 4908 quos
1584 4837 1819 4907 laqueos
1867 4837 2092 4891 habeat.
2123 4836 2181 4892 Si

487 4928 700 4984 ordine
733 4927 1013 4994 dixeritis,
1045 4927 1147 4982 ubi
1175 4927 1283 4981 erit
1311 4925 1410 4979 illa
1462 4924 1739 4985 definitio,
1781 4925 1933 4979 Ordo
1957 4929 2041 4979 est
2065 4941 2179 4996 quo

489 5021 640 5074 Deus
672 5017 794 5089 agit
823 5017 1017 5071 omnia
1047 5033 1176 5088 qua:
1205 5020 1372 5082 sunt;
1403 5015 1449 5069 si
1470 5015 1641 5069 etiam
1662 5014 1869 5068 stultus
1895 5030 2024 5084 qua;
2040 5014 2179 5084 agit,

487 5106 606 5177 agit
636 5105 836 5160 ordine
858 5107 888 5158 ?
926 5105 984 5158 Si
1014 5110 1206 5158 autem
1236 5103 1375 5157 ordo
1405 5119 1521 5158 non
1547 5107 1631 5157 est
1659 5101 1718 5156 in
1749 5101 1819 5156 iis
1851 5118 1980 5172 quae
2007 5117 2183 5172 agun-

483 5202 580 5251 tur
605 5195 673 5249 ab
695 5195 891 5261 stulto,
929 5191 1263 5262 eritaliquid
1295 5193 1445 5262 quod
1468 5192 1608 5246 ordo
1640 5207 1753 5245 non
1775 5195 1964 5244 teneat
1995 5207 2008 5246 :
2038 5207 2180 5246 neu-

490 5291 647 5340 trum
676 5289 868 5339 autem
899 5281 1093 5335 vultis.
1127 5281 1344 5347 Videte,
1376 5297 1592 5351 quasso,
1633 5296 1706 5334 ne
1757 5285 1959 5335 cuncta
2003 5280 2182 5350 ipsius

486 5373 708 5428 ordinis
740 5371 1068 5427 defensione
1096 5369 1352 5424 turbelis.
1389 5369 1489 5425 Hic
1518 5370 1655 5424 item
1687 5370 2001 5441 Trygetius,
2049 5385 2182 5422 nam

485 5463 584 5516 ille
614 5463 757 5516 alter
786 5458 1216 5516 adhucomnino
1228 5458 1433 5513 absens
1455 5459 1810 5514 eratzFacile
1832 5463 1936 5525 est,
1967 5457 2178 5529 inquit,

485 5548 620 5604 huic
648 5548 884 5618 quidem
910 5547 1256 5619 respondere
1285 5545 1666 5618 complexioni
1686 5550 1833 5615 tuae;
1864 5546 1962 5603 sed
1997 5562 2091 5604 me
2119 5545 2182 5602 in

1753 270 1845 324 DE
1883 267 2172 332 ORDINE,
2214 263 2272 321 s.
2313 263 2700 362 AUGUSTlNI

2279 383 2580 454 praesentia
2611 381 2929 438 similitudo
2978 382 3189 449 deficit,
3241 398 3356 454 qua
3401 385 3698 442 sententiam
3738 405 3871 446 meam

2279 472 2444 526 video
2475 471 2648 526 asseri
2677 470 3063 541 illustrarique
3095 470 3330 526 debere.
3361 471 3558 526 Tamen
3586 473 3742 529 dicam
3767 480 3872 548 quod

2280 563 2500 629 sentio;
2530 562 2697 616 facies
2727 562 2879 616 enim
2915 566 2971 616 tu
3005 562 3156 633 quod
3205 561 3377 632 paulo
3420 567 3538 617 ante
3578 565 3747 620 fecisti.
3791 569 3874 623 Non

2276 652 2428 706 enim
2458 651 2555 704 illa
2570 650 3045 704 commemoratio
3071 649 3434 704 tenebrarum
3465 651 3530 705 ad
3550 651 3601 705 id
3623 653 3752 722 quod
3775 673 3873 710 ame

2279 739 2604 794 involutum
2634 740 2920 810 prolatum
2941 742 3080 805 erat,
3104 755 3311 809 parum
3337 738 3493 792 nobis
3510 740 3872 796 attulitluminis.

2282 829 2539 899 Namque
2569 827 2756 882 omnis
2793 827 2910 881 vita
2941 828 3266 893 stultorum,
3290 827 3539 897 quamvis
3562 843 3650 898 per
3675 845 3750 882 eos
3771 829 3874 900 ipsos

2279 916 2518 970 minime
2537 922 2801 971 constans
2832 916 3187 987 minimeque
3214 915 3467 969 ordinata
3492 914 3574 981 sit,
3595 917 3874 986 perdiviuam

2277 1011 2470 1060 tamen
2517 1005 2936 1076 providentiam
2985 1004 3304 1059 necessario
3326 1019 3509 1058 rerum
3537 1003 3711 1058 ordine
3744 1005 3875 1059 inclu-

2279 1096 2456 1162 ditur,
2489 1099 2544 1148 et
2581 1095 2746 1166 quasi
2766 1094 3110 1165 quibusdam
3138 1092 3276 1146 locis
3306 1091 3402 1145 illa
3431 1091 3680 1145 ineffabili
3704 1096 3748 1145 et
3777 1111 3871 1146 sem~

2279 1183 2503 1253 piterna
2528 1184 2653 1253 lege
2685 1179 2991 1253 dispositis,
3037 1179 3194 1232 nullo
3241 1179 3408 1232 modo
3449 1195 3562 1232 esse
3596 1179 3783 1242 sinitur,
3813 1180 3875 1232 ubi

2280 1289 2399 1325 esse
2430 1287 2545 1325 non
2574 1269 2760 1324 debet.
2797 1269 2880 1321 lta
2905 1267 2970 1320 lit
3002 1271 3065 1320 ut
3094 1272 3334 1336 angusto
3366 1266 3548 1320 animo
3572 1265 3727 1337 ipsam
3754 1266 3877 1320 solam

2281 1361 2525 1431 quisque
2556 1357 2946 1422 considerans,
2978 1355 3152 1409 veluti
3181 1371 3393 1425 magna
3418 1371 3743 1425 repercussus
3767 1355 3876 1408 foedi-

2285 1455 2396 1504 tate
2424 1453 2743 1502 aversetur.
2784 1445 2843 1500 Si
2869 1450 3057 1499 autem
3086 1443 3294 1497 mentis
3326 1443 3511 1497 oculos
3550 1443 3744 1513 erigens
3763 1448 3878 1512 atque

2282 1540 2628 1605 diffundens,
2657 1537 2827 1592 simul
2860 1535 3124 1590 universa
3165 1534 3474 1599 collustret,
3507 1533 3637 1587 nihil
3665 1550 3758 1586 non
3781 1532 3879 1586 ordi-

2282 1635 2506 1696 natum,
2534 1628 2766 1698 suisque
2799 1640 3026 1696 semper
3051 1621 3224 1677 veluti
3247 1623 3470 1677 sedibus
3496 1621 3783 1676 distinctum

2281 1718 2651 1789 positumque
2680 1714 2948 1787 reperiet.

2360 1808 2441 1859 12.
2475 1805 2652 1869 Quam
2683 1819 2912 1873 magna,
2936 1801 3193 1872 inquam,
3220 1815 3394 1869 quam
3421 1797 3560 1851 mira
3585 1795 3710 1850 mihi
3723 1811 3800 1866 per
3816 1811 3878 1847 vos

2285 1896 2432 1949 Deus
2459 1894 2575 1960 ille,
2608 1897 2778 1963 atque
2810 1892 2952 1961 ipse,
2985 1894 3050 1944 ut
3080 1887 3262 1958 magis
3283 1886 3571 1957 magisque
3598 1884 3787 1938 credere
3814 1882 3878 1935 ad-

2284 1983 2481 2049 ducor,
2511 1998 2704 2035 rerum
2735 1979 2928 2034 nescio
2984 1977 3112 2049 quis
3154 1977 3408 2030 occultus
3438 1975 3570 2029 ordo
3622 1971 3874 2042 respondet!

2281 2074 2422 2126 Nam
2443 2088 2510 2125 ea
2538 2071 2724 2125 dicitis
2753 2085 2880 2140 qua:
2911 2084 3014 2121 nec
3046 2065 3336 2138 quomodo
3395 2064 3642 2118 dicantur
3669 2076 3763 2114 non
3784 2058 3878 2120 visa,

2284 2177 2388 2214 nec
2417 2159 2708 2232 quomodo
2739 2175 2808 2212 ea
2833 2155 3070 2212 videatis
3097 2153 3360 2222 intelligo
3391 2169 3406 2219 ;
3437 2151 3512 2205 ita
3539 2166 3600 2204 ea
3633 2153 3682 2202 et
3716 2161 3816 2200 vera
3847 2147 3880 2195 et

2285 2249 2401 2303 alta
2430 2265 2551 2304 esse
2580 2247 2859 2317 suspicor.
2886 2243 3082 2300 Simile
3095 2247 3286 2296 autem
3313 2239 3538 2309 aliquod
3563 2238 3618 2292 in
3641 2237 3776 2291 istam
3798 2247 3880 2286 sen-

2286 2337 2524 2392 tentiam
2551 2342 2616 2391 tu
2645 2336 2878 2390 fortasse
2910 2348 3092 2387 unum
3112 2329 3461 2402 requirebas.
3491 2331 3560 2382 At
3585 2325 3709 2380 mihi
3725 2326 3881 2394 jamoe

2283 2431 2522 2480 currunt
2571 2422 3038 2488 innumerabilia,
3079 2435 3209 2491 quas
3263 2434 3359 2472 me
3414 2416 3484 2472 ad
3513 2410 3882 2470 consentiendum

2281 2531 2516 2586 prorsus
2541 2513 2794 2568 trahunt.
2829 2510 2972 2576 Quid
3002 2508 3156 2564 enim
3187 2506 3452 2562 carnice
3466 2499 3802 2572 tetrius?quid
3822 2497 3882 2550 illo

2286 2603 2478 2657 animo
2509 2600 2886 2656 truculentius
2907 2602 3078 2668 atque
3111 2595 3293 2650 dirius
3315 2596 3346 2648 ?
3372 2596 3443 2648 At
3469 2592 3610 2647 inter
3635 2590 3759 2660 ipsas
3781 2587 3881 2654 leges

2287 2693 2475 2747 locum
2507 2690 2894 2745 necessarium
2917 2691 3095 2753 tenet,
3123 2689 3180 2741 et
3209 2685 3269 2738 in
3301 2684 3446 2738 bene
3489 2680 3757 2736 moderatae
3788 2673 3881 2728 civi

2286 2780 2422 2836 tatis
2451 2780 2713 2834 ordinem
2759 2776 3067 2843 inseritur;
3100 2777 3302 2844 estque
3359 2788 3460 2826 suo
3505 2768 3676 2823 animo
3721 2775 3879 2821 nocens,

2284 2868 2486 2923 ordine
2519 2873 2714 2922 autem
2743 2865 2930 2920 alieno
2953 2855 3634 2935 poenanocentiumuid
3659 2851 3879 2908 sordidius.

2283 2957 2425 3029 quid
2462 2955 2689 3010 inanius
2719 2953 2937 3009 decoris
2967 2955 3023 3006 et
3056 2947 3433 3020 turpitudinis
3461 2945 3669 3016 plenius
3693 2935 3878 3029 meretri:

2285 3023 2466 3114 cibus,
2498 3044 2829 3109 lenonibus,
2876 3040 3207 3110 caeterisque
3236 3038 3347 3092 hoc
3375 3052 3553 3109 genus
3578 3030 3789 3104 pestibus
3809 3023 3878 3079 dici

2284 3133 2512 3206 potest?
2542 3132 2718 3187 Aufer
2749 3129 3074 3185 meretrices
3103 3128 3172 3182 de
3203 3126 3374 3180 rebus
3404 3122 3669 3182 humanis,
3692 3116 3878 3206 turbave-

2285 3223 2362 3277 ris
2393 3221 2590 3276 omnia
2637 3218 2971 3274 libidinibus
3013 3233 3025 3271 :
3061 3214 3345 3270 constitue
3397 3217 3748 3267 matronarum
3785 3205 3880 3262 loco,

2284 3313 2410 3366 labe
2442 3326 2505 3364 ac
2533 3308 2809 3364 dedecore
2840 3302 3324 3361 dehonestaveris.
3357 3301 3445 3357 Sic
3472 3300 3636 3370 igitur
3658 3296 3744 3350 hoc
3760 3302 3881 3361 genus

2283 3400 2581 3456 hominum
2613 3414 2717 3469 per
2745 3413 2876 3451 suos
2905 3391 3558 3464 moresimpurissimum
3579 3387 3697 3451 vita,
3722 3396 3798 3454 per
3823 3391 3880 3430 or-

2288 3489 2434 3544 dinis
2462 3489 2616 3558 leges
2645 3484 2972 3540 conditione
3017 3482 3382 3536 vilissimum.
3417 3481 3605 3534 Nonne
3644 3475 3693 3528 in
3716 3463 3883 3538 corpori-

2283 3578 2391 3633 bus
2416 3554 2796 3631 animantium
2826 3573 3091 3645 quaedam
3141 3570 3422 3636 membra,
3457 3567 3503 3622 si
3531 3565 3640 3620 sola
3684 3554 3880 3615 attendas.

2287 3683 2405 3722 non
2436 3665 2616 3737 possis
2662 3661 2996 3718 attendere?
3039 3661 3254 3714 Tamen
3295 3675 3364 3713 ea
3410 3661 3617 3711 naturae
3660 3649 3784 3710 ordo,
3819 3654 3881 3694 nec

2287 3757 2423 3828 quia
2452 3752 2772 3809 necessaria
2799 3755 2950 3813 sunt,
2975 3749 3168 3803 deesse
3184 3746 3387 3811 voluit,
3404 3760 3504 3800 nec
3533 3741 3655 3814 quia
3679 3735 3880 3791 indecora,

2289 3843 2542 3900 eminere
2591 3839 2870 3914 permisit.
2919 3839 3057 3902 Qum
3103 3840 3305 3890 tamen
3348 3831 3615 3889 deformia
3655 3840 3758 3881 suos
3787 3822 3881 3872 1

2286 3931 2554 3997 tenendo,
2615 3929 2915 3984 meliorem
2981 3927 3169 3980 locum
3233 3936 3559 3978 concessere
3627 3907 3878 3970 melioribus-

2288 4021 2436 4086 Quid
2465 3996 2631 4074 nobis
2661 4017 2909 4082 suavius,
2943 4014 3097 4087 quod
3130 4028 3265 4084 agro
3301 4011 3561 4081 villaeque
3597 3996 3881 4077 spectaculum

2287 4107 2698 4180 congruentius
2725 4106 2834 4160 fuit
2861 4120 3056 4176 pugna
3089 4102 3186 4156 illa
3232 4101 3607 4168 conictuque
3635 4089 3880 4180 gallinaceo;

2290 4215 2420 4254 rum
2453 4197 2757 4269 gallorum,
2789 4193 2951 4264 cujus
2979 4191 3278 4262 superiore
3305 4191 3453 4245 libro
3483 4187 3698 4243 fecimus
3720 4172 3882 4264 mentiu-

2289 4304 2424 4344 nem
2455 4267 2604 4357 (vCap.
2638 4288 2692 4354 8,
2723 4301 2778 4339 .
2809 4283 2920 4354 25).
2970 4281 3116 4347 Quid
3159 4279 3435 4351 abjectius
3487 4283 3662 4331 tamen
3703 4267 3883 4357 deferim-

2288 4383 2404 4433 tate
2435 4350 2688 4446 subjecti
2709 4350 2996 4428 vidimus?
3052 4372 3115 4425 Et
3161 4350 3264 4441 per
3292 4369 3477 4441 ipsam
3502 4372 3678 4421 tamen
3709 4350 3884 4427 ejusdem

2288 4463 2619 4521 certaminis
2648 4460 2952 4534 perfectior
2981 4458 3358 4530 pulchritudo
3385 4454 3715 4529 provenerat.

2363 4556 2444 4609 13.
2478 4527 2669 4620 Talia,
2685 4549 2873 4616 credo,
2903 4527 3037 4602 sunt
3064 4545 3260 4600 omnia
3289 4563 3303 4613 ;
3339 4527 3436 4600 sed
3461 4542 3641 4599 oculos
3681 4527 3884 4620 quemn}-

2288 4612 2652 4697 Soloecismos
2682 4643 2737 4693 et
2763 4612 3146 4693 barbarismos
3201 4612 3347 4706 quOs
3379 4635 3592 4698 vocant,
3635 4628 3794 4706 poetae;

2290 4731 2626 4784 amaverunt
2650 4743 2663 4793 ;
2691 4741 2820 4797 quae
2834 4725 3124 4779 schemata
3139 4727 3196 4777 et
3217 4704 3618 4792 metaplasmos
3634 4704 3884 4768 mutati?

2290 4818 2506 4890 pellare
2532 4814 2882 4881 nominibus,
2915 4829 3086 4884 quam
3120 4811 3427 4865 manifesta
3475 4805 3602 4860 vitia
3625 4802 3786 4869 fugere
3809 4801 3884 4886 in?

2292 4905 2546 4959 luerunt.
2581 4903 2825 4956 Detrahe
2858 4904 3051 4955 tamen
3079 4899 3188 4954 ista
3216 4896 3601 4959 carminimus,
3645 4879 3886 4944 suavissima

2291 4992 2653 5048 condimenta
2683 4988 3152 5045 desiderabimns.
3189 4987 3446 5058 Congere
3498 4982 3662 5038 multa
3695 4976 3743 5029 in
3766 4975 3886 5058 unum

2296 5081 2507 5146 locum,
2558 5084 2746 5134 totum
2799 5094 2944 5144 acre,
3007 5052 3644 5148 putidumfrancidum
3680 5052 3885 5143 fastidii)?-

2295 5168 2560 5224 Transfer
2615 5168 2678 5221 in
2729 5166 2966 5221 liberam
3034 5165 3439 5234 forensemque
3495 5149 3888 5234 dictionem,

2299 5223 2417 5312 non
2448 5273 2572 5311 eam
2603 5255 2803 5327 fugere
2835 5258 3004 5325 atque
3033 5254 3092 5308 in
3123 5223 3363 5308 theatra.
3393 5246 3636 5304 secedere
3656 5223 3888 5327 jubebif?

2299 5346 2450 5402 Ordo
2481 5316 2755 5417 igiturvea
2785 5316 3111 5416 gubernans
3141 5347 3197 5397 et
3225 5338 3541 5397 moderans,
3583 5346 3676 5388 nec
3713 5316 3888 5417 (-

2411 5435 2472 5482 In
2492 5401 2754 5482 hactenus
2777 5401 2932 5482 editis
2965 5430 3177 5494 legitur,
3197 5432 3354 5494 atque
3368 5431 3422 5476 in

2296 5497 2362 5547 At
2951 5471 3650 5550 .
3674 5477 3717 5526 et
3737 5471 3778 5521 in
3797 5471 3869 5516 non

2299 5558 2484 5620 nullis,
2504 5556 2741 5611 secedere
2759 5573 2778 5608 :
2801 5569 2920 5621 quas
2941 5568 3068 5607 vera
3094 5554 3246 5606 lectio
3273 5556 3378 5603 est.
