4062 6188
205 307 330 359 lOOl

196 426 401 495 nimia,
455 439 559 477 nec
613 421 856 476 ubilibet
903 418 1091 473 aliena
1130 431 1253 471 esse
1291 413 1562 485 patietur.
1612 408 1907 466 Submissa

200 514 466 587 quaedam
524 509 919 581 impolitaeque
963 505 1255 559 simillima
1301 504 1455 573 ipsos
1486 501 1660 555 saltus
1694 513 1757 551 ac
1803 512 1904 549 ve-

202 583 402 658 nustos
428 602 579 655 locos
616 613 737 651 sese
762 596 1138 665 interponens
1174 592 1418 646 illustrat
1449 588 1649 644 oratio.
1691 586 1828 650 Qua:
1857 583 1904 638 si

200 693 323 747 sola
373 689 466 757 sit,
516 684 749 757 projicis
796 689 859 737 ut
896 683 1066 736 vilem
1094 698 1105 735 :
1130 681 1177 734 si
1207 685 1401 734 autem
1440 676 1605 737 desit,
1644 675 1743 729 illa
1776 673 1903 743 pul-

202 782 342 835 chra
386 793 503 832 non
554 773 906 846 prominent,
956 787 1073 825 non
1116 770 1175 823 in
1216 768 1332 823 suis
1381 766 1543 838 quasi
1574 763 1905 835 regionibus

202 864 776 942 possessionibusque
822 859 1212 925 dominantur,
1248 855 1469 926 sibique
1508 854 1631 925 ipsa
1670 852 1907 924 propria

205 962 330 1015 luce
361 956 609 1014 obstant,
640 955 937 1020 totumque
968 945 1341 1001 confundunt.

206 1045 437 1102 CAPUT
468 1043 530 1096 V.
563 1070 632 1081 —-
673 1037 941 1105 Quomodo
994 1034 1312 1089 medendum
1358 1034 1531 1088 errori
1580 1031 1908 1088 credentium

731 1141 814 1181 res
843 1126 989 1179 nullo
1015 1124 1202 1178 ordine
1229 1125 1365 1190 geri.

283 1222 501 1291 Magna:
533 1220 587 1271 et
622 1215 717 1271 hic
745 1215 1024 1269 debentur
1070 1210 1260 1265 ordini
1307 1208 1526 1281 gratiae.
1577 1207 1909 1263 Mentientes

206 1307 627 1372 conclusiones,
662 1307 757 1357 aut
786 1302 1101 1372 irrepentes
1130 1298 1426 1370 paulatim,
1460 1298 1546 1351 vel
1574 1296 1907 1357 minuendo,

206 1398 297 1451 vel
336 1394 599 1450 addendo
648 1391 708 1444 in
747 1388 1133 1444 assensionem
1164 1386 1441 1452 falsitatis,
1490 1385 1617 1457 quis
1647 1401 1761 1438 non
1794 1400 1911 1438 me-

206 1486 383 1541 tuat?
412 1483 539 1554 quis
569 1497 686 1534 non
719 1479 947 1533 oderit?
986 1477 1146 1547 Stepe
1178 1480 1371 1529 tamen
1414 1474 1475 1528 in
1509 1473 1908 1544 disputationi-

207 1577 339 1641 bus,
372 1572 540 1627 certis
594 1574 647 1624 et
701 1569 817 1623 suis
866 1566 1091 1621 sedibus
1120 1565 1404 1619 collocatae
1442 1567 1667 1617 tantum
1698 1563 1908 1629 valent,

208 1670 275 1719 ut
304 1661 498 1717 nescio
531 1658 820 1730 quomodo
878 1671 982 1726 per
1030 1671 1124 1708 eas
1172 1654 1453 1707 dulcescat
1478 1651 1603 1722 ipsa
1629 1651 1907 1721 deceptio.

212 1755 416 1808 Nonne
446 1749 537 1803 hic
558 1762 787 1819 quoque
814 1745 950 1798 ordo
980 1743 1101 1813 ipse
1126 1742 1497 1796 laudabitur?

290 1844 375 1895 14.
425 1840 548 1893 Jam
602 1836 664 1890 in
718 1833 955 1900 musica,
1006 1831 1067 1885 in
1125 1828 1456 1901 geometria,
1516 1827 1575 1881 in
1626 1833 1913 1881 astrorum

213 1929 487 1993 motibus,
519 1927 577 1979 in
607 1912 1447 1978 numerorumhecessitatibus
1464 1916 1601 1971 ordo
1630 1916 1710 1969 ita
1729 1914 1912 1969 domi-

212 2024 410 2084 natur,
435 2020 498 2069 ut
526 2014 574 2067 si
599 2013 727 2084 quis
753 2010 915 2081 quasi
943 2009 1066 2079 ejus
1086 2008 1304 2061 fontem
1335 2010 1507 2075 atque
1533 2004 1722 2074 ipsum
1751 2019 1915 2074 pene-

209 2109 359 2162 trale
388 2104 577 2159 videre
632 2100 935 2166 desideret,
990 2100 1087 2151 aut
1132 2095 1192 2149 in
1222 2095 1312 2148 his
1341 2091 1612 2157 inveniat,
1655 2096 1752 2145 aut
1781 2106 1911 2159 per-

211 2199 340 2252 hmc
370 2211 435 2248 eo
465 2193 586 2245 sine
624 2190 743 2244 ullo
774 2202 962 2241 errore
992 2186 1248 2239 ducatur.
1282 2182 1431 2236 Talis
1458 2181 1611 2235 enim
1644 2181 1910 2248 eruditio,

216 2284 265 2340 si
292 2283 421 2355 quis
452 2298 515 2334 ea
544 2279 834 2333 moderate
884 2279 1074 2329 utatur
1123 2274 1273 2341 (nam
1320 2270 1465 2324 nihil
1513 2269 1591 2323 ibi
1623 2286 1796 2341 quam
1820 2269 1913 2323 ni-

214 2374 403 2428 mium
433 2365 856 2425 formidandum
888 2361 1011 2432 est),
1056 2361 1230 2414 talem
1280 2358 1642 2430 philisophite
1670 2358 1912 2412 militem

226 2461 411 2516 nutrit
433 2458 520 2511 vel
552 2455 726 2510 etiam
758 2453 1059 2518 ducem,ut
1087 2449 1156 2503 ad
1169 2447 1633 2502 summumillum
1652 2447 1912 2515 modum,

214 2552 371 2604 ultra
403 2561 572 2617 quem
613 2540 906 2612 requirere
944 2537 1160 2609 aliquid
1192 2552 1296 2590 nec
1324 2535 1525 2607 possit,
1557 2551 1661 2589 nec
1690 2534 1910 2599 debeat,

214 2655 323 2693 nec
353 2634 564 2705 cupiat,
587 2646 700 2702 qua
728 2629 850 2683 vult
876 2627 1060 2681 evolet
1094 2630 1265 2695 atque
1307 2623 1620 2695 perveniat,
1676 2623 1913 2677 multos-

220 2743 337 2799 que
365 2722 660 2795 perducat.
705 2718 864 2773 Unde
907 2717 1049 2786 jam,
1084 2714 1220 2768 dum
1270 2713 1408 2785 ipsis
1450 2712 1717 2767 humanis
1747 2712 1915 2766 rebus

212 2816 505 2877 teneatur,
556 2809 634 2863 sic
680 2824 775 2861 eas
816 2804 1106 2875 despiciat,
1142 2807 1455 2873 cunctaque
1493 2801 1795 2868 discernat,
1852 2804 1916 2855 ut

217 2905 382 2960 nullo
422 2899 594 2954 modo
625 2912 756 2951 eum
799 2897 1021 2947 moveat
1043 2908 1144 2945 cur
1182 2890 1324 2944 alius
1370 2894 1527 2960 optet
1563 2890 1770 2944 liberos
1811 2890 1915 2944 ha-

214 2995 375 3055 bere,
435 3002 539 3041 nec
593 2982 845 3046 habeat;
900 2978 1043 3033 alius
1097 2978 1277 3031 nimia
1322 2978 1514 3031 uxoris
1574 2977 1916 3031 fecunditate

214 3080 598 3149 torqueatur:
624 3075 790 3142 egeat
822 3070 918 3123 ille
956 3067 1218 3138 pecunia,
1251 3065 1350 3136 qui
1380 3065 1577 3136 largiri
1606 3064 1917 3119 liberaliter

219 3169 406 3225 multa
434 3167 667 3235 paratus
698 3163 821 3224 est;
870 3157 1036 3227 eique
1083 3154 1319 3209 defossae
1367 3154 1595 3207 incubet
1643 3169 1832 3207 macer
1861 3156 1917 3207 et

216 3256 509 3313 scabiosus
539 3252 859 3305 fenerator:
910 3245 1101 3315 ampla
1133 3242 1477 3313 patrimonia
1525 3242 1775 3296 luxuries
1804 3243 1917 3297 dis-

215 3346 425 3419 pergat
455 3345 627 3410 atque
657 3334 975 3398 diffundat;
1008 3331 1099 3385 vix
1129 3334 1248 3384 toto
1288 3330 1377 3384 die
1407 3331 1724 3400 lacrymans
1752 3347 1917 3385 men-

218 3418 383 3491 dicus
414 3441 715 3485 nummum
750 3423 1048 3491 impetret:
1088 3418 1263 3472 alium
1293 3418 1480 3472 honor
1508 3420 1738 3473 extollat
1766 3418 1918 3473 indi-

216 3538 403 3594 gnum
428 3536 442 3586 ;
476 3514 649 3571 lucidi
679 3508 1320 3567 mores‘abscondantur
1344 3506 1403 3559 in
1432 3507 1618 3561 turba.

298 3614 382 3664 l5.
416 3608 545 3661 Haec
573 3607 627 3657 et
654 3602 767 3656 alia
796 3600 857 3654 in
894 3597 1190 3652 hominum
1223 3595 1357 3662 vita,
1405 3600 1617 3666 cogunt
1657 3595 1919 3650 homines

220 3696 570 3767 plerumque
618 3685 795 3755 impie
839 3682 1088 3747 credere,
1140 3680 1299 3734 nullo
1330 3696 1435 3733 nos
1476 3679 1675 3734 ordine
1714 3679 1919 3733 divinae

220 3760 595 3850 providentiae
644 3768 969 3839 gubernari.
1011 3763 1123 3817 Alii
1158 3766 1347 3816 autem
1380 3761 1462 3832 pii
1498 3767 1553 3815 et
1588 3760 1721 3815 boni
1750 3766 1918 3832 atque

223 3861 531 3935 splendido
558 3856 791 3928 ingenio
830 3851 1079 3925 praediti,
1134 3850 1235 3921 qui
1280 3866 1467 3921 neque
1515 3866 1618 3904 nos
1660 3850 1843 3904 deseri
1889 3865 1923 3903 a

222 3968 454 4007 summo
496 3950 611 4002 Deo
651 3948 887 4017 possunt
924 3942 985 3995 in
1014 3939 1272 3994 animum
1302 3940 1590 4005 inducere,
1638 3944 1693 3993 et
1730 3942 1922 3993 tamen

223 4056 423 4096 rerum
443 4041 599 4092 tanta
624 4034 787 4106 quasi
814 4030 1057 4101 caligine
1083 4036 1255 4100 atque
1281 4028 1684 4083 commixtione
1714 4027 1925 4081 turbati

226 4130 456 4185 nullum
488 4125 749 4180 ordinem
779 4121 992 4185 vident,
1016 4120 1268 4173 volentes
1296 4115 1315 4149 ‘
1347 4116 1453 4170 sibi
1474 4115 1677 4170 nudari
1697 4115 1924 4169 abditis-

226 4200 409 4273 simas
440 4231 658 4281 causas,
706 4225 929 4265 errores
980 4224 1113 4262 suos
1163 4221 1314 4276 saepe
1361 4204 1533 4259 etiam
1579 4202 1925 4258 carminibus

225 4308 665 4377 conqueruntur
709 4298 807 4370 (α).
837 4297 943 4361 Qui
977 4296 1023 4350 si
1053 4296 1161 4349 hoc
1200 4295 1386 4348 solum
1416 4293 1787 4362 interrogent,
1828 4307 1927 4345 cur

227 4394 362 4450 ltali
419 4406 643 4461 semper
682 4402 908 4442 serenas
960 4384 1179 4439 hiemes
1221 4385 1403 4448 orent,
1435 4385 1491 4435 et
1524 4380 1663 4434 item
1703 4394 1929 4449 semper

228 4482 457 4538 Getulia
484 4484 683 4533 nostra
711 4475 920 4530 misera
963 4472 1151 4540 sitiat;
1195 4470 1323 4542 quis
1363 4470 1443 4523 eis
1486 4468 1648 4523 facile
1691 4483 1929 4537 respon-

226 4570 428 4626 debit?
458 4572 554 4621 aut
581 4566 680 4619 ubi
700 4564 851 4634 apud
885 4578 989 4616 nos
1014 4557 1550 4630 indagabiturillius
1578 4554 1792 4611 ordinis
1814 4555 1933 4609 ulla

229 4657 479 4729 suspicio
501 4659 530 4710 ‘?
569 4656 683 4726 Ego
712 4658 922 4717 autem,
955 4651 1001 4705 si
1031 4649 1171 4721 quid
1216 4664 1377 4702 meos
1409 4663 1643 4701 monere
1674 4661 1929 4716 possum,

229 4750 516 4819 quantum
565 4742 710 4798 mihi
749 4743 1002 4812 apparet,
1045 4742 1437 4810 quantumque
1479 4735 1681 4796 sentio,
1731 4748 1931 4789 censeo

230 4836 365 4890 illos
420 4831 735 4902 disciplinis
803 4828 1069 4883 omnibus
1139 4825 1481 4880 erudiendos
1529 4826 1569 4893 (Ι
1614 4826 1935 4891 Retractat.,

235 4939 359 4992 cap.
398 4924 449 4988 3,
480 4938 534 4974 π.
575 4920 647 4988 2).
696 4917 876 4973 Aliter
911 4915 1122 4987 quippe
1160 4915 1267 4969 ista
1295 4913 1376 4967 sic
1421 4911 1685 4982 intelligi,
1717 4916 1783 4965 ut
1810 4911 1936 4965 luce

235 5011 479 5066 clariora
508 5008 639 5077 sint,
669 5007 826 5061 nullo
879 5004 1049 5059 modo
1101 5006 1357 5073 possunt.
1400 5001 1458 5055 Si
1498 5004 1689 5055 autem
1721 5002 1818 5051 aut
1846 4997 1937 5068 pi-

238 5098 461 5170 griores
493 5100 644 5170 sunt.
678 5098 776 5147 aut
802 5091 930 5145 aliis
980 5089 1221 5157 negotiis
1273 5086 1642 5158 praeocupati,
1693 5088 1791 5137 aut
1819 5085 1940 5154 jam

240 5164 375 5242 duri
407 5184 476 5239 ad
534 5164 890 5247 discendum,
934 5178 1068 5233 ﬁdei
1098 5177 1205 5231 sibi
1234 5173 1499 5247 prtesidia
1544 5177 1782 5245 parent;
1828 5187 1942 5243 quo

307 5328 321 5359 ¹
356 5326 412 5373 In
432 5325 509 5383 B.,
532 5322 895 5385 volentesque.
917 5318 1217 5368 Lectionem
1244 5315 1328 5365 Er.
1361 5314 1490 5363 Ven.
1514 5313 1636 5362 Lov.
1669 5311 1830 5361 secuti
1864 5326 1949 5361 su-

244 5400 385 5437 mus.
412 5387 481 5434 Μ.

309 5484 383 5545 (α)
398 5483 614 5533 Zenobii
634 5494 851 5531 carmen
869 5476 1204 5528 subindicare
1215 5473 1440 5534 videtur,
1456 5472 1519 5523 de
1550 5486 1655 5536 quo
1668 5485 1843 5535 supra,
1859 5471 1950 5523 lib.

248 5549 292 5608 Ι,
322 5559 369 5595 c.
396 5550 444 5603 7,
481 5558 536 5594 n.
567 5547 646 5594 20.

553 5641 834 5709 PATROL.
887 5637 1135 5706 XXXII.

1632 285 1844 342 LIBER
1885 282 2272 339 SECUNDUS.

3575 289 3710 341 1002

2012 407 2142 461 illos
2170 406 2396 461 vinculo
2427 407 2499 460 ad
2551 423 2670 461 sese
2700 407 2907 474 trahat,
2953 412 3125 479 atque
3158 409 3226 461 ab
3280 409 3369 462 his
3409 408 3709 464 horrendis

2012 500 2067 549 et
2103 494 2533 549 involutissimis
2562 496 2725 549 malis
2753 496 2956 551 liberet
2984 497 3101 562 ille,
3152 497 3251 567 qui
3283 496 3572 552 neminem
3601 497 3710 551 sibi

2012 600 2114 653 per
2142 583 2412 653 mysteria
2440 583 2586 637 bene
2620 584 2945 638 credentem
2976 586 3161 655 perire
3192 584 3491 655 permittit.

2086 674 2169 726 16.
2200 673 2413 740 Duplex
2429 671 2584 725 enim
2607 679 2691 725 est
2711 671 2797 724 via
2825 689 2997 741 quam
3024 673 3337 742 sequimur,
3359 690 3486 727 cum
3513 689 3709 727 rerum

2012 776 2113 812 nos
2142 759 2454 813 obscuritas
2484 764 2710 825 movet;
2763 764 2861 813 aut
2892 760 3194 825 ratibuem,
3241 767 3340 815 aut
3387 765 3537 815 certe
3576 778 3710 815 auc-

2013 846 2331 901 toritatem.
2387 846 2749 917 Philosophia
2821 848 3103 901 rationem
3154 849 3448 918 promittit,
3511 854 3567 903 et
3619 848 3712 902 vix

2014 934 2382 1003 paucissimos
2411 935 2615 989 liberat
2648 952 2659 988 :
2694 952 2835 1006 quos
2864 941 3055 989 tamen
3087 952 3201 989 non
3227 937 3394 989 modo
3425 952 3542 989 non
3577 952 3712 990 con-

2015 1028 2271 1077 temnere
2320 1022 2418 1077 illa
2465 1023 2754 1093 mysteria,
2788 1024 2888 1077 sed
2920 1025 3039 1077 sola
3077 1023 3415 1092 intelligere,
3450 1028 3513 1076 ut
3540 1022 3712 1076 intel-

2016 1111 2247 1181 ligenda
2276 1116 2428 1178 sunt,
2465 1112 2633 1181 cogit.
2656 1113 3003 1181 Nullumque
3022 1111 3173 1177 aliud
3194 1112 3365 1164 habet
3393 1110 3712 1181 negotium,

2018 1216 2145 1269 qua:
2178 1215 2328 1263 vera,
2356 1203 2431 1265 et,
2463 1204 2529 1251 ut
2561 1198 2641 1251 ita
2680 1198 2889 1263 dicam;
2921 1214 3195 1268 germana
3221 1186 3582 1269 philosophia
3608 1202 3710 1264 est,

2020 1302 2193 1357 quam
2224 1291 2287 1340 ut
2316 1286 2515 1339 doceat
2546 1286 2695 1355 quod
2726 1286 2798 1339 sit
2837 1287 3095 1339 omnium
3127 1302 3319 1339 rerum
3366 1286 3717 1356 principium

2020 1375 2143 1428 sine
2171 1373 2477 1444 principio,
2507 1377 2871 1443 quantusque
2915 1373 2975 1427 in
3005 1390 3071 1427 eo
3104 1378 3333 1427 maneat
3370 1374 3715 1442 intellectus,

2020 1462 2223 1532 quidve
2256 1461 2387 1515 inde
2418 1461 2479 1514 in
2508 1466 2765 1514 nostram
2805 1463 3043 1515 salutem
3077 1461 3199 1514 sine
3243 1462 3360 1515 ulla
3406 1462 3715 1531 degenera-

2019 1547 2173 1601 tione
2202 1547 2556 1601 manaverit:
2597 1563 2767 1617 quem
2811 1563 2990 1599 unum
3038 1548 3216 1600 Deum
3261 1546 3720 1617 omnipotentem

2021 1651 2268 1706 eumque
2314 1637 2331 1671 ί
2372 1635 2763 1705 tripotentem,
2808 1637 3051 1699 Patrem,
3086 1639 3141 1688 et
3174 1634 3482 1701 Filium,et
3534 1633 3719 1703 Spiri-

2021 1727 2144 1777 tum
2174 1727 2453 1789 sanctum,
2490 1724 2696 1776 docent
2734 1722 3059 1775 veneranda
3103 1721 3397 1791 mysteria,
3434 1737 3562 1791 quae
3607 1720 3719 1774 fide

2022 1812 2242 1865 sincera
2273 1816 2331 1865 et
2360 1811 2695 1864 inconcussa
2734 1811 2978 1879 populos
3014 1809 3292 1876 liberant;
3317 1825 3422 1862 nec
3465 1808 3717 1874 confuse,

2023 1904 2087 1953 ut
2124 1899 2387 1968 quidam;
2438 1915 2541 1952 nec
2590 1899 3020 1964 contumeliose,
3068 1902 3131 1951 ut
3168 1897 3335 1950 multi
3381 1897 3719 1967 praedicant.

2023 1987 2312 2050 Quantum
2344 1991 2535 2040 autem
2566 1986 2705 2040 illud
2738 1986 2829 2053 sit,
2878 1987 3032 2056 quod
3059 1986 3167 2039 hoc
3198 1986 3370 2039 etiam
3404 1984 3583 2038 nostri
3612 2000 3717 2054 ge-

2022 2074 2175 2128 neris
2196 2090 2421 2145 corpus,
2454 2078 2646 2128 tantus
2685 2078 2920 2144 propter
2948 2091 3053 2127 nos
3100 2075 3248 2127 Deus
3291 2089 3580 2127 assumere
3627 2075 3717 2125 atc-

2025 2174 2133 2229 que
2164 2174 2331 2229 agere
2362 2158 2629 2227 dignatus
2660 2162 2765 2226 est,
2798 2162 3010 2227 quanto
3063 2156 3287 2210 videtur
3323 2155 3513 2222 vilius,
3558 2159 3719 2208 tanto

2024 2252 2107 2301 est
2165 2246 2465 2299 clementia
2516 2245 2762 2315 plenius,
2816 2250 2872 2298 et
2914 2262 2946 2298 a
2998 2245 3245 2315 quadam
3285 2242 3720 2313 ingeniosorum

2025 2335 2293 2405 superbia
2323 2336 2492 2405 longe
2521 2335 2748 2404 lateque
2788 2333 3079 2387 remotius.

2099 2424 2182 2474 l7.
2214 2420 2421 2473 Anima
2462 2435 2596 2473 vero
2634 2418 2784 2472 unde
2830 2417 3106 2487 originem
3152 2416 3341 2482 ducat,
3378 2414 3583 2485 quidve
3628 2414 3721 2468 hic

2026 2513 2175 2579 agat,
2201 2512 2480 2579 quantum
2519 2507 2688 2561 distet
2739 2523 2772 2560 a
2804 2507 2941 2573 Deo,
2976 2505 3115 2575 quid
3162 2505 3373 2558 habeat
3416 2502 3719 2574 proprium

2026 2596 2177 2668 quod
2209 2597 2455 2650 alternat
2482 2594 2543 2648 in
2574 2600 2877 2664 utramque
2934 2598 3221 2656 naturam,
3257 2594 3540 2661 quatenus
3589 2604 3713 2642 mo-

2025 2683 2207 2737 riatur
2225 2687 2279 2736 et
2310 2682 2599 2752 quomodo
2630 2680 2972 2735 immortalis
3003 2677 3318 2749 probetur?
3338 2693 3510 2747 quam
3524 2675 3722 2744 magni

2026 2772 2237 2844 putatis
2269 2788 2388 2825 esse
2412 2770 2646 2833 ordinis,
2680 2774 2745 2823 ut
2774 2769 2879 2821 ista
2907 2768 3236 2821 discantur?
3265 2764 3451 2833 Magni
3482 2763 3720 2816 omnino

2026 2866 2197 2930 atque
2236 2859 2412 2913 certi:
2447 2859 2516 2911 de
2566 2874 2679 2927 quo
2706 2856 2973 2923 breviter,
3015 2854 3060 2907 si
3093 2858 3318 2922 tempus
3362 2850 3551 2915 fuerit,
3594 2853 3724 2919 post

2025 2949 2348 3018 loquemur.
2382 2947 2529 3000 Illud
2560 2961 2713 2998 nunc
2752 2962 2785 2997 a
2824 2960 2914 2996 me
2961 2940 3249 3010 accipiatis
3292 2941 3454 2993 volo:
3502 2938 3551 2991 si
3593 2936 3723 3007 quis

2024 3041 2239 3090 temere
2263 3051 2326 3089 ac
2356 3034 2477 3087 sine
2500 3033 2699 3087 ordine
2729 3031 3159 3101 disciplinarum
3199 3028 3258 3082 in
3289 3029 3495 3081 harum
3524 3040 3719 3079 rerum

2025 3123 2410 3195 cognitionem
2444 3122 2613 3176 audet
2644 3121 2882 3185 irruere,
2916 3136 3018 3190 pro
3057 3117 3310 3172 studioso
3345 3116 3509 3169 illum
3542 3113 3723 3168 curio-

2026 3229 2173 3277 sum,
2230 3227 2335 3280 pro
2383 3210 2549 3264 docto
2601 3209 2918 3273 credulum,
2974 3223 3078 3277 pro
3149 3209 3314 3259 cauto
3363 3203 3723 3257 incredulum

2027 3299 2172 3355 fieri.
2205 3300 2401 3368 Itaque
2430 3297 2573 3351 mihi
2604 3296 2755 3367 quod
2796 3296 2967 3349 modo
2998 3292 3377 3364 interroganti
3421 3296 3537 3345 tam
3578 3292 3723 3345 bene

2027 3392 2195 3459 atque
2228 3392 2359 3457 apte
2390 3384 2780 3456 respondistis,
2814 3389 2868 3437 et
2897 3383 3075 3437 miror
3111 3382 3263 3435 unde
3311 3380 3404 3443 sit,
3448 3384 3502 3433 et
3550 3394 3727 3449 cogor

2028 3491 2356 3549 agnoscere.
2406 3474 2711 3528 Videamus
2741 3477 2932 3526 tamen
2962 3487 3259 3542 quousque
3299 3467 3568 3538 progredi
3602 3482 3725 3519 ves-

2026 3569 2115 3619 tra
2160 3566 2341 3618 latens
2386 3562 2567 3632 possit
2612 3561 2873 3614 intentio.
2907 3561 3030 3613 Jam
3078 3557 3243 3612 nobis
3284 3554 3520 3610 Licentii
3550 3552 3727 3608 etiam

2028 3652 2199 3705 verba
2224 3650 2555 3713 reddantur,
2589 3648 2687 3717 qui
2716 3651 2833 3700 tam
2877 3646 2977 3699 diu
3016 3643 3206 3698 nescio
3238 3659 3353 3713 qua
3387 3658 3521 3695 cura
3566 3656 3727 3695 occu-

2029 3744 2218 3812 patus,
2269 3737 2491 3791 alienus
2546 3735 2615 3789 ab
2658 3736 2761 3788 hoc
2810 3749 3069 3787 sermone
3130 3732 3255 3798 fuit,
3307 3734 3371 3784 ut
3414 3746 3547 3783 eum
3595 3728 3723 3792 ista,

2030 3846 2144 3884 non
2176 3828 2341 3882 aliter
2367 3841 2539 3896 quam
2568 3840 2665 3877 eos
2706 3822 2804 3893 qui
2841 3839 2956 3876 non
3001 3822 3205 3875 adsunt
3248 3819 3553 3873 familiares
3589 3834 3729 3871 nos-

2031 3923 2167 3985 tros,
2202 3916 2429 3971 credam
2462 3930 2581 3968 esse
2613 3914 2914 3967 lecturum.
2948 3911 3056 3966 Sed
3086 3910 3210 3965 redi
3252 3910 3321 3964 ad
3353 3926 3479 3973 nos,
3514 3924 3729 3979 quasso,

2033 4004 2270 4069 Licenti,
2302 4008 2473 4074 atque
2502 4002 2594 4056 hic
2642 4006 2790 4056 totus
2820 4000 2905 4054 fac
2935 4003 2997 4053 ut
3025 3998 3173 4053 adsis
3198 4015 3210 4052 :
3252 3997 3357 4051 tibi
3399 3995 3555 4050 enim
3584 3995 3729 4050 dico.

2033 4095 2176 4149 Nam
2206 4091 2601 4148 definitionem
2633 4106 2821 4144 meam
2852 4093 2913 4142 tu
2944 4086 3219 4158 probasti,
3266 4101 3379 4156 qua
3406 4084 3620 4139 dictum
3654 4086 3738 4135 est

2034 4181 2175 4253 quid
2205 4182 2277 4234 sit
2314 4196 2435 4234 esse
2474 4195 2603 4233 cum
2645 4179 2782 4245 Deo,
2832 4192 2964 4230 cum
3009 4192 3122 4246 quo
3170 4178 3425 4228 mentem
3466 4168 3737 4240 sapientis

2037 4285 2271 4324 manere
2322 4267 2703 4332 immobilem,
2769 4281 2883 4331 me,
2952 4265 3234 4334 quantum
3284 4258 3512 4329 assequi
3553 4257 3735 4320 valeo,

2035 4358 2239 4413 docere
2267 4354 2511 4408 voluisti.

2257 4442 2483 4497 CAPUT
2510 4440 2601 4494 Vl.
2633 4471 2700 4480 —
2731 4442 2880 4493 Mens
2922 4440 3184 4508 sapientis
3208 4430 3521 4489 immobilis.

2114 4534 2199 4585 l8.
2231 4529 2340 4584 Sed
2374 4528 2516 4583 illud
2550 4544 2640 4582 me
2672 4531 2884 4596 movet,
2909 4525 3196 4597 quomodo
3230 4537 3359 4576 cum
3386 4520 3490 4573 ista
3517 4513 3742 4587 sapiens

2044 4617 2322 4691 quamdiu
2378 4616 2530 4671 inter
2573 4616 2839 4669 homines
2882 4614 3041 4678 vivit,
3090 4612 3150 4666 in
3201 4624 3435 4679 corpore
3476 4623 3595 4661 esse
3626 4621 3744 4659 non

2045 4709 2316 4778 negetur;
2347 4721 2460 4776 quo
2518 4708 2682 4775 pacto
2712 4702 2813 4756 fiat
2861 4705 2925 4755 ut
2970 4700 3091 4769 ejus
3140 4713 3376 4768 corpore
3422 4695 3535 4750 huc
3577 4698 3746 4763 atque

2044 4797 2180 4851 illuc
2236 4797 2501 4864 vagante,
2549 4808 2711 4845 mens
2760 4787 3078 4873 immobilis
3134 4789 3381 4841 maneat.
3431 4787 3543 4839 lsta
3593 4784 3747 4838 enim

2004 4883 2215 4939 'modo
2268 4887 2432 4952 potes
2482 4880 2691 4943 dicere,
2744 4893 2876 4931 cum
2934 4872 3192 4931 movetur
3255 4874 3431 4943 navis,
3487 4872 3749 4927 homines

2048 4972 2149 5043 qui
2178 4970 2236 5024 in
2281 4986 2347 5024 ea
2400 4972 2533 5022 sunt
2562 4982 2677 5019 non
2726 4964 2966 5029 moveri,
3019 4962 3279 5035 quamvis
3319 4962 3388 5016 ab
3437 4960 3575 5031 ipsis
3624 4973 3751 5012 eam

2048 5057 2328 5132 possideri
2359 5053 2782 5127 gubernarique
2812 5054 3112 5107 fateamur.
3148 5051 3368 5106 Etenim
3398 5050 3443 5103 si
3474 5049 3596 5102 sola
3625 5062 3753 5100 eam

2120 5167 2134 5198 ι
2158 5165 2217 5211 In
2242 5160 2513 5211 codicibus
2545 5151 3667 5222 pervetustisCorbeiensiet_Theoderieensi
3688 5150 3755 5221 le-

2057 5227 2214 5289 gitur,
2238 5236 2364 5289 cujm
2382 5236 2480 5289 quo
2503 5214 2923 5289 liipgfertlnrrJn
2943 5221 2985 5267 Μ
2991 5234 3061 5289 ss.
3078 5218 3312 5289 Abbatiee
3329 5214 3756 5289 Vindocinensis,

2058 5277 2120 5337 ἕο
2148 5277 2271 5348 quo.
2303 5285 2363 5348 in
2390 5277 2589 5348 'a_l_io_S_.'
2612 5282 2958 5348 Michaelisin
2991 5280 3231 5348 Periculo
3258 5278 3416 5348 maris
3431 5277 3760 5348 ερρθίςῑιῖίηρτ

2061 5334 2277 5400 teniem.
2302 5344 2487 5393 Facilis
2508 5344 2593 5392 hic
2609 5344 2710 5392 fuit
2730 5344 3061 5392 librariorum
3081 5342 3258 5404 lapsus
3282 5354 3293 5387 :
3313 5338 3403 5387 sed
3424 5334 3579 5384 ofﬁcii
3593 5334 3761 5404 nostri

2061 5395 2445 5461 esseducimus
2466 5406 2719 5455 lectiones
2749 5419 2952 5463 omnes,
2974 5405 3015 5452 si
3042 5395 3175 5452 forte
3201 5406 3404 5465 veteres
3438 5411 3498 5445 ac
3527 5395 3761 5465 melioer

2062 5455 2429 5522 not'tecodices
2455 5468 2508 5517 in
2530 5481 2585 5517 re
2608 5481 2716 5517 non
2736 5467 2835 5516 levi
2853 5455 3193 5530 dissentiunt,
3206 5459 3551 5511 eruditiorum
3560 5455 3761 5520 judicio

2066 5544 2331 5584 reservare
2339 5568 2351 5581 .

2918 5616 3434 5708 (Trente-deux.)
