4062 6188
461 274 596 326 1003

453 391 792 462 cogitatione
842 393 1124 460 regerent,
1170 386 1533 454 facerentque
1590 381 1672 435 ire
1726 396 1840 451 quo
1895 380 2139 445 vellent;

451 485 664 545 tamen,
695 495 824 532 cum
870 495 934 531 ea
973 479 1320 541 moveretur,
1350 488 1466 526 non
1508 473 1747 540 possunt
1775 467 1856 522 illi
1915 467 2014 538 qui
2045 465 2146 521 ibi-

452 569 583 622 dem
613 565 909 620 constituti
941 570 1074 617 sunt
1105 580 1220 615 non
1251 559 1491 614 moveri.
1541 559 1680 621 Non,
1724 556 1804 610 ait
1838 555 2141 618 Licentius,

451 656 677 709 animus
707 655 784 706 ita
813 658 898 706 est
929 653 988 705 in
1029 667 1284 721 corpore,
1321 653 1384 702 ut
1414 663 1620 717 corpus
1660 646 1902 714 imperet
1931 644 2142 696 animo.

455 744 648 812 Neque
679 741 784 793 hoc
813 755 918 808 ego
962 739 1106 801 dico,
1142 737 1414 806 inquam:
1458 734 1555 786 sed
1592 732 1767 785 etiam
1813 746 1985 801 eques
2028 744 2144 782 non

453 830 532 882 ita
574 833 656 882 est
703 829 762 880 in
819 843 987 896 equo,
1048 829 1111 878 ut
1162 824 1212 876 ei
1264 838 1445 893 equus
1501 821 1878 890 imperet;et
1925 823 2141 883 tamen,

453 915 712 988 quamvis
742 931 855 985 quo
887 914 1021 967 velit
1049 913 1132 965 ire
1176 927 1388 981 equum
1444 915 1595 979 agat,
1639 924 1784 978 equo
1827 911 1983 960 moto
2022 921 2146 959 mo—

450 1011 649 1059 veatur
675 1019 901 1057 necesse
934 1007 1034 1055 est.
1071 1004 1280 1064 Potest,
1323 999 1528 1068 inquit,
1561 997 1755 1050 sedere
1785 995 1904 1065 ipse
1935 994 2144 1047 immo-

449 1093 598 1146 bilis.
631 1091 798 1160 Cogis
827 1107 948 1155 nos,
991 1090 1247 1159 inquam,
1291 1087 1530 1140 delinire
1579 1086 1718 1155 quid
1775 1085 1849 1137 sit
1893 1081 2142 1136 moveri:

451 1181 602 1250 quod
633 1181 678 1233 si
700 1184 883 1249 potes,
916 1177 1090 1230 facias
1121 1177 1268 1228 volo.
1317 1176 1568 1235 Prorsus,
1631 1171 1839 1242 inquit,
1893 1173 2144 1237 maneat,

451 1284 663 1338 quaeso,
691 1264 1028 1319 beneficium
1055 1268 1250 1327 tuum;
1283 1277 1414 1314 nam
1433 1259 1949 1328 manetpostulatio
1978 1274 2107 1311 mea
2130 1274 2143 1311 :

451 1361 506 1408 et
534 1372 601 1407 ne
643 1371 732 1407 me
763 1369 960 1406 rursus
986 1352 1322 1419 interroges,
1353 1354 1546 1402 utrum
1578 1347 1720 1400 mihi
1748 1347 1984 1400 definire
2029 1347 2149 1416 pla-

451 1448 609 1507 ceat;
669 1441 898 1511 quando
960 1440 1015 1492 id
1072 1440 1255 1491 facere
1307 1442 1568 1507 potuero,
1620 1435 1741 1506 ipse
1796 1435 2136 1504 proﬁtebor.

451 1533 587 1593 Qua:
626 1546 755 1583 cum
805 1528 952 1581 dicta
992 1532 1200 1591 essent,
1247 1542 1388 1596 puer
1431 1526 1500 1578 de
1548 1525 1720 1576 domo
1770 1523 1861 1576 cui
1907 1523 2146 1576 dedera-

450 1635 578 1670 mus
603 1618 658 1671 id
687 1615 920 1685 negotii,
951 1614 1200 1667 cucurrit
1227 1615 1292 1666 ad
1327 1629 1445 1676 nos,
1479 1617 1533 1665 et
1554 1613 1751 1665 horam
1783 1610 2011 1680 prandii
2028 1626 2147 1664 esse

451 1705 750 1760 nuntiavit.
782 1706 925 1757 Tum
957 1719 1061 1772 ego
1089 1719 1100 1754 :
1151 1701 1294 1764 Quid
1326 1701 1416 1764 sit,
1463 1700 1720 1769 inquam,
1763 1699 1998 1762 moveri,
2032 1714 2149 1751 non

451 1794 690 1848 delinire
717 1809 819 1845 nos
859 1807 1004 1860 puer
1043 1791 1168 1851 iste,
1212 1790 1310 1842 sed
1355 1788 1494 1858 ipsis
1542 1789 1720 1841 oculis
1763 1787 1917 1857 cogit
1957 1791 2147 1840 osten-

448 1883 601 1936 dere.
654 1882 857 1933 Eamus
890 1878 1086 1946 igitur,
1128 1881 1183 1930 et
1219 1877 1288 1930 de
1326 1877 1432 1929 isto
1475 1877 1598 1929 loco
1643 1877 1705 1928 in
1745 1876 1923 1928 alium
1956 1876 2145 1928 locum

447 1975 805 2023 transeamus
831 1983 843 2020 :
881 1982 1010 2019 nam
1041 1965 1184 2018 nihil
1217 1968 1301 2017 est
1330 1963 1508 2033 aliud,
1533 1963 1643 2017 nisi
1681 1964 1866 2030 fallor,
1898 1963 2140 2018 moveri.

451 2057 550 2111 Hic
579 2073 708 2110 cum
739 2055 1081 2121 arrisissent,
1115 2052 1497 2106 discessimus.

999 2157 1308 2195 DISPUTATIO
1340 2156 1604 2194 SECUNDA.

523 2237 607 2288 l9.
635 2235 706 2286 At
731 2231 829 2285 ubi
861 2230 1163 2284 refecimus
1204 2245 1461 2299 corpora,
1505 2228 1779 2298 quoniam
1808 2227 2015 2282 coelum
2046 2228 2147 2282 ob-

448 2321 689 2376 duxerat
718 2320 918 2385 nubes,
947 2318 1113 2372 solito
1146 2319 1270 2371 loco
1304 2317 1365 2370 in
1399 2317 1604 2370 balneo
1637 2315 2014 2369 consedimus.
2047 2318 2147 2369 At-

449 2427 558 2480 que
588 2425 729 2478 ego:
769 2407 1038 2462 Concedis
1067 2421 1226 2475 ergo.
1260 2405 1519 2476 inquam,
1567 2404 1800 2469 Licenti,
1843 2403 1989 2456 nihil
2021 2420 2145 2457 esse

449 2497 602 2551 aliud
651 2502 873 2550 motum
946 2511 1118 2566 quam
1165 2493 1234 2547 de
1297 2494 1422 2546 loco
1460 2492 1520 2546 in
1575 2491 1759 2545 locum
1800 2492 2150 2546 transitum?

450 2586 728 2646 Concedo,
770 2583 982 2654 inquit.
1043 2581 1316 2637 Concedis
1347 2597 1502 2652 ergo,
1553 2580 1814 2650 inquam,
1858 2581 2148 2634 neminem

451 2676 510 2728 in
541 2690 606 2728 eo
656 2674 778 2726 loco
827 2689 946 2726 esse
978 2671 1036 2724 in
1082 2687 1194 2741 quo
1243 2687 1358 2724 non
1407 2671 1614 2737 fuerat,
1673 2674 1728 2722 et
1769 2674 1990 2722 motum
2033 2685 2149 2723 non

446 2764 661 2816 fuisse?
696 2763 817 2815 Non
846 2761 1125 2830 intelligo,
1159 2758 1365 2828 inquit.
1397 2758 1454 2812 Si
1485 2757 1643 2827 quid,
1676 2757 1933 2826 inquam,
1959 2757 2019 2809 in
2035 2756 2145 2809 alio

447 2851 568 2904 loco
615 2851 722 2904 fuit
771 2849 1006 2912 dudum,
1053 2853 1110 2902 et
1158 2863 1310 2901 nunc
1359 2846 1418 2899 in
1465 2847 1574 2900 alio
1615 2851 1718 2912 est,
1761 2851 1980 2899 motum
2027 2859 2146 2898 esse

446 2941 750 2995 concedis?
783 2938 1227 2992 Assentiebatur.
1262 2937 1427 3005 Ergo,
1458 2935 1714 3005 inquam,
1752 2938 1946 3004 posset
1974 2933 2147 2986 alicu-

440 3030 535 3100 jus
563 3027 832 3098 sapientis
869 3027 1058 3080 vivum
1095 3041 1299 3094 corpus
1329 3024 1419 3077 hic
1451 3024 1619 3076 modo
1668 3022 1963 3075 nobiscum
2002 3037 2142 3087 esse,

449 3121 512 3169 ut
553 3117 778 3169 animus
830 3113 963 3166 hinc
1004 3111 1268 3166 abesset?
1315 3113 1526 3179 Posset,
1590 3110 1799 3180 inquit.
1867 3110 2142 3177 Etiamne,

446 3205 705 3274 inquam,
738 3202 784 3255 si
803 3201 1096 3254 nobiscum
1122 3200 1566 3269 colloqueretur,
1594 3202 1652 3252 et
1681 3214 1784 3250 nos
1810 3197 2028 3268 aliquid
2051 3198 2145 3251 do-

447 3291 638 3344 ceret?
675 3288 926 3356 Etiamsi,
958 3288 1162 3358 inquit,
1196 3304 1298 3340 nos
1326 3287 1510 3356 ipsam
1541 3286 2140 3356 doceretsapientiam,

447 3395 564 3433 non
594 3379 757 3432 illum
789 3377 1035 3430 dicerem
1068 3375 1363 3429 nobiscum
1414 3390 1554 3440 esse,
1606 3375 1701 3428 sed
1753 3390 1971 3428 secum.
2019 3375 2142 3428 Non

447 3467 622 3537 igitur
677 3467 738 3519 in
783 3481 1041 3535 corpore,
1090 3464 1368 3531 inquam?
1410 3464 1556 3524 Non,
1605 3462 1811 3534 inquit.
1858 3462 1961 3517 Cui
1993 3479 2137 3533 ego:

447 3555 663 3624 Corpus
691 3553 833 3607 illud
861 3552 1015 3623 quod
1042 3556 1258 3606 careret
1278 3550 1492 3616 animo,
1519 3567 1708 3603 nonne
1742 3555 2032 3604 mortuum
2065 3550 2142 3603 fa-

443 3641 661 3705 tereris,
693 3656 820 3693 cum
853 3654 957 3708 ego
984 3639 1172 3691 vivum
1201 3636 1643 3707 proposuerim?
1673 3635 1890 3700 Nescio,
1924 3636 2136 3706 inquit,

444 3729 729 3800 quomodo
779 3728 1073 3797 explicem.
1118 3728 1258 3779 Nam
1317 3731 1374 3779 et
1411 3742 1614 3796 corpus
1652 3725 1902 3778 hominis
1950 3725 2138 3779 vivum

446 3833 565 3870 esse
595 3832 709 3868 non
737 3831 902 3884 posse
929 3814 1116 3879 video,
1145 3814 1192 3865 si
1223 3813 1448 3867 animus
1479 3813 1535 3865 in
1561 3829 1628 3866 eo
1648 3829 1764 3866 non
1794 3814 1903 3879 sit;
1937 3817 1994 3867 et
2023 3829 2139 3866 non

443 3919 676 3974 possum
705 3903 911 3968 dicere,
933 3901 1133 3954 ubiubi
1180 3901 1252 3954 sit
1294 3917 1500 3970 corpus
1541 3901 1834 3970 sapientis,
1870 3918 1986 3954 non
2017 3902 2138 3971 ejus

445 3991 703 4044 animum
732 4005 849 4042 esse
881 4005 1008 4042 cum
1045 3989 1176 4041 Deo.
1213 3989 1349 4057 Ego,
1383 3987 1640 4057 inquam,
1676 3987 1900 4056 faciam,
1941 3994 2003 4042 ut
2030 3989 2138 4043 hoc

443 4077 708 4148 explices.
758 4078 1012 4130 Fortasse
1060 4074 1214 4128 enim
1250 4074 1386 4144 quia
1423 4074 1634 4145 ubique
1677 4077 1823 4129 Deus
1854 4089 1956 4141 est,
1988 4093 2137 4147 quo—

441 4183 555 4237 quo
586 4164 716 4218 ierit
745 4164 989 4234 sapiens,
1026 4162 1242 4216 invenit
1273 4165 1449 4217 Deum
1482 4179 1612 4216 cum
1645 4179 1759 4234 quo
1787 4179 1905 4217 esse
1935 4165 2134 4234 possit.

441 4256 525 4309 Ita
555 4254 620 4308 ﬁt
649 4256 714 4306 ut
747 4251 1030 4322 possimus
1079 4255 1135 4304 et
1175 4266 1287 4304 non
1332 4267 1541 4321 negare
1581 4251 1746 4304 illum
1794 4253 1863 4306 de
1903 4254 2021 4307 loco
2077 4254 2136 4308 in

440 4345 628 4398 locum
675 4340 936 4407 transire,
975 4339 1128 4410 quod
1176 4344 1260 4392 est
1296 4339 1549 4406 moveri;
1593 4344 1648 4394 et
1679 4345 1868 4394 tamen
1911 4358 2137 4412 semper

441 4449 560 4486 esse
591 4447 721 4485 cum
742 4433 884 4486 Deo.
925 4431 1143 4495 Fateor,
1166 4427 1373 4498 inquit,
1404 4443 1609 4498 corpus
1639 4429 1780 4483 illud
1811 4430 1880 4483 de
1923 4431 2044 4484 loco
2074 4435 2136 4484 in

439 4522 626 4574 locum
657 4518 958 4572 transitum
985 4518 1189 4581 facere,
1222 4517 1316 4570 sed
1345 4521 1596 4570 mentem
1619 4516 1804 4587 ipsam
1846 4534 2013 4589 nego,
2041 4519 2134 4573 cui

439 4623 650 4662 nomen
672 4606 941 4676 sapientis
972 4605 1311 4674 impositum
1346 4610 1448 4658 est.

439 4697 588 4750 CAP.
621 4697 733 4748 VII.
753 4726 820 4734 —
840 4694 1108 4760 Quomodo
1141 4694 1270 4748 ordo
1299 4695 1471 4760 fuerit
1485 4709 1603 4746 cum
1623 4694 1824 4747 malum
1841 4709 1947 4748 non
1976 4699 2128 4751 esset.

509 4788 596 4836 20.
634 4783 792 4836 Nunc
831 4784 1060 4836 interim
1111 4783 1220 4846 tibi.
1254 4783 1413 4851 cedo,
1466 4782 1725 4852 inquam,
1777 4799 1848 4837 ne
1897 4799 1986 4836 res
2029 4784 2130 4838 ob-

438 4871 778 4936 scurissima,
814 4875 869 4924 et
917 4872 1130 4925 diutius
1179 4871 1625 4941 diligentiusque
1665 4871 1978 4936 tractanda,
2023 4872 2130 4925 im-

437 4959 628 5030 pcdiat
669 4959 728 5011 in
776 4960 1078 5028 przesentia
1119 4959 1477 5029 propositum
1513 4964 1789 5014 nostrum.
1849 4959 1958 5014 Sed
1988 4959 2130 5014 illud

433 5049 749 5112 videamus,
800 5046 1072 5116 quoniam
1117 5048 1403 5100 ditinitum
1463 5052 1546 5101 est
1592 5063 1626 5100 a
1682 5048 1844 5101 nobis
1875 5048 2012 5118 quid
2059 5048 2131 5102 sit

433 5153 553 5191 esse
584 5136 705 5188 sine
741 5137 872 5200 Deo,
915 5139 1108 5187 utrum
1145 5135 1286 5188 scire
1317 5135 1599 5206 possimus
1641 5136 1832 5204 etiam,
1881 5136 2019 5206 quid
2058 5136 2131 5190 sit

433 5241 552 5280 esse
585 5225 706 5276 sine
749 5224 884 5288 Deo,
936 5222 1194 5293 quamvis
1237 5223 1357 5292 jam
1400 5225 1769 5278 manifestum
1811 5239 1930 5278 esse
1976 5223 2130 5276 arbi-

431 5317 570 5367 tror.
623 5313 764 5366 Nam
803 5311 966 5365 crede
1015 5309 1195 5363 videri
1248 5311 1352 5364 tibi
1409 5328 1504 5366 eos
1557 5312 1656 5382 qui
1697 5329 1827 5366 cum
1859 5313 1974 5366 Deo
2011 5328 2127 5366 non

431 5405 583 5468 sunt,
617 5417 735 5454 csse
768 5400 888 5453 sine
931 5399 1066 5452 Deo.
1112 5397 1168 5451 Si
1215 5404 1468 5467 possent,
1520 5399 1728 5470 inquit,
1773 5399 1916 5454 mihi
1953 5399 2126 5453 verba

429 5493 749 5557 suppetere,
782 5489 1028 5543 dicerem
1050 5486 1287 5542 fortasse
1313 5487 1468 5557 quod
1498 5487 1602 5542 tibi
1626 5504 1744 5544 non
1772 5487 2115 5560 displiceret.

1723 258 1816 314 DE
1854 254 2144 321 ORDINE,
2197 253 2250 308 S.
2312 252 2696 310 AUGUSTlNl

3785 259 3880 311 1004

2254 376 2362 432 Sed
2398 381 2532 447 peto
2573 375 2825 446 perferas
2856 373 3158 428 infantiam
3197 388 3406 438 meam,
3438 390 3630 446 resque
3675 377 3818 448 ipsas,
3840 387 3882 432 ut

2252 470 2305 520 te
2335 467 2514 531 decet,
2547 465 2723 518 veloci
2753 468 2943 518 mente
2987 463 3306 533 praeripias.
3355 463 3492 516 Nam
3539 463 3623 517 isti
3669 481 3760 519 nec
3782 483 3877 521 cum

2255 555 2368 608 Deo
2400 553 2542 606 mihi
2574 553 2839 606 videntur
2870 569 3012 617 esse,
3045 557 3102 605 et
3137 569 3167 604 a
3212 554 3321 606 Deo
3353 556 3540 605 tamen
3578 553 3773 607 haberi.
3804 556 3879 607 Ita-

2253 659 2363 711 que
2386 659 2498 696 non
2519 657 2750 711 possum
2782 657 2879 694 eos
2919 642 3040 694 sine
3072 642 3186 694 Deo
3218 656 3338 694 esse
3370 640 3572 705 dicere,
3619 657 3748 710 quos
3776 644 3881 696 Deus

2252 732 2444 786 habet.
2487 731 2628 785 Cum
2656 732 2771 784 Deo
2801 729 2939 783 item
2971 745 3087 782 non
3120 729 3266 794 dico,
3293 728 3426 798 quia
3454 728 3558 798 ipsi
3589 746 3696 783 non
3724 731 3882 784 habent

2255 821 2457 873 Deum.
2488 818 2783 889 Siquidem
2814 819 2993 872 Deum
3022 817 3253 881 habere,
3272 817 3392 886 jam
3423 816 3570 870 inter
3599 833 3690 870 nos
3714 818 3880 888 pridem

2252 908 2310 960 in
2342 923 2605 960 sermone
2636 906 2734 959 illo
2763 923 2934 976 quem
2984 905 3075 960 die
3119 905 3293 958 natali
3334 910 3432 959 tuo
3467 906 3882 975 jucundissimum

2252 995 2578 1060 habuimus,
2612 995 2824 1064 placuit
2852 993 2997 1047 nihil
3029 993 3182 1046 aliud
3215 1009 3334 1046 esse
3367 1009 3536 1062 quam
3571 994 3677 1047 Deo
3719 995 3882 1062 perfrui

2255 1084 2354 1154 (De
2388 1084 2552 1136 Beata
2591 1082 2730 1148 Vita,
2763 1098 2818 1135 n.
2864 1082 2972 1152 34).
3002 1082 3109 1136 Sed
3154 1081 3337 1134 fateor
3371 1098 3458 1134 me
3505 1081 3788 1135 formidare
3813 1083 3883 1134 ista

2254 1170 2553 1233 contraria,
2616 1171 2904 1241 quomodo
2950 1169 3195 1240 quisque
3240 1185 3344 1224 nec
3384 1169 3506 1223 sine
3561 1171 3666 1224 Deo
3703 1171 3784 1238 sit,
3816 1187 3883 1223 nec

2254 1277 2384 1314 cum
2424 1261 2560 1314 Deo.

2323 1351 2412 1402 2|.
2447 1349 2571 1402 Non
2601 1352 2656 1402 te
2685 1352 2952 1401 moveant
2976 1347 3103 1408 ista,
3135 1347 3394 1418 inquam.
3419 1347 3560 1401 Nam
3587 1347 3678 1400 ubi
3705 1363 3779 1400 res
3795 1363 3886 1400 cou-

2255 1437 2427 1502 venit,
2459 1437 2588 1507 quis
2636 1452 2752 1489 non
2783 1436 2951 1489 verba
2983 1435 3352 1489 contemnat?
3397 1436 3582 1499 Quare
3615 1437 3724 1507 jam
3765 1437 3819 1489 ad
3843 1437 3884 1488 il-

2257 1525 2372 1578 lam
2405 1525 2634 1577 tandem
2667 1523 2884 1577 ordinis
2913 1523 3306 1577 definitionem
3333 1525 3652 1577 redeamus.
3683 1525 3801 1577 Nam
3825 1541 3886 1577 or-

2256 1613 2450 1666 dinem
2477 1628 2596 1666 esse
2623 1610 2816 1665 dixisti
2843 1627 2954 1681 quo
2987 1612 3135 1664 Deus
3164 1611 3281 1681 agit
3306 1612 3522 1665 omnia.
3560 1612 3700 1666 Nihil
3725 1618 3884 1672 autem.

2257 1704 2319 1753 ut
2347 1700 2529 1763 video,
2560 1716 2677 1753 non
2707 1699 2823 1770 agit
2885 1699 3069 1752 Deus:
3126 1714 3255 1752 nam
3301 1699 3436 1753 inde
3479 1699 3660 1752 visum
3696 1699 3784 1752 tibi
3817 1703 3885 1756 est,

2258 1788 2399 1842 nihil
2433 1793 2642 1858 praeter
2679 1787 2940 1842 ordinem
2971 1803 3136 1857 posse
3180 1786 3446 1841 inveniri.
3491 1788 3688 1852 Manet,
3731 1785 3886 1856 inquit,

2258 1875 2540 1929 sententia
2595 1891 2756 1929 mea:
2811 1876 2908 1944 sed
2957 1876 3079 1946 jam
3137 1874 3301 1930 video
3348 1875 3492 1946 quid
3542 1876 3616 1928 sis
3673 1876 3885 1937 dicturus,

2257 1969 2452 2018 utrum
2485 1965 2634 2018 Deus
2661 1969 2793 2034 agat
2821 1980 2946 2034 quae
2981 1980 3098 2017 non
3147 1964 3289 2018 bene
3319 1965 3414 2034 agi
3445 1964 3782 2018 confitemur.
3807 1964 3883 2031 0p-

2256 2053 2418 2120 time,
2449 2053 2720 2123 inquam;
2756 2068 2986 2122 prorsus
3016 2053 3246 2106 oculum
3289 2053 3348 2106 in
3399 2058 3648 2108 mentem
3679 2051 3883 2122 injecisti.

2259 2139 2365 2196 Sed
2407 2145 2468 2194 ut
2515 2140 2705 2194 vidisti
2734 2140 2874 2210 quid
2925 2155 3109 2193 essem
3136 2140 3412 2208 dicturus,
3464 2141 3547 2195 ita
3590 2146 3709 2212 peto
3747 2139 3886 2193 videas

2258 2228 2395 2298 quid
2435 2228 2892 2299 respondendum
2925 2227 3015 2282 sit.
3048 2233 3234 2298 Atque
3269 2228 3364 2282 ille
3407 2233 3614 2282 nutans
3653 2227 3806 2298 capite
3828 2231 3884 2279 εἰσ

2258 2334 2370 2388 que
2399 2317 2676 2382 humeris,
2718 2317 3060 2382 Turbamur,
3096 2317 3322 2387 inquit:
3374 2323 3434 2372 et
3460 2317 3591 2371 huic
3618 2318 3747 2370 forte
3772 2332 3885 2385 qua-

2259 2405 2430 2459 stioni
2455 2411 2638 2459 mater
2671 2409 3096 2474 supervenerat.
3129 2407 3316 2475 Atque
3346 2404 3448 2458 ille
3479 2410 3609 2475 post
3635 2405 3887 2474 aliquantu-

2258 2493 2376 2546 lum
2409 2492 2704 2546 silentium
2725 2492 2892 2562 petiit
2920 2498 2983 2547 ut
3013 2509 3044 2546 a
3073 2508 3162 2546 me
3195 2493 3302 2546 hoc
3331 2493 3530 2561 ipsum
3557 2509 3737 2546 rursus
3761 2491 3887 2544 inter-

2257 2584 2574 2650 rogaretur.
2627 2580 2729 2636 Cui
2772 2581 2898 2635 loco
2943 2581 3205 2651 superius
3252 2598 3286 2635 a
3333 2581 3604 2652 Trygetio
3641 2580 3788 2634 fuisse
3829 2594 3887 2630 re-

2258 2685 2530 2738 sponsum
2561 2685 2676 2722 non
2707 2670 2944 2722 omnino
2977 2669 3466 2724 animadverterat
3496 2670 3654 2738 (Cap.
3686 2671 3732 2723 4.
3753 2672 3886 2732 n.tl;.

2255 2758 2398 2811 Tum
2447 2773 2582 2828 ego:
2645 2757 2814 2823 Quid,
2873 2757 3132 2828 inquam,
3207 2757 3294 2811 vel
3347 2774 3457 2812 cur
3512 2759 3615 2812 tibi
3662 2755 3888 2828 repetam?

2253 2847 2478 2911 Actum,
2525 2846 2707 2910 aiunt,
2750 2861 2820 2898 ne
2873 2861 3028 2915 agas.
3085 2845 3270 2908 Quare
3309 2861 3526 2899 moneo
3557 2845 3732 2916 potius
3777 2849 3886 2896 utea

2254 2949 2384 3003 qua:
2413 2950 2586 3004 supra
2617 2933 2766 2987 dicta
2791 2938 2941 3000 sunt,
2987 2933 3074 2987 vel
3105 2933 3294 3004 legere
3325 2950 3517 3000 cures,
3559 2935 3604 2986 si
3635 2933 3802 2986 audire
3824 2945 3886 2982 ne-

2255 3021 2506 3090 quivisti.
2555 3023 2737 3086 Quam
2769 3021 2998 3092 quidem
3041 3021 3359 3076 absentiam
3391 3039 3429 3076 a
3459 3038 3708 3077 sermone
3748 3024 3887 3074 nostro

2255 3109 2432 3162 animi
2462 3110 2547 3163 tui
2585 3125 2700 3163 non
2730 3126 2883 3180 aegre
2912 3109 3038 3172 tuli,
3095 3110 3310 3180 diuque
3336 3109 3422 3165 ita
3471 3128 3591 3165 esse
3618 3117 3666 3164 te
3707 3107 3882 3179 pertuli,

2252 3202 2316 3251 ut
2344 3214 2528 3268 neque
2558 3197 2656 3251 illa
2685 3197 3025 3268 impedirem
3069 3214 3198 3268 qua:
3245 3203 3437 3252 tecum
3483 3199 3721 3253 intentus
3746 3211 3882 3249 remo-

2251 3289 2455 3355 tusque
2485 3302 2518 3338 a
2546 3285 2728 3352 nobis,
2762 3302 2866 3355 pro
2893 3291 2947 3339 te
2977 3287 3204 3356 agebas,
3241 3293 3296 3340 et
3321 3303 3391 3341 ea
3424 3302 3774 3358 persequerer
3790 3298 3880 3354 qua

2250 3377 2306 3427 te
2333 3374 2592 3427 amittere
2624 3374 2786 3428 stilus
2816 3373 2919 3428 iste
2952 3391 3069 3428 non
3109 3374 3343 3429 sineret.

2302 3463 2390 3514 22.
2401 3462 2441 3514 Ν
2453 3477 2559 3514 unc
2570 3461 2711 3514 illud
2727 3477 2940 3532 quaero,
2951 3461 3104 3532 quod
3118 3462 3381 3517 nondum
3395 3463 3669 3518 discutere
3681 3457 3878 3530 diligenti

2248 3549 2470 3603 ratione
2500 3549 2859 3603 tentavimus.
2913 3550 3054 3603 Nam
3084 3555 3149 3604 ut
3190 3551 3450 3621 primum
3495 3552 3652 3607 nobis
3679 3551 3810 3605 istam
3833 3546 3878 3599 de

2249 3637 2447 3692 ordine
2476 3638 2852 3707 quaestionem
2883 3639 3070 3692 nescio
3093 3639 3221 3708 quis
3255 3640 3399 3694 ordo
3441 3641 3676 3712 peperit,
3706 3634 3879 3692 memini

2247 3732 2303 3780 te
2331 3725 2538 3780 dixisse
2573 3727 2718 3780 hanc
2744 3742 2863 3780 esse
2903 3726 3184 3796 justitiam
3218 3727 3338 3791 Dei,
3373 3746 3508 3799 quae
3539 3731 3743 3798 separat
3773 3725 3877 3777 inter

2245 3814 2426 3868 bonos
2455 3819 2513 3868 et
2540 3815 2741 3882 malos,
2773 3818 2828 3867 et
2856 3831 2958 3867 sua
3007 3813 3214 3884 cuique
3255 3816 3464 3871 tribuit
3499 3818 3707 3887 (Supra,
3742 3813 3814 3866 tib.
3842 3816 3874 3872 t,

2245 3919 2291 3958 c.
2328 3907 2358 3956 7
2402 3919 2457 3957 η.
2514 3905 2617 3973 19).
2651 3903 2794 3956 Nam
2838 3903 2994 3956 nulla
3023 3907 3126 3968 est,
3169 3909 3458 3973 quantum
3511 3905 3702 3968 sentio,
3742 3897 3874 3954 mani-

2244 3990 2441 4045 festior
2471 3989 2710 4061 justitiae
2767 3989 3064 4043 definitio:
3118 3990 3313 4060 itaque
3363 3992 3698 4063 respondeas
3734 3987 3870 4040 velim.

2243 4083 2437 4133 utrum
2465 4078 2569 4132 tibi
2619 4077 2878 4132 videatur
2913 4077 3222 4148 aliquando
3255 4079 3441 4134 Deum
3482 4096 3593 4134 non
3637 4078 3782 4132 fuisse
3811 4073 3874 4140 ju-

2243 4173 2412 4222 stum.
2477 4167 2802 4237 Nunquam,
2863 4165 3066 4236 inquit.
3115 4166 3173 4221 Si
3224 4183 3366 4237 ergo
3415 4185 3657 4239 semper,
3698 4167 3873 4233 inquam

2247 4256 2617 4326 Deusjustus,
2653 4270 2878 4324 semper
2895 4255 3114 4308 bonum
3156 4259 3213 4308 et
3244 4256 3466 4310 malum
3498 4257 3731 4310 fuerunt.
3760 4253 3874 4304 Pror-

2243 4361 2356 4411 sus,
2386 4343 2576 4414 inquit
2622 4347 2823 4408 mater,
2869 4341 3012 4396 nihil
3044 4343 3205 4397 aliud
3235 4343 3402 4397 video
3456 4345 3609 4416 quod
3639 4343 3871 4412 sequatur.

2238 4433 2366 4487 Non
2386 4433 2539 4487 enim
2558 4431 2842 4502 judicium
2865 4431 2965 4484 Dei
2990 4430 3097 4484 fuit
3122 4431 3304 4485 ullum
3329 4433 3561 4502 quando
3588 4431 3776 4485 malum
3794 4437 3871 4478 non

2240 4523 2386 4588 fuit;
2420 4538 2542 4586 nec,
2575 4520 2621 4573 si
2652 4519 2959 4591 aliquando
2991 4519 3157 4574 bonis
3178 4526 3234 4574 et
3263 4521 3435 4574 malis
3468 4537 3569 4575 sua
3586 4519 3768 4589 cuique
3791 4525 3871 4567 non

2238 4609 2458 4677 tribuit,
2514 4613 2697 4679 potest
2751 4607 2929 4662 videri
2978 4609 3169 4678 justus
3223 4609 3422 4664 fuisse.
3477 4610 3578 4665 Cui
3610 4603 3870 4662 Licentius:

2240 4699 2384 4768 Ergo
2417 4697 2719 4752 dicendum
2752 4695 2919 4749 nobis
2944 4711 3158 4761 censes,
3204 4695 3420 4767 inquit,
3464 4711 3680 4767 semper
3707 4690 3869 4747 malum

2238 4787 2430 4842 fuisse.
2457 4786 2579 4839 Non
2611 4784 2816 4851 audeo,
2849 4783 3038 4854 inquit
3065 4783 3185 4851 illa,
3209 4785 3320 4839 hoc
3361 4785 3573 4839 dicere.
3621 4781 3747 4846 Quid
3773 4788 3870 4842 ergo

2238 4875 2510 4939 dicemus,
2541 4872 2778 4944 inquam
2799 4870 2826 4924 ?
2852 4871 2908 4925 Si
2939 4872 3086 4925 Deus
3113 4870 3242 4926 ideo
3267 4872 3462 4941 justus
3492 4877 3594 4936 est,
3625 4869 3743 4939 quia
3760 4859 3871 4934 judi-

2238 4969 2328 5018 cat
2354 4963 2502 5018 inter
2517 4962 2697 5016 bonos
2715 4964 2768 5014 et
2788 4960 2984 5024 malos,
3014 4960 3245 5030 quando
3269 4976 3388 5013 non
3420 4965 3543 5014 erat
3573 4959 3763 5012 malum
3789 4963 3872 5003 non

2237 5059 2357 5108 erat
2399 5054 2606 5124 justus.
2660 5049 2756 5104 Hic
2787 5048 2900 5101 illis
2949 5047 3266 5101 tacentibus
3299 5044 3672 5102 animadverti
3707 5044 3870 5109 Tryge'

2235 5135 2381 5190 tium
2420 5136 2731 5207 repondere
2761 5137 2922 5202 velle,
2981 5139 3152 5207 atque
3185 5137 3444 5207 permisi.
3499 5139 3570 5190 At
3597 5136 3682 5188 ille
3710 5149 3721 5185 :
3752 5131 3871 5182 Pror-

2236 5240 2352 5290 sus,
2384 5224 2591 5294 inquit,
2640 5228 2760 5277 erat
2806 5225 2956 5278 Deus
2981 5225 3187 5294 justus.
3240 5226 3472 5278 Poterat
3499 5222 3646 5276 enim
3698 5219 3865 5271 bonum

2235 5311 2565 5382 malumque
2595 5327 2907 5377 secernere,
2965 5311 3012 5364 si
3067 5311 3392 5377 exstitisset,
3450 5317 3507 5364 et
3556 5326 3618 5363 eo
3647 5308 3752 5376 ipso
3782 5313 3866 5370 quo

2231 5403 2475 5470 poterat,
2497 5399 2684 5468 justus
2731 5404 2872 5454 erat.
2916 5399 3038 5453 Non
3071 5399 3245 5465 enim,
3285 5414 3417 5452 cum
3448 5397 3676 5451 dicimus
3695 5391 3865 5445 Cicero-

2231 5503 2366 5544 nem
2396 5487 2708 5557 prudenter
2737 5487 3102 5559 investigasse
3141 5486 3594 5559 conjurationem
3641 5476 3864 5537 Catillum
