3996 6170
12 372 200 424 1003

3 494 447 563 temperanter
476 488 635 543 nullo
665 490 999 559 corruptum
1019 488 1190 543 fuisse
1212 490 1452 561 praemio
1480 507 1593 562 quo
1623 508 1755 562 par-

3 586 208 634 ceret
238 580 423 641 malis,
451 578 602 648 juste
640 578 768 632 illos
808 594 1031 632 summo
1073 578 1354 648 supplicio
1402 584 1631 633 senatus
1661 597 1757 634 au-

3 670 315 721 ctoritate
380 671 672 730 mactasse,
732 666 953 720 fortiter
1011 666 1346 720 sustinuisse
1394 666 1588 720 omnia
1644 668 1757 721 tela

4 754 421 808 inimicorum
453 758 510 807 et
552 757 784 818 molem,
821 758 881 805 ut
919 752 1039 822 ipse
1070 754 1228 819 dixit,
1272 754 1518 821 invidim,
1552 771 1667 808 non
1697 755 1757 808 in

3 859 99 895 eo
181 842 423 897 fuissent
480 840 714 894 virtutes
763 842 906 906 istze,
966 840 1076 894 nisi
1134 841 1374 895 Catilina
1431 842 1756 911 reipublicm

4 936 272 985 tantam
312 929 624 1000 perniciem
665 933 1067 999 comparasset.
1110 929 1301 983 Virtus
1340 930 1493 983 enim
1532 947 1635 1000 per
1671 947 1756 983 se-

12 1020 266 1089 ipsam,
295 1036 410 1073 non
441 1035 543 1088 per
561 1017 790 1088 aliquod
817 1018 1145 1088 hujusmodi
1169 1035 1312 1089 opus
1342 1020 1758 1073 consideranda

10 1115 159 1173 est,
199 1114 260 1162 et
288 1108 345 1161 in
381 1107 641 1172 homine;
673 1112 886 1177 quanto
911 1106 1093 1177 magis
1127 1106 1184 1160 in
1218 1109 1374 1161 Deo?
1401 1108 1446 1160 si
1477 1113 1669 1162 tamen
1699 1109 1757 1161 in

13 1196 342 1266 angustiis
374 1211 569 1248 rerum
598 1200 766 1264 atque
797 1194 1101 1248 verborum
1134 1211 1478 1265 componere
1508 1196 1619 1249 illis
1650 1195 1756 1249 ista

5 1301 292 1354 quoquo
323 1284 491 1337 modo
517 1282 886 1353 permittitur.
919 1284 1079 1349 Nam,
1113 1288 1177 1335 ut
1206 1283 1591 1351 intelligamus
1622 1282 1757 1352 quia

15 1374 209 1425 Deus
264 1387 490 1442 semper
552 1372 738 1440 justus
791 1371 916 1437 fuit,
977 1372 1203 1441 quando
1270 1371 1483 1424 exstitit
1539 1372 1755 1424 malum

12 1462 207 1530 quod
235 1477 263 1513 a
295 1459 446 1513 bono
478 1460 822 1529 sejungeret,
864 1459 1005 1512 nihil
1038 1459 1257 1513 distulit
1287 1476 1389 1513 sua
1420 1459 1623 1529 cuique
1654 1459 1754 1511 tri-

4 1549 257 1601 buere:
304 1564 419 1601 non
468 1548 621 1600 enim
654 1552 787 1599 tunc
824 1548 875 1599 ei
905 1550 1026 1600 erat
1064 1546 1333 1599 discenda
1366 1546 1625 1617 justitia;
1658 1546 1753 1599 sed

12 1643 187 1690 tunc
230 1654 297 1690 ea
328 1636 629 1701 utendum,
664 1652 833 1706 quam
858 1651 1083 1705 semper
1110 1635 1326 1689 habuit.

108 1729 215 1780 23.
248 1726 409 1789 Quod
435 1741 564 1778 cum
597 1731 650 1778 et
680 1722 965 1778 Licentius
994 1728 1049 1777 et
1074 1728 1253 1777 mater
1281 1724 1339 1776 in
1372 1727 1527 1776 tanta
1560 1739 1751 1777 neces-

14 1814 220 1868 sitate
263 1814 711 1883 approbassem:
762 1812 928 1877 Quid,
975 1812 1232 1882 inquam,
1288 1811 1445 1876 dicis,
1497 1812 1755 1865 Licenti?

22 1904 164 1957 Ubi
196 1908 285 1956 est
315 1902 467 1972 quod
499 1906 616 1954 tam
648 1916 995 1970 magnopere
1026 1900 1336 1963 asseruisti,
1371 1900 1513 1952 nihil
1546 1905 1756 1969 praeter

25 1991 324 2044 ordinem
346 1989 511 2043 fieri?
533 1990 695 2053 Quod
727 1989 882 2042 enim
907 1988 1111 2041 factum
1148 1993 1227 2042 est
1248 1994 1311 2041 ut
1331 1990 1543 2042 malum
1566 2006 1757 2043 nasce-

25 2085 237 2144 retur,
270 2094 387 2131 non
417 2078 618 2148 utique
648 2078 744 2131 Dei
776 2077 975 2130 ordine
998 2077 1212 2130 factum
1243 2081 1356 2143 est;
1391 2077 1486 2131 sed
1516 2093 1643 2130 cum
1676 2094 1757 2130 es-

20 2173 135 2222 set
166 2172 389 2233 natum,
424 2165 523 2219 Dei
554 2166 751 2219 ordine
791 2164 1072 2219 inclusum
1114 2169 1215 2219 est.
1251 2166 1315 2218 Et
1346 2166 1438 2227 ille
1470 2165 1756 2219 admirans

21 2273 101 2309 ac
144 2257 383 2309 moleste
416 2255 601 2308 ferens
635 2253 785 2324 quod
817 2257 932 2307 tam
974 2257 1207 2323 repente
1238 2254 1388 2307 bona
1416 2270 1584 2307 causa
1614 2258 1758 2308 esset

24 2346 215 2415 lapsa
246 2344 314 2397 de
348 2342 647 2396 manibus:
693 2343 949 2406 Prorsus,
990 2340 1197 2411 inquit.
1231 2358 1294 2394 ex
1342 2341 1439 2394 illo
1474 2340 1597 2396 dico
1638 2358 1755 2396 cu:-

26 2434 205 2504 pisse
239 2431 521 2491 ordinem.
557 2446 624 2484 ex
664 2447 776 2501 quo
811 2429 1027 2483 malum
1059 2446 1179 2483 esse
1214 2429 1402 2500 coepit.
1453 2432 1617 2500 Ergo,
1661 2430 1757 2483 in-

25 2537 252 2593 quam,
304 2526 367 2573 ut
411 2525 558 2573 esset
603 2519 794 2589 ipsum
842 2519 1079 2583 malum,
1128 2535 1245 2571 non
1297 2518 1495 2572 ordine
1543 2519 1753 2571 factum

27 2616 157 2673 est,
194 2611 243 2663 si
278 2613 580 2679 postquam
621 2608 837 2661 malum
865 2612 1055 2660 ortum
1095 2611 1197 2673 est,
1231 2608 1367 2661 ordo
1396 2623 1515 2660 esse
1550 2607 1746 2678 coepit.

26 2699 162 2753 Sed
196 2713 419 2768 semper
446 2702 566 2750 erat
598 2696 737 2749 ordo
757 2696 906 2765 apud
940 2697 1119 2749 Deum
1145 2712 1156 2748 :
1190 2700 1247 2749 et
1273 2700 1369 2749 aut
1397 2712 1622 2767 semper
1649 2695 1757 2749 fuit

31 2783 201 2838 nihil
233 2784 380 2854 quod
416 2782 622 2836 dicitur
649 2782 897 2847 malum;
927 2786 1027 2835 aut.
1056 2780 1101 2834 si
1130 2781 1438 2851 aliquando
1472 2782 1758 2835 invenitur

4 2873 315 2941 tempisse,
346 2871 481 2941 quia
510 2870 647 2924 ordo
678 2870 796 2939 ipse
829 2872 927 2922 aut
963 2868 1179 2922 bonum
1226 2874 1330 2934 est,
1373 2872 1471 2921 aut
1510 2885 1573 2921 ex
1606 2868 1755 2921 bono

36 2964 162 3027 est,
195 2974 492 3029 nunquam
543 2956 753 3027 aliquid
802 2955 924 3009 sine
970 2955 1171 3009 ordine
1215 2954 1339 3020 fuit,
1382 2970 1485 3007 nec
1516 2953 1622 3007 erit
1653 2952 1755 3006 ali-

38 3047 307 3119 quando.
358 3045 627 3110 Quamvis
675 3048 730 3098 et
778 3044 966 3098 nescio
1025 3043 1160 3114 qnid
1218 3043 1413 3112 potius
1470 3042 1749 3107 occurrit;

35 3136 155 3189 sed
188 3135 285 3188 illa
333 3132 748 3187 consuetudine
801 3131 1099 3186 oblivionis
1148 3131 1405 3201 elapsum
1447 3134 1565 3184 est:
1604 3129 1757 3200 quod

40 3223 230 3277 credo
260 3222 456 3276 ordine
486 3220 789 3291 contigisse
820 3237 925 3290 pro
957 3218 1163 3273 merito
1205 3220 1291 3273 vel
1322 3219 1503 3289 gradu
1544 3218 1631 3271 vel
1667 3233 1756 3270 or-

44 3312 196 3366 dine
241 3311 372 3364 vitas
412 3310 451 3366 ί.
489 3309 685 3363 Nescio
729 3309 1016 3379 quomodo
1066 3306 1227 3375 mihi,
1274 3308 1479 3377 inquit,
1535 3306 1757 3375 effugit,

45 3416 236 3471 quam
259 3415 407 3452 nunc
429 3414 635 3469 sperno
658 3397 994 3451 sententiam
1020 3414 1033 3450 :
1057 3412 1172 3449 non
1198 3395 1351 3449 enim.
1383 3394 1553 3449 debui
1573 3394 1759 3451 dicere

44 3492 367 3561 postquam
399 3487 615 3541 malum
648 3490 842 3539 natum
892 3490 995 3551 est,
1043 3484 1276 3555 coepisse
1327 3484 1621 3537 ordinem:
1662 3483 1759 3536 sed

47 3582 125 3631 ut
158 3576 254 3629 illa
278 3575 520 3646 justitia,
554 3575 620 3629 de
655 3592 769 3644 qua
811 3573 1109 3643 Trygetius
1141 3572 1427 3638 disseruit,
1460 3572 1538 3625 ita
1579 3576 1633 3625 et
1662 3586 1761 3624 or-

52 3666 258 3721 dinem
283 3664 453 3717 fuisse
488 3663 634 3733 apud
671 3664 878 3725 Deum;
907 3661 1005 3714 sed
1028 3662 1095 3715 ad
1126 3677 1294 3714 usum
1322 3659 1345 3690 ²
1378 3676 1491 3713 non
1518 3660 1757 3728 venisse,

52 3754 174 3807 nisi
204 3757 502 3823 postquam
536 3750 688 3803 mala
727 3766 854 3803 esee
885 3754 1202 3820 coeperunt.
1237 3749 1466 3814 Eodem,
1500 3748 1758 3818 inquam,

55 3840 368 3905 relaberis;
419 3839 557 3893 illud
591 3838 766 3903 enim,
818 3837 974 3907 quod
1022 3836 1259 3891 minime
1310 3836 1411 3901 vis,
1462 3837 1761 3891 inconcus-

56 3946 194 3983 sum
226 3933 453 3982 manet:
501 3944 635 3981 nam
674 3926 787 3980 sive
825 3925 977 3995 apud
1022 3927 1201 3979 Deum
1228 3924 1338 3979 fuit
1356 3926 1517 3991 ordo,
1551 3926 1664 3980 sive
1695 3943 1762 3980 ex

57 4018 167 4070 illo
198 4020 458 4086 tempore
490 4030 609 4068 esse
659 4012 849 4082 caepit,
900 4028 967 4064 ex
1010 4028 1125 4083 quo
1170 4012 1342 4065 etiam
1390 4014 1626 4079 malum,
1677 4018 1761 4067 ta-

22 4122 30 4167 τ
61 4121 204 4160 men
233 4104 448 4157 malum
479 4101 619 4157 illud
650 4106 858 4171 prazter
887 4099 1148 4153 ordinem
1173 4105 1371 4153 natum
1401 4104 1501 4154 cst.
1536 4101 1695 4164 Quod
1718 4102 1765 4154 si

61 4192 349 4257 concedis,
383 4190 575 4244 fateris
620 4189 835 4259 aliquid
874 4192 1083 4257 praeter
1121 4187 1378 4240 ordinem
1407 4204 1572 4258 posse
1600 4188 1722 4241 ﬁeri
1750 4208 1765 4253 ;

66 4281 229 4352 quod
261 4295 491 4333 causam
520 4284 677 4332 tuam
716 4277 974 4331 debilitat
1016 4292 1080 4329 ac
1120 4275 1451 4329 detruncat:
1495 4276 1542 4327 si
1574 4282 1765 4329 autem

67 4387 188 4424 non
221 4368 503 4435 concedis,
536 4366 737 4435 incipit
780 4364 879 4419 Dei
927 4364 1127 4417 ordine
1176 4368 1376 4417 natum
1424 4364 1638 4417 malum
1684 4365 1767 4417 vi»

71 4458 221 4520 deri,
255 4461 311 4510 et
337 4456 619 4509 malorum
662 4457 948 4507 auctorem
990 4453 1169 4505 Deum
1210 4450 1509 4517 fateberis;
1543 4467 1655 4521 quo
1683 4468 1768 4505 sa-

72 4545 314 4615 crilegio
344 4544 483 4597 mihi
511 4542 901 4596 detestabilius
942 4540 1085 4593 nihil
1123 4539 1389 4594 occurrit.
1441 4540 1601 4604 Quod
1642 4557 1771 4595 cum

76 4635 194 4688 sive
227 4649 344 4687 non
368 4630 733 4701 intelligenti,
773 4629 885 4682 sive
915 4628 1296 4682 dissimulanti
1321 4644 1377 4681 se
1407 4630 1767 4695 intellexisse,

75 4737 365 4776 versarem
398 4718 605 4789 saepius
636 4723 691 4771 et
722 4718 1089 4782 revolverem,
1112 4717 1253 4771 nihil
1281 4716 1483 4771 habuit
1513 4718 1661 4789 quod
1694 4718 1772 4772 di-

79 4815 254 4875 ceret,
288 4812 345 4862 et
369 4824 427 4861 se
458 4806 681 4861 silentio
727 4805 908 4859 dedit.
947 4806 1095 4859 Num
1137 4808 1353 4859 mater:
1398 4807 1531 4876 Ego,
1565 4796 1773 4876 inquit,

85 4915 205 4953 non
255 4900 393 4968 puto
429 4894 572 4949 nihil
622 4893 873 4964 potuisse
917 4898 1126 4963 praeter
1174 4892 1276 4946 Dei
1322 4893 1580 4946 ordinem
1629 4894 1776 4963 fieri,

84 4988 222 5060 quia
251 4987 441 5056 ipsum
474 4984 689 5038 malum
730 4983 879 5053 quod
918 4987 1115 5035 natum
1152 4986 1254 5047 est,
1288 4983 1443 5035 nullo
1474 4983 1641 5036 modo
1678 4982 1778 5036 Dei

84 5075 287 5130 ordine
320 5078 519 5127 natum
545 5075 661 5136 est;
684 5071 780 5124 sed
803 5070 899 5123 illa
924 5068 1141 5141 justitia
1163 5068 1220 5121 id
1250 5068 1635 5123 inordinatum
1660 5086 1778 5123 esse

82 5180 202 5220 non
234 5161 384 5229 sivit,
417 5165 472 5215 et
497 5160 557 5214 in
591 5159 697 5213 sibi
726 5158 997 5213 meritum
1017 5158 1277 5213 ordinem
1297 5157 1520 5228 redegit
1549 5164 1604 5213 et
1625 5174 1779 5213 com-

86 5252 257 5325 pulit.

151 5361 167 5392 ι
192 5356 421 5415 Insignis
444 5356 530 5404 hic
553 5353 766 5404 omissio
786 5357 865 5403 est
888 5356 939 5402 in
962 5352 1232 5403 codicibus
1252 5366 1459 5413 novem,
1485 5354 1649 5416 iisque
1676 5368 1785 5403 non

91 5419 367 5468 deterioris
406 5423 566 5473 notua.
597 5418 687 5479 qui
717 5416 778 5465 ad
811 5417 924 5464 haec
948 5417 1126 5471 verba,
1166 5419 1297 5479 ordo
1341 5428 1449 5479 esse
1478 5418 1647 5479 coepit,
1688 5417 1787 5466 ista

92 5481 429 5531 continenter
452 5476 743 5542 subjiciunt.
765 5494 775 5527 :
804 5478 983 5542 Nescio
1007 5477 1265 5542 quomodo
1288 5476 1444 5528 mihi.

148 5544 170 5577 ³
198 5542 322 5590 Bad.
341 5543 455 5591 Am.
488 5540 573 5590 Erl
597 5545 648 5590 et
676 5541 823 5597 Lov.,
844 5541 917 5593 ad
943 5540 1101 5593 usum
1120 5540 1238 5603 ejus
1256 5552 1363 5590 non
1387 5542 1610 5591 venisse.

145 5606 169 5640 ³
208 5603 477 5666 Plerisque
508 5604 654 5653 abest
681 5602 811 5664 ejus.

1506 367 1719 425 LIBER
1763 367 2150 427 SECUNDUS.

3431 373 3564 435 1006

1940 493 2027 546 24.
2069 492 2167 547 Hic
2215 509 2318 564 ego
2366 510 2497 548 cum
2539 510 2738 549 omnes
2786 512 3076 551 cernerem
3128 499 3564 569 studiosissime,

1870 594 1933 632 ac
1982 596 2085 649 pro
2136 581 2253 634 suis
2302 598 2591 653 quemque
2638 583 2850 636 viribus
2906 586 3087 639 Deum
3143 602 3419 656 quaerere,
3469 590 3567 643 sed

1870 666 2059 735 ipsum
2090 668 2158 721 de
2186 685 2299 737 quo
2320 670 2630 738 agebamus
2672 672 2932 724 ordinem
2965 689 3080 725 non
3101 678 3315 741 tenere,
3350 692 3464 745 quo
3496 678 3566 731 ad

1870 753 2026 807 illius
2056 755 2357 809 inelfabilis
2390 758 2698 825 majestatis
2727 758 3162 828 intelligentiam
3196 758 3562 832 pervenitur:

1872 842 1982 895 Oro
2014 859 2133 911 vos,
2183 844 2439 913 inquam,
2476 845 2541 909 si,
2577 852 2638 899 ut
2682 846 2866 911 video,
2917 850 3160 902 multum
3211 850 3445 921 diligitis
3473 870 3565 907 or-

1869 929 2083 999 dinem,
2116 948 2187 984 ne
2220 948 2323 984 nos
2355 938 2736 1002 prteposteros
2765 940 2819 987 ct
2848 935 3200 989 inordinatos
3232 954 3351 991 esse
3382 940 3565 1008 patia-

1868 1017 2030 1071 mini.
2068 1019 2407 1089 Quanquam
2449 1021 2601 1073 cnim
2640 1022 3020 1075 occultissima
3055 1024 3197 1077 ratio
3242 1042 3299 1079 se
3333 1027 3566 1079 demon-

1868 1110 2169 1159 straturam
2201 1109 2554 1176 polliceatur,
2588 1110 2729 1163 nihil
2775 1116 2985 1179 praeter
3012 1112 3268 1166 divinum
3302 1115 3566 1170 ordinem

1868 1193 2028 1247 fieri:
2066 1200 2257 1248 tamen
2288 1197 2333 1248 si
2370 1198 2695 1266 quempiam
2731 1198 3185 1267 ludimagistrum
3218 1202 3564 1270 audiremus,

1867 1286 2169 1335 conantem
2200 1282 2401 1336 docere
2433 1300 2673 1353 puerum
2711 1285 2970 1353 syllabas,
3013 1303 3184 1357 quem
3224 1290 3383 1358 prius
3415 1292 3566 1345 litte-

1866 1382 1957 1420 ras
2010 1384 2179 1421 nemo
2239 1370 2546 1435 docuisset;
2616 1386 2731 1423 non
2787 1371 2910 1424 dico
2959 1374 3262 1427 ridendum
3294 1381 3566 1447 tanquam

1867 1456 2125 1519 stultum,
2162 1457 2259 1509 sed
2302 1458 2664 1511 vinciendum
2706 1462 2979 1529 tanquam
3016 1461 3293 1515 furiosum
3336 1471 3565 1533 putare-

1870 1558 2015 1607 mus,
2041 1560 2157 1597 non
2188 1545 2259 1598 ob
2289 1545 2463 1610 aliud,
2513 1545 2737 1615 opinor,
2790 1547 2898 1599 nisi
2937 1549 3089 1617 quod
3130 1550 3371 1605 docendi
3413 1553 3566 1607 ordi-

1854 1646 1998 1691 nem
2032 1649 2143 1685 non
2174 1637 2411 1686 teneret.
2440 1636 2510 1687 At
2554 1636 2731 1688 multa
2761 1635 2895 1688 talia
2925 1641 2980 1689 et
3022 1637 3340 1708 imperitos,
3373 1658 3500 1710 quze
3533 1659 3565 1695 a

1868 1718 2045 1772 doctis
2088 1721 2581 1791 reprehendantur
2626 1738 2688 1775 ac
2734 1723 3122 1790 derideantur,
3174 1730 3227 1779 et
3272 1728 3563 1783 dementes

1865 1807 2148 1875 homines,
2183 1826 2309 1879 quas
2333 1827 2434 1863 nec
2463 1811 2760 1864 stultorum
2794 1812 3068 1881 judicium
3100 1814 3346 1883 fugiunt,
3379 1817 3564 1871 facere

1866 1912 2035 1949 nemo
2062 1897 2335 1967 ambigit:
2372 1903 2427 1951 et
2455 1903 2646 1951 tamen
2691 1899 2860 1952 etiam
2904 1900 3011 1953 ista
3041 1902 3233 1955 omnia
3261 1920 3388 1972 quae
3416 1905 3561 1960 fate-

1866 2001 1998 2038 mur
2026 2001 2145 2038 esse
2179 2002 2463 2055 perversa,
2486 2003 2601 2039 non
2624 2003 2742 2040 esse
2761 1992 2970 2057 praeter
2995 1988 3249 2043 divinum
3277 1991 3561 2057 ordinem,

1868 2074 1982 2127 alta
2003 2074 2263 2143 quaedam
2292 2079 2347 2127 et
2375 2092 2407 2127 a
2439 2075 2822 2129 multitudinis
2851 2077 2935 2129 vel
2968 2077 3286 2147 suspicione
3307 2082 3567 2134 remotis-

1870 2161 2011 2215 sima
2049 2162 2367 2231 disciplina,
2409 2179 2465 2215 se
2502 2163 2580 2217 ita
2626 2164 2891 2217 studiosis
2923 2168 2977 2217 et
3008 2166 3186 2219 Deum
3229 2172 3401 2236 atque
3441 2168 3564 2223 ani-

1868 2266 1989 2303 mas
2021 2254 2241 2303 tantum
2285 2250 2607 2304 amantibus
2647 2251 2851 2305 animis
2904 2252 3395 2308 manifestaturam
3445 2272 3565 2310 esse

1868 2338 2168 2408 promittit,
2211 2342 2273 2391 ut
2301 2354 2413 2392 non
2454 2338 2615 2392 nobis
2655 2355 2892 2392 summa:
2933 2356 3301 2395 numerorum
3345 2344 3570 2413 possint

1867 2443 1986 2479 esse
2019 2426 2303 2480 certiores.

1869 2515 2091 2570 CAPUT
2147 2516 2284 2568 VIII.
2346 2546 2413 2554 —
2472 2516 2787 2570 Traduntur
2846 2518 3087 2585 primum
3145 2519 3567 2577 adolescentibus

2148 2609 2416 2672 praecepta
2454 2607 2597 2669 vitae,
2638 2611 2750 2659 tum
2779 2606 2909 2659 ordo
2938 2607 3278 2662 eruditionis.

1938 2694 2026 2745 25.
2078 2692 2207 2745 Ηωο
2250 2696 2439 2745 autem
2487 2692 2787 2762 disciplina
2836 2693 2956 2763 ipsa
2999 2696 3098 2748 Dei
3146 2697 3234 2749 lex
3284 2702 3386 2763 est,
3436 2715 3564 2768 quae

1868 2780 2018 2849 apud
2049 2795 2181 2833 eum
2211 2779 2321 2833 ﬁxa
2357 2784 2408 2833 et
2440 2779 2773 2834 inconcussa
2813 2798 3040 2851 semper
3082 2799 3342 2851 manens,
3385 2785 3445 2838 in
3476 2804 3564 2839 sa-

1867 2867 2091 2936 pientes
2120 2867 2341 2921 animas
2371 2870 2535 2937 quasi
2567 2868 2986 2935 transcribitur;
3019 2876 3083 2923 ut
3111 2874 3267 2923 tanto
3296 2888 3353 2924 se
3385 2872 3568 2926 sciant

1869 2955 2054 3009 vivere
2087 2955 2310 3021 melius,
2354 2960 2627 3025 tantoque
2665 2957 2988 3023 sublimius,
3029 2962 3243 3027 quanto
3284 2963 3341 3012 et
3378 2960 3562 3028 perfe-

1868 3042 2012 3096 ctius
2065 3059 2187 3096 eam
2246 3044 2708 3113 contemplantur
2763 3044 3153 3115 intelligendo,
3214 3050 3271 3099 et
3325 3046 3563 3101 vivendo

1867 3131 2198 3185 custodiunt
2237 3132 2585 3202 diligentius.
2632 3134 2758 3186 Haec
2798 3132 2974 3202 igitur
3016 3132 3317 3201 disciplina
3355 3134 3434 3187 eis
3466 3135 3566 3205 qui

1867 3219 2025 3272 illam
2050 3236 2211 3273 nosse
2228 3220 2570 3286 desiderant,
2596 3220 2764 3274 simul
2782 3222 3076 3291 geminum
3098 3222 3360 3277 ordinem
3382 3224 3567 3294 sequi-

1863 3307 2057 3378 jubet;
2110 3308 2271 3377 cujus
2318 3325 2429 3362 una
2479 3326 2608 3379 pars
2653 3309 2799 3374 vitae,
2856 3311 3031 3363 altera
3079 3310 3417 3365 eruditionis
3460 3316 3562 3366 est.

1868 3396 2331 3450 Adolescentibus
2373 3413 2509 3466 ergo
2547 3398 2814 3451 studiosis
2855 3398 2977 3467 ejus
3014 3398 3095 3451 ita
3122 3399 3427 3453 vivendum
3460 3404 3562 3463 est,

1869 3488 1934 3536 ut
1962 3500 1993 3535 a
2025 3483 2279 3536 venereis
2322 3485 2510 3551 rebus,
2544 3485 2614 3538 ab
2646 3485 2924 3539 illecebris
2964 3486 3175 3538 ventris
3207 3490 3261 3538 et
3294 3486 3565 3555 gutturis,

1869 3570 1939 3623 ab
1972 3570 2311 3624 immodesto
2360 3571 2609 3641 corporis
2658 3573 2811 3625 cultu
2857 3576 2912 3625 et
2941 3577 3163 3637 ornatu,
3202 3572 3272 3627 ab
3302 3573 3569 3627 inanibus

1872 3660 2116 3730 negotiis
2147 3661 2434 3723 ludorum,
2466 3679 2494 3714 a
2524 3665 2750 3730 torpore
2784 3662 2968 3716 somni
3000 3667 3170 3733 atque
3201 3663 3470 3733 pigritiae,
3499 3664 3570 3717 ab

1873 3748 2257 3807 aemulatione,
2310 3748 2744 3813 obtrectatione,
2796 3748 3126 3815 invidentia,
3182 3751 3251 3804 ab
3282 3751 3570 3805 honorum

1870 3841 2333 3907 potestatumque
2376 3837 2804 3901 ambitionibus,
2856 3838 2926 3891 ab
2971 3837 3149 3908 ipsius
3186 3838 3359 3893 etiam
3390 3839 3575 3893 laudis

1873 3925 2178 3978 immodica
2226 3924 2531 3995 cupiditate
2581 3942 2640 3978 se
2679 3925 3021 3979 abstineant.
3071 3927 3338 3979 Amorem
3385 3930 3576 3980 autem

1874 4006 2131 4085 pecunias
2161 4015 2335 4068 totius
2386 4030 2503 4069 suae
2536 4015 2659 4085 spei
2708 4015 3087 4070 certissimum
3139 4033 3424 4071 venenum
3456 4032 3577 4071 esse

1875 4104 2124 4157 credant.
2162 4103 2313 4157 Nihil
2368 4104 2651 4157 enerviter
2694 4104 2922 4169 faciant,
2979 4104 3121 4157 nihil
3172 4103 3476 4157 audaciter.
3513 4105 3577 4160 In

1875 4191 2120 4260 peccatis
2154 4196 2341 4244 autem
2383 4208 2618 4244 suorum
2649 4192 2733 4244 vel
2765 4193 2982 4261 pellant
3016 4191 3251 4244 omnino
3296 4191 3459 4255 iram,
3492 4193 3579 4245 vel

1878 4277 1959 4329 ita
1988 4278 2233 4343 frenent,
2263 4282 2326 4331 ut
2375 4278 2446 4330 sit
2483 4278 2663 4347 pulsae
2712 4278 2933 4331 similis.
2987 4278 3285 4331 Neminem
3335 4278 3577 4334 oderint.

1881 4365 2046 4418 Nulla
2076 4364 2210 4417 vitia
2258 4381 2374 4417 non
2403 4380 2601 4418 curare
2646 4366 2841 4419 velint.
2893 4366 3232 4436 MagnOpere
3282 4366 3584 4422 observent

1881 4470 2010 4508 cum
2060 4452 2369 4517 vindicant,
2416 4470 2487 4507 ne
2519 4452 2763 4507 nimium
2812 4453 2921 4507 sit:
2956 4469 3085 4506 cum
3136 4452 3459 4522 ignoscunt,
3511 4471 3582 4508 ne

1883 4556 2108 4611 parum.
2138 4540 2289 4593 Nihil
2315 4540 2558 4608 puniant
2587 4540 2738 4610 quod
2771 4556 2888 4593 non
2908 4539 3091 4591 valeat
3120 4540 3189 4591 ad
3221 4539 3423 4593 melius
3449 4557 3461 4595 :
3496 4540 3583 4594 ni-

1882 4629 1964 4683 hil
1994 4628 2331 4697 indulgeant
2363 4628 2513 4699 quod
2543 4631 2726 4680 vertat
2757 4626 2813 4679 in
2848 4626 3031 4696 pejus.
3056 4626 3200 4679 Suos
3231 4632 3432 4696 putent
3462 4645 3584 4683 om-

1886 4732 2007 4783 nes,
2041 4715 2100 4768 in
2130 4732 2271 4785 quos
2302 4714 2407 4769 sibi
2436 4718 2683 4785 potestas
2723 4713 2855 4767 data
2890 4711 3079 4765 fuerit.
3114 4713 3198 4765 Ita
3228 4714 3492 4782 serviant,
3526 4720 3591 4770 ut

1888 4804 1970 4858 eis
2002 4802 2285 4857 dominari
2314 4803 2559 4873 pudeat:
2608 4801 2687 4854 ita
2738 4799 3124 4862 dominentur,
3170 4804 3231 4854 ut
3262 4801 3343 4855 eis
3382 4805 3590 4859 servire

1891 4892 2151 4947 delectet.
2194 4892 2259 4944 In
2308 4891 2631 4944 alienorum
2678 4892 2869 4943 autem
2915 4887 3158 4957 peccatis
3208 4890 3431 4944 molesti
3476 4909 3593 4946 non

1892 4980 2004 5034 sint
2035 4979 2229 5033 invito.
2254 4978 2590 5033 Inimicitias
2620 4977 2801 5030 vitent
2824 4976 3171 5045 cautissime,
3190 4977 3375 5031 ferant
3394 4981 3595 5050 aequis-

1898 5069 2062 5134 sime,
2097 5067 2300 5120 ﬁniant
2338 5066 2629 5119 citissime.
2670 5066 2733 5119 In
2765 5065 2921 5118 omni
2946 5080 3079 5118 vero
3109 5070 3399 5119 contractu
3425 5070 3595 5137 atque

1894 5155 2323 5211 conversatione
2354 5171 2483 5208 cum
2510 5152 2859 5219 hominibus,
2893 5153 3024 5206 satis
3056 5157 3139 5206 est
3163 5169 3385 5206 servare
3417 5166 3597 5205 unum

1895 5245 2002 5299 hoc
2032 5244 2263 5313 vulgare
2311 5241 2721 5312 proverbium:
2770 5240 2996 5293 Nemini
3041 5240 3249 5294 faciant
3289 5238 3441 5307 quod
3480 5238 3654 5308 patio

1896 5332 2119 5385 nolunt.
2170 5328 2605 5399 Rempublicam
2653 5328 2836 5382 nolint
2881 5328 3297 5391 administrare,
3329 5325 3438 5379 nisi
3468 5342 3601 5395 per-

1900 5419 2051 5474 fecti.
2084 5417 2284 5473 Pertici
2314 5420 2505 5471 autem
2533 5418 2620 5471 vel
2653 5416 2804 5469 intra
2825 5422 3049 5469 aetatem
3073 5412 3416 5468 senatoriam
3443 5413 3601 5467 festi-

1902 5511 2060 5573 nent,
2090 5506 2180 5560 vel
2208 5508 2357 5559 certe
2405 5504 2555 5559 intra
2595 5505 2985 5575 juventutem.
3039 5501 3149 5557 Sed
3185 5500 3444 5571 quisquis
3476 5516 3603 5556 sero

1906 5594 1967 5648 in
1997 5593 2104 5648 ista
2132 5608 2191 5648 se
2220 5591 2583 5660 converterit,
2630 5607 2751 5647 non
2794 5590 3103 5645 arbitretur
3148 5587 3292 5642 nihil
3338 5588 3447 5644 sibi
3486 5605 3607 5644 esse
