3996 6170
78 238 107 287 1
127 240 238 289 Ου9

68 365 178 411 tes
222 362 320 411 aut
367 355 627 410 videntes
674 357 905 411 difﬁcile
955 358 1120 411 aliter
1166 359 1578 426 existimamus,
1622 377 1795 432 quam

62 462 296 500 sensus
344 446 448 499 iste
489 446 800 499 renuntiat.
837 447 1025 516 quue
1057 446 1121 501 ﬁt
1164 452 1226 500 ut
1258 448 1466 501 multos
1508 465 1622 502 non
1656 450 1795 502 tales

64 552 214 589 esse
245 535 563 597 credamus,
595 535 791 604 quales
821 539 875 587 et
905 550 961 587 se
1000 535 1127 604 ipsi,
1165 541 1218 588 et
1244 552 1341 588 eos
1372 536 1458 589 sui
1485 537 1794 591 familiares

63 627 393 676 noverunt.
424 622 583 685 Quod
617 622 717 675 tibi
750 638 813 675 ex
846 621 1166 676 amicorum
1197 630 1524 677 nostrorum
1565 626 1795 695 quibus-

59 713 221 766 dam
258 712 481 781 magnis
520 711 697 763 animi
738 710 927 779 bonis,
971 728 1097 781 qua:
1130 728 1231 764 nos
1263 712 1369 765 soli
1402 713 1629 779 scimus,
1664 731 1791 783 per-

60 801 328 854 suadeas
358 799 548 853 velim.
585 799 724 851 Nam
755 815 915 851 error
941 798 1044 853 iste
1075 815 1191 853 non
1226 800 1461 853 minima
1494 802 1597 854 hac
1627 818 1794 856 causa

60 888 293 942 nititur
322 886 365 953 ί,
407 886 559 957 quod
602 901 715 939 non
747 886 913 956 pauci
960 903 1016 940 se
1057 887 1242 940 subito
1275 888 1339 940 ad
1377 889 1588 942 bonam
1618 889 1791 942 vitam

66 974 525 1044 xnirandamque
558 979 932 1041 convertunt;
968 980 1022 1028 et
1063 975 1240 1028 donec
1271 977 1555 1047 aliquibus
1587 978 1789 1031 clario-

66 1064 248 1117 ribus
282 1062 441 1117 factis
476 1062 848 1129 innotescant,
891 1064 1086 1134 quales
1117 1069 1279 1118 erant
1308 1081 1428 1118 esse
1458 1066 1787 1120 creduntur.

72 1152 231 1203 Nam
275 1167 346 1204 ne
387 1150 612 1220 longius
660 1150 881 1215 abeam,
915 1151 1041 1220 quis
1083 1152 1220 1205 istos
1249 1153 1651 1218 adolescentes,
1692 1153 1792 1224 qui

70 1244 256 1293 antea
286 1243 539 1304 noverat,
564 1238 726 1292 facile
749 1239 937 1292 credat
959 1245 1076 1293 tam
1102 1240 1351 1293 studiose
1384 1258 1592 1311 magna
1627 1258 1788 1311 quae-

71 1344 236 1389 rere,
273 1331 454 1381 tantas
482 1330 716 1396 repente
748 1326 804 1379 in
840 1328 944 1380 hac
972 1332 1135 1381 aetate
1162 1328 1431 1381 indixisse
1464 1328 1789 1381 inimicitias

72 1416 517 1487 voluptatibus?
551 1416 693 1485 Ergo
724 1416 869 1468 hanc
902 1416 1231 1486 opinionem
1260 1416 1541 1486 pellamus
1568 1432 1635 1469 ex
1666 1416 1788 1469 ani-

76 1521 221 1558 mo:
264 1520 398 1557 nam
440 1509 495 1557 et
532 1504 676 1557 illud
709 1503 966 1557 divinum
998 1504 1297 1571 auxilium,
1332 1505 1505 1575 quod,
1541 1510 1602 1558 ut
1633 1505 1789 1558 dece-

72 1594 203 1657 bat,
253 1591 517 1661 religiose
567 1591 627 1645 in
658 1592 859 1644 ultimo
892 1592 1169 1645 sermonis
1201 1592 1283 1645 tui
1315 1592 1574 1662 posuisti,
1619 1592 1787 1646 latius

72 1696 262 1750 quam
285 1678 550 1733 nonnulli
573 1679 905 1748 opinantur,
930 1679 1181 1733 ofﬁcium
1201 1680 1520 1733 clementiae
1548 1696 1663 1733 suae
1687 1696 1789 1750 per

74 1768 380 1822 universos
424 1768 666 1837 p0pulos
698 1767 834 1837 agit.
868 1768 977 1821 Sed
1017 1769 1087 1822 ad
1118 1768 1514 1839 disputationis
1555 1773 1785 1836 nostras,

73 1858 131 1911 si
165 1858 366 1927 placet,
394 1856 651 1910 ordinem
685 1856 987 1910 redeamus
1014 1876 1029 1923 ;
1060 1862 1114 1910 et
1145 1857 1421 1927 quoniam
1450 1858 1516 1911 de
1548 1857 1787 1911 auctori-

72 1951 200 2000 tate
251 1944 384 1997 satis
423 1944 640 1997 dictum
672 1949 777 2009 est,
810 1943 1103 1997 videamus
1142 1945 1276 2015 quid
1311 1944 1417 1998 sibi
1460 1946 1604 1998 ratio
1632 1946 1785 1999 velit.

158 2033 382 2088 CAPUT
413 2033 499 2086 ΧΙ.
542 2063 602 2070 -κ
635 2035 790 2087 Ratio
821 2032 977 2101 quid,
1010 2038 1058 2086 et
1091 2033 1254 2101 hujus
1288 2035 1343 2085 in
1373 2033 1716 2088 sensibilibus

230 2120 480 2187 vestigia.
524 2123 591 2175 Ut
621 2121 884 2188 differunt
920 2122 1186 2175 rationale
1218 2127 1266 2175 et
1299 2122 1643 2175 rationabile.

160 2212 246 2265 30.
281 2209 444 2263 Ratio
485 2212 567 2262 est
600 2209 805 2262 mentis
838 2209 1037 2279 motio,
1081 2226 1147 2263 ca
1187 2226 1314 2281 quae
1348 2210 1643 2263 discuntur
1674 2210 1785 2264 dis-

77 2297 385 2368 tinguendi
423 2302 479 2351 et
523 2297 897 2351 connectendi
946 2301 1184 2368 potens:
1236 2314 1349 2368 qua
1393 2298 1534 2352 duce
1585 2298 1670 2351 uti
1718 2299 1787 2352 ad

80 2388 273 2440 Deum
302 2385 764 2456 intelligendum,
790 2386 875 2438 vel
907 2385 1089 2455 ipsam
1117 2403 1243 2456 quae
1269 2391 1367 2439 aut
1394 2386 1451 2439 in
1482 2387 1667 2453 nobis,
1693 2391 1790 2441 aut

78 2491 505 2545 usquequaque
536 2479 620 2527 est
648 2474 920 2539 animam,
954 2474 1313 2528 rarissimum
1345 2474 1577 2529 omnino
1608 2491 1789 2545 genus

80 2564 389 2619 hominum
422 2567 637 2633 potest;
673 2579 788 2616 non
819 2564 891 2617 ob
929 2563 1105 2625 aliud,
1146 2563 1253 2617 nisi
1288 2564 1423 2634 quia
1460 2564 1519 2616 in
1550 2563 1789 2617 istorum

83 2667 361 2705 sensuum
394 2650 620 2721 negotia
651 2667 971 2721 progresso,
994 2651 1180 2705 redire
1211 2652 1269 2705 in
1291 2652 1660 2721 semetipsum
1677 2652 1792 2705 cui-

82 2756 204 2811 que
235 2738 462 2793 ditﬁcile
494 2743 595 2793 est.
632 2740 846 2809 Itaque,
884 2755 1014 2792 cum
1044 2739 1104 2791 in
1136 2740 1302 2791 rebus
1330 2738 1466 2809 ipsis
1497 2739 1790 2792 fallacibus

82 2827 316 2882 ratione
346 2832 527 2880 totum
561 2843 728 2896 agere
759 2826 1022 2880 homines
1048 2827 1378 2893 moliantur,
1413 2826 1549 2897 quid
1576 2827 1646 2879 sit
1670 2827 1791 2897 ipsa

84 2917 258 2982 ratio,
300 2921 358 2969 et
404 2915 587 2986 qualis
630 2916 721 2984 sit,
768 2915 879 2969 nisi
927 2916 1199 2985 perpauci
1237 2932 1469 2985 prorsus
1500 2915 1786 2985 ignorant.

84 3005 295 3060 Mirum
326 3004 575 3072 videtur,
609 3004 705 3057 sed
737 3008 928 3057 tamen
968 3020 1024 3057 se
1054 3004 1132 3058 ita
1180 3020 1268 3057 res
1311 3004 1499 3058 habet.
1532 3004 1676 3057 Satis
1708 3009 1792 3058 est

87 3094 202 3147 hoc
231 3093 434 3147 dixisse
473 3092 534 3146 in
567 3092 909 3162 praesentia:
959 3108 1092 3145 nam
1143 3092 1187 3145 si
1226 3092 1381 3145 vobis
1421 3108 1543 3145 rem
1574 3094 1789 3144 tantam

89 3182 241 3236 sicut
278 3181 653 3252 intelligenda
682 3186 785 3247 est,
829 3197 979 3234 nunc
1027 3180 1323 3234 ostendere
1371 3180 1620 3250 cupiam,
1674 3184 1789 3233 tam

87 3272 321 3341 ineptus
365 3270 471 3324 sim
519 3286 691 3340 quam
744 3285 1038 3339 arrogans,
1091 3268 1137 3321 si
1188 3269 1275 3321 vel
1330 3284 1420 3320 me
1469 3268 1626 3320 illam
1670 3269 1790 3337 jam

87 3358 411 3433 percepisse
452 3358 740 3429 proﬁtear.
782 3359 995 3411 Tamen
1027 3362 1304 3427 quantum
1347 3356 1576 3427 dignata
1609 3362 1693 3409 est
1732 3355 1792 3409 in

87 3466 189 3504 res
220 3464 346 3519 qua:
387 3447 550 3501 nobis
594 3451 745 3501 nota)
793 3446 1059 3500 videntur
1092 3445 1416 3515 procedere,
1456 3445 1791 3515 indagemus

89 3554 243 3604 eam,
278 3537 323 3590 si
353 3552 657 3608 possumus
686 3535 934 3602 interim,
970 3539 1142 3606 prout
1172 3539 1464 3605 susceptus
1494 3532 1793 3605 sermozde-

90 3626 327 3681 siderat.

172 3718 255 3769 31.
303 3716 380 3768 Ac
427 3712 680 3784 primum
726 3710 1020 3765 videamus
1064 3710 1161 3763 ubi
1201 3710 1306 3764 hoc
1339 3710 1597 3775 verbum,
1641 3710 1792 3779 quod

92 3802 238 3857 ratio
282 3808 532 3868 vocatur,
577 3799 927 3871 frequentari
972 3800 1146 3865 solet;
1182 3815 1315 3853 nam
1355 3799 1495 3852 illud
1527 3815 1629 3851 nos
1670 3815 1790 3852 mo-

90 3907 227 3945 vere
268 3890 515 3945 maxime
547 3889 732 3955 debet,
767 3889 917 3959 quod
958 3888 1081 3957 ipse
1113 3888 1283 3941 homo
1315 3905 1345 3941 a
1385 3887 1671 3941 veteribus
1701 3903 1791 3939 sa-

91 3980 381 4051 pientibus
412 3979 493 4033 ita
519 3978 786 4033 delinitus
808 3983 890 4031 est
916 3994 928 4032 :
966 3979 1142 4031 Homo
1172 3982 1255 4031 est
1278 3977 1488 4030 animal
1517 3977 1792 4030 rationale

94 4068 357 4121 mortale.
402 4067 501 4120 Hic
538 4082 746 4136 genere
777 4065 962 4137 posito
994 4065 1148 4135 quod
1185 4064 1395 4118 animal
1435 4064 1648 4117 dictum
1687 4068 1790 4131 est,

93 4156 352 4209 videmus
383 4155 601 4209 additas
630 4155 769 4207 duas
790 4153 1153 4217 diﬁ'erentias,
1181 4153 1389 4222 quibus
1406 4152 1572 4205 credo
1596 4152 1792 4206 admo-

94 4244 319 4297 nendus
362 4247 483 4297 erat
526 4243 720 4308 homo,
763 4246 818 4295 et
861 4258 974 4312 quo
1015 4240 1122 4295 sibi
1156 4240 1510 4295 redeundum
1541 4246 1705 4305 esset,
1741 4243 1796 4293 et

96 4332 249 4385 unde
277 4331 636 4402 fugiendum.
672 4331 811 4384 Nam
844 4335 907 4383 ut
928 4345 1258 4400 progressus
1283 4328 1488 4381 animae
1523 4344 1703 4397 usque
1727 4328 1795 4380 ad

96 4420 361 4473 mortalia
402 4420 591 4489 lapsus
639 4423 763 4484 est;
813 4418 891 4471 ita
924 4434 1214 4488 regressus
1244 4433 1364 4470 esse
1408 4416 1467 4469 in
1512 4417 1796 4470 rationem

96 4508 284 4561 debet.
330 4508 449 4561 Uno
480 4507 653 4561 verbo
687 4523 718 4560 a
748 4506 963 4571 bestiis,
1004 4506 1157 4576 quod
1186 4505 1465 4559 rationale
1494 4521 1507 4570 ;
1542 4509 1596 4558 et
1626 4504 1735 4557 alio
1766 4522 1799 4557 a

98 4595 307 4650 divinis
356 4600 670 4666 separatur,
717 4594 870 4665 quod
910 4595 1149 4647 mortale
1181 4593 1404 4647 dicitur.
1440 4594 1582 4646 Illud
1622 4592 1799 4662 igitur

100 4684 211 4737 nisi
241 4684 511 4747 tenuerit,
540 4684 720 4737 bestia
746 4683 887 4737 erit:
920 4682 1051 4736 hinc
1080 4682 1188 4736 uisi
1214 4699 1271 4735 se
1296 4682 1581 4747 averterit,
1610 4681 1801 4735 divina

102 4787 218 4825 non
242 4772 369 4824 erit.
395 4771 504 4825 Sed
527 4771 798 4841 quoniam
822 4771 1007 4824 solent
1030 4769 1344 4824 doctissimi
1365 4769 1472 4823 viri
1493 4769 1631 4839 quid
1652 4769 1801 4822 inter

99 4859 383 4913 rationale
430 4864 487 4913 et
533 4858 872 4912 rationabile
912 4858 1156 4924 intersit,
1199 4864 1362 4911 acute
1403 4857 1799 4927 subtiliterque

102 4947 447 5012 discernere,
489 4946 647 5000 nullo
694 4946 863 5000 modo
894 4951 997 5011 est,
1044 4946 1111 4999 ad
1150 4946 1205 5000 id
1238 4946 1389 5015 quod
1428 4945 1798 5013 instituimus,

101 5035 554 5106 negligendum:
592 5051 725 5088 nam
758 5035 1030 5088 rationale
1062 5050 1181 5088 esse
1214 5034 1494 5100 dixerunt,
1528 5034 1681 5103 quod
1710 5050 1799 5087 ra-

102 5125 261 5179 tione
286 5129 541 5177 uteretur
566 5124 650 5177 vel
677 5123 756 5176 uti
788 5128 1007 5193 posset;
1038 5122 1377 5176 rationabile
1409 5126 1622 5183 autem.
1648 5122 1799 5192 quod

102 5214 324 5267 ratione
365 5213 575 5266 factum
622 5216 768 5266 esset
798 5218 897 5265 aut
924 5212 1159 5265 dictum.
1206 5213 1402 5281 Itaque
1440 5211 1540 5264 has
1572 5211 1801 5264 balneas

100 5300 478 5356 rationabiles
506 5318 807 5372 possumus
823 5300 1030 5366 dicere,
1053 5303 1430 5369 nostrumque
1448 5315 1799 5365 sermonem;

103 5390 419 5445 rationales
448 5396 641 5445 autem
676 5390 765 5443 vel
795 5389 962 5443 illum
1002 5388 1102 5459 qui
1132 5388 1234 5441 has
1266 5388 1417 5457 fecit,
1454 5387 1541 5442 vel
1573 5404 1675 5442 nos
1703 5388 1801 5459 qui

177 5487 187 5518 ι
223 5485 413 5533 Decem
437 5485 583 5544 Mss,
617 5487 877 5536 nutritur.
909 5482 1027 5543 Alii,
1058 5483 1319 5533 innititur.

1528 239 1739 295 LIBER
1791 238 2177 295 SECUNDUS.

3470 253 3609 317 1010

1856 376 1865 385 '
1908 362 2213 432 loquimur.
2247 364 2387 434 Ergo
2418 365 2669 434 procedit
2697 366 2843 419 ratio
2876 368 2946 419 ab
2978 367 3170 421 anima
3197 368 3474 437 rationali,
3502 373 3603 426 sci-

1906 450 2033 504 licet
2068 451 2125 503 in
2157 468 2221 505 ea
2250 469 2377 522 quas
2404 456 2486 506 vel
2520 454 2667 507 ﬁunt
2693 455 3075 519 rationabilia,
3104 459 3191 510 vel
3222 460 3506 513 dicuntur.

1978 543 2062 593 32.
2100 541 2219 593 Duo
2252 556 2386 610 ergo
2433 542 2617 607 video,
2660 542 2721 595 in
2760 544 2966 613 quibus
2998 546 3251 614 potentia
3280 548 3475 617 visque
3508 565 3601 601 ra-

1904 628 2075 680 tionis
2120 630 2293 698 possit
2338 630 2472 699 ipsis
2524 631 2695 683 etiam
2746 633 3005 685 sensibus
3047 634 3379 689 admoveri:
3427 654 3599 706 opera

1905 716 2206 770 hominum
2239 735 2366 788 quae
2398 719 2681 783 videntur,
2727 725 2782 772 et
2811 722 2977 775 verba
3012 740 3137 792 quae
3172 724 3501 778 audiuntur.
3537 728 3599 778 In

1904 814 2147 874 utroque
2170 810 2358 859 autem
2380 807 2564 859 utitur
2590 824 2748 860 mens
2779 809 3005 877 gemino
3040 812 3237 863 nuntio
3270 828 3370 882 pro
3404 830 3602 883 corpo-

1904 892 1980 945 ris
2013 894 2344 946 necessitate
2374 911 2385 947 :
2424 911 2536 947 uno
2568 896 2665 965 qui
2696 897 2989 950 oculorum
3022 902 3122 957 est,
3158 899 3335 951 altero
3368 898 3467 968 qui
3498 916 3595 951 au-

1901 981 2073 1035 rium.
2103 984 2319 1052 Itaque,
2344 999 2473 1037 cum
2499 984 2715 1054 aliquid
2738 984 2994 1038 videmus
3019 988 3469 1055 congruentibus
3492 987 3594 1039 sibi

1902 1069 2159 1139 partibus
2188 1071 2520 1141 figuratum,
2552 1088 2667 1125 non
2697 1074 2938 1126 absurde
2971 1074 3212 1127 dicimus
3241 1074 3594 1127 rationabili-

1900 1162 1987 1211 ter
2024 1175 2317 1228 apparere.
2354 1161 2631 1229 Itemque,
2683 1176 2808 1213 cum
2861 1162 3076 1232 aliquid
3125 1163 3267 1215 bene
3299 1163 3595 1215 concinere

1902 1247 2183 1308 audimus,
2225 1264 2341 1300 non
2390 1248 2719 1301 dubitamus
2760 1249 2945 1303 dicere
2987 1252 3137 1320 quod
3180 1252 3597 1305 rationabiliter

1900 1339 2079 1386 sonat.
2116 1336 2293 1387 Nemo
2325 1339 2516 1388 autem
2548 1352 2661 1388 non
2689 1337 2961 1403 rideatur,
2997 1338 3041 1391 si
3074 1340 3296 1404 dixerit,
3349 1342 3593 1393 rationa-

1898 1421 2087 1475 biliter
2108 1423 2214 1475 olet
2242 1439 2254 1488 ;
2288 1427 2406 1484 aut,
2435 1424 2849 1477 rationabiliter
2877 1427 3058 1495 sapit;
3093 1432 3209 1490 aut,
3238 1422 3595 1480 rationabili-

1897 1514 1984 1563 ter
2010 1512 2177 1563 molle
2210 1516 2331 1577 est;
2364 1511 2474 1564 nisi
2506 1512 2651 1564 forte
2682 1512 2738 1564 in
2764 1512 2831 1564 iis
2863 1530 2991 1583 qua:
3023 1518 3258 1583 propter
3290 1516 3500 1585 aliquid
3524 1518 3595 1569 ab

1898 1598 2224 1652 hominibus
2254 1604 2554 1669 procurata
2584 1605 2735 1661 sunt,
2770 1606 2832 1653 ut
2860 1601 2937 1653 ita
2960 1602 3181 1655 olerent
3213 1603 3296 1655 vel
3329 1608 3592 1671 saperent

1898 1689 1985 1741 vel
2025 1688 2322 1751 ferverent,
2357 1690 2441 1740 vel
2474 1688 2612 1758 quid
2643 1689 2816 1741 aliud.
2853 1691 2921 1743 L't
2960 1691 3004 1742 si
3045 1691 3171 1760 quis
3199 1692 3407 1756 locum,
3444 1693 3592 1746 unde

1898 1776 2163 1846 gravibus
2212 1776 2484 1830 odoribus
2516 1781 2801 1847 serpentes
2842 1779 3134 1848 fugantur,
3178 1780 3596 1833 rationabiliter

1898 1865 2048 1919 dicat
2076 1864 2154 1918 ita
2183 1866 2357 1933 olere,
2390 1867 2613 1918 ausam
2645 1865 2873 1919 intuens
2906 1884 3081 1937 quare
3111 1868 3181 1921 sit
3207 1869 3417 1921 factum
3449 1885 3461 1933 ;
3497 1870 3594 1919 aut

1898 1954 2168 2023 poculum
2195 1953 2345 2023 quod
2374 1953 2625 2006 medicus
2647 1954 2970 2023 confecerit,
3005 1956 3413 2008 rationabiliter
3444 1971 3595 2007 ama-

1898 2058 2027 2095 rum
2060 2057 2179 2095 esse
2212 2042 2293 2095 vel
2332 2042 2494 2095 dulce
2522 2059 2534 2107 ;
2564 2047 2657 2095 aut
2688 2043 2839 2112 quod
2870 2044 3179 2113 temperari
3210 2044 3477 2113 languido
3509 2058 3595 2095 so-

1899 2128 2038 2182 lium
2064 2129 2316 2198 jusserit,
2358 2130 2539 2182 calere
2580 2129 2989 2183 rationabiliter
3031 2135 3128 2183 aut
3164 2135 3379 2200 tepere.
3415 2132 3592 2183 Nemo

1901 2221 2089 2268 autem
2114 2216 2343 2268 hortum
2368 2215 2674 2285 ingressus,
2700 2220 2757 2269 et
2780 2232 2968 2268 rosam
3000 2217 3234 2269 naribus
3258 2217 3585 2280 admovens,

1900 2305 2073 2358 audet
2109 2304 2186 2357 ita
2225 2304 2430 2357 dicere.
2475 2305 2657 2367 Quam
2688 2303 3099 2357 rationabiliter
3128 2304 3363 2373 fragrat!
3404 2321 3504 2357 nec
3542 2305 3587 2357 si

1901 2392 2153 2445 medicus
2182 2392 2341 2445 illam
2371 2397 2433 2444 ut
2468 2392 2733 2445 olfaceret
2770 2392 3021 2461 jusserit.
3073 2393 3226 2445 Tunc
3256 2393 3407 2445 enim
3440 2408 3586 2461 prm-

1900 2485 2126 2551 ceptum
2184 2480 2270 2532 vel
2314 2480 2509 2533 datum
2561 2480 2699 2533 illud
2756 2479 3188 2545 rationabiliter,
3239 2497 3355 2533 non
3404 2484 3595 2532 tamen

1900 2570 2052 2623 olere
2100 2567 2512 2621 rationabiliter
2556 2567 2795 2634 dicitur;
2838 2584 2942 2621 nec
2972 2574 3295 2638 propterea,
3329 2568 3463 2638 quia
3493 2584 3593 2621 na-

1900 2658 2100 2713 turalis
2142 2657 2234 2711 ille
2263 2657 2403 2710 odor
2432 2660 2533 2709 est.
2573 2658 2732 2709 Nam.
2768 2656 3027 2725 quamvis
3059 2674 3089 2709 a
3118 2673 3297 2727 coquo
3331 2657 3594 2726 pulmen-

1900 2752 2024 2801 tum
2067 2745 2387 2809 condiatur,
2422 2744 2835 2797 rationabiliter
2863 2744 3151 2797 conditura
3183 2760 3487 2814 possumus
3518 2743 3598 2797 di-

1901 2851 2027 2889 cere
2054 2851 2065 2888 :
2100 2832 2514 2887 rationabiliter
2544 2837 2736 2885 autem
2769 2848 2987 2902 sapere,
3020 2848 3151 2885 cum
3179 2848 3346 2885 causa
3373 2831 3595 2884 extrin-

1903 2939 2061 2977 secus
2090 2922 2251 2975 nulla
2280 2920 2373 2987 sit,
2406 2920 2509 2973 sed
2540 2919 2809 2988 praesenti
2838 2920 3072 2973 satisﬁat
3102 2920 3402 2988 voluptati,
3435 2920 3593 2971 nullo

1903 3011 2070 3064 modo
2126 3010 2246 3079 ipsa
2292 3008 2563 3078 loquendi
2602 3007 3013 3061 consuetudine
3072 3006 3293 3061 dicitur.
3347 3006 3403 3060 Si
3441 3006 3595 3059 enim

1903 3102 2194 3171 quaeratur
2216 3097 2285 3151 de
2316 3097 2415 3149 illo
2447 3096 2537 3149 cui
2569 3097 2838 3165 poculum
2866 3096 3117 3149 medicus
3140 3095 3375 3162 dederit,
3410 3111 3510 3148 cur
3537 3095 3595 3148 id

1904 3187 2144 3243 dulciter
2173 3185 2383 3239 sentire
2414 3185 2675 3238 debuerit
2714 3184 2869 3238 aliud
2900 3184 3142 3237 infertur
3174 3188 3413 3254 propter
3443 3183 3596 3253 quod

1901 3276 1979 3330 ita
2005 3280 2110 3341 est,
2144 3274 2197 3328 id
2223 3278 2307 3326 est
2327 3273 2509 3326 morbi
2532 3288 2733 3341 genus,
2767 3274 2919 3341 quod
2946 3274 3065 3342 jam
3094 3290 3209 3325 non
3228 3272 3285 3325 in
3306 3273 3405 3325 illo
3430 3288 3598 3324 sensu

1903 3367 2006 3427 est,
2042 3362 2135 3414 sed
2168 3362 2329 3414 aliter
2358 3377 2477 3414 esse
2523 3361 2695 3414 habet
2724 3360 2782 3413 in
2813 3377 3069 3431 corpore.
3111 3360 3165 3415 Si
3207 3364 3397 3413 autem
3435 3375 3596 3426 roge-

1902 3450 2289 3519 turliguriens
2311 3449 2547 3519 aliquid,
2583 3449 2731 3515 gulae
2752 3451 2981 3503 stimulo
3019 3450 3351 3511 concitatus,
3382 3464 3482 3500 cur
3522 3447 3599 3499 ita

1904 3539 2066 3593 dulce
2107 3538 2197 3604 sit,
2244 3544 2299 3590 et
2348 3538 2707 3607 respondeat,
2748 3539 2889 3602 Quia
2934 3538 3106 3603 libet;
3144 3542 3242 3589 aut
3282 3536 3415 3607 quia
3445 3536 3595 3588 dele-

1903 3632 2060 3691 ctor;
2094 3642 2261 3679 nemo
2300 3626 2439 3679 illud
2472 3625 2619 3679 dicet
2648 3625 3062 3680 rationabiliter
3091 3625 3275 3688 dulce,
3311 3623 3421 3675 nisi
3452 3623 3596 3675 forte

1901 3712 2053 3767 illius
2083 3714 2380 3767 delectatio
2411 3714 2581 3767 alicui
2610 3714 2693 3767 rei
2725 3714 2799 3767 sit
2826 3713 3159 3775 necessaria,
3191 3718 3249 3766 et
3276 3712 3415 3765 illud
3442 3710 3595 3781 quod

1901 3801 2141 3864 mandit,
2176 3802 2247 3854 ob
2278 3802 2384 3854 hoc
2412 3801 2490 3854 ita
2518 3802 2837 3855 confectum
2869 3801 2956 3855 sit.

1974 3894 2059 3945 33.
2102 3892 2403 3953 Tenemus,
2437 3894 2715 3960 quantum
2738 3890 3078 3957 investigare
3107 3888 3419 3958 potuimus,
3444 3902 3598 3957 quaa-

1904 3978 2035 4032 dam
2067 3978 2303 4046 vestigia
2336 3978 2571 4032 rationis
2612 3979 2671 4031 in
2703 3979 2961 4032 sensibus
2988 3996 3000 4043 ;
3041 3984 3096 4031 et
3126 3977 3281 4047 quod
3311 3977 3379 4029 ad
3417 3976 3599 4029 visum

1906 4070 2075 4136 atque
2105 4066 2361 4120 auditum
2394 4067 2662 4136 pertinet,
2694 4067 2753 4119 in
2784 4067 2904 4136 ipsa
2934 4066 3105 4119 etiam
3138 4066 3449 4134 voluptate.
3489 4062 3600 4116 Alii

1905 4170 2037 4207 vero
2064 4170 2260 4207 sensus
2285 4170 2404 4207 non
2429 4154 2486 4207 in
2506 4155 2795 4223 voluptate
2818 4172 2917 4207 sua
2940 4152 2980 4220 ‘,
3004 4154 3097 4207 sed
3125 4158 3360 4223 propter
3385 4150 3600 4220 aliquid

1908 4242 2061 4296 aliud
2092 4244 2275 4295 solent
2296 4242 2402 4295 hoc
2426 4259 2635 4295 nomen
2660 4243 2882 4312 exigere
2906 4260 2917 4296 :
2946 4243 2998 4296 id
3024 4246 3215 4295 autem
3244 4245 3328 4293 est
3350 4240 3598 4292 rationa-

1907 4331 1975 4383 lis
2007 4330 2315 4383 animantis
2355 4330 2567 4383 factum
2598 4336 2830 4399 propter
2860 4330 3108 4400 aliquem
3141 4329 3333 4381 ﬁnem.
3375 4326 3483 4380 Sed
3529 4326 3601 4378 ad

1908 4419 2103 4472 oculos
2130 4418 2279 4487 quod
2311 4417 2573 4487 pertinet,
2606 4418 2663 4471 in
2696 4435 2809 4488 quo
2840 4416 3210 4485 congruentia
3238 4414 3486 4485 partium
3519 4430 3603 4465 ra-

1908 4505 2203 4561 tionabilis
2232 4505 2458 4571 dicitur,
2482 4507 2787 4577 pulchrum
2814 4504 3085 4576 appellari
3108 4505 3265 4555 solet.
3288 4503 3447 4566 Quod
3470 4517 3600 4555 vero

1908 4594 1979 4648 ad
2023 4610 2207 4662 aures,
2257 4595 2486 4664 quando
2524 4595 2918 4648 rationabilem
2957 4597 3294 4646 concentum
3335 4590 3598 4655 dicimus,

1909 4687 2255 4752 cautumque
2294 4698 2669 4736 numerosum
2717 4682 3127 4735 rationabiliter
3170 4696 3288 4734 esse
3328 4679 3604 4749 composi-

1909 4775 2030 4825 tum
2054 4789 2066 4837 ;
2088 4770 2332 4824 suavitas
2354 4775 2583 4825 vocatur
2608 4770 2840 4839 proprio
2863 4771 2983 4839 jam
3012 4768 3258 4822 nomine.
3286 4768 3391 4821 Sed
3415 4783 3601 4838 neque

1909 4858 1969 4912 in
1986 4858 2239 4928 pulchris
2256 4859 2426 4911 rebus
2446 4875 2573 4911 cum
2594 4875 2696 4911 nos
2716 4858 2867 4911 color
2891 4857 3070 4923 illicit,
3094 4873 3282 4927 neque
3300 4857 3357 4909 in
3376 4857 3601 4909 aurium

1911 4946 2186 4999 suavitate
2219 4962 2347 4999 cum
2377 4946 2540 5014 pulsa
2566 4945 2777 4998 chorda
2806 4945 2967 5015 quasi
2996 4945 3210 5015 liquide
3241 4950 3405 4998 sonat
3433 4949 3602 5014 atque

1912 5050 2071 5105 pure,
2110 5034 2451 5088 rationabile
2475 5034 2616 5088 illud
2648 5033 2832 5087 dicere
2856 5035 3119 5087 solemus.
3148 5036 3344 5087 Restat
3373 5049 3509 5101 ergo
3542 5036 3605 5085 ut

1913 5124 1970 5176 in
1990 5123 2232 5175 istorum
2252 5139 2524 5175 sensuum
2542 5123 2829 5191 voluptate
2850 5122 2905 5175 id
2928 5123 2998 5175 ad
3019 5122 3296 5175 rationem
3320 5119 3603 5189 pertinere

1913 5210 2215 5277 fateamur,
2243 5208 2338 5263 ubi
2361 5210 2625 5279 quendam
2654 5208 2931 5263 dimensio
2969 5215 3051 5263 est
3074 5215 3241 5278 atque
3265 5203 3599 5260 modulatio.

1985 5299 2072 5351 34.
2104 5299 2302 5367 Itaque
2330 5299 2386 5349 in
2423 5298 2527 5351 hoc
2558 5298 2681 5368 ipso
2720 5297 2959 5352 aedilicio
2990 5298 3214 5367 singula
3241 5296 3384 5348 bene
3413 5290 3602 5345 consi—

1978 5423 1995 5455 ι
2032 5421 2176 5487 Lov.,
2204 5420 2443 5487 alitrvero
2466 5433 2657 5479 sensus
2674 5423 2727 5470 in
2750 5421 3016 5487 voluptate
3036 5431 3150 5469 sua.
3182 5418 3247 5467 At.
3273 5415 3445 5464 caeteri
3473 5414 3600 5465 Cdd.

1916 5496 2021 5532 non
2054 5486 2103 5530 tn
2131 5484 2405 5546 voluptate
2425 5495 2541 5533 sua.
