4062 6188
449 191 577 246 1011

443 309 726 375 derantes,
743 325 862 364 non
877 323 1178 380 possumus
1192 323 1309 361 non
1323 308 1536 363 offendi
1556 308 1710 379 quod
1727 324 1906 362 unum
1928 308 2138 362 ostium

445 397 699 452 videmus
720 397 780 450 in
801 398 999 464 latere,
1024 398 1266 450 alterum
1291 413 1466 466 prope
1488 397 1546 449 in
1577 396 1792 462 medio,
1814 413 1918 450 nec
1946 401 2139 452 tamen

444 485 506 540 in
535 485 722 539 medio
754 486 1108 539 collocatum.
1138 484 1356 555 Quippe
1379 483 1438 536 in
1463 484 1629 538 rebus
1654 484 1960 552 fabricatis,
1983 487 2140 540 nulla

447 579 682 644 cogente
717 574 1081 636 necessitate;
1112 573 1312 642 iniqua
1350 571 1633 625 dimensio
1665 573 1915 642 partium
1956 573 2140 628 facere

445 660 556 730 ipsi
587 661 837 731 aspectui
863 663 1017 714 velut
1058 659 1364 730 quamdam
1396 659 1620 714 videtur
1649 660 1941 731 injuriam.
1976 662 2138 726 Quod

449 753 636 802 autem
656 748 810 802 intus
838 753 951 801 tres
976 747 1257 813 fenestra,
1292 763 1403 800 una
1432 747 1493 800 in
1522 747 1734 813 medio,
1753 749 1880 802 dua
1903 749 2142 804 alateri-

446 837 573 902 bus,
598 836 825 906 paribus
856 835 1167 888 intervallis
1187 836 1330 889 solio
1353 837 1370 871 ¹
1395 837 1588 889 lumen
1607 836 1942 907 infundunt,
1967 854 2143 910 quam

449 939 553 977 nos
573 924 812 977 delectat
837 922 1165 993 diligentius
1195 922 1500 990 intuentes,
1535 940 1823 996 quamque
1850 927 1911 981 in
1942 943 2000 980 se
2026 927 2145 980 ani-

449 1028 607 1066 mum
638 1011 808 1081 rapit,
833 1002 1144 1065 manifesta
1164 1027 1253 1065 res
1283 1017 1388 1082 est,
1426 1029 1526 1066 nec
1556 1014 1752 1068 multis
1777 1015 1960 1070 verbis
1986 1016 2144 1070 vobis

449 1099 775 1171 aperienda.
814 1099 972 1153 Unde
1014 1099 1124 1170 ipsi
1154 1100 1446 1154 architecti
1469 1102 1591 1171 jam
1629 1118 1731 1156 suo
1764 1104 1936 1158 verbo
1972 1104 2143 1158 ratio-

449 1202 584 1240 nem
630 1185 796 1240 istam
846 1192 1080 1253 vocant;
1113 1192 1169 1241 et
1209 1193 1399 1257 partes
1441 1189 1775 1245 discorditer
1825 1193 2142 1260 collocatas,

450 1273 648 1328 dicunt
671 1289 788 1326 non
817 1273 1026 1328 habere
1056 1275 1356 1330 rationem.
1390 1275 1550 1340 Quod
1569 1278 1679 1332 late
1709 1284 1883 1349 patet.
1909 1296 1973 1334 ac
2001 1296 2146 1351 pene

451 1362 511 1415 in
542 1377 740 1415 omnes
769 1367 918 1416 artes
949 1379 1235 1435 operaque
1278 1365 1530 1420 humana
1553 1366 1910 1422 diffunditur.
1937 1370 2062 1423 Jam
2086 1369 2148 1422 in

453 1449 821 1514 carminibus,
853 1451 914 1504 in
943 1452 1148 1521 quibus
1177 1451 1314 1506 item
1345 1453 1587 1508 dicimus
1617 1471 1736 1508 esse
1767 1457 2046 1510 rationem
2077 1456 2150 1511 ad

454 1536 804 1605 voluptatem
835 1538 1058 1592 aurium
1087 1539 1490 1608 pertinentem,
1523 1540 1650 1611 quis
1680 1557 1794 1595 non
1824 1542 2031 1595 sentiat
2058 1540 2149 1596 di-

454 1627 815 1681 mensionem
845 1645 962 1682 esse
993 1629 1166 1682 totius
1190 1630 1359 1700 hujus
1386 1632 1674 1685 suavitatis
1705 1632 1968 1702 opiﬁcem
1989 1635 2016 1686 ?
2042 1632 2151 1687 Sed

456 1713 733 1768 histrione
765 1716 1021 1780 saltante,
1069 1731 1198 1768 cum
1227 1716 1372 1769 bene
1412 1717 1796 1787 spectantibus
1837 1725 2028 1788 gestus
2067 1719 2152 1772 illi

459 1817 658 1856 omnes
685 1802 846 1874 signa
877 1803 992 1857 sint
1018 1819 1226 1865 rerum,
1258 1805 1516 1875 quamvis
1543 1807 1933 1879 mgnbrorum
1955 1823 2154 1862 nume-

457 1905 620 1942 rosus
640 1891 873 1961 quidam
901 1896 1089 1945 motus
1112 1893 1304 1946 oculos
1327 1893 1526 1946 eadem
1549 1894 1648 1947 illa
1678 1894 2032 1949 dimensione
2055 1896 2150 1950 de-

459 1979 645 2046 lectet,
689 1979 897 2033 dicitur
943 1985 1136 2034 tamen
1175 1981 1529 2035 rationabilis
1563 1982 1661 2035 illa
1703 1983 1946 2048 saltatio,
1998 1983 2154 2054 quod

459 2066 604 2120 bene
634 2066 849 2137 aliquid
889 2067 1170 2138 signiﬁcet
1209 2074 1265 2123 et
1307 2070 1588 2136 ostendat,
1621 2077 1852 2142 excepta
1881 2089 2156 2127 sensuum

462 2153 772 2223 voluptate.
804 2156 929 2218 Non
958 2156 1133 2223 enim,
1163 2155 1209 2209 si
1240 2164 1546 2226 pennatam
1578 2160 1856 2213 Venerem
1881 2160 2069 2230 faciat,
2101 2166 2159 2216 et

464 2240 804 2310 Cupidinem
844 2242 1166 2312 palliatum,
1201 2245 1459 2314 quamvis
1490 2245 1548 2300 id
1580 2246 1726 2300 mira
1766 2249 2157 2304 membrorum

465 2329 720 2382 motione
751 2336 919 2401 atque
963 2331 1330 2386 collocatione
1366 2333 1658 2404 depingat,
1701 2337 1895 2390 oculos
1932 2337 2160 2393 videtur

470 2416 785 2483 offendere;
808 2419 906 2472 sed
928 2435 1030 2489 per
1054 2420 1246 2473 oculos
1261 2421 1540 2488 animum,
1566 2423 1658 2476 cui
1679 2438 1868 2479 rerum
1891 2426 2162 2497 signailla

469 2510 861 2559 monstrantur
884 2521 897 2560 :
929 2522 1064 2560 nam
1092 2507 1239 2561 oculi
1260 2509 1704 2579 oﬁenderentur,
1727 2513 1774 2565 si
1790 2529 1907 2567 non
1927 2513 2162 2585 pulchre

470 2598 809 2647 moveretur.
848 2597 962 2649 Hoc
999 2596 1154 2650 enim
1194 2598 1516 2666 pertinebat
1554 2601 1623 2654 ad
1667 2617 1917 2670 sensum,
1952 2605 2010 2658 in
2051 2620 2164 2675 quo

472 2681 663 2736 anima
692 2698 758 2735 eo
790 2682 913 2752 ipso
947 2685 1099 2754 quod
1131 2685 1308 2738 mixta
1337 2691 1422 2739 est
1451 2688 1699 2758 corpori,
1727 2691 1973 2760 percipit
2000 2693 2162 2747 volu-

469 2774 707 2840 ptatem.
755 2773 925 2827 Aliud
967 2790 1103 2845 ergo
1136 2790 1355 2844 sensus,
1385 2776 1540 2830 aliud
1576 2792 1679 2848 per
1716 2795 1985 2835 sensum:
2030 2798 2166 2836 nam

474 2874 703 2913 sensum
724 2861 938 2915 mulcet
958 2862 1195 2932 pulcher
1218 2868 1406 2917 motus
1430 2883 1444 2930 ;
1467 2881 1568 2934 per
1583 2881 1812 2920 sensum
1836 2875 2023 2923 autem
2047 2870 2168 2924 ani-

471 2962 632 3002 mum
661 2949 844 3002 solum
869 2950 1106 3019 pulchra
1127 2950 1187 3004 in
1209 2957 1368 3005 motu
1391 2951 1750 3023 signiﬁcatio.
1777 2957 1891 3010 Hoc
1916 2957 2088 3012 etiam
2108 2959 2168 3014 in

472 3035 708 3090 auribus
741 3037 962 3090 facilius
990 3039 1338 3094 advertitur:
1368 3057 1502 3094 nam
1536 3043 1774 3114 quiquid
1797 3044 2039 3113 jucunde
2071 3064 2166 3100 so-

472 3125 588 3186 nat,
626 3122 767 3175 illud
805 3121 964 3189 libet,
997 3128 1166 3194 atque
1212 3125 1402 3196 ipsum
1441 3127 1698 3183 auditum
1737 3129 1976 3198 illicit’;
2017 3134 2168 3204 quod

476 3214 668 3263 autem
705 3225 809 3279 per
851 3212 1120 3266 eumdem
1149 3228 1355 3269 sonum
1383 3215 1527 3269 bene
1558 3215 1932 3286 signiﬁcatur,
1965 3222 2167 3276 nuntio

475 3297 709 3368 quidem
731 3297 978 3365 aurium,
1000 3301 1098 3354 sed
1118 3301 1188 3354 ad
1207 3302 1388 3356 solam
1409 3308 1662 3359 mentem
1684 3307 1946 3364 refertur.
1972 3310 2168 3381 Itaque

475 3401 606 3439 cum
635 3385 902 3440 audimus
926 3387 1055 3441 illos
1079 3404 1276 3443 versus
1299 3407 1312 3444 :

599 3482 737 3555 Quid
767 3486 975 3555 tantum
1004 3484 1525 3555 Oceano__propcrent
1548 3491 1831 3555 sctingere
1854 3493 1992 3542 soles

602 3545 834 3606 Hiberni,
864 3547 947 3596 vel
966 3545 1275 3616 quaterdis
1303 3545 1451 3598 niora
1472 3545 1743 3616 noctibus
1753 3555 1956 3616 obstet;

1035 3610 1220 3672 (Vis-9.,
1245 3614 1430 3674 Georg.
1465 3612 1555 3664 lib.
1578 3616 1625 3671 2,
1657 3629 1784 3664 vers.
1816 3610 2086 3682 480,181.)

476 3696 641 3750 aliter
664 3702 849 3751 metra
868 3697 1191 3764 laudamus,
1223 3699 1502 3771 aliterque
1533 3704 1870 3758 sententiam
1901 3722 1913 3759 :
1940 3722 2044 3760 nec
2065 3708 2169 3761 sub

475 3785 675 3838 eodem
697 3783 987 3838 intellectu
1000 3786 1262 3854 dicimus,
1286 3788 1719 3845 Rationabiliter
1737 3797 1928 3860 sonat;
1988 3799 2064 3862 et,
2088 3811 2172 3849 ra-

475 3871 831 3925 tionabiliter
861 3874 1076 3928 dictum
1104 3879 1204 3929 est.

475 3959 698 4014 CAPUT
711 3961 903 4013 XII.—-
921 3964 1352 4031 Disciplinarum
1368 3967 1606 4020 omnium
1625 3971 1986 4036 excogitatrirc
2003 3974 2166 4028 ratio.

547 4047 764 4102 Occasio
783 4049 1182 4106 vocabulorum.
1221 4051 1438 4107 Occasio
1469 4054 1794 4110 litterarum.
1823 4059 2041 4113 Occasio
2068 4076 2170 4114 nu-

544 4152 829 4191 merorum.
865 4139 1083 4193 Occasio
1113 4141 1450 4196 discretionis
1482 4143 1807 4212 litterarum,
1836 4148 2172 4215 syllabarum

545 4229 595 4279 et
622 4225 926 4280 verborum.
958 4227 1176 4283 Occasio
1205 4229 1461 4286 historiae.

547 4317 633 4370 35.
660 4314 805 4385 Ergo
827 4315 946 4386 jam
967 4316 1076 4371 tria
1098 4333 1308 4386 genera
1329 4323 1464 4373 sunt
1483 4335 1676 4375 rerum
1705 4319 1764 4376 in
1797 4323 2004 4394 quibus
2028 4324 2170 4380 illud

475 4402 808 4456 rationabile
829 4409 1086 4475 apparet.
1113 4406 1300 4460 Unum
1331 4411 1416 4461 est
1443 4407 1504 4461 in
1533 4408 1694 4463 factis
1722 4410 1795 4464 ad
1819 4412 2068 4484 aliquem
2101 4413 2170 4468 ﬁ-

476 4506 609 4544 nem
647 4491 862 4561 relatis,
907 4492 1151 4546 alterum
1193 4493 1253 4547 in
1301 4494 1541 4549 dicendo
1569 4495 1612 4563 ⁵,
1653 4497 1884 4552 tertium
1926 4500 1983 4553 in
2017 4502 2172 4556 dele-

477 4579 699 4632 ctando.
725 4579 982 4634 Primum
1002 4597 1105 4636 nos
1132 4582 1400 4637 admonet
1419 4584 1562 4638 nihil
1594 4589 1809 4641 temere
1830 4587 2014 4642 facere
2038 4607 2051 4655 ;
2085 4607 2170 4644 se-

476 4666 748 4732 cundum,
797 4673 947 4722 recte
976 4669 1178 4724 docere
1209 4685 1222 4737 ;
1258 4671 1545 4736 ultimum,
1582 4673 1743 4728 beate
1772 4679 2166 4748 contemplari.

477 4753 542 4807 In
570 4754 824 4808 moribus
862 4761 945 4810 est
972 4757 1115 4811 illud
1147 4759 1436 4829 superius;
1470 4760 1593 4814 hac
1622 4767 1814 4816 autem
1844 4763 1958 4818 duo
1991 4765 2051 4818 in
2081 4766 2168 4820 di-

477 4841 750 4911 sciplinis,
777 4843 845 4896 de
866 4845 1074 4914 quibus
1106 4862 1256 4900 nunc
1284 4847 1528 4916 agimus.
1561 4849 1818 4921 Namque
1847 4851 1984 4906 illud
2017 4855 2172 4924 quod

475 4928 535 4982 in
569 4929 735 4982 nobis
764 4936 850 4984 est
881 4932 1178 4996 rationale,
1213 4934 1270 4989 id
1303 4941 1408 5001 est,
1442 4938 1595 5005 quod
1626 4938 1845 4993 ratione
1876 4941 2078 5009 utitur,
2115 4949 2172 4998 et

542 5037 558 5070 ι
587 5035 672 5083 Er.
693 5037 916 5104 _et_Lov_.,
939 5038 1075 5104 solis.
1092 5039 1171 5104 ⁸Δὶ
1190 5041 1311 5104 Mss.
1340 5041 1617 5104 duodecim
1649 5043 1773 5092 Bad.
1796 5048 1849 5093 et
1877 5045 2013 5104 Am.,
2034 5048 2169 5096 solio

475 5095 661 5162 iumen
684 5096 1013 5162 infundunt;
1057 5101 1108 5148 id
1146 5107 1244 5162 est,
1279 5103 1589 5153 balnearum
1619 5106 1730 5154 vasi
1768 5107 1852 5155 cui
1882 5095 2169 5160 insidentes

476 5158 819 5224 lavabantur;
849 5161 913 5209 de
939 5175 1043 5224 quo
1073 5158 1248 5224 supra,
1280 5178 1334 5212 n.
1364 5167 1440 5214 32.

535 5222 557 5256 ³
581 5221 637 5268 In
667 5222 739 5287 _B_:
777 5225 912 5271 Num
931 5221 1191 5287 quidquid
1210 5221 1447 5287 jocunde
1473 5231 1660 5287 sonat,
1687 5229 1845 5280 illum
1872 5233 2047 5287 ipsum
2074 5246 2170 5284 au-

471 5282 778 5348 gitumjibei
801 5282 960 5348 atque
976 5282 1148 5336 illicit.
1171 5282 1469 5338 Lectionem
1492 5291 1574 5339 Er.
1596 5282 1679 5340 Ei».
1710 5293 1864 5341 Guill.
1888 5282 2017 5344 ven.
2041 5282 2166 5346 nov.

473 5345 598 5413 Lo_v_.
628 5346 741 5413 Par.
773 5345 1162 5413 secutisumus,
1197 5351 1269 5398 uti
1290 5351 1692 5413 praferendam.
1760 5355 1828 5405 Μ.

534 5407 555 5442 ³
577 5407 636 5456 In
661 5407 781 5458 Mss.
817 5408 1076 5475 plurimis,
1107 5407 1370 5463 discendo.

1722 188 1816 244 DE
1854 187 2146 254 0RD1NE,
2187 185 2244 242 S.
2285 183 2672 242 AUGUSTINI

3770 189 3870 240 1012

2248 305 2617 362 rationabilia
2646 305 2734 360 vel
2761 303 2896 360 facit
2924 305 3014 360 vel
3043 304 3320 376 sequitur,
3362 305 3494 376 quia
3519 309 3740 364 naturali
3763 328 3870 382 quo-

2250 397 2381 450 dam
2395 395 2618 449 vinculo
2636 393 2696 448 in
2712 409 2914 448 eorum
2935 393 3204 448 societate
3217 393 3638 464 astringebatur,
3661 413 3770 451 cum
3788 402 3873 470 qui-

2209 499 2214 502 ·
2249 483 2356 537 bus
2377 481 2461 536 illi
2481 487 2601 535 erat
2622 480 2765 534 ratio
2787 481 2910 552 ipsa
2930 480 3272 548 communis,
3300 495 3400 533 nec
3419 480 3627 535 homini
3645 483 3792 539 homo
3804 487 3872 540 tir-

2251 570 2505 624 missime
2535 568 2740 623 sociari
2764 573 2973 638 posset,
3006 567 3118 622 nisi
3147 568 3618 638 colloquerentur,
3647 576 3792 642 atque
3816 574 3869 628 ita

2252 658 2360 712 sibi
2379 661 2600 712 mentes
2620 673 2750 710 suas
2771 655 3257 727 cogitationesque
3280 655 3439 726 quasi
3461 656 3805 725 refunderent,
3823 662 3873 714 vi-

2255 747 2337 802 dit
2365 762 2486 801 esse
2515 745 2864 817 imponenda
2895 744 3064 798 rebus
3097 744 3392 811 vocabula,
3420 744 3478 798 id
3511 749 3590 798 est
3613 745 3873 816 signiﬁcan-

2251 840 2336 890 tes
2365 835 2643 906 quosdam
2674 849 2878 900 sonos;
2918 839 2995 900 ut,
3029 832 3303 904 quoniam
3332 832 3537 886 sentire
3566 834 3760 888 animos
3781 853 3874 890 suos

2253 940 2370 978 non
2397 927 2686 994 poterant,
2718 922 2791 976 ad
2817 937 2914 975 eos
2945 922 3053 975 sibi
3082 921 3434 991 c0pulandos
3463 937 3621 975 sensu
3650 924 3786 992 quasi
3811 926 3872 978 in-

2252 1015 2502 1082 terprete
2540 1013 2856 1064 uterentur.
2893 1008 3002 1063 Sed
3045 1008 3233 1062 audiri
3274 1008 3588 1062 absentium
3628 1011 3770 1064 verba
3793 1028 3874 1067 non

2255 1103 2521 1171 poterant
2545 1115 2557 1152 :
2595 1113 2730 1169 ergo
2760 1097 2859 1151 illa
2888 1097 3034 1151 ratio
3062 1096 3286 1168 peperit
3309 1096 3556 1166 llitteras,
3583 1099 3764 1152 notatis
3794 1117 3874 1154 om-

2257 1189 2427 1242 nibus
2449 1187 2563 1241 oris
2587 1203 2651 1240 ac
2667 1187 2881 1257 lingua
2903 1186 3076 1250 sonis,
3095 1191 3265 1258 atque
3289 1187 3562 1241 discretis.
3588 1188 3720 1242 Nihil
3737 1194 3874 1244 autem

2257 1279 2468 1332 horum
2484 1276 2667 1330 facere
2689 1279 2931 1346 poterat,
2956 1275 3004 1329 si
3020 1275 3324 1330 multitudo
3347 1291 3538 1330 rerum
3559 1275 3669 1330 sine
3688 1278 3874 1348 quodam

2259 1364 2443 1420 deﬁxo
2467 1363 2714 1417 termino
2754 1362 2978 1416 inﬁnite
3009 1367 3203 1432 patere
3226 1363 3532 1418 videretur.
3554 1365 3684 1434 Ergo
3716 1365 3875 1418 utilitas

2260 1451 2602 1506 numerandi
2623 1467 2830 1520 magna
2845 1452 3179 1504 necessitate
3203 1451 3591 1504 animadversa
3604 1456 3696 1505 est.
3716 1452 3874 1516 Quibus

2261 1540 2481 1595 duobus
2520 1540 2777 1610 repertis,
2811 1544 2945 1594 nata
2974 1544 3059 1593 est
3085 1539 3183 1592 illa
3211 1539 3572 1594 librariorum
3607 1545 3657 1594 et
3689 1541 3873 1593 calculo-

2262 1643 2402 1682 num
2427 1627 2703 1698 professio
2729 1629 2769 1693 ί,
2797 1628 2954 1681 velut
2980 1627 3247 1697 quadam
3269 1628 3648 1698 grammatica
3677 1628 3876 1695 infantia,

2264 1731 2437 1786 quam
2451 1716 2624 1767 Varro
2640 1705 3044 1768 litterationem
3063 1721 3220 1778 vocat
3239 1731 3251 1768 :
3269 1731 3453 1786 grace
3465 1722 3644 1770 autem
3658 1715 3875 1787 quomodo

2265 1804 2599 1874 appelletur,
2634 1818 2753 1856 non
2775 1803 2910 1856 satis
2939 1803 2999 1856 in
3028 1804 3336 1873 prasentia
3366 1805 3566 1858 recolo.

2337 1893 2422 1945 36.
2451 1892 2754 1960 Progressa
2773 1890 2978 1945 deinde
3001 1893 3147 1946 ratio
3169 1892 3569 1948 animadvertit
3589 1893 3784 1947 eosdem
3800 1892 3877 1944 oris

2267 1995 2435 2033 sonos
2467 1979 2674 2050 quibus
2705 1980 3091 2050 loqueremur,
3125 1985 3181 2034 et
3203 1997 3349 2051 quos
3379 1981 3573 2034 litteris
3594 1982 3698 2051 jam
3737 1980 3875 2050 signa-

2266 2071 2444 2134 verat,
2479 2068 2617 2121 alios
2647 2083 2768 2121 esse
2797 2067 2895 2139 qui
2926 2069 3220 2122 moderato
3255 2069 3408 2122 varie
3434 2069 3604 2135 hiatu,
3637 2068 3770 2140 quasi
3788 2083 3878 2120 enu-

2270 2155 2388 2211 dati
2416 2173 2479 2209 ac
2508 2155 2792 2227 simplices
2831 2156 3086 2210 faucibus
3127 2157 3248 2211 sine
3282 2158 3400 2211 ulla
3428 2157 3700 2211 collisione
3723 2157 3876 2210 dellue-

2268 2249 2416 2310 rent,
2445 2244 2584 2298 alios
2616 2244 2833 2298 diverso
2872 2260 3073 2315 pressu
3104 2246 3237 2312 oris,
3273 2251 3467 2299 tenere
3496 2250 3671 2299 tamen
3695 2244 3878 2314 aliquem

2272 2348 2474 2386 sonum
2500 2348 2514 2399 ;
2549 2336 2826 2386 extremos
2847 2337 3043 2387 autem
3069 2333 3168 2405 qui
3197 2333 3311 2386 nisi
3329 2334 3601 2404 adjunctis
3628 2333 3720 2386 sibi
3736 2332 3876 2402 primis

2273 2436 2573 2491 erumpere
2600 2437 2715 2474 non
2737 2423 3009 2475 valerent.
3045 2423 3241 2492 Itaque
3263 2422 3482 2476 litteras
3506 2423 3604 2476 hoc
3623 2421 3787 2475 ordine
3803 2435 3878 2490 quo

2274 2509 2542 2579 exposita
2571 2514 2720 2577 sunt,
2755 2510 3398 2582 vocaleshsemivocales
3428 2515 3482 2564 et
3509 2514 3676 2563 mutas
3698 2508 3880 2561 nomina-

2274 2597 2373 2652 vit.
2408 2597 2624 2652 Deinde
2652 2598 2894 2667 syllabas
2919 2599 3164 2652 notavit:
3192 2598 3402 2653 deinde
3432 2598 3594 2652 verba
3620 2598 3672 2651 in
3699 2603 3797 2650 octo
3819 2610 3880 2664 ge-

2275 2701 2414 2739 nera
2435 2685 2762 2756 formasque
2781 2685 3000 2756 digesta
3014 2690 3148 2739 sunt
3163 2706 3178 2753 ;
3192 2686 3497 2758 omnisque
3513 2687 3720 2740 illorum
3734 2689 3879 2744 motus,

2275 2773 2900 2844 integritas,‘junctura,
2917 2774 3098 2845 perite
3120 2774 3519 2846 subtiliterque
3539 2773 3878 2828 distinctasuut.

2279 2861 2414 2916 Inde
2439 2863 2560 2931 jam
2597 2877 2971 2916 numerorum
3001 2867 3056 2916 et
3085 2862 3464 2917 dimensionis
3492 2880 3599 2916 non
3635 2862 3880 2916 immemor,

2279 2949 2485 3020 adjecit
2513 2950 2771 3004 animum
2815 2949 2878 3004 in
2921 2951 3068 3022 ipsas
3096 2966 3306 3004 vocum
3337 2957 3394 3006 et
3421 2952 3736 3022 syllabarum
3760 2945 3882 2999 varias

2279 3053 2502 3104 moras;
2525 3043 2695 3110 atque
2715 3038 2848 3093 inde
2866 3039 3046 3108 spatia
3067 3040 3349 3108 temporis
3372 3041 3481 3093 alia
3503 3041 3678 3110 dupla,
3698 3036 3883 3090 aliasim-

2279 3127 2374 3196 pla
2414 3142 2534 3180 esse
2571 3127 2868 3196 comperit,
2907 3127 3114 3198 quibus
3143 3127 3341 3197 longa
3389 3128 3679 3198 brevesque
3722 3120 3881 3194 syllabae

2279 3215 2668 3269 tenderentur.
2706 3216 2926 3270 Notavit
2973 3215 3145 3270 etiam
3180 3215 3311 3282 ista,
3347 3221 3404 3271 et
3451 3217 3510 3271 in
3535 3215 3732 3287 regulas
3760 3215 3883 3263 certas

2280 3302 2580 3373 disposuit.
3531 3369 3535 3373 ,

2353 3393 2438 3445 37.
2471 3392 2696 3444 Poterat
2715 3390 2835 3461 jam
2861 3391 3110 3462 perfecta
3136 3408 3257 3448 esse
3292 3391 3669 3464 grammatica,
3693 3387 3770 3443 sed
3793 3382 3880 3455 quia

2279 3479 2404 3549 ipso
2433 3478 2668 3532 nomine
2713 3480 2969 3550 proﬁteri
3009 3497 3067 3535 se
3097 3481 3322 3538 litteras
3350 3483 3571 3550 clamat,
3613 3478 3736 3534 unde
3765 3473 3879 3527 etiam

2280 3567 2453 3621 latine
2465 3567 2784 3622 litteratura
2795 3568 3019 3636 dicitur,
3035 3569 3182 3624 factu
3192 3586 3246 3624 m
3259 3576 3349 3625 est
3367 3576 3429 3626 ut
3448 3567 3701 3642 quidquid
3714 3565 3880 3633 dignum

2280 3655 2558 3710 memoria
2586 3655 2791 3710 litteris
2821 3658 3208 3726 mandaretur,
3245 3659 3321 3714 ad
3351 3676 3476 3714 eam
3504 3653 3772 3713 necessario
3789 3663 3878 3720 per-

2281 3744 2510 3800 tineret.
2546 3746 2744 3817 Itaque
2768 3761 2949 3800 unum
2976 3746 3212 3818 quidem
3243 3764 3478 3812 nomen,
3503 3747 3592 3802 sed
3611 3761 3688 3800 res
3706 3737 3875 3797 inﬁnita,

2281 3832 2602 3904 multiplex,
2635 3849 2901 3888 curarum
2920 3835 3146 3905 plenior
3171 3852 3349 3908 quam
3371 3833 3717 3909 jucunditatis
3733 3833 3806 3917 aut

2281 3921 2483 3988 ritatis,
2507 3921 2638 3976 huic
2659 3923 2976 3994 disciplina
3004 3925 3241 3980 accessit
3261 3925 3518 3993 historia,
3547 3939 3653 3978 non
3678 3925 3768 3975 tam
3787 3915 3876 3984 ipsis

2281 4008 2428 4063 bisto
2438 4009 2564 4063 ricis
2585 4026 2756 4082 quam
2775 4012 3163 4083 grammaticis
3181 4014 3486 4068 laboriosa.
3503 4012 3627 4077 Quis
3645 4008 3769 4063 enim
3785 4003 3877 4057 {erat

2283 4097 2613 4170 imperitum
2638 4100 2818 4154 videri
2846 4101 3142 4156 hominem
3163 4101 3265 4173 qui
3294 4104 3506 4157 volasse
3539 4098 3783 4155 Dadalum
3803 4101 3878 4182 noti

2281 4187 2557 4256 audierit;
2591 4189 2924 4244 mendacem
2945 4189 3109 4245 illum
3140 4192 3240 4262 qui
3269 4191 3497 4246 ﬁnxerit
3523 4188 3562 4252 ³,
3597 4187 3792 4270 stultuni

2281 4277 2605 4340 crediderit,
2625 4276 3016 4348 impudentem
3037 4278 3597 4350 quiinterrogaverit,
3615 4289 3712 4329 non
3727 4262 3873 4322 videri?

2282 4369 2382 4419 aut
2406 4364 2468 4419 in
2497 4382 2610 4437 quo
2651 4371 2872 4421 nostros
2901 4367 3212 4422 familiares
3241 4368 3492 4439 graviter
3519 4360 3744 4420 miserari
3762 4356 3875 4445 solet).

2281 4453 2381 4525 qui
2412 4453 2458 4507 si
2481 4469 2592 4509 non
2617 4457 3392 4528 responderintﬂuidyocata
3421 4456 3491 4509 sit
3514 4457 3676 4508 mater
3702 4441 3876 4514 Euryali.

2345 4561 2361 4593 ι
2376 4558 2586 4631 .Bad.‘et
2597 4561 2726 4631 Mss.
2741 4559 2988 4631 nonnulli
3003 4562 3202 4631 habent
3215 4561 3540 4631 calculorum
3556 4542 3876 4631 pro/:Ilfsffffg

2281 4619 2460 4684 verius
2477 4621 2564 4684 alii
2593 4621 2743 4680 Cdd.,
2764 4624 3128 4673 caiculonum.
3153 4625 3262 4672 Hoc
3291 4624 3521 4679 nomine,
3551 4612 3674 4682 Quod
3699 4629 3730 4684 a_
3747 4612 3875 4684 legi}?

2281 4666 2504 4744 graphis
2511 4666 2785 4746 plerisque
2795 4666 3205 4756 praetermissum
3232 4691 3329 4744 est,
3355 4666 3659 4753 vocabaiitur
3674 4676 3773 4725 olim
3791 4666 3877 4772 iud;

2282 4745 2513 4772 manias“:
2556 4745 2642 4772 nn:
2666 4747 2818 4772 ηις-ιν..
2842 4761 3032 4772 νηυηηη
3055 4748 3258 4772 μην-..ητις
3309 4746 3560 4772 “mnuum.
3582 4747 3624 4772 αθ
3645 4743 3842 4772 numeral]

2281 4743 2535 4810 magistri,
2556 4743 2821 4810 quip'rimi
2842 4761 3034 4810 pueros
3052 4748 3280 4810 legendi,
3308 4743 3858 4810 scribeodietnm‘lafiﬂﬁ

2281 4794 2726 4895 eaeeae
2747 4794 3876 4895 suavem:kzucavariasuarias:

2279 4867 2433 4915 tolini
2462 4868 2513 4916 in
2548 4855 2859 4918 Pertinacezi
2874 4855 3310 4920 ’t'iiﬁéi'uiiéris‘
3326 4855 3655 4930 elementariis
3673 4865 3716 4910 et
3734 4855 3874 4930 09169.13

2282 4945 2309 4973 ‹‹
2335 4930 2631 4999 imbutus.»
2664 4916 2958 4999 Ιιειῄίᾲυοᾶ
2979 4916 3296 4999 i'qgaguaa
3321 4916 3621 4999 liii—{ium}.
3643 4916 3874 4999 gap-fi?ij

2280 5006 2308 5036 (ί
2336 4991 2716 5081 Ad‘amavera‘m
2741 4979 2958 5081 litteras:
2979 4979 3331 5081 latihasrnon.
3365 5007 3493 5056 quas
3521 4979 3874 5081 ρξξιέιξῐξιέεξιξῦἓ

2279 5067 2308 5098 ‹‹
2336 5036 2595 5120 sed—quas
2604 5036 2960 5120 71393::an
3004 5036 3332 5120 grammatici
3367 5036 3647 5120 1vocaritur:
3674 5055 3771 5120 [ἒβη]

2281 5130 2308 5160 α
2339 5107 2553 5185 primas,
2584 5116 2675 5165 ubi
2700 5116 2870 5180 legere
2891 5107 3202 5185 ascribere
3228 5124 3282 5185 et
3295 5128 3569 5185 numerare
3588 5107 3874 5185 όίερὶρλξεξξζιξ

2281 5192 2308 5223 ‹‹
2336 5169 2514 5225 minus
2530 5169 2780 5227 onerosus
2800 5180 3138 5244 panalesque
3158 5181 3429 5230 habebam.
3452 5194 3478 5224 ι)
3503 5176 3623 5246 Hinc
3639 5172 3808 5217 demum
3822 5169 3874 5224 ω’

2284 5258 2304 5268 ..
2336 5237 2536 5268 ιοιιςηοο
2567 5239 2694 5268 mm:
2727 5241 3032 5268 φη-4.,ιι;ηη;
3098 5242 3169 5268 ιη.
3223 5243 3283 5268 ιιι.
3327 5241 3481 5268 unum
3535 5251 3581 5268 ιη
3619 5233 3726 5268 ﬁne:
3754 5241 3774 5268 tl
3800 5220 3873 5268 ΡΠ·

2283 5258 2306 5281 (ι
2336 5237 2698 5322 telliges'illud
2711 5233 3068 5322 ΑΤεξὶζρξιιιιίειῐιίξ
3098 5242 3199 5322 liba
3221 5233 3873 5322 de.£tl:l.li(A)-,uii‘1.£eein:i

2279 5316 2308 5346 ‹‹
2341 5291 2796 5366 ωῃενὶῃῐοτωδῐοι·
2820 5291 3130 5360 litterarum,
3156 5308 3207 5353 et
3233 5303 3428 5366 primus
3449 5291 3680 5350 enodator
3698 5291 3821 5337 V0¢i5v
3840 5291 3857 5324 ⁸

2279 5379 2306 5406 α
2336 5359 2538 5424 primus
2563 5376 2906 5413 numerorum
2935 5359 3283 5416 arenarius.'»

2341 5423 2362 5459 ³
2390 5424 2629 5478 Plerique
2653 5427 2797 5478 Mss..
2827 5429 3046 5478 dixe-rit.

2451 5438 2629 5490 erique
2653 5438 2797 5487 n1ss.,
2827 5438 3046 5479 amem.
