  <div class='ocr_page' id='page_1' title='image "/cluster/home/n/w/nwhite01/storage/ocr_20150623/32/hvd.32044096580550/526.png"; bbox 0 0 4062 6188; ppageno 0'>
   <div class='ocr_carea' id='block_1_1' title="bbox 191 284 329 335">
    <p class='ocr_par' dir='ltr' id='par_1_1' title="bbox 191 284 329 335">
     <span class='ocr_line' id='line_1_1' title="bbox 191 284 329 335; baseline 0 0"><span class='ocrx_word' id='word_1_1' title='bbox 191 284 329 335; x_wconf 77' lang='grc'>1013</span> 
     </span>
    </p>
   </div>
   <div class='ocr_carea' id='block_1_2' title="bbox 187 400 1888 475">
    <p class='ocr_par' dir='ltr' id='par_1_2' title="bbox 187 400 1888 475">
     <span class='ocr_line' id='line_1_2' title="bbox 187 400 1888 475; baseline 0.002 -20"><span class='ocrx_word' id='word_1_2' title='bbox 187 400 812 466; x_wconf 70' lang='lat' dir='ltr'>accusanturinscitias;</span> <span class='ocrx_word' id='word_1_3' title='bbox 837 417 967 456; x_wconf 91' lang='lat' dir='ltr'>cum</span> <span class='ocrx_word' id='word_1_4' title='bbox 994 401 1106 472; x_wconf 89' lang='lat' dir='ltr'>ipsi</span> <span class='ocrx_word' id='word_1_5' title='bbox 1132 418 1248 465; x_wconf 86' lang='lat' dir='ltr'>eos,</span> <span class='ocrx_word' id='word_1_6' title='bbox 1296 420 1328 457; x_wconf 90' lang='lat' dir='ltr'>a</span> <span class='ocrx_word' id='word_1_7' title='bbox 1357 404 1566 474; x_wconf 87' lang='lat' dir='ltr'>quibus</span> <span class='ocrx_word' id='word_1_8' title='bbox 1595 421 1662 458; x_wconf 92' lang='lat' dir='ltr'>ea</span> <span class='ocrx_word' id='word_1_9' title='bbox 1682 421 1888 475; x_wconf 86' lang='lat' dir='ltr'>rogan-</span> 
     </span>
    </p>
   </div>
   <div class='ocr_carea' id='block_1_3' title="bbox 188 489 1890 562">
    <p class='ocr_par' dir='ltr' id='par_1_3' title="bbox 188 489 1890 562">
     <span class='ocr_line' id='line_1_3' title="bbox 188 489 1890 562; baseline 0.002 -19"><span class='ocrx_word' id='word_1_10' title='bbox 188 494 304 559; x_wconf 90' lang='lat' dir='ltr'>tur,</span> <span class='ocrx_word' id='word_1_11' title='bbox 334 505 511 543; x_wconf 90' lang='lat' dir='ltr'>vanos</span> <span class='ocrx_word' id='word_1_12' title='bbox 541 494 597 542; x_wconf 91' lang='lat' dir='ltr'>et</span> <span class='ocrx_word' id='word_1_13' title='bbox 627 489 874 559; x_wconf 91' lang='lat' dir='ltr'>ineptos,</span> <span class='ocrx_word' id='word_1_14' title='bbox 907 506 1009 543; x_wconf 93' lang='lat' dir='ltr'>nec</span> <span class='ocrx_word' id='word_1_15' title='bbox 1038 491 1890 562; x_wconf 85' lang='lat' dir='ltr'>curiososaudeantappellare?</span> 
     </span>
    </p>
   </div>
   <div class='ocr_carea' id='block_1_4' title="bbox 278 579 1803 635">
    <p class='ocr_par' dir='ltr' id='par_1_4' title="bbox 278 579 1803 635">
     <span class='ocr_line' id='line_1_4' title="bbox 278 579 1803 635; baseline 0.001 -2"><span class='ocrx_word' id='word_1_16' title='bbox 278 579 524 633; x_wconf 82' lang='lat' dir='ltr'>CAPUT.</span> <span class='ocrx_word' id='word_1_17' title='bbox 566 579 693 631; x_wconf 86' lang='lat' dir='ltr'><strong>XIII</strong></span> <span class='ocrx_word' id='word_1_18' title='bbox 724 606 791 617; x_wconf 94' lang='lat'><strong>—</strong></span> <span class='ocrx_word' id='word_1_19' title='bbox 820 579 1133 633; x_wconf 72' lang='lat' dir='ltr'>Dialectices</span> <span class='ocrx_word' id='word_1_20' title='bbox 1166 584 1215 632; x_wconf 80' lang='lat' dir='ltr'>et</span> <span class='ocrx_word' id='word_1_21' title='bbox 1234 581 1521 634; x_wconf 77' lang='lat' dir='ltr'>rhetorices</span> <span class='ocrx_word' id='word_1_22' title='bbox 1549 583 1803 635; x_wconf 72' lang='lat' dir='ltr'>inventio.</span> 
     </span>
    </p>
   </div>
   <div class='ocr_carea' id='block_1_5' title="bbox 261 665 1892 737">
    <p class='ocr_par' dir='ltr' id='par_1_5' title="bbox 261 665 1892 737">
     <span class='ocr_line' id='line_1_5' title="bbox 261 665 1892 737; baseline 0.001 -17"><span class='ocrx_word' id='word_1_23' title='bbox 261 670 350 720; x_wconf 87' lang='lat'>38.</span> <span class='ocrx_word' id='word_1_24' title='bbox 384 666 482 719; x_wconf 90' lang='lat' dir='ltr'>llla</span> <span class='ocrx_word' id='word_1_25' title='bbox 513 665 693 734; x_wconf 82' lang='lat' dir='ltr'>igitur</span> <span class='ocrx_word' id='word_1_26' title='bbox 716 665 860 719; x_wconf 81' lang='lat' dir='ltr'>ratio</span> <span class='ocrx_word' id='word_1_27' title='bbox 885 665 902 698; x_wconf 84' lang='grc'><strong>⁴</strong></span> <span class='ocrx_word' id='word_1_28' title='bbox 929 666 1177 735; x_wconf 87' lang='lat' dir='ltr'>perfecta</span> <span class='ocrx_word' id='word_1_29' title='bbox 1198 666 1584 737; x_wconf 86' lang='lat' dir='ltr'>dispositaque</span> <span class='ocrx_word' id='word_1_30' title='bbox 1604 684 1892 737; x_wconf 87' lang='lat' dir='ltr'>gramma-</span> 
     </span>
    </p>
   </div>
   <div class='ocr_carea' id='block_1_6' title="bbox 191 753 1891 825">
    <p class='ocr_par' dir='ltr' id='par_1_6' title="bbox 191 753 1891 825">
     <span class='ocr_line' id='line_1_6' title="bbox 191 753 1891 825; baseline 0.001 -18"><span class='ocrx_word' id='word_1_31' title='bbox 191 753 625 821; x_wconf 90' lang='lat' dir='ltr'>tica,admonita</span> <span class='ocrx_word' id='word_1_32' title='bbox 652 757 735 806; x_wconf 91' lang='lat' dir='ltr'>est</span> <span class='ocrx_word' id='word_1_33' title='bbox 748 769 1005 824; x_wconf 81' lang='lat' dir='ltr'>quaerere</span> <span class='ocrx_word' id='word_1_34' title='bbox 1032 758 1200 824; x_wconf 90' lang='lat' dir='ltr'>atque</span> <span class='ocrx_word' id='word_1_35' title='bbox 1228 755 1517 808; x_wconf 91' lang='lat' dir='ltr'>attendere</span> <span class='ocrx_word' id='word_1_36' title='bbox 1539 756 1686 809; x_wconf 89' lang='lat' dir='ltr'>hanc</span> <span class='ocrx_word' id='word_1_37' title='bbox 1707 759 1891 825; x_wconf 80' lang='lat' dir='ltr'><strong>ipsam</strong></span> 
     </span>
    </p>
   </div>
   <div class='ocr_carea' id='block_1_7' title="bbox 188 842 1890 913">
    <p class='ocr_par' dir='ltr' id='par_1_7' title="bbox 188 842 1890 913">
     <span class='ocr_line' id='line_1_7' title="bbox 188 842 1890 913; baseline 0.001 -17"><span class='ocrx_word' id='word_1_38' title='bbox 188 844 329 910; x_wconf 98' lang='lat' dir='ltr'>vim,</span> <span class='ocrx_word' id='word_1_39' title='bbox 360 858 473 913; x_wconf 91' lang='lat' dir='ltr'>qua</span> <span class='ocrx_word' id='word_1_40' title='bbox 501 842 725 911; x_wconf 85' lang='lat' dir='ltr'>peperit</span> <span class='ocrx_word' id='word_1_41' title='bbox 770 847 951 895; x_wconf 83' lang='lat' dir='ltr'><strong>artem</strong></span> <span class='ocrx_word' id='word_1_42' title='bbox 984 858 997 896; x_wconf 88' lang='lat'><strong>:</strong></span> <span class='ocrx_word' id='word_1_43' title='bbox 1029 858 1163 895; x_wconf 89' lang='lat' dir='ltr'>nam</span> <span class='ocrx_word' id='word_1_44' title='bbox 1184 857 1278 897; x_wconf 90' lang='lat' dir='ltr'>eas</span> <span class='ocrx_word' id='word_1_45' title='bbox 1309 842 1653 909; x_wconf 88' lang='lat' dir='ltr'>deﬁniendo,</span> <span class='ocrx_word' id='word_1_46' title='bbox 1700 844 1890 898; x_wconf 91' lang='lat' dir='ltr'>distri-</span> 
     </span>
    </p>
   </div>
   <div class='ocr_carea' id='block_1_8' title="bbox 190 930 1890 1002">
    <p class='ocr_par' dir='ltr' id='par_1_8' title="bbox 190 930 1890 1002">
     <span class='ocr_line' id='line_1_8' title="bbox 190 930 1890 1002; baseline 0.001 -17"><span class='ocrx_word' id='word_1_47' title='bbox 190 932 441 996; x_wconf 90' lang='lat' dir='ltr'>buendo,</span> <span class='ocrx_word' id='word_1_48' title='bbox 474 930 818 999; x_wconf 90' lang='lat' dir='ltr'>colligendo,</span> <span class='ocrx_word' id='word_1_49' title='bbox 850 946 968 984; x_wconf 90' lang='lat' dir='ltr'>non</span> <span class='ocrx_word' id='word_1_50' title='bbox 988 931 1173 984; x_wconf 91' lang='lat' dir='ltr'>solum</span> <span class='ocrx_word' id='word_1_51' title='bbox 1204 931 1514 1001; x_wconf 90' lang='lat' dir='ltr'>digesserat</span> <span class='ocrx_word' id='word_1_52' title='bbox 1540 936 1710 1002; x_wconf 89' lang='lat' dir='ltr'>atque</span> <span class='ocrx_word' id='word_1_53' title='bbox 1742 933 1890 987; x_wconf 87' lang='lat' dir='ltr'>ordi-</span> 
     </span>
    </p>
   </div>
   <div class='ocr_carea' id='block_1_9' title="bbox 193 1017 1890 1091">
    <p class='ocr_par' dir='ltr' id='par_1_9' title="bbox 193 1017 1890 1091">
     <span class='ocr_line' id='line_1_9' title="bbox 193 1017 1890 1091; baseline 0.002 -19"><span class='ocrx_word' id='word_1_54' title='bbox 193 1024 443 1082; x_wconf 88' lang='lat' dir='ltr'>naverat,</span> <span class='ocrx_word' id='word_1_55' title='bbox 477 1034 674 1072; x_wconf 88' lang='lat' dir='ltr'>verum</span> <span class='ocrx_word' id='word_1_56' title='bbox 722 1018 792 1071; x_wconf 91' lang='lat' dir='ltr'>ab</span> <span class='ocrx_word' id='word_1_57' title='bbox 841 1017 999 1071; x_wconf 92' lang='lat' dir='ltr'>omni</span> <span class='ocrx_word' id='word_1_58' title='bbox 1046 1019 1218 1072; x_wconf 86' lang='lat' dir='ltr'>etiam</span> <span class='ocrx_word' id='word_1_59' title='bbox 1265 1019 1529 1073; x_wconf 78' lang='lat' dir='ltr'>falsitatis</span> <span class='ocrx_word' id='word_1_60' title='bbox 1578 1020 1890 1091; x_wconf 88' lang='lat' dir='ltr'>irreptione</span> 
     </span>
    </p>
   </div>
   <div class='ocr_carea' id='block_1_10' title="bbox 194 1106 1885 1176">
    <p class='ocr_par' dir='ltr' id='par_1_10' title="bbox 194 1106 1885 1176">
     <span class='ocr_line' id='line_1_10' title="bbox 194 1106 1885 1176; baseline 0.002 -15"><span class='ocrx_word' id='word_1_61' title='bbox 194 1107 543 1162; x_wconf 83' lang='lat' dir='ltr'>defenderat.</span> <span class='ocrx_word' id='word_1_62' title='bbox 577 1106 815 1171; x_wconf 83' lang='lat' dir='ltr'>Quando</span> <span class='ocrx_word' id='word_1_63' title='bbox 846 1122 981 1176; x_wconf 89' lang='lat' dir='ltr'>ergo</span> <span class='ocrx_word' id='word_1_64' title='bbox 1010 1107 1280 1161; x_wconf 80' lang='lat' dir='ltr'>transiret</span> <span class='ocrx_word' id='word_1_65' title='bbox 1310 1109 1379 1161; x_wconf 91' lang='lat' dir='ltr'>ad</span> <span class='ocrx_word' id='word_1_66' title='bbox 1396 1108 1506 1161; x_wconf 91' lang='lat' dir='ltr'>alia</span> <span class='ocrx_word' id='word_1_67' title='bbox 1534 1109 1885 1176; x_wconf 88' lang='lat' dir='ltr'>fabricanda,</span> 
     </span>
    </p>
   </div>
   <div class='ocr_carea' id='block_1_11' title="bbox 193 1194 1892 1266">
    <p class='ocr_par' dir='ltr' id='par_1_11' title="bbox 193 1194 1892 1266">
     <span class='ocr_line' id='line_1_11' title="bbox 193 1194 1892 1266; baseline 0.001 -16"><span class='ocrx_word' id='word_1_68' title='bbox 193 1197 303 1251; x_wconf 82' lang='lat' dir='ltr'>nisi</span> <span class='ocrx_word' id='word_1_69' title='bbox 331 1196 455 1266; x_wconf 90' lang='lat' dir='ltr'>ipsa</span> <span class='ocrx_word' id='word_1_70' title='bbox 481 1210 584 1248; x_wconf 91' lang='lat' dir='ltr'>sua</span> <span class='ocrx_word' id='word_1_71' title='bbox 598 1194 759 1264; x_wconf 90' lang='lat' dir='ltr'>prius</span> <span class='ocrx_word' id='word_1_72' title='bbox 789 1195 952 1265; x_wconf 89' lang='lat' dir='ltr'>quasi</span> <span class='ocrx_word' id='word_1_73' title='bbox 973 1196 1235 1266; x_wconf 61' lang='lat' dir='ltr'>quaedam</span> <span class='ocrx_word' id='word_1_74' title='bbox 1255 1197 1714 1251; x_wconf 89' lang='lat' dir='ltr'>machinamenta</span> <span class='ocrx_word' id='word_1_75' title='bbox 1742 1202 1797 1251; x_wconf 89' lang='lat' dir='ltr'>et</span> <span class='ocrx_word' id='word_1_76' title='bbox 1810 1198 1892 1251; x_wconf 92' lang='lat' dir='ltr'>in-</span> 
     </span>
    </p>
   </div>
   <div class='ocr_carea' id='block_1_12' title="bbox 191 1282 1890 1361">
    <p class='ocr_par' dir='ltr' id='par_1_12' title="bbox 191 1282 1890 1361">
     <span class='ocr_line' id='line_1_12' title="bbox 191 1282 1890 1361; baseline 0.003 -26"><span class='ocrx_word' id='word_1_77' title='bbox 191 1286 512 1336; x_wconf 89' lang='lat' dir='ltr'>strumenta</span> <span class='ocrx_word' id='word_1_78' title='bbox 543 1282 1890 1361; x_wconf 87' lang='lat' dir='ltr'>distingueret,notaret,digereret,proderetque</span> 
     </span>
    </p>
   </div>
   <div class='ocr_carea' id='block_1_13' title="bbox 190 1369 1889 1441">
    <p class='ocr_par' dir='ltr' id='par_1_13' title="bbox 190 1369 1889 1441">
     <span class='ocr_line' id='line_1_13' title="bbox 190 1369 1889 1441; baseline 0.002 -18"><span class='ocrx_word' id='word_1_79' title='bbox 190 1370 374 1441; x_wconf 82' lang='lat' dir='ltr'>ipsam</span> <span class='ocrx_word' id='word_1_80' title='bbox 390 1369 755 1439; x_wconf 88' lang='lat' dir='ltr'>disciplinam</span> <span class='ocrx_word' id='word_1_81' title='bbox 773 1369 1405 1441; x_wconf 89' lang='lat' dir='ltr'>disciplinarum,quam</span> <span class='ocrx_word' id='word_1_82' title='bbox 1429 1372 1780 1426; x_wconf 77' lang='lat' dir='ltr'>dialecticam</span> <span class='ocrx_word' id='word_1_83' title='bbox 1793 1389 1889 1426; x_wconf 87' lang='lat' dir='ltr'>vo-</span> 
     </span>
    </p>
   </div>
   <div class='ocr_carea' id='block_1_14' title="bbox 195 1456 1892 1526">
    <p class='ocr_par' dir='ltr' id='par_1_14' title="bbox 195 1456 1892 1526">
     <span class='ocr_line' id='line_1_14' title="bbox 195 1456 1892 1526; baseline 0.003 -16"><span class='ocrx_word' id='word_1_84' title='bbox 195 1462 329 1511; x_wconf 90' lang='lat' dir='ltr'>cant</span> <span class='ocrx_word' id='word_1_85' title='bbox 348 1459 377 1510; x_wconf 82' lang='lat'><strong>?</strong></span> <span class='ocrx_word' id='word_1_86' title='bbox 403 1459 533 1511; x_wconf 59' lang='lat' dir='ltr'>Haec</span> <span class='ocrx_word' id='word_1_87' title='bbox 555 1458 716 1511; x_wconf 85' lang='lat' dir='ltr'>docet</span> <span class='ocrx_word' id='word_1_88' title='bbox 736 1458 960 1524; x_wconf 89' lang='lat' dir='ltr'>docere,</span> <span class='ocrx_word' id='word_1_89' title='bbox 984 1456 1104 1512; x_wconf 67' lang='lat' dir='ltr'>haec</span> <span class='ocrx_word' id='word_1_90' title='bbox 1142 1459 1303 1513; x_wconf 86' lang='lat' dir='ltr'>docet</span> <span class='ocrx_word' id='word_1_91' title='bbox 1331 1459 1576 1526; x_wconf 85' lang='lat' dir='ltr'>discere;</span> <span class='ocrx_word' id='word_1_92' title='bbox 1606 1460 1667 1513; x_wconf 90' lang='lat' dir='ltr'>in</span> <span class='ocrx_word' id='word_1_93' title='bbox 1702 1463 1804 1515; x_wconf 89' lang='lat' dir='ltr'>hac</span> <span class='ocrx_word' id='word_1_94' title='bbox 1834 1478 1892 1515; x_wconf 90' lang='lat' dir='ltr'>se</span> 
     </span>
    </p>
   </div>
   <div class='ocr_carea' id='block_1_15' title="bbox 191 1544 1888 1619">
    <p class='ocr_par' dir='ltr' id='par_1_15' title="bbox 191 1544 1888 1619">
     <span class='ocr_line' id='line_1_15' title="bbox 191 1544 1888 1619; baseline 0.004 -22"><span class='ocrx_word' id='word_1_95' title='bbox 191 1544 314 1615; x_wconf 89' lang='lat' dir='ltr'>ipsa</span> <span class='ocrx_word' id='word_1_96' title='bbox 344 1546 488 1598; x_wconf 87' lang='lat' dir='ltr'>ratio</span> <span class='ocrx_word' id='word_1_97' title='bbox 513 1545 888 1613; x_wconf 88' lang='lat' dir='ltr'>demonstrat,</span> <span class='ocrx_word' id='word_1_98' title='bbox 906 1550 1075 1617; x_wconf 91' lang='lat' dir='ltr'>atque</span> <span class='ocrx_word' id='word_1_99' title='bbox 1104 1548 1287 1617; x_wconf 84' lang='lat' dir='ltr'>aperit</span> <span class='ocrx_word' id='word_1_100' title='bbox 1311 1564 1439 1617; x_wconf 79' lang='lat' dir='ltr'>quae</span> <span class='ocrx_word' id='word_1_101' title='bbox 1468 1548 1712 1618; x_wconf 90' lang='lat' dir='ltr'>sit,quid</span> <span class='ocrx_word' id='word_1_102' title='bbox 1733 1550 1888 1619; x_wconf 85' lang='lat' dir='ltr'>velit,</span> 
     </span>
    </p>
   </div>
   <div class='ocr_carea' id='block_1_16' title="bbox 192 1632 1890 1703">
    <p class='ocr_par' dir='ltr' id='par_1_16' title="bbox 192 1632 1890 1703">
     <span class='ocr_line' id='line_1_16' title="bbox 192 1632 1890 1703; baseline 0.004 -18"><span class='ocrx_word' id='word_1_103' title='bbox 192 1632 333 1703; x_wconf 92' lang='lat' dir='ltr'>quid</span> <span class='ocrx_word' id='word_1_104' title='bbox 363 1634 565 1687; x_wconf 87' lang='lat' dir='ltr'>valeat.</span> <span class='ocrx_word' id='word_1_105' title='bbox 599 1633 712 1688; x_wconf 89' lang='lat' dir='ltr'>Scit</span> <span class='ocrx_word' id='word_1_106' title='bbox 739 1633 879 1687; x_wconf 87' lang='lat' dir='ltr'>scire</span> <span class='ocrx_word' id='word_1_107' title='bbox 905 1651 918 1700; x_wconf 91' lang='lat'>;</span> <span class='ocrx_word' id='word_1_108' title='bbox 943 1634 1061 1687; x_wconf 88' lang='lat' dir='ltr'>sola</span> <span class='ocrx_word' id='word_1_109' title='bbox 1087 1634 1324 1688; x_wconf 84' lang='lat' dir='ltr'>scientes</span> <span class='ocrx_word' id='word_1_110' title='bbox 1353 1636 1535 1689; x_wconf 85' lang='lat' dir='ltr'>facere</span> <span class='ocrx_word' id='word_1_111' title='bbox 1568 1653 1679 1689; x_wconf 93' lang='lat' dir='ltr'>non</span> <span class='ocrx_word' id='word_1_112' title='bbox 1705 1637 1890 1692; x_wconf 90' lang='lat' dir='ltr'>solum</span> 
     </span>
    </p>
   </div>
   <div class='ocr_carea' id='block_1_17' title="bbox 192 1720 1889 1794">
    <p class='ocr_par' dir='ltr' id='par_1_17' title="bbox 192 1720 1889 1794">
     <span class='ocr_line' id='line_1_17' title="bbox 192 1720 1889 1794; baseline 0.004 -21"><span class='ocrx_word' id='word_1_113' title='bbox 192 1721 333 1787; x_wconf 89' lang='lat' dir='ltr'>vult,</span> <span class='ocrx_word' id='word_1_114' title='bbox 364 1720 463 1775; x_wconf 90' lang='lat' dir='ltr'>sed</span> <span class='ocrx_word' id='word_1_115' title='bbox 494 1721 664 1775; x_wconf 89' lang='lat' dir='ltr'>etiam</span> <span class='ocrx_word' id='word_1_116' title='bbox 694 1726 901 1791; x_wconf 87' lang='lat' dir='ltr'>potest.</span> <span class='ocrx_word' id='word_1_117' title='bbox 952 1723 1180 1785; x_wconf 86' lang='lat' dir='ltr'>Verum,</span> <span class='ocrx_word' id='word_1_118' title='bbox 1232 1723 1503 1793; x_wconf 90' lang='lat' dir='ltr'>quoniam</span> <span class='ocrx_word' id='word_1_119' title='bbox 1550 1725 1889 1794; x_wconf 90' lang='lat' dir='ltr'>plerumque</span> 
     </span>
    </p>
   </div>
   <div class='ocr_carea' id='block_1_18' title="bbox 193 1808 1891 1879">
    <p class='ocr_par' dir='ltr' id='par_1_18' title="bbox 193 1808 1891 1879">
     <span class='ocr_line' id='line_1_18' title="bbox 193 1808 1891 1879; baseline 0.004 -18"><span class='ocrx_word' id='word_1_120' title='bbox 193 1808 353 1862; x_wconf 85' lang='lat' dir='ltr'>stulti</span> <span class='ocrx_word' id='word_1_121' title='bbox 379 1808 643 1862; x_wconf 86' lang='lat' dir='ltr'>homines</span> <span class='ocrx_word' id='word_1_122' title='bbox 675 1810 742 1862; x_wconf 89' lang='lat' dir='ltr'>ad</span> <span class='ocrx_word' id='word_1_123' title='bbox 774 1825 840 1862; x_wconf 90' lang='lat' dir='ltr'>ea</span> <span class='ocrx_word' id='word_1_124' title='bbox 866 1825 995 1879; x_wconf 65' lang='lat' dir='ltr'>quas</span> <span class='ocrx_word' id='word_1_125' title='bbox 1024 1809 1337 1864; x_wconf 89' lang='lat' dir='ltr'>suadentur</span> <span class='ocrx_word' id='word_1_126' title='bbox 1364 1816 1533 1876; x_wconf 87' lang='lat' dir='ltr'>recte,</span> <span class='ocrx_word' id='word_1_127' title='bbox 1588 1812 1806 1866; x_wconf 87' lang='lat' dir='ltr'>utiliter</span> <span class='ocrx_word' id='word_1_128' title='bbox 1835 1818 1891 1867; x_wconf 90' lang='lat' dir='ltr'>et</span> 
     </span>
    </p>
   </div>
   <div class='ocr_carea' id='block_1_19' title="bbox 190 1896 1889 1969">
    <p class='ocr_par' dir='ltr' id='par_1_19' title="bbox 190 1896 1889 1969">
     <span class='ocr_line' id='line_1_19' title="bbox 190 1896 1889 1969; baseline 0.003 -19"><span class='ocrx_word' id='word_1_129' title='bbox 190 1896 452 1961; x_wconf 89' lang='lat' dir='ltr'>honeste,</span> <span class='ocrx_word' id='word_1_130' title='bbox 483 1912 599 1950; x_wconf 92' lang='lat' dir='ltr'>non</span> <span class='ocrx_word' id='word_1_131' title='bbox 612 1896 792 1967; x_wconf 89' lang='lat' dir='ltr'>ipsam</span> <span class='ocrx_word' id='word_1_132' title='bbox 807 1896 1245 1952; x_wconf 87' lang='lat' dir='ltr'>sincerissimam</span> <span class='ocrx_word' id='word_1_133' title='bbox 1275 1915 1449 1969; x_wconf 90' lang='lat' dir='ltr'>quam</span> <span class='ocrx_word' id='word_1_134' title='bbox 1472 1915 1634 1954; x_wconf 91' lang='lat' dir='ltr'>rarus</span> <span class='ocrx_word' id='word_1_135' title='bbox 1665 1900 1889 1955; x_wconf 89' lang='lat' dir='ltr'>animus</span> 
     </span>
    </p>
   </div>
   <div class='ocr_carea' id='block_1_20' title="bbox 194 1984 1889 2056">
    <p class='ocr_par' dir='ltr' id='par_1_20' title="bbox 194 1984 1889 2056">
     <span class='ocr_line' id='line_1_20' title="bbox 194 1984 1889 2056; baseline 0.004 -19"><span class='ocrx_word' id='word_1_136' title='bbox 194 1985 349 2038; x_wconf 88' lang='lat' dir='ltr'>videt</span> <span class='ocrx_word' id='word_1_137' title='bbox 371 1984 691 2051; x_wconf 88' lang='lat' dir='ltr'>veritatem,</span> <span class='ocrx_word' id='word_1_138' title='bbox 725 1986 821 2039; x_wconf 90' lang='lat' dir='ltr'>sed</span> <span class='ocrx_word' id='word_1_139' title='bbox 855 1986 1119 2056; x_wconf 88' lang='lat' dir='ltr'>proprios</span> <span class='ocrx_word' id='word_1_140' title='bbox 1146 2002 1342 2041; x_wconf 87' lang='lat' dir='ltr'>sensus</span> <span class='ocrx_word' id='word_1_141' title='bbox 1386 1989 1889 2043; x_wconf 88' lang='lat' dir='ltr'>consuetudinem-</span> 
     </span>
    </p>
   </div>
   <div class='ocr_carea' id='block_1_21' title="bbox 196 2075 1889 2149">
    <p class='ocr_par' dir='ltr' id='par_1_21' title="bbox 196 2075 1889 2149">
     <span class='ocr_line' id='line_1_21' title="bbox 196 2075 1889 2149; baseline 0.003 -22"><span class='ocrx_word' id='word_1_142' title='bbox 196 2089 310 2144; x_wconf 88' lang='lat' dir='ltr'>que</span> <span class='ocrx_word' id='word_1_143' title='bbox 335 2077 644 2142; x_wconf 87' lang='lat' dir='ltr'>sectantur,</span> <span class='ocrx_word' id='word_1_144' title='bbox 674 2075 968 2145; x_wconf 88' lang='lat' dir='ltr'>oportebat</span> <span class='ocrx_word' id='word_1_145' title='bbox 997 2091 1092 2129; x_wconf 91' lang='lat' dir='ltr'>eos</span> <span class='ocrx_word' id='word_1_146' title='bbox 1117 2090 1232 2129; x_wconf 93' lang='lat' dir='ltr'>non</span> <span class='ocrx_word' id='word_1_147' title='bbox 1255 2076 1443 2130; x_wconf 88' lang='lat' dir='ltr'>doceri</span> <span class='ocrx_word' id='word_1_148' title='bbox 1485 2078 1671 2132; x_wconf 91' lang='lat' dir='ltr'>solum</span> <span class='ocrx_word' id='word_1_149' title='bbox 1709 2094 1889 2149; x_wconf 86' lang='lat' dir='ltr'>quan-</span> 
     </span>
    </p>
   </div>
   <div class='ocr_carea' id='block_1_22' title="bbox 191 2162 1891 2233">
    <p class='ocr_par' dir='ltr' id='par_1_22' title="bbox 191 2162 1891 2233">
     <span class='ocr_line' id='line_1_22' title="bbox 191 2162 1891 2233; baseline 0.004 -19"><span class='ocrx_word' id='word_1_150' title='bbox 191 2166 319 2215; x_wconf 90' lang='lat' dir='ltr'>tum</span> <span class='ocrx_word' id='word_1_151' title='bbox 349 2167 588 2232; x_wconf 89' lang='lat' dir='ltr'>queunt,</span> <span class='ocrx_word' id='word_1_152' title='bbox 620 2162 717 2216; x_wconf 90' lang='lat' dir='ltr'>sed</span> <span class='ocrx_word' id='word_1_153' title='bbox 752 2179 900 2233; x_wconf 71' lang='lat' dir='ltr'>saepe</span> <span class='ocrx_word' id='word_1_154' title='bbox 931 2168 987 2217; x_wconf 89' lang='lat' dir='ltr'>et</span> <span class='ocrx_word' id='word_1_155' title='bbox 1029 2164 1275 2218; x_wconf 81' lang='lat' dir='ltr'>maxime</span> <span class='ocrx_word' id='word_1_156' title='bbox 1323 2166 1685 2220; x_wconf 87' lang='lat' dir='ltr'>commoveri.</span> <span class='ocrx_word' id='word_1_157' title='bbox 1738 2168 1891 2220; x_wconf 83' lang='lat' dir='ltr'>Hanc</span> 
     </span>
    </p>
   </div>
   <div class='ocr_carea' id='block_1_23' title="bbox 193 2250 1889 2324">
    <p class='ocr_par' dir='ltr' id='par_1_23' title="bbox 193 2250 1889 2324">
     <span class='ocr_line' id='line_1_23' title="bbox 193 2250 1889 2324; baseline 0.002 -20"><span class='ocrx_word' id='word_1_158' title='bbox 193 2266 361 2304; x_wconf 88' lang='lat' dir='ltr'>suam</span> <span class='ocrx_word' id='word_1_159' title='bbox 404 2256 627 2320; x_wconf 88' lang='lat' dir='ltr'>partem</span> <span class='ocrx_word' id='word_1_160' title='bbox 656 2266 785 2320; x_wconf 59' lang='lat' dir='ltr'>qua:</span> <span class='ocrx_word' id='word_1_161' title='bbox 814 2250 874 2304; x_wconf 91' lang='lat' dir='ltr'>id</span> <span class='ocrx_word' id='word_1_162' title='bbox 905 2257 1119 2321; x_wconf 82' lang='lat' dir='ltr'>ageret,</span> <span class='ocrx_word' id='word_1_163' title='bbox 1164 2253 1525 2306; x_wconf 89' lang='lat' dir='ltr'>necessitatis</span> <span class='ocrx_word' id='word_1_164' title='bbox 1573 2255 1889 2324; x_wconf 88' lang='lat' dir='ltr'>pleniorem</span> 
     </span>
    </p>
   </div>
   <div class='ocr_carea' id='block_1_24' title="bbox 194 2339 1890 2413">
    <p class='ocr_par' dir='ltr' id='par_1_24' title="bbox 194 2339 1890 2413">
     <span class='ocr_line' id='line_1_24' title="bbox 194 2339 1890 2413; baseline 0.004 -22"><span class='ocrx_word' id='word_1_165' title='bbox 194 2354 370 2409; x_wconf 91' lang='lat' dir='ltr'>quam</span> <span class='ocrx_word' id='word_1_166' title='bbox 390 2339 673 2409; x_wconf 86' lang='lat' dir='ltr'>puritatis,</span> <span class='ocrx_word' id='word_1_167' title='bbox 706 2340 1079 2395; x_wconf 83' lang='lat' dir='ltr'>refertissimo</span> <span class='ocrx_word' id='word_1_168' title='bbox 1119 2340 1338 2411; x_wconf 90' lang='lat' dir='ltr'>gremio</span> <span class='ocrx_word' id='word_1_169' title='bbox 1360 2342 1714 2409; x_wconf 89' lang='lat' dir='ltr'>deliciarum,</span> <span class='ocrx_word' id='word_1_170' title='bbox 1749 2360 1890 2413; x_wconf 91' lang='lat' dir='ltr'>quas</span> 
     </span>
    </p>
   </div>
   <div class='ocr_carea' id='block_1_25' title="bbox 192 2428 1885 2501">
    <p class='ocr_par' dir='ltr' id='par_1_25' title="bbox 192 2428 1885 2501">
     <span class='ocr_line' id='line_1_25' title="bbox 192 2428 1885 2501; baseline 0.004 -22"><span class='ocrx_word' id='word_1_171' title='bbox 192 2428 413 2497; x_wconf 90' lang='lat' dir='ltr'>populo</span> <span class='ocrx_word' id='word_1_172' title='bbox 430 2432 679 2497; x_wconf 83' lang='lat' dir='ltr'>spargat,</span> <span class='ocrx_word' id='word_1_173' title='bbox 696 2432 759 2481; x_wconf 90' lang='lat' dir='ltr'>ut</span> <span class='ocrx_word' id='word_1_174' title='bbox 780 2428 850 2481; x_wconf 91' lang='lat' dir='ltr'>ad</span> <span class='ocrx_word' id='word_1_175' title='bbox 863 2428 1169 2483; x_wconf 90' lang='lat' dir='ltr'>utilitatem</span> <span class='ocrx_word' id='word_1_176' title='bbox 1187 2446 1347 2483; x_wconf 89' lang='lat' dir='ltr'>suam</span> <span class='ocrx_word' id='word_1_177' title='bbox 1361 2430 1632 2501; x_wconf 89' lang='lat' dir='ltr'>dignetur</span> <span class='ocrx_word' id='word_1_178' title='bbox 1660 2432 1885 2498; x_wconf 90' lang='lat' dir='ltr'>adduci,</span> 
     </span>
    </p>
   </div>
   <div class='ocr_carea' id='block_1_26' title="bbox 197 2514 1890 2590">
    <p class='ocr_par' dir='ltr' id='par_1_26' title="bbox 197 2514 1890 2590">
     <span class='ocr_line' id='line_1_26' title="bbox 197 2514 1890 2590; baseline 0.003 -23"><span class='ocrx_word' id='word_1_179' title='bbox 197 2514 417 2568; x_wconf 88' lang='lat' dir='ltr'>vocavit</span> <span class='ocrx_word' id='word_1_180' title='bbox 443 2515 807 2569; x_wconf 86' lang='lat' dir='ltr'>rhetoricam.</span> <span class='ocrx_word' id='word_1_181' title='bbox 840 2517 1117 2570; x_wconf 87' lang='lat' dir='ltr'>Hactenus</span> <span class='ocrx_word' id='word_1_182' title='bbox 1143 2534 1273 2587; x_wconf 90' lang='lat' dir='ltr'>pars</span> <span class='ocrx_word' id='word_1_183' title='bbox 1302 2517 1400 2571; x_wconf 91' lang='lat' dir='ltr'>illa</span> <span class='ocrx_word' id='word_1_184' title='bbox 1428 2534 1557 2588; x_wconf 64' lang='lat' dir='ltr'>quae</span> <span class='ocrx_word' id='word_1_185' title='bbox 1577 2519 1636 2572; x_wconf 93' lang='lat' dir='ltr'>in</span> <span class='ocrx_word' id='word_1_186' title='bbox 1667 2519 1890 2590; x_wconf 88' lang='lat' dir='ltr'>signiﬁ-</span> 
     </span>
    </p>
   </div>
   <div class='ocr_carea' id='block_1_27' title="bbox 191 2602 1890 2678">
    <p class='ocr_par' dir='ltr' id='par_1_27' title="bbox 191 2602 1890 2678">
     <span class='ocr_line' id='line_1_27' title="bbox 191 2602 1890 2678; baseline 0.004 -23"><span class='ocrx_word' id='word_1_187' title='bbox 191 2602 372 2656; x_wconf 92' lang='lat' dir='ltr'>cando</span> <span class='ocrx_word' id='word_1_188' title='bbox 398 2602 750 2656; x_wconf 89' lang='lat' dir='ltr'>rationabilis</span> <span class='ocrx_word' id='word_1_189' title='bbox 780 2603 1005 2671; x_wconf 90' lang='lat' dir='ltr'>dicitur,</span> <span class='ocrx_word' id='word_1_190' title='bbox 1035 2604 1237 2659; x_wconf 87' lang='lat' dir='ltr'>studiis</span> <span class='ocrx_word' id='word_1_191' title='bbox 1279 2605 1608 2659; x_wconf 88' lang='lat' dir='ltr'>liberalibus</span> <span class='ocrx_word' id='word_1_192' title='bbox 1647 2607 1890 2678; x_wconf 88' lang='lat' dir='ltr'>discipli-</span> 
     </span>
    </p>
   </div>
   <div class='ocr_carea' id='block_1_28' title="bbox 189 2690 833 2760">
    <p class='ocr_par' dir='ltr' id='par_1_28' title="bbox 189 2690 833 2760">
     <span class='ocr_line' id='line_1_28' title="bbox 189 2690 833 2760; baseline 0.003 -16"><span class='ocrx_word' id='word_1_193' title='bbox 189 2690 399 2760; x_wconf 88' lang='lat' dir='ltr'>nisque</span> <span class='ocrx_word' id='word_1_194' title='bbox 431 2695 693 2759; x_wconf 87' lang='lat' dir='ltr'>promota</span> <span class='ocrx_word' id='word_1_195' title='bbox 732 2696 833 2746; x_wconf 91' lang='lat' dir='ltr'>est.</span> 
     </span>
    </p>
   </div>
   <div class='ocr_carea' id='block_1_29' title="bbox 191 2780 1889 2851">
    <p class='ocr_par' dir='ltr' id='par_1_29' title="bbox 191 2780 1889 2851">
     <span class='ocr_line' id='line_1_29' title="bbox 191 2780 1889 2851; baseline 0.002 -16"><span class='ocrx_word' id='word_1_196' title='bbox 191 2780 419 2835; x_wconf 83' lang='lat' dir='ltr'><strong>CAPUT</strong></span> <span class='ocrx_word' id='word_1_197' title='bbox 449 2780 583 2835; x_wconf 82' lang='lat' dir='ltr'>XIV.</span> <span class='ocrx_word' id='word_1_198' title='bbox 615 2810 683 2820; x_wconf 90' lang='lat'><strong><em>—</em></strong></span> <span class='ocrx_word' id='word_1_199' title='bbox 702 2782 913 2836; x_wconf 81' lang='lat' dir='ltr'>Musica</span> <span class='ocrx_word' id='word_1_200' title='bbox 925 2786 976 2835; x_wconf 82' lang='lat' dir='ltr'>et</span> <span class='ocrx_word' id='word_1_201' title='bbox 990 2784 1218 2851; x_wconf 79' lang='lat' dir='ltr'>poetica.</span> <span class='ocrx_word' id='word_1_202' title='bbox 1248 2784 1475 2851; x_wconf 68' lang='lat' dir='ltr'>Triplex</span> <span class='ocrx_word' id='word_1_203' title='bbox 1487 2798 1667 2837; x_wconf 88' lang='lat' dir='ltr'>sonus.</span> <span class='ocrx_word' id='word_1_204' title='bbox 1694 2786 1889 2839; x_wconf 85' lang='lat' dir='ltr'>Versus</span> 
     </span>
    </p>
   </div>
   <div class='ocr_carea' id='block_1_30' title="bbox 784 2870 1296 2938">
    <p class='ocr_par' dir='ltr' id='par_1_30' title="bbox 784 2870 1296 2938">
     <span class='ocr_line' id='line_1_30' title="bbox 784 2870 1296 2938; baseline 0.006 -16"><span class='ocrx_word' id='word_1_205' title='bbox 784 2870 945 2924; x_wconf 83' lang='lat' dir='ltr'>unde.</span> <span class='ocrx_word' id='word_1_206' title='bbox 976 2872 1296 2938; x_wconf 82' lang='lat' dir='ltr'>Rhythmus.</span> 
     </span>
    </p>
   </div>
   <div class='ocr_carea' id='block_1_31' title="bbox 265 2955 1891 3028">
    <p class='ocr_par' dir='ltr' id='par_1_31' title="bbox 265 2955 1891 3028">
     <span class='ocr_line' id='line_1_31' title="bbox 265 2955 1891 3028; baseline 0.002 -17"><span class='ocrx_word' id='word_1_207' title='bbox 265 2959 355 3011; x_wconf 87' lang='lat'>39.</span> <span class='ocrx_word' id='word_1_208' title='bbox 390 2956 531 3010; x_wconf 83' lang='lat' dir='ltr'>Hinc</span> <span class='ocrx_word' id='word_1_209' title='bbox 560 2972 619 3011; x_wconf 89' lang='lat' dir='ltr'>se</span> <span class='ocrx_word' id='word_1_210' title='bbox 647 2955 744 3011; x_wconf 92' lang='lat' dir='ltr'>illa</span> <span class='ocrx_word' id='word_1_211' title='bbox 774 2957 918 3012; x_wconf 88' lang='lat' dir='ltr'>ratio</span> <span class='ocrx_word' id='word_1_212' title='bbox 948 2959 1017 3012; x_wconf 88' lang='lat' dir='ltr'>ad</span> <span class='ocrx_word' id='word_1_213' title='bbox 1044 2958 1298 3028; x_wconf 88' lang='lat' dir='ltr'>ipsarum</span> <span class='ocrx_word' id='word_1_214' title='bbox 1328 2974 1522 3012; x_wconf 90' lang='lat' dir='ltr'>rerum</span> <span class='ocrx_word' id='word_1_215' title='bbox 1572 2959 1891 3014; x_wconf 87' lang='lat' dir='ltr'>divinarum</span> 
     </span>
    </p>
   </div>
   <div class='ocr_carea' id='block_1_32' title="bbox 188 3044 1891 3116">
    <p class='ocr_par' dir='ltr' id='par_1_32' title="bbox 188 3044 1891 3116">
     <span class='ocr_line' id='line_1_32' title="bbox 188 3044 1891 3116; baseline 0.002 -17"><span class='ocrx_word' id='word_1_216' title='bbox 188 3044 586 3099; x_wconf 86' lang='lat' dir='ltr'>beatissimam</span> <span class='ocrx_word' id='word_1_217' title='bbox 616 3046 1158 3116; x_wconf 89' lang='lat' dir='ltr'>contemplationem</span> <span class='ocrx_word' id='word_1_218' title='bbox 1186 3062 1387 3116; x_wconf 89' lang='lat' dir='ltr'>rapere</span> <span class='ocrx_word' id='word_1_219' title='bbox 1410 3044 1433 3077; x_wconf 84' lang='grc'><strong>²</strong></span> <span class='ocrx_word' id='word_1_220' title='bbox 1458 3047 1651 3101; x_wconf 90' lang='lat' dir='ltr'>voluit.</span> <span class='ocrx_word' id='word_1_221' title='bbox 1672 3049 1779 3102; x_wconf 90' lang='lat' dir='ltr'>Sed</span> <span class='ocrx_word' id='word_1_222' title='bbox 1818 3065 1891 3103; x_wconf 90' lang='lat' dir='ltr'>ne</span> 
     </span>
    </p>
   </div>
   <div class='ocr_carea' id='block_1_33' title="bbox 188 3133 1894 3207">
    <p class='ocr_par' dir='ltr' id='par_1_33' title="bbox 188 3133 1894 3207">
     <span class='ocr_line' id='line_1_33' title="bbox 188 3133 1894 3207; baseline 0.001 -19"><span class='ocrx_word' id='word_1_223' title='bbox 188 3134 263 3188; x_wconf 92' lang='lat' dir='ltr'>de</span> <span class='ocrx_word' id='word_1_224' title='bbox 278 3133 393 3186; x_wconf 91' lang='lat' dir='ltr'>alto</span> <span class='ocrx_word' id='word_1_225' title='bbox 406 3134 919 3204; x_wconf 67' lang='lat' dir='ltr'>caderet,quaesivit</span> <span class='ocrx_word' id='word_1_226' title='bbox 938 3136 1167 3204; x_wconf 86' lang='lat' dir='ltr'>gradus,</span> <span class='ocrx_word' id='word_1_227' title='bbox 1184 3141 1354 3205; x_wconf 89' lang='lat' dir='ltr'>atque</span> <span class='ocrx_word' id='word_1_228' title='bbox 1369 3135 1491 3204; x_wconf 86' lang='lat' dir='ltr'>ipsa</span> <span class='ocrx_word' id='word_1_229' title='bbox 1508 3135 1616 3189; x_wconf 90' lang='lat' dir='ltr'>sibi</span> <span class='ocrx_word' id='word_1_230' title='bbox 1630 3135 1777 3190; x_wconf 90' lang='lat' dir='ltr'>viam</span> <span class='ocrx_word' id='word_1_231' title='bbox 1792 3154 1894 3207; x_wconf 90' lang='lat' dir='ltr'>per</span> 
     </span>
    </p>
   </div>
   <div class='ocr_carea' id='block_1_34' title="bbox 191 3222 1894 3294">
    <p class='ocr_par' dir='ltr' id='par_1_34' title="bbox 191 3222 1894 3294">
     <span class='ocr_line' id='line_1_34' title="bbox 191 3222 1894 3294; baseline 0.002 -18"><span class='ocrx_word' id='word_1_232' title='bbox 191 3238 329 3276; x_wconf 89' lang='lat' dir='ltr'>suas</span> <span class='ocrx_word' id='word_1_233' title='bbox 357 3222 739 3291; x_wconf 87' lang='lat' dir='ltr'>possessiones</span> <span class='ocrx_word' id='word_1_234' title='bbox 769 3222 1144 3294; x_wconf 89' lang='lat' dir='ltr'>ordinemque</span> <span class='ocrx_word' id='word_1_235' title='bbox 1164 3225 1361 3277; x_wconf 89' lang='lat' dir='ltr'>molita</span> <span class='ocrx_word' id='word_1_236' title='bbox 1390 3229 1493 3277; x_wconf 91' lang='lat' dir='ltr'>est.</span> <span class='ocrx_word' id='word_1_237' title='bbox 1530 3224 1894 3279; x_wconf 88' lang='lat' dir='ltr'>Desiderabat</span> 
     </span>
    </p>
   </div>
   <div class='ocr_carea' id='block_1_35' title="bbox 195 3310 1893 3383">
    <p class='ocr_par' dir='ltr' id='par_1_35' title="bbox 195 3310 1893 3383">
     <span class='ocr_line' id='line_1_35' title="bbox 195 3310 1893 3383; baseline 0.002 -18"><span class='ocrx_word' id='word_1_238' title='bbox 195 3311 353 3365; x_wconf 90' lang='lat' dir='ltr'>enim</span> <span class='ocrx_word' id='word_1_239' title='bbox 384 3310 1077 3381; x_wconf 88' lang='lat' dir='ltr'>pulebritudinem,quam</span> <span class='ocrx_word' id='word_1_240' title='bbox 1100 3312 1285 3366; x_wconf 88' lang='lat' dir='ltr'>solaet</span> <span class='ocrx_word' id='word_1_241' title='bbox 1310 3312 1548 3383; x_wconf 80' lang='lat' dir='ltr'>simplex</span> <span class='ocrx_word' id='word_1_242' title='bbox 1563 3319 1755 3383; x_wconf 89' lang='lat' dir='ltr'>posset</span> <span class='ocrx_word' id='word_1_243' title='bbox 1771 3314 1893 3368; x_wconf 89' lang='lat' dir='ltr'>sine</span> 
     </span>
    </p>
   </div>
   <div class='ocr_carea' id='block_1_36' title="bbox 192 3398 1991 3473">
    <p class='ocr_par' dir='ltr' id='par_1_36' title="bbox 192 3398 1991 3473">
     <span class='ocr_line' id='line_1_36' title="bbox 192 3398 1991 3473; baseline 0.001 -20"><span class='ocrx_word' id='word_1_244' title='bbox 192 3399 320 3453; x_wconf 89' lang='lat' dir='ltr'>istis</span> <span class='ocrx_word' id='word_1_245' title='bbox 349 3398 525 3452; x_wconf 92' lang='lat' dir='ltr'>oculis</span> <span class='ocrx_word' id='word_1_246' title='bbox 553 3398 797 3465; x_wconf 90' lang='lat' dir='ltr'>intueri;</span> <span class='ocrx_word' id='word_1_247' title='bbox 830 3400 1248 3471; x_wconf 85' lang='lat' dir='ltr'>impediebatur</span> <span class='ocrx_word' id='word_1_248' title='bbox 1267 3418 1300 3455; x_wconf 90' lang='lat' dir='ltr'>a</span> <span class='ocrx_word' id='word_1_249' title='bbox 1320 3402 1597 3457; x_wconf 86' lang='lat' dir='ltr'>sensibus.</span> <span class='ocrx_word' id='word_1_250' title='bbox 1624 3404 1819 3473; x_wconf 90' lang='lat' dir='ltr'>Itaque</span> <span class='ocrx_word' id='word_1_251' title='bbox 1834 3402 1894 3457; x_wconf 91' lang='lat' dir='ltr'>in</span> <span class='ocrx_word' id='word_1_252' title='bbox 1984 3450 1991 3455; x_wconf 91' lang='lat'>.</span> 
     </span>
    </p>
   </div>
   <div class='ocr_carea' id='block_1_37' title="bbox 195 3487 1893 3560">
    <p class='ocr_par' dir='ltr' id='par_1_37' title="bbox 195 3487 1893 3560">
     <span class='ocr_line' id='line_1_37' title="bbox 195 3487 1893 3560; baseline 0.002 -18"><span class='ocrx_word' id='word_1_253' title='bbox 195 3487 464 3557; x_wconf 87' lang='lat' dir='ltr'>eosipsos</span> <span class='ocrx_word' id='word_1_254' title='bbox 492 3488 790 3557; x_wconf 87' lang='lat' dir='ltr'>paululum</span> <span class='ocrx_word' id='word_1_255' title='bbox 816 3489 995 3543; x_wconf 91' lang='lat' dir='ltr'>aciem</span> <span class='ocrx_word' id='word_1_256' title='bbox 1024 3493 1204 3555; x_wconf 87' lang='lat' dir='ltr'>torsit,</span> <span class='ocrx_word' id='word_1_257' title='bbox 1232 3490 1332 3560; x_wconf 89' lang='lat' dir='ltr'>qui</span> <span class='ocrx_word' id='word_1_258' title='bbox 1352 3490 1640 3545; x_wconf 87' lang='lat' dir='ltr'>veritatem</span> <span class='ocrx_word' id='word_1_259' title='bbox 1658 3508 1780 3545; x_wconf 91' lang='lat' dir='ltr'>sese</span> <span class='ocrx_word' id='word_1_260' title='bbox 1793 3492 1893 3545; x_wconf 89' lang='lat' dir='ltr'>ha-</span> 
     </span>
    </p>
   </div>
   <div class='ocr_carea' id='block_1_38' title="bbox 193 3576 1894 3649">
    <p class='ocr_par' dir='ltr' id='par_1_38' title="bbox 193 3576 1894 3649">
     <span class='ocr_line' id='line_1_38' title="bbox 193 3576 1894 3649; baseline 0.001 -17"><span class='ocrx_word' id='word_1_261' title='bbox 193 3577 335 3632; x_wconf 88' lang='lat' dir='ltr'>bere</span> <span class='ocrx_word' id='word_1_262' title='bbox 349 3576 681 3646; x_wconf 85' lang='lat' dir='ltr'>clamantes,</span> <span class='ocrx_word' id='word_1_263' title='bbox 700 3577 1058 3632; x_wconf 89' lang='lat' dir='ltr'>festinantem</span> <span class='ocrx_word' id='word_1_264' title='bbox 1083 3579 1151 3632; x_wconf 92' lang='lat' dir='ltr'>ad</span> <span class='ocrx_word' id='word_1_265' title='bbox 1172 3579 1282 3632; x_wconf 90' lang='lat' dir='ltr'>alia</span> <span class='ocrx_word' id='word_1_266' title='bbox 1304 3580 1894 3649; x_wconf 89' lang='lat' dir='ltr'>pergere,importuno</span> 
     </span>
    </p>
   </div>
   <div class='ocr_carea' id='block_1_39' title="bbox 195 3664 1897 3738">
    <p class='ocr_par' dir='ltr' id='par_1_39' title="bbox 195 3664 1897 3738">
     <span class='ocr_line' id='line_1_39' title="bbox 195 3664 1897 3738; baseline 0.002 -21"><span class='ocrx_word' id='word_1_267' title='bbox 195 3664 444 3733; x_wconf 87' lang='lat' dir='ltr'>strepitu</span> <span class='ocrx_word' id='word_1_268' title='bbox 474 3666 829 3719; x_wconf 84' lang='lat' dir='ltr'>revocabant.</span> <span class='ocrx_word' id='word_1_269' title='bbox 849 3667 911 3720; x_wconf 88' lang='lat' dir='ltr'>Et</span> <span class='ocrx_word' id='word_1_270' title='bbox 922 3666 1109 3735; x_wconf 88' lang='lat' dir='ltr'>primo</span> <span class='ocrx_word' id='word_1_271' title='bbox 1131 3667 1201 3720; x_wconf 91' lang='lat' dir='ltr'>ab</span> <span class='ocrx_word' id='word_1_272' title='bbox 1215 3666 1448 3720; x_wconf 89' lang='lat' dir='ltr'>auribus</span> <span class='ocrx_word' id='word_1_273' title='bbox 1461 3668 1645 3736; x_wconf 64' lang='lat' dir='ltr'>caepit,</span> <span class='ocrx_word' id='word_1_274' title='bbox 1669 3668 1803 3738; x_wconf 89' lang='lat' dir='ltr'>quia</span> <span class='ocrx_word' id='word_1_275' title='bbox 1817 3668 1897 3721; x_wconf 88' lang='lat' dir='ltr'>di-</span> 
     </span>
    </p>
   </div>
   <div class='ocr_carea' id='block_1_40' title="bbox 194 3753 1894 3826">
    <p class='ocr_par' dir='ltr' id='par_1_40' title="bbox 194 3753 1894 3826">
     <span class='ocr_line' id='line_1_40' title="bbox 194 3753 1894 3826; baseline 0.001 -18"><span class='ocrx_word' id='word_1_276' title='bbox 194 3754 406 3808; x_wconf 89' lang='lat' dir='ltr'>cebant</span> <span class='ocrx_word' id='word_1_277' title='bbox 418 3753 541 3823; x_wconf 90' lang='lat' dir='ltr'>ipsa</span> <span class='ocrx_word' id='word_1_278' title='bbox 552 3754 724 3808; x_wconf 88' lang='lat' dir='ltr'>verba</span> <span class='ocrx_word' id='word_1_279' title='bbox 737 3770 839 3809; x_wconf 88' lang='lat' dir='ltr'>sua</span> <span class='ocrx_word' id='word_1_280' title='bbox 850 3771 990 3822; x_wconf 88' lang='lat' dir='ltr'>esse,</span> <span class='ocrx_word' id='word_1_281' title='bbox 1033 3755 1373 3825; x_wconf 87' lang='lat' dir='ltr'>quibusjam</span> <span class='ocrx_word' id='word_1_282' title='bbox 1387 3761 1441 3809; x_wconf 89' lang='lat' dir='ltr'>et</span> <span class='ocrx_word' id='word_1_283' title='bbox 1462 3756 1894 3826; x_wconf 84' lang='lat' dir='ltr'>grammaticam</span> 
     </span>
    </p>
   </div>
   <div class='ocr_carea' id='block_1_41' title="bbox 194 3842 1894 3915">
    <p class='ocr_par' dir='ltr' id='par_1_41' title="bbox 194 3842 1894 3915">
     <span class='ocr_line' id='line_1_41' title="bbox 194 3842 1894 3915; baseline 0.002 -20"><span class='ocrx_word' id='word_1_284' title='bbox 194 3845 254 3896; x_wconf 89' lang='lat' dir='ltr'>et</span> <span class='ocrx_word' id='word_1_285' title='bbox 275 3842 629 3897; x_wconf 89' lang='lat' dir='ltr'>dialecticam</span> <span class='ocrx_word' id='word_1_286' title='bbox 655 3848 713 3896; x_wconf 90' lang='lat' dir='ltr'>et</span> <span class='ocrx_word' id='word_1_287' title='bbox 754 3844 1097 3897; x_wconf 85' lang='lat' dir='ltr'>rhetoricam</span> <span class='ocrx_word' id='word_1_288' title='bbox 1126 3844 1352 3898; x_wconf 84' lang='lat' dir='ltr'>fecerat.</span> <span class='ocrx_word' id='word_1_289' title='bbox 1377 3848 1449 3898; x_wconf 83' lang='lat' dir='ltr'>At</span> <span class='ocrx_word' id='word_1_290' title='bbox 1491 3845 1599 3898; x_wconf 91' lang='lat' dir='ltr'>ista</span> <span class='ocrx_word' id='word_1_291' title='bbox 1618 3845 1894 3915; x_wconf 89' lang='lat' dir='ltr'>potentis-</span> 
     </span>
    </p>
   </div>
   <div class='ocr_carea' id='block_1_42' title="bbox 194 3930 1895 4003">
    <p class='ocr_par' dir='ltr' id='par_1_42' title="bbox 194 3930 1895 4003">
     <span class='ocr_line' id='line_1_42' title="bbox 194 3930 1895 4003; baseline 0 -18"><span class='ocrx_word' id='word_1_292' title='bbox 194 3930 347 3985; x_wconf 89' lang='lat' dir='ltr'>sima</span> <span class='ocrx_word' id='word_1_293' title='bbox 373 3932 702 3985; x_wconf 86' lang='lat' dir='ltr'>secernendi</span> <span class='ocrx_word' id='word_1_294' title='bbox 732 3931 842 3985; x_wconf 89' lang='lat' dir='ltr'>cito</span> <span class='ocrx_word' id='word_1_295' title='bbox 870 3932 1012 3986; x_wconf 82' lang='lat' dir='ltr'>vidit</span> <span class='ocrx_word' id='word_1_296' title='bbox 1033 3932 1170 4001; x_wconf 92' lang='lat' dir='ltr'>quid</span> <span class='ocrx_word' id='word_1_297' title='bbox 1203 3932 1352 3986; x_wconf 91' lang='lat' dir='ltr'>inter</span> <span class='ocrx_word' id='word_1_298' title='bbox 1366 3949 1569 3987; x_wconf 91' lang='lat' dir='ltr'>sonum</span> <span class='ocrx_word' id='word_1_299' title='bbox 1593 3937 1648 3987; x_wconf 90' lang='lat' dir='ltr'>et</span> <span class='ocrx_word' id='word_1_300' title='bbox 1661 3934 1714 3987; x_wconf 92' lang='lat' dir='ltr'>id</span> <span class='ocrx_word' id='word_1_301' title='bbox 1733 3934 1895 4003; x_wconf 87' lang='lat' dir='ltr'>cujus</span> 
     </span>
    </p>
   </div>
   <div class='ocr_carea' id='block_1_43' title="bbox 189 4018 1896 4089">
    <p class='ocr_par' dir='ltr' id='par_1_43' title="bbox 189 4018 1896 4089">
     <span class='ocr_line' id='line_1_43' title="bbox 189 4018 1896 4089; baseline 0.002 -17"><span class='ocrx_word' id='word_1_302' title='bbox 189 4020 424 4089; x_wconf 86' lang='lat' dir='ltr'>signum</span> <span class='ocrx_word' id='word_1_303' title='bbox 455 4024 619 4084; x_wconf 85' lang='lat' dir='ltr'>esset,</span> <span class='ocrx_word' id='word_1_304' title='bbox 643 4018 897 4075; x_wconf 88' lang='lat' dir='ltr'>distaret.</span> <span class='ocrx_word' id='word_1_305' title='bbox 928 4021 1208 4075; x_wconf 81' lang='lat' dir='ltr'>Intellexit</span> <span class='ocrx_word' id='word_1_306' title='bbox 1235 4021 1376 4075; x_wconf 89' lang='lat' dir='ltr'>nihil</span> <span class='ocrx_word' id='word_1_307' title='bbox 1399 4022 1553 4075; x_wconf 89' lang='lat' dir='ltr'>aliud</span> <span class='ocrx_word' id='word_1_308' title='bbox 1567 4022 1637 4076; x_wconf 93' lang='lat' dir='ltr'>ad</span> <span class='ocrx_word' id='word_1_309' title='bbox 1665 4022 1896 4076; x_wconf 91' lang='lat' dir='ltr'>aurium</span> 
     </span>
    </p>
   </div>
   <div class='ocr_carea' id='block_1_44' title="bbox 190 4106 1898 4179">
    <p class='ocr_par' dir='ltr' id='par_1_44' title="bbox 190 4106 1898 4179">
     <span class='ocr_line' id='line_1_44' title="bbox 190 4106 1898 4179; baseline 0.002 -18"><span class='ocrx_word' id='word_1_310' title='bbox 190 4106 480 4177; x_wconf 86' lang='lat' dir='ltr'>judicium</span> <span class='ocrx_word' id='word_1_311' title='bbox 511 4107 822 4176; x_wconf 87' lang='lat' dir='ltr'>pertinere,</span> <span class='ocrx_word' id='word_1_312' title='bbox 847 4124 1020 4178; x_wconf 91' lang='lat' dir='ltr'>quam</span> <span class='ocrx_word' id='word_1_313' title='bbox 1042 4124 1268 4174; x_wconf 90' lang='lat' dir='ltr'>sonum,</span> <span class='ocrx_word' id='word_1_314' title='bbox 1294 4124 1542 4179; x_wconf 90' lang='lat' dir='ltr'>eumque</span> <span class='ocrx_word' id='word_1_315' title='bbox 1569 4125 1688 4163; x_wconf 90' lang='lat' dir='ltr'>esse</span> <span class='ocrx_word' id='word_1_316' title='bbox 1712 4110 1898 4179; x_wconf 89' lang='lat' dir='ltr'>tripli-</span> 
     </span>
    </p>
   </div>
   <div class='ocr_carea' id='block_1_45' title="bbox 197 4195 1898 4268">
    <p class='ocr_par' dir='ltr' id='par_1_45' title="bbox 197 4195 1898 4268">
     <span class='ocr_line' id='line_1_45' title="bbox 197 4195 1898 4268; baseline 0.001 -19"><span class='ocrx_word' id='word_1_317' title='bbox 197 4211 358 4259; x_wconf 88' lang='lat' dir='ltr'>cem;</span> <span class='ocrx_word' id='word_1_318' title='bbox 390 4199 487 4248; x_wconf 90' lang='lat' dir='ltr'>aut</span> <span class='ocrx_word' id='word_1_319' title='bbox 515 4195 575 4248; x_wconf 92' lang='lat' dir='ltr'>in</span> <span class='ocrx_word' id='word_1_320' title='bbox 605 4211 738 4249; x_wconf 92' lang='lat' dir='ltr'>voce</span> <span class='ocrx_word' id='word_1_321' title='bbox 772 4196 1097 4263; x_wconf 89' lang='lat' dir='ltr'>animantis,</span> <span class='ocrx_word' id='word_1_322' title='bbox 1130 4202 1227 4250; x_wconf 91' lang='lat' dir='ltr'>aut</span> <span class='ocrx_word' id='word_1_323' title='bbox 1254 4198 1315 4250; x_wconf 89' lang='lat' dir='ltr'>in</span> <span class='ocrx_word' id='word_1_324' title='bbox 1341 4214 1407 4251; x_wconf 91' lang='lat' dir='ltr'>eo</span> <span class='ocrx_word' id='word_1_325' title='bbox 1444 4198 1598 4268; x_wconf 90' lang='lat' dir='ltr'>quod</span> <span class='ocrx_word' id='word_1_326' title='bbox 1642 4198 1808 4251; x_wconf 89' lang='lat' dir='ltr'>ﬁatus</span> <span class='ocrx_word' id='word_1_327' title='bbox 1838 4200 1898 4252; x_wconf 92' lang='lat' dir='ltr'>in</span> 
     </span>
    </p>
   </div>
   <div class='ocr_carea' id='block_1_46' title="bbox 200 4282 1899 4356">
    <p class='ocr_par' dir='ltr' id='par_1_46' title="bbox 200 4282 1899 4356">
     <span class='ocr_line' id='line_1_46' title="bbox 200 4282 1899 4356; baseline 0.001 -19"><span class='ocrx_word' id='word_1_328' title='bbox 200 4282 438 4353; x_wconf 87' lang='lat' dir='ltr'>organis</span> <span class='ocrx_word' id='word_1_329' title='bbox 460 4283 688 4351; x_wconf 87' lang='lat' dir='ltr'>faceret,</span> <span class='ocrx_word' id='word_1_330' title='bbox 721 4289 819 4337; x_wconf 91' lang='lat' dir='ltr'>aut</span> <span class='ocrx_word' id='word_1_331' title='bbox 846 4284 905 4338; x_wconf 93' lang='lat' dir='ltr'>in</span> <span class='ocrx_word' id='word_1_332' title='bbox 928 4301 994 4338; x_wconf 92' lang='lat' dir='ltr'>eo</span> <span class='ocrx_word' id='word_1_333' title='bbox 1022 4285 1173 4355; x_wconf 92' lang='lat' dir='ltr'>quod</span> <span class='ocrx_word' id='word_1_334' title='bbox 1202 4286 1372 4355; x_wconf 90' lang='lat' dir='ltr'>pulsu</span> <span class='ocrx_word' id='word_1_335' title='bbox 1386 4286 1667 4339; x_wconf 90' lang='lat' dir='ltr'>ederetur.</span> <span class='ocrx_word' id='word_1_336' title='bbox 1692 4286 1899 4356; x_wconf 80' lang='lat' dir='ltr'>Adpri-</span> 
     </span>
    </p>
   </div>
   <div class='ocr_carea' id='block_1_47' title="bbox 203 4371 1899 4442">
    <p class='ocr_par' dir='ltr' id='par_1_47' title="bbox 203 4371 1899 4442">
     <span class='ocr_line' id='line_1_47' title="bbox 203 4371 1899 4442; baseline 0.001 -17"><span class='ocrx_word' id='word_1_337' title='bbox 203 4388 367 4425; x_wconf 92' lang='lat' dir='ltr'>mum</span> <span class='ocrx_word' id='word_1_338' title='bbox 418 4371 706 4441; x_wconf 89' lang='lat' dir='ltr'>pertinere</span> <span class='ocrx_word' id='word_1_339' title='bbox 735 4372 1022 4442; x_wconf 77' lang='lat' dir='ltr'>tragcedos</span> <span class='ocrx_word' id='word_1_340' title='bbox 1072 4373 1157 4426; x_wconf 86' lang='lat' dir='ltr'>vel</span> <span class='ocrx_word' id='word_1_341' title='bbox 1219 4373 1522 4440; x_wconf 87' lang='lat' dir='ltr'>comoedos,</span> <span class='ocrx_word' id='word_1_342' title='bbox 1579 4374 1665 4426; x_wconf 87' lang='lat' dir='ltr'>vel</span> <span class='ocrx_word' id='word_1_343' title='bbox 1696 4374 1899 4427; x_wconf 89' lang='lat' dir='ltr'>choros</span> 
     </span>
    </p>
   </div>
   <div class='ocr_carea' id='block_1_48' title="bbox 200 4460 1901 4532">
    <p class='ocr_par' dir='ltr' id='par_1_48' title="bbox 200 4460 1901 4532">
     <span class='ocr_line' id='line_1_48' title="bbox 200 4460 1901 4532; baseline 0.002 -19"><span class='ocrx_word' id='word_1_344' title='bbox 200 4460 612 4529; x_wconf 90' lang='lat' dir='ltr'>cujuscemodi,</span> <span class='ocrx_word' id='word_1_345' title='bbox 647 4465 815 4531; x_wconf 91' lang='lat' dir='ltr'>atque</span> <span class='ocrx_word' id='word_1_346' title='bbox 847 4477 1044 4515; x_wconf 89' lang='lat' dir='ltr'>omnes</span> <span class='ocrx_word' id='word_1_347' title='bbox 1071 4460 1304 4515; x_wconf 91' lang='lat' dir='ltr'>omnino</span> <span class='ocrx_word' id='word_1_348' title='bbox 1360 4461 1459 4531; x_wconf 91' lang='lat' dir='ltr'>qui</span> <span class='ocrx_word' id='word_1_349' title='bbox 1504 4477 1637 4515; x_wconf 86' lang='lat' dir='ltr'>voce</span> <span class='ocrx_word' id='word_1_350' title='bbox 1667 4462 1901 4532; x_wconf 84' lang='lat' dir='ltr'>prOpria</span> 
     </span>
    </p>
   </div>
   <div class='ocr_carea' id='block_1_49' title="bbox 197 4548 1899 4605">
    <p class='ocr_par' dir='ltr' id='par_1_49' title="bbox 197 4548 1899 4605">
     <span class='ocr_line' id='line_1_49' title="bbox 197 4548 1899 4605; baseline 0.003 -5"><span class='ocrx_word' id='word_1_351' title='bbox 197 4552 474 4601; x_wconf 89' lang='lat' dir='ltr'>canerent</span> <span class='ocrx_word' id='word_1_352' title='bbox 506 4564 518 4601; x_wconf 89' lang='lat'><strong>:</strong></span> <span class='ocrx_word' id='word_1_353' title='bbox 552 4549 865 4602; x_wconf 91' lang='lat' dir='ltr'>secundum</span> <span class='ocrx_word' id='word_1_354' title='bbox 892 4548 1046 4603; x_wconf 86' lang='lat' dir='ltr'>tibiis</span> <span class='ocrx_word' id='word_1_355' title='bbox 1076 4554 1133 4603; x_wconf 90' lang='lat' dir='ltr'>et</span> <span class='ocrx_word' id='word_1_356' title='bbox 1176 4549 1456 4603; x_wconf 89' lang='lat' dir='ltr'>similibus</span> <span class='ocrx_word' id='word_1_357' title='bbox 1498 4549 1899 4605; x_wconf 89' lang='lat' dir='ltr'>instrumentis</span> 
     </span>
    </p>
   </div>
   <div class='ocr_carea' id='block_1_50' title="bbox 204 4635 1901 4706">
    <p class='ocr_par' dir='ltr' id='par_1_50' title="bbox 204 4635 1901 4706">
     <span class='ocr_line' id='line_1_50' title="bbox 204 4635 1901 4706; baseline -0.004 -15"><span class='ocrx_word' id='word_1_358' title='bbox 204 4635 472 4705; x_wconf 89' lang='lat' dir='ltr'>deputari</span> <span class='ocrx_word' id='word_1_359' title='bbox 501 4655 517 4689; x_wconf 88' lang='lat'><strong><em>:</em></strong></span> <span class='ocrx_word' id='word_1_360' title='bbox 551 4636 719 4690; x_wconf 89' lang='lat' dir='ltr'>tertio</span> <span class='ocrx_word' id='word_1_361' title='bbox 746 4637 868 4690; x_wconf 89' lang='lat' dir='ltr'>dari</span> <span class='ocrx_word' id='word_1_362' title='bbox 898 4637 1157 4703; x_wconf 87' lang='lat' dir='ltr'>citharas,</span> <span class='ocrx_word' id='word_1_363' title='bbox 1200 4637 1367 4706; x_wconf 88' lang='lat' dir='ltr'>lyras,</span> <span class='ocrx_word' id='word_1_364' title='bbox 1401 4636 1678 4706; x_wconf 80' lang='lat' dir='ltr'>cymbala,</span> <span class='ocrx_word' id='word_1_365' title='bbox 1729 4638 1901 4703; x_wconf 89' lang='lat' dir='ltr'>atque</span> 
     </span>
    </p>
   </div>
   <div class='ocr_carea' id='block_1_51' title="bbox 205 4724 1461 4795">
    <p class='ocr_par' dir='ltr' id='par_1_51' title="bbox 205 4724 1461 4795">
     <span class='ocr_line' id='line_1_51' title="bbox 205 4724 1461 4795; baseline -0.001 -17"><span class='ocrx_word' id='word_1_366' title='bbox 205 4741 381 4778; x_wconf 90' lang='lat' dir='ltr'>omne</span> <span class='ocrx_word' id='word_1_367' title='bbox 413 4725 565 4793; x_wconf 90' lang='lat' dir='ltr'>quod</span> <span class='ocrx_word' id='word_1_368' title='bbox 599 4724 969 4795; x_wconf 81' lang='lat' dir='ltr'>percutienda</span> <span class='ocrx_word' id='word_1_369' title='bbox 1000 4740 1274 4778; x_wconf 84' lang='lat' dir='ltr'>canorum</span> <span class='ocrx_word' id='word_1_370' title='bbox 1299 4729 1461 4777; x_wconf 90' lang='lat' dir='ltr'>esset.</span> 
     </span>
    </p>
   </div>
   <div class='ocr_carea' id='block_1_52' title="bbox 277 4811 1903 4879">
    <p class='ocr_par' dir='ltr' id='par_1_52' title="bbox 277 4811 1903 4879">
     <span class='ocr_line' id='line_1_52' title="bbox 277 4811 1903 4879; baseline -0.001 -13"><span class='ocrx_word' id='word_1_371' title='bbox 277 4814 367 4866; x_wconf 83' lang='grc'>40.</span> <span class='ocrx_word' id='word_1_372' title='bbox 400 4812 635 4866; x_wconf 86' lang='lat' dir='ltr'>Videbat</span> <span class='ocrx_word' id='word_1_373' title='bbox 663 4818 851 4866; x_wconf 91' lang='lat' dir='ltr'>autem</span> <span class='ocrx_word' id='word_1_374' title='bbox 881 4813 1025 4867; x_wconf 90' lang='lat' dir='ltr'>hanc</span> <span class='ocrx_word' id='word_1_375' title='bbox 1055 4812 1354 4866; x_wconf 86' lang='lat' dir='ltr'>materiam</span> <span class='ocrx_word' id='word_1_376' title='bbox 1399 4828 1519 4866; x_wconf 89' lang='lat' dir='ltr'>esse</span> <span class='ocrx_word' id='word_1_377' title='bbox 1552 4811 1903 4879; x_wconf 88' lang='lat' dir='ltr'>vilissimam,</span> 
     </span>
    </p>
   </div>
   <div class='ocr_carea' id='block_1_53' title="bbox 211 4899 1904 4970">
    <p class='ocr_par' dir='ltr' id='par_1_53' title="bbox 211 4899 1904 4970">
     <span class='ocr_line' id='line_1_53' title="bbox 211 4899 1904 4970; baseline -0.001 -17"><span class='ocrx_word' id='word_1_378' title='bbox 211 4899 326 4953; x_wconf 89' lang='lat' dir='ltr'>nisi</span> <span class='ocrx_word' id='word_1_379' title='bbox 365 4905 517 4954; x_wconf 88' lang='lat' dir='ltr'>certa</span> <span class='ocrx_word' id='word_1_380' title='bbox 545 4900 903 4954; x_wconf 89' lang='lat' dir='ltr'>dimensione</span> <span class='ocrx_word' id='word_1_381' title='bbox 932 4905 1278 4970; x_wconf 90' lang='lat' dir='ltr'>temporum,</span> <span class='ocrx_word' id='word_1_382' title='bbox 1311 4905 1367 4954; x_wconf 90' lang='lat' dir='ltr'>et</span> <span class='ocrx_word' id='word_1_383' title='bbox 1395 4900 1671 4953; x_wconf 92' lang='lat' dir='ltr'>acuminis</span> <span class='ocrx_word' id='word_1_384' title='bbox 1718 4899 1904 4968; x_wconf 86' lang='lat' dir='ltr'>gravi-</span> 
     </span>
    </p>
   </div>
   <div class='ocr_carea' id='block_1_54' title="bbox 202 4987 1905 5058">
    <p class='ocr_par' dir='ltr' id='par_1_54' title="bbox 202 4987 1905 5058">
     <span class='ocr_line' id='line_1_54' title="bbox 202 4987 1905 5058; baseline -0.001 -16"><span class='ocrx_word' id='word_1_385' title='bbox 202 4987 453 5058; x_wconf 89' lang='lat' dir='ltr'>tatisque</span> <span class='ocrx_word' id='word_1_386' title='bbox 483 4989 773 5043; x_wconf 89' lang='lat' dir='ltr'>moderata</span> <span class='ocrx_word' id='word_1_387' title='bbox 802 4988 1069 5043; x_wconf 87' lang='lat' dir='ltr'>varietate</span> <span class='ocrx_word' id='word_1_388' title='bbox 1099 4988 1224 5041; x_wconf 89' lang='lat' dir='ltr'>soni</span> <span class='ocrx_word' id='word_1_389' title='bbox 1271 4987 1675 5058; x_wconf 89' lang='lat' dir='ltr'>ﬁgurarentur.</span> <span class='ocrx_word' id='word_1_390' title='bbox 1728 4988 1905 5041; x_wconf 84' lang='lat' dir='ltr'>Reco-</span> 
     </span>
    </p>
   </div>
   <div class='ocr_carea' id='block_1_55' title="bbox 208 5074 1908 5147">
    <p class='ocr_par' dir='ltr' id='par_1_55' title="bbox 208 5074 1908 5147">
     <span class='ocr_line' id='line_1_55' title="bbox 208 5074 1908 5147; baseline 0.001 -20"><span class='ocrx_word' id='word_1_391' title='bbox 208 5074 411 5144; x_wconf 89' lang='lat' dir='ltr'>gnovit</span> <span class='ocrx_word' id='word_1_392' title='bbox 439 5075 574 5130; x_wconf 90' lang='lat' dir='ltr'>hinc</span> <span class='ocrx_word' id='word_1_393' title='bbox 604 5092 725 5129; x_wconf 88' lang='lat' dir='ltr'>esse</span> <span class='ocrx_word' id='word_1_394' title='bbox 755 5076 855 5130; x_wconf 91' lang='lat' dir='ltr'>illa</span> <span class='ocrx_word' id='word_1_395' title='bbox 875 5076 1093 5130; x_wconf 89' lang='lat' dir='ltr'>semina</span> <span class='ocrx_word' id='word_1_396' title='bbox 1118 5092 1246 5147; x_wconf 71' lang='lat' dir='ltr'>quas</span> <span class='ocrx_word' id='word_1_397' title='bbox 1275 5076 1336 5130; x_wconf 92' lang='lat' dir='ltr'>in</span> <span class='ocrx_word' id='word_1_398' title='bbox 1363 5074 1752 5146; x_wconf 89' lang='lat' dir='ltr'>grammatica,</span> <span class='ocrx_word' id='word_1_399' title='bbox 1778 5091 1908 5129; x_wconf 90' lang='lat' dir='ltr'>cum</span> 
     </span>
    </p>
   </div>
   <div class='ocr_carea' id='block_1_56' title="bbox 209 5162 1909 5235">
    <p class='ocr_par' dir='ltr' id='par_1_56' title="bbox 209 5162 1909 5235">
     <span class='ocr_line' id='line_1_56' title="bbox 209 5162 1909 5235; baseline 0.002 -20"><span class='ocrx_word' id='word_1_400' title='bbox 209 5162 458 5232; x_wconf 75' lang='lat' dir='ltr'>syllakas</span> <span class='ocrx_word' id='word_1_401' title='bbox 525 5165 787 5235; x_wconf 85' lang='lat' dir='ltr'>diligenti</span> <span class='ocrx_word' id='word_1_402' title='bbox 834 5165 1279 5220; x_wconf 88' lang='lat' dir='ltr'>consideratione</span> <span class='ocrx_word' id='word_1_403' title='bbox 1324 5169 1591 5231; x_wconf 90' lang='lat' dir='ltr'>versaret,</span> <span class='ocrx_word' id='word_1_404' title='bbox 1641 5164 1814 5234; x_wconf 88' lang='lat' dir='ltr'>pedes</span> <span class='ocrx_word' id='word_1_405' title='bbox 1849 5170 1909 5219; x_wconf 88' lang='lat' dir='ltr'>et</span> 
     </span>
    </p>
   </div>
   <div class='ocr_carea' id='block_1_57' title="bbox 208 5252 1910 5325">
    <p class='ocr_par' dir='ltr' id='par_1_57' title="bbox 208 5252 1910 5325">
     <span class='ocr_line' id='line_1_57' title="bbox 208 5252 1910 5325; baseline 0.002 -21"><span class='ocrx_word' id='word_1_406' title='bbox 208 5256 479 5305; x_wconf 87' lang='lat' dir='ltr'>accentus</span> <span class='ocrx_word' id='word_1_407' title='bbox 510 5259 823 5310; x_wconf 88' lang='lat' dir='ltr'>vocaverat.</span> <span class='ocrx_word' id='word_1_408' title='bbox 861 5255 926 5308; x_wconf 86' lang='lat' dir='ltr'>Et</span> <span class='ocrx_word' id='word_1_409' title='bbox 954 5254 1088 5325; x_wconf 88' lang='lat' dir='ltr'>quia</span> <span class='ocrx_word' id='word_1_410' title='bbox 1111 5254 1171 5308; x_wconf 90' lang='lat' dir='ltr'>in</span> <span class='ocrx_word' id='word_1_411' title='bbox 1206 5254 1343 5325; x_wconf 89' lang='lat' dir='ltr'>ipsis</span> <span class='ocrx_word' id='word_1_412' title='bbox 1391 5253 1577 5308; x_wconf 90' lang='lat' dir='ltr'>verbis</span> <span class='ocrx_word' id='word_1_413' title='bbox 1605 5252 1910 5307; x_wconf 88' lang='lat' dir='ltr'>brevitates</span> 
     </span>
    </p>
   </div>
   <div class='ocr_carea' id='block_1_58' title="bbox 277 5400 854 5461">
    <p class='ocr_par' dir='ltr' id='par_1_58' title="bbox 277 5400 854 5461">
     <span class='ocr_line' id='line_1_58' title="bbox 277 5400 854 5461; baseline 0 -12"><span class='ocrx_word' id='word_1_414' title='bbox 277 5402 291 5434; x_wconf 81' lang='grc'>¹</span> <span class='ocrx_word' id='word_1_415' title='bbox 330 5400 417 5449; x_wconf 87' lang='grc' dir='ltr'>Ει·.</span> <span class='ocrx_word' id='word_1_416' title='bbox 450 5402 595 5461; x_wconf 86' lang='lat' dir='ltr'>Lov.,</span> <span class='ocrx_word' id='word_1_417' title='bbox 626 5404 854 5452; x_wconf 74' lang='lat' dir='ltr'>ratione.</span> 
     </span>
    </p>
   </div>
   <div class='ocr_carea' id='block_1_59' title="bbox 273 5463 1913 5526">
    <p class='ocr_par' dir='ltr' id='par_1_59' title="bbox 273 5463 1913 5526">
     <span class='ocr_line' id='line_1_59' title="bbox 273 5463 1913 5526; baseline 0.001 -15"><span class='ocrx_word' id='word_1_418' title='bbox 273 5464 295 5497; x_wconf 72' lang='grc'><strong>2</strong></span> <span class='ocrx_word' id='word_1_419' title='bbox 329 5463 414 5513; x_wconf 92' lang='lat' dir='ltr'>Sic</span> <span class='ocrx_word' id='word_1_420' title='bbox 438 5464 562 5511; x_wconf 90' lang='lat' dir='ltr'>Bad.</span> <span class='ocrx_word' id='word_1_421' title='bbox 594 5464 708 5513; x_wconf 87' lang='lat' dir='ltr'>Am.</span> <span class='ocrx_word' id='word_1_422' title='bbox 742 5465 833 5513; x_wconf 91' lang='lat' dir='ltr'>Er.</span> <span class='ocrx_word' id='word_1_423' title='bbox 895 5468 949 5514; x_wconf 88' lang='lat' dir='ltr'>et</span> <span class='ocrx_word' id='word_1_424' title='bbox 990 5463 1380 5526; x_wconf 64' lang='lat' dir='ltr'>praestantiores</span> <span class='ocrx_word' id='word_1_425' title='bbox 1404 5477 1432 5512; x_wconf 88' lang='lat' dir='ltr'>e</span> <span class='ocrx_word' id='word_1_426' title='bbox 1459 5464 1655 5512; x_wconf 81' lang='lat' dir='ltr'>nostris</span> <span class='ocrx_word' id='word_1_427' title='bbox 1682 5464 1803 5512; x_wconf 85' lang='lat' dir='ltr'>Mss.</span> <span class='ocrx_word' id='word_1_428' title='bbox 1848 5464 1913 5513; x_wconf 82' lang='lat' dir='ltr'>At</span> 
     </span>
    </p>
   </div>
   <div class='ocr_carea' id='block_1_60' title="bbox 213 5526 1549 5590">
    <p class='ocr_par' dir='ltr' id='par_1_60' title="bbox 213 5526 1549 5590">
     <span class='ocr_line' id='line_1_60' title="bbox 213 5526 1549 5590; baseline 0.001 -17"><span class='ocrx_word' id='word_1_429' title='bbox 213 5526 340 5573; x_wconf 88' lang='lat' dir='ltr'>Lov.</span> <span class='ocrx_word' id='word_1_430' title='bbox 372 5529 425 5574; x_wconf 91' lang='lat' dir='ltr'>et</span> <span class='ocrx_word' id='word_1_431' title='bbox 445 5530 673 5590; x_wconf 87' lang='lat' dir='ltr'>quatuor</span> <span class='ocrx_word' id='word_1_432' title='bbox 696 5527 821 5576; x_wconf 85' lang='lat' dir='ltr'>Mss.</span> <span class='ocrx_word' id='word_1_433' title='bbox 847 5527 1253 5585; x_wconf 87' lang='lat' dir='ltr'>substituerunt,</span> <span class='ocrx_word' id='word_1_434' title='bbox 1273 5537 1549 5589; x_wconf 80' lang='lat' dir='ltr'>reparare.</span> 
     </span>
    </p>
   </div>
   <div class='ocr_carea' id='block_1_61' title="bbox 1630 281 2271 338">
    <p class='ocr_par' dir='ltr' id='par_1_61' title="bbox 1630 281 2271 338">
     <span class='ocr_line' id='line_1_61' title="bbox 1630 281 2271 338; baseline -0.005 -2"><span class='ocrx_word' id='word_1_435' title='bbox 1630 281 1849 338; x_wconf 77' lang='lat' dir='ltr'><strong>LIBER</strong></span> <span class='ocrx_word' id='word_1_436' title='bbox 1889 281 2271 338; x_wconf 82' lang='lat' dir='ltr'>SECUNDUS.</span> 
     </span>
    </p>
   </div>
   <div class='ocr_carea' id='block_1_62' title="bbox 3571 279 3705 333">
    <p class='ocr_par' dir='ltr' id='par_1_62' title="bbox 3571 279 3705 333">
     <span class='ocr_line' id='line_1_62' title="bbox 3571 279 3705 333; baseline 0.007 -1"><span class='ocrx_word' id='word_1_437' title='bbox 3571 279 3705 333; x_wconf 76' lang='grc'>1014</span> 
     </span>
    </p>
   </div>
   <div class='ocr_carea' id='block_1_63' title="bbox 2001 402 3703 474">
    <p class='ocr_par' dir='ltr' id='par_1_63' title="bbox 2001 402 3703 474">
     <span class='ocr_line' id='line_1_63' title="bbox 2001 402 3703 474; baseline 0.001 -16"><span class='ocrx_word' id='word_1_438' title='bbox 2001 410 2055 459; x_wconf 91' lang='lat' dir='ltr'>et</span> <span class='ocrx_word' id='word_1_439' title='bbox 2087 403 2469 474; x_wconf 87' lang='lat' dir='ltr'>longitudines</span> <span class='ocrx_word' id='word_1_440' title='bbox 2498 402 2843 473; x_wconf 85' lang='lat' dir='ltr'>syllabarum</span> <span class='ocrx_word' id='word_1_441' title='bbox 2873 418 3053 473; x_wconf 91' lang='lat' dir='ltr'>prope</span> <span class='ocrx_word' id='word_1_442' title='bbox 3084 404 3292 473; x_wconf 68' lang='lat' dir='ltr'>aequali</span> <span class='ocrx_word' id='word_1_443' title='bbox 3333 403 3703 459; x_wconf 85' lang='lat' dir='ltr'>multitudine</span> 
     </span>
    </p>
   </div>
   <div class='ocr_carea' id='block_1_64' title="bbox 2000 492 3703 563">
    <p class='ocr_par' dir='ltr' id='par_1_64' title="bbox 2000 492 3703 563">
     <span class='ocr_line' id='line_1_64' title="bbox 2000 492 3703 563; baseline -0.001 -17"><span class='ocrx_word' id='word_1_444' title='bbox 2000 508 2222 563; x_wconf 87' lang='lat' dir='ltr'>sparsas</span> <span class='ocrx_word' id='word_1_445' title='bbox 2252 493 2313 545; x_wconf 93' lang='lat' dir='ltr'>in</span> <span class='ocrx_word' id='word_1_446' title='bbox 2344 492 2600 545; x_wconf 87' lang='lat' dir='ltr'>oratione</span> <span class='ocrx_word' id='word_1_447' title='bbox 2624 493 2910 545; x_wconf 89' lang='lat' dir='ltr'>attendere</span> <span class='ocrx_word' id='word_1_448' title='bbox 2934 493 3098 546; x_wconf 87' lang='lat' dir='ltr'>facile</span> <span class='ocrx_word' id='word_1_449' title='bbox 3130 493 3255 555; x_wconf 85' lang='lat' dir='ltr'>fuit,</span> <span class='ocrx_word' id='word_1_450' title='bbox 3277 493 3703 562; x_wconf 83' lang='lat' dir='ltr'>tentavitpedes</span> 
     </span>
    </p>
   </div>
   <div class='ocr_carea' id='block_1_65' title="bbox 1998 579 3755 651">
    <p class='ocr_par' dir='ltr' id='par_1_65' title="bbox 1998 579 3755 651">
     <span class='ocr_line' id='line_1_65' title="bbox 1998 579 3755 651; baseline -0.003 -16"><span class='ocrx_word' id='word_1_451' title='bbox 1998 582 2127 635; x_wconf 91' lang='lat' dir='ltr'>illos</span> <span class='ocrx_word' id='word_1_452' title='bbox 2156 581 2215 634; x_wconf 91' lang='lat' dir='ltr'>in</span> <span class='ocrx_word' id='word_1_453' title='bbox 2238 580 2469 634; x_wconf 88' lang='lat' dir='ltr'>ordines</span> <span class='ocrx_word' id='word_1_454' title='bbox 2498 584 2675 633; x_wconf 82' lang='lat' dir='ltr'>certos</span> <span class='ocrx_word' id='word_1_455' title='bbox 2696 579 2996 649; x_wconf 81' lang='lat' dir='ltr'>disponere</span> <span class='ocrx_word' id='word_1_456' title='bbox 3026 585 3194 651; x_wconf 90' lang='lat' dir='ltr'>atque</span> <span class='ocrx_word' id='word_1_457' title='bbox 3223 581 3602 650; x_wconf 81' lang='lat' dir='ltr'>conjungere;</span> <span class='ocrx_word' id='word_1_458' title='bbox 3647 586 3703 635; x_wconf 92' lang='lat' dir='ltr'>et</span> <span class='ocrx_word' id='word_1_459' title='bbox 3734 618 3755 629; x_wconf 51' lang='grc' dir='ltr'><strong>ε</strong></span> 
     </span>
    </p>
   </div>
   <div class='ocr_carea' id='block_1_66' title="bbox 2000 667 3699 739">
    <p class='ocr_par' dir='ltr' id='par_1_66' title="bbox 2000 667 3699 739">
     <span class='ocr_line' id='line_1_66' title="bbox 2000 667 3699 739; baseline -0.001 -16"><span class='ocrx_word' id='word_1_460' title='bbox 2000 669 2061 723; x_wconf 87' lang='lat' dir='ltr'>in</span> <span class='ocrx_word' id='word_1_461' title='bbox 2100 685 2165 722; x_wconf 92' lang='lat' dir='ltr'>eo</span> <span class='ocrx_word' id='word_1_462' title='bbox 2188 668 2373 737; x_wconf 88' lang='lat' dir='ltr'>primo</span> <span class='ocrx_word' id='word_1_463' title='bbox 2396 684 2623 720; x_wconf 86' lang='lat' dir='ltr'>sensum</span> <span class='ocrx_word' id='word_1_464' title='bbox 2650 667 2837 736; x_wconf 89' lang='lat' dir='ltr'>ipsum</span> <span class='ocrx_word' id='word_1_465' title='bbox 2860 673 3069 735; x_wconf 89' lang='lat' dir='ltr'>secuta,</span> <span class='ocrx_word' id='word_1_466' title='bbox 3105 670 3432 722; x_wconf 85' lang='lat' dir='ltr'>moderatos</span> <span class='ocrx_word' id='word_1_467' title='bbox 3454 670 3699 739; x_wconf 84' lang='lat' dir='ltr'>impres-</span> 
     </span>
    </p>
   </div>
   <div class='ocr_carea' id='block_1_67' title="bbox 2002 756 3702 827">
    <p class='ocr_par' dir='ltr' id='par_1_67' title="bbox 2002 756 3702 827">
     <span class='ocr_line' id='line_1_67' title="bbox 2002 756 3702 827; baseline 0.001 -17"><span class='ocrx_word' id='word_1_468' title='bbox 2002 757 2075 811; x_wconf 89' lang='lat' dir='ltr'>sit</span> <span class='ocrx_word' id='word_1_469' title='bbox 2102 757 2387 822; x_wconf 89' lang='lat' dir='ltr'>articulos,</span> <span class='ocrx_word' id='word_1_470' title='bbox 2422 772 2550 827; x_wconf 67' lang='lat' dir='ltr'>quaa</span> <span class='ocrx_word' id='word_1_471' title='bbox 2582 760 2634 808; x_wconf 91' lang='lat' dir='ltr'>et</span> <span class='ocrx_word' id='word_1_472' title='bbox 2668 772 2813 808; x_wconf 67' lang='lat' dir='ltr'>caasa</span> <span class='ocrx_word' id='word_1_473' title='bbox 2853 761 2909 808; x_wconf 90' lang='lat' dir='ltr'>et</span> <span class='ocrx_word' id='word_1_474' title='bbox 2956 756 3211 809; x_wconf 90' lang='lat' dir='ltr'>membra</span> <span class='ocrx_word' id='word_1_475' title='bbox 3258 757 3591 810; x_wconf 78' lang='lat' dir='ltr'>nominavit.</span> <span class='ocrx_word' id='word_1_476' title='bbox 3638 759 3702 811; x_wconf 84' lang='lat' dir='ltr'>Et</span> 
     </span>
    </p>
   </div>
   <div class='ocr_carea' id='block_1_68' title="bbox 2001 844 3701 914">
    <p class='ocr_par' dir='ltr' id='par_1_68' title="bbox 2001 844 3701 914">
     <span class='ocr_line' id='line_1_68' title="bbox 2001 844 3701 914; baseline 0.001 -16"><span class='ocrx_word' id='word_1_477' title='bbox 2001 861 2072 898; x_wconf 90' lang='lat' dir='ltr'>ne</span> <span class='ocrx_word' id='word_1_478' title='bbox 2103 844 2331 913; x_wconf 88' lang='lat' dir='ltr'>longius</span> <span class='ocrx_word' id='word_1_479' title='bbox 2361 844 2572 912; x_wconf 89' lang='lat' dir='ltr'>pedum</span> <span class='ocrx_word' id='word_1_480' title='bbox 2614 860 2813 896; x_wconf 90' lang='lat' dir='ltr'>cursus</span> <span class='ocrx_word' id='word_1_481' title='bbox 2863 844 3313 912; x_wconf 87' lang='lat' dir='ltr'>provolveretur,</span> <span class='ocrx_word' id='word_1_482' title='bbox 3363 860 3533 913; x_wconf 89' lang='lat' dir='ltr'>quam</span> <span class='ocrx_word' id='word_1_483' title='bbox 3579 846 3701 914; x_wconf 87' lang='lat' dir='ltr'>ejus</span> 
     </span>
    </p>
   </div>
   <div class='ocr_carea' id='block_1_69' title="bbox 1996 930 3699 1002">
    <p class='ocr_par' dir='ltr' id='par_1_69' title="bbox 1996 930 3699 1002">
     <span class='ocr_line' id='line_1_69' title="bbox 1996 930 3699 1002; baseline -0.001 -17"><span class='ocrx_word' id='word_1_484' title='bbox 1996 932 2279 1002; x_wconf 89' lang='lat' dir='ltr'>judicium</span> <span class='ocrx_word' id='word_1_485' title='bbox 2310 936 2501 1001; x_wconf 89' lang='lat' dir='ltr'>posset</span> <span class='ocrx_word' id='word_1_486' title='bbox 2529 931 2829 997; x_wconf 89' lang='lat' dir='ltr'>sustinere,</span> <span class='ocrx_word' id='word_1_487' title='bbox 2865 932 3100 985; x_wconf 90' lang='lat' dir='ltr'>modum</span> <span class='ocrx_word' id='word_1_488' title='bbox 3130 930 3325 983; x_wconf 88' lang='lat' dir='ltr'>statuit</span> <span class='ocrx_word' id='word_1_489' title='bbox 3345 932 3699 985; x_wconf 87' lang='lat' dir='ltr'>underever-</span> 
     </span>
    </p>
   </div>
   <div class='ocr_carea' id='block_1_70' title="bbox 2000 1019 3699 1089">
    <p class='ocr_par' dir='ltr' id='par_1_70' title="bbox 2000 1019 3699 1089">
     <span class='ocr_line' id='line_1_70' title="bbox 2000 1019 3699 1089; baseline 0 -16"><span class='ocrx_word' id='word_1_490' title='bbox 2000 1024 2232 1082; x_wconf 86' lang='lat' dir='ltr'>teretur,</span> <span class='ocrx_word' id='word_1_491' title='bbox 2270 1023 2324 1072; x_wconf 91' lang='lat' dir='ltr'>et</span> <span class='ocrx_word' id='word_1_492' title='bbox 2353 1020 2423 1073; x_wconf 91' lang='lat' dir='ltr'>ab</span> <span class='ocrx_word' id='word_1_493' title='bbox 2455 1036 2521 1073; x_wconf 92' lang='lat' dir='ltr'>eo</span> <span class='ocrx_word' id='word_1_494' title='bbox 2551 1020 2673 1089; x_wconf 92' lang='lat' dir='ltr'>ipso</span> <span class='ocrx_word' id='word_1_495' title='bbox 2727 1034 2951 1072; x_wconf 81' lang='lat' dir='ltr'>versum</span> <span class='ocrx_word' id='word_1_496' title='bbox 3008 1019 3244 1074; x_wconf 88' lang='lat' dir='ltr'>vocavit.</span> <span class='ocrx_word' id='word_1_497' title='bbox 3292 1019 3449 1082; x_wconf 88' lang='lat' dir='ltr'>Quod</span> <span class='ocrx_word' id='word_1_498' title='bbox 3507 1025 3699 1073; x_wconf 89' lang='lat' dir='ltr'>autem</span> 
     </span>
    </p>
   </div>
   <div class='ocr_carea' id='block_1_71' title="bbox 2001 1106 3697 1176">
    <p class='ocr_par' dir='ltr' id='par_1_71' title="bbox 2001 1106 3697 1176">
     <span class='ocr_line' id='line_1_71' title="bbox 2001 1106 3697 1176; baseline -0.001 -15"><span class='ocrx_word' id='word_1_499' title='bbox 2001 1124 2118 1162; x_wconf 90' lang='lat' dir='ltr'>non</span> <span class='ocrx_word' id='word_1_500' title='bbox 2157 1113 2305 1161; x_wconf 89' lang='lat' dir='ltr'>esset</span> <span class='ocrx_word' id='word_1_501' title='bbox 2334 1112 2485 1161; x_wconf 91' lang='lat' dir='ltr'>certo</span> <span class='ocrx_word' id='word_1_502' title='bbox 2514 1107 2628 1161; x_wconf 88' lang='lat' dir='ltr'>ﬁne</span> <span class='ocrx_word' id='word_1_503' title='bbox 2660 1108 3046 1176; x_wconf 89' lang='lat' dir='ltr'>moderatum,</span> <span class='ocrx_word' id='word_1_504' title='bbox 3079 1106 3175 1160; x_wconf 90' lang='lat' dir='ltr'>sed</span> <span class='ocrx_word' id='word_1_505' title='bbox 3208 1111 3397 1159; x_wconf 84' lang='lat' dir='ltr'>tamen</span> <span class='ocrx_word' id='word_1_506' title='bbox 3446 1107 3697 1160; x_wconf 87' lang='lat' dir='ltr'>rationa-</span> 
     </span>
    </p>
   </div>
   <div class='ocr_carea' id='block_1_72' title="bbox 2000 1195 3699 1265">
    <p class='ocr_par' dir='ltr' id='par_1_72' title="bbox 2000 1195 3699 1265">
     <span class='ocr_line' id='line_1_72' title="bbox 2000 1195 3699 1265; baseline -0.001 -15"><span class='ocrx_word' id='word_1_507' title='bbox 2000 1196 2192 1251; x_wconf 89' lang='lat' dir='ltr'>biliter</span> <span class='ocrx_word' id='word_1_508' title='bbox 2222 1195 2497 1249; x_wconf 86' lang='lat' dir='ltr'>ordinatis</span> <span class='ocrx_word' id='word_1_509' title='bbox 2537 1196 2776 1265; x_wconf 90' lang='lat' dir='ltr'>pedibus</span> <span class='ocrx_word' id='word_1_510' title='bbox 2832 1201 3107 1257; x_wconf 83' lang='lat' dir='ltr'>curreret,</span> <span class='ocrx_word' id='word_1_511' title='bbox 3168 1195 3421 1265; x_wconf 89' lang='lat' dir='ltr'>rhythmi</span> <span class='ocrx_word' id='word_1_512' title='bbox 3468 1195 3699 1248; x_wconf 88' lang='lat' dir='ltr'>nomine</span> 
     </span>
    </p>
   </div>
   <div class='ocr_carea' id='block_1_73' title="bbox 2001 1282 3695 1354">
    <p class='ocr_par' dir='ltr' id='par_1_73' title="bbox 2001 1282 3695 1354">
     <span class='ocr_line' id='line_1_73' title="bbox 2001 1282 3695 1354; baseline -0.002 -17"><span class='ocrx_word' id='word_1_513' title='bbox 2001 1285 2256 1338; x_wconf 89' lang='lat' dir='ltr'>notavit:</span> <span class='ocrx_word' id='word_1_514' title='bbox 2289 1284 2389 1354; x_wconf 90' lang='lat' dir='ltr'>qui</span> <span class='ocrx_word' id='word_1_515' title='bbox 2432 1283 2604 1336; x_wconf 88' lang='lat' dir='ltr'>latine</span> <span class='ocrx_word' id='word_1_516' title='bbox 2654 1283 2798 1336; x_wconf 87' lang='lat' dir='ltr'>nihil</span> <span class='ocrx_word' id='word_1_517' title='bbox 2845 1283 3001 1335; x_wconf 91' lang='lat' dir='ltr'>aliud</span> <span class='ocrx_word' id='word_1_518' title='bbox 3048 1298 3223 1352; x_wconf 89' lang='lat' dir='ltr'>quam</span> <span class='ocrx_word' id='word_1_519' title='bbox 3266 1298 3540 1335; x_wconf 88' lang='lat' dir='ltr'>numerus</span> <span class='ocrx_word' id='word_1_520' title='bbox 3585 1282 3695 1335; x_wconf 89' lang='lat' dir='ltr'>dici</span> 
     </span>
    </p>
   </div>
   <div class='ocr_carea' id='block_1_74' title="bbox 2000 1370 3700 1443">
    <p class='ocr_par' dir='ltr' id='par_1_74' title="bbox 2000 1370 3700 1443">
     <span class='ocr_line' id='line_1_74' title="bbox 2000 1370 3700 1443; baseline -0.001 -18"><span class='ocrx_word' id='word_1_521' title='bbox 2000 1372 2207 1443; x_wconf 88' lang='lat' dir='ltr'>potuit.</span> <span class='ocrx_word' id='word_1_522' title='bbox 2240 1372 2328 1426; x_wconf 90' lang='lat' dir='ltr'>Sic</span> <span class='ocrx_word' id='word_1_523' title='bbox 2358 1372 2428 1425; x_wconf 88' lang='lat' dir='ltr'>ab</span> <span class='ocrx_word' id='word_1_524' title='bbox 2460 1388 2526 1425; x_wconf 93' lang='lat' dir='ltr'>ea</span> <span class='ocrx_word' id='word_1_525' title='bbox 2550 1376 2733 1441; x_wconf 65' lang='lat' dir='ltr'>poetas</span> <span class='ocrx_word' id='word_1_526' title='bbox 2785 1370 2962 1441; x_wconf 89' lang='lat' dir='ltr'>geniti</span> <span class='ocrx_word' id='word_1_527' title='bbox 3016 1374 3147 1422; x_wconf 89' lang='lat' dir='ltr'>sunt</span> <span class='ocrx_word' id='word_1_528' title='bbox 3179 1386 3191 1422; x_wconf 88' lang='lat'><strong>:</strong></span> <span class='ocrx_word' id='word_1_529' title='bbox 3226 1370 3283 1422; x_wconf 93' lang='lat' dir='ltr'>in</span> <span class='ocrx_word' id='word_1_530' title='bbox 3316 1370 3522 1439; x_wconf 86' lang='lat' dir='ltr'>quibus</span> <span class='ocrx_word' id='word_1_531' title='bbox 3570 1386 3700 1423; x_wconf 92' lang='lat' dir='ltr'>cum</span> 
     </span>
    </p>
   </div>
   <div class='ocr_carea' id='block_1_75' title="bbox 1997 1458 3697 1525">
    <p class='ocr_par' dir='ltr' id='par_1_75' title="bbox 1997 1458 3697 1525">
     <span class='ocr_line' id='line_1_75' title="bbox 1997 1458 3697 1525; baseline -0.003 -11"><span class='ocrx_word' id='word_1_532' title='bbox 1997 1462 2213 1515; x_wconf 87' lang='lat' dir='ltr'>videret</span> <span class='ocrx_word' id='word_1_533' title='bbox 2237 1476 2351 1514; x_wconf 94' lang='lat' dir='ltr'>non</span> <span class='ocrx_word' id='word_1_534' title='bbox 2383 1461 2569 1513; x_wconf 90' lang='lat' dir='ltr'>solum</span> <span class='ocrx_word' id='word_1_535' title='bbox 2602 1474 2895 1525; x_wconf 90' lang='lat' dir='ltr'>sonorum,</span> <span class='ocrx_word' id='word_1_536' title='bbox 2948 1459 3043 1511; x_wconf 90' lang='lat' dir='ltr'>sed</span> <span class='ocrx_word' id='word_1_537' title='bbox 3077 1458 3248 1511; x_wconf 87' lang='lat' dir='ltr'>etiam</span> <span class='ocrx_word' id='word_1_538' title='bbox 3276 1458 3579 1510; x_wconf 74' lang='lat' dir='ltr'>verborum</span> <span class='ocrx_word' id='word_1_539' title='bbox 3612 1474 3697 1510; x_wconf 82' lang='lat' dir='ltr'>re-</span> 
     </span>
    </p>
   </div>
   <div class='ocr_carea' id='block_1_76' title="bbox 2000 1544 3696 1618">
    <p class='ocr_par' dir='ltr' id='par_1_76' title="bbox 2000 1544 3696 1618">
     <span class='ocr_line' id='line_1_76' title="bbox 2000 1544 3696 1618; baseline -0.004 -17"><span class='ocrx_word' id='word_1_540' title='bbox 2000 1564 2246 1618; x_wconf 89' lang='lat' dir='ltr'>rumque</span> <span class='ocrx_word' id='word_1_541' title='bbox 2279 1564 2484 1616; x_wconf 90' lang='lat' dir='ltr'>magna</span> <span class='ocrx_word' id='word_1_542' title='bbox 2518 1551 2831 1612; x_wconf 89' lang='lat' dir='ltr'>momenta,</span> <span class='ocrx_word' id='word_1_543' title='bbox 2883 1546 3201 1615; x_wconf 88' lang='lat' dir='ltr'>plurimum</span> <span class='ocrx_word' id='word_1_544' title='bbox 3247 1561 3343 1598; x_wconf 90' lang='lat' dir='ltr'>eos</span> <span class='ocrx_word' id='word_1_545' title='bbox 3380 1544 3696 1609; x_wconf 85' lang='lat' dir='ltr'>honoravit,</span> 
     </span>
    </p>
   </div>
   <div class='ocr_carea' id='block_1_77' title="bbox 2001 1631 3697 1705">
    <p class='ocr_par' dir='ltr' id='par_1_77' title="bbox 2001 1631 3697 1705">
     <span class='ocr_line' id='line_1_77' title="bbox 2001 1631 3697 1705; baseline -0.003 -17"><span class='ocrx_word' id='word_1_546' title='bbox 2001 1635 2195 1705; x_wconf 84' lang='lat' dir='ltr'>eisque</span> <span class='ocrx_word' id='word_1_547' title='bbox 2217 1634 2419 1688; x_wconf 90' lang='lat' dir='ltr'>tribuit</span> <span class='ocrx_word' id='word_1_548' title='bbox 2432 1651 2681 1704; x_wconf 89' lang='lat' dir='ltr'>quorum</span> <span class='ocrx_word' id='word_1_549' title='bbox 2702 1635 2912 1687; x_wconf 86' lang='lat' dir='ltr'>vellent</span> <span class='ocrx_word' id='word_1_550' title='bbox 2932 1633 3360 1687; x_wconf 83' lang='lat' dir='ltr'>rationabilium</span> <span class='ocrx_word' id='word_1_551' title='bbox 3376 1631 3697 1685; x_wconf 91' lang='lat' dir='ltr'>mendacio-</span> 
     </span>
    </p>
   </div>
   <div class='ocr_carea' id='block_1_78' title="bbox 1999 1719 3701 1792">
    <p class='ocr_par' dir='ltr' id='par_1_78' title="bbox 1999 1719 3701 1792">
     <span class='ocr_line' id='line_1_78' title="bbox 1999 1719 3701 1792; baseline -0.003 -16"><span class='ocrx_word' id='word_1_552' title='bbox 1999 1739 2127 1776; x_wconf 89' lang='lat' dir='ltr'>rum</span> <span class='ocrx_word' id='word_1_553' title='bbox 2159 1726 2518 1791; x_wconf 89' lang='lat' dir='ltr'>potestatem.</span> <span class='ocrx_word' id='word_1_554' title='bbox 2556 1724 2620 1775; x_wconf 86' lang='lat' dir='ltr'>Et</span> <span class='ocrx_word' id='word_1_555' title='bbox 2650 1721 2922 1792; x_wconf 88' lang='lat' dir='ltr'>quoniam</span> <span class='ocrx_word' id='word_1_556' title='bbox 2952 1722 3021 1774; x_wconf 92' lang='lat' dir='ltr'>de</span> <span class='ocrx_word' id='word_1_557' title='bbox 3050 1720 3238 1789; x_wconf 90' lang='lat' dir='ltr'>prima</span> <span class='ocrx_word' id='word_1_558' title='bbox 3278 1720 3376 1772; x_wconf 89' lang='lat' dir='ltr'>illa</span> <span class='ocrx_word' id='word_1_559' title='bbox 3402 1719 3701 1789; x_wconf 83' lang='lat' dir='ltr'>disciplina</span> 
     </span>
    </p>
   </div>
   <div class='ocr_carea' id='block_1_79' title="bbox 1998 1808 3697 1880">
    <p class='ocr_par' dir='ltr' id='par_1_79' title="bbox 1998 1808 3697 1880">
     <span class='ocr_line' id='line_1_79' title="bbox 1998 1808 3697 1880; baseline -0.001 -17"><span class='ocrx_word' id='word_1_560' title='bbox 1998 1810 2233 1880; x_wconf 86' lang='lat' dir='ltr'>stirpem</span> <span class='ocrx_word' id='word_1_561' title='bbox 2290 1810 2591 1875; x_wconf 82' lang='lat' dir='ltr'>ducebant,</span> <span class='ocrx_word' id='word_1_562' title='bbox 2619 1809 2840 1879; x_wconf 88' lang='lat' dir='ltr'>judices</span> <span class='ocrx_word' id='word_1_563' title='bbox 2869 1809 2930 1862; x_wconf 92' lang='lat' dir='ltr'>in</span> <span class='ocrx_word' id='word_1_564' title='bbox 2994 1824 3089 1862; x_wconf 92' lang='lat' dir='ltr'>eos</span> <span class='ocrx_word' id='word_1_565' title='bbox 3142 1808 3541 1878; x_wconf 89' lang='lat' dir='ltr'>grammaticos</span> <span class='ocrx_word' id='word_1_566' title='bbox 3580 1823 3697 1861; x_wconf 90' lang='lat' dir='ltr'>esse</span> 
     </span>
    </p>
   </div>
   <div class='ocr_carea' id='block_1_80' title="bbox 2000 1897 2283 1969">
    <p class='ocr_par' dir='ltr' id='par_1_80' title="bbox 2000 1897 2283 1969">
     <span class='ocr_line' id='line_1_80' title="bbox 2000 1897 2283 1969; baseline -0.007 -17"><span class='ocrx_word' id='word_1_567' title='bbox 2000 1897 2283 1969; x_wconf 90' lang='lat' dir='ltr'>permisit.</span> 
     </span>
    </p>
   </div>
   <div class='ocr_carea' id='block_1_81' title="bbox 2070 1982 3696 2054">
    <p class='ocr_par' dir='ltr' id='par_1_81' title="bbox 2070 1982 3696 2054">
     <span class='ocr_line' id='line_1_81' title="bbox 2070 1982 3696 2054; baseline -0.002 -15"><span class='ocrx_word' id='word_1_568' title='bbox 2070 1988 2158 2039; x_wconf 82' lang='grc'>41.</span> <span class='ocrx_word' id='word_1_569' title='bbox 2197 1987 2261 2038; x_wconf 89' lang='lat' dir='ltr'>In</span> <span class='ocrx_word' id='word_1_570' title='bbox 2289 1985 2397 2038; x_wconf 90' lang='lat' dir='ltr'>hoc</span> <span class='ocrx_word' id='word_1_571' title='bbox 2434 1984 2613 2054; x_wconf 90' lang='lat' dir='ltr'>igitur</span> <span class='ocrx_word' id='word_1_572' title='bbox 2644 1988 2847 2054; x_wconf 91' lang='lat' dir='ltr'>quarto</span> <span class='ocrx_word' id='word_1_573' title='bbox 2877 1984 3079 2054; x_wconf 89' lang='lat' dir='ltr'>gradu,</span> <span class='ocrx_word' id='word_1_574' title='bbox 3116 1983 3229 2036; x_wconf 88' lang='lat' dir='ltr'>sive</span> <span class='ocrx_word' id='word_1_575' title='bbox 3278 1984 3338 2035; x_wconf 91' lang='lat' dir='ltr'>in</span> <span class='ocrx_word' id='word_1_576' title='bbox 3394 1982 3696 2052; x_wconf 79' lang='lat' dir='ltr'>rhythmis,</span> 
     </span>
    </p>
   </div>
   <div class='ocr_carea' id='block_1_82' title="bbox 2002 2072 3697 2144">
    <p class='ocr_par' dir='ltr' id='par_1_82' title="bbox 2002 2072 3697 2144">
     <span class='ocr_line' id='line_1_82' title="bbox 2002 2072 3697 2144; baseline -0.003 -17"><span class='ocrx_word' id='word_1_577' title='bbox 2002 2074 2119 2128; x_wconf 88' lang='lat' dir='ltr'>sive</span> <span class='ocrx_word' id='word_1_578' title='bbox 2151 2074 2213 2127; x_wconf 91' lang='lat' dir='ltr'>in</span> <span class='ocrx_word' id='word_1_579' title='bbox 2244 2074 2367 2144; x_wconf 88' lang='lat' dir='ltr'>ipsa</span> <span class='ocrx_word' id='word_1_580' title='bbox 2398 2073 2787 2127; x_wconf 89' lang='lat' dir='ltr'>modulatione</span> <span class='ocrx_word' id='word_1_581' title='bbox 2828 2072 3183 2141; x_wconf 87' lang='lat' dir='ltr'>intelligebat</span> <span class='ocrx_word' id='word_1_582' title='bbox 3211 2086 3449 2139; x_wconf 86' lang='lat' dir='ltr'>regnare</span> <span class='ocrx_word' id='word_1_583' title='bbox 3494 2086 3697 2123; x_wconf 88' lang='lat' dir='ltr'>nume-</span> 
     </span>
    </p>
   </div>
   <div class='ocr_carea' id='block_1_83' title="bbox 2001 2158 3697 2232">
    <p class='ocr_par' dir='ltr' id='par_1_83' title="bbox 2001 2158 3697 2232">
     <span class='ocr_line' id='line_1_83' title="bbox 2001 2158 3697 2232; baseline -0.002 -17"><span class='ocrx_word' id='word_1_584' title='bbox 2001 2178 2115 2222; x_wconf 88' lang='lat' dir='ltr'>ros,</span> <span class='ocrx_word' id='word_1_585' title='bbox 2150 2167 2454 2232; x_wconf 89' lang='lat' dir='ltr'>totumque</span> <span class='ocrx_word' id='word_1_586' title='bbox 2485 2161 2761 2232; x_wconf 88' lang='lat' dir='ltr'>perﬁcere</span> <span class='ocrx_word' id='word_1_587' title='bbox 2796 2175 2808 2214; x_wconf 91' lang='lat'><strong>:</strong></span> <span class='ocrx_word' id='word_1_588' title='bbox 2846 2159 3097 2230; x_wconf 78' lang='lat' dir='ltr'>inspexit</span> <span class='ocrx_word' id='word_1_589' title='bbox 3126 2158 3559 2230; x_wconf 89' lang='lat' dir='ltr'>diligentissime</span> <span class='ocrx_word' id='word_1_590' title='bbox 3596 2174 3697 2211; x_wconf 90' lang='lat' dir='ltr'>cu-</span> 
     </span>
    </p>
   </div>
   <div class='ocr_carea' id='block_1_84' title="bbox 1994 2245 3696 2321">
    <p class='ocr_par' dir='ltr' id='par_1_84' title="bbox 1994 2245 3696 2321">
     <span class='ocr_line' id='line_1_84' title="bbox 1994 2245 3696 2321; baseline -0.004 -17"><span class='ocrx_word' id='word_1_591' title='bbox 1994 2251 2249 2321; x_wconf 89' lang='lat' dir='ltr'>jusmodi</span> <span class='ocrx_word' id='word_1_592' title='bbox 2279 2255 2504 2313; x_wconf 78' lang='lat' dir='ltr'>essent;</span> <span class='ocrx_word' id='word_1_593' title='bbox 2568 2249 2894 2319; x_wconf 89' lang='lat' dir='ltr'>reperiebat</span> <span class='ocrx_word' id='word_1_594' title='bbox 2948 2247 3167 2301; x_wconf 75' lang='lat' dir='ltr'>divinos</span> <span class='ocrx_word' id='word_1_595' title='bbox 3216 2251 3271 2300; x_wconf 92' lang='lat' dir='ltr'>et</span> <span class='ocrx_word' id='word_1_596' title='bbox 3300 2245 3696 2315; x_wconf 89' lang='lat' dir='ltr'>sempiternos,</span> 
     </span>
    </p>
   </div>
   <div class='ocr_carea' id='block_1_85' title="bbox 1999 2333 3701 2409">
    <p class='ocr_par' dir='ltr' id='par_1_85' title="bbox 1999 2333 3701 2409">
     <span class='ocr_line' id='line_1_85' title="bbox 1999 2333 3701 2409; baseline -0.002 -18"><span class='ocrx_word' id='word_1_597' title='bbox 1999 2338 2318 2409; x_wconf 68' lang='lat' dir='ltr'>praesertim</span> <span class='ocrx_word' id='word_1_598' title='bbox 2348 2337 2498 2408; x_wconf 92' lang='lat' dir='ltr'>quod</span> <span class='ocrx_word' id='word_1_599' title='bbox 2530 2336 2665 2406; x_wconf 90' lang='lat' dir='ltr'>ipsis</span> <span class='ocrx_word' id='word_1_600' title='bbox 2707 2334 3110 2389; x_wconf 81' lang='lat' dir='ltr'>auxiliantibus</span> <span class='ocrx_word' id='word_1_601' title='bbox 3164 2333 3357 2387; x_wconf 89' lang='lat' dir='ltr'>omnia</span> <span class='ocrx_word' id='word_1_602' title='bbox 3406 2333 3701 2403; x_wconf 87' lang='lat' dir='ltr'>superiora</span> 
     </span>
    </p>
   </div>
   <div class='ocr_carea' id='block_1_86' title="bbox 2001 2422 3701 2494">
    <p class='ocr_par' dir='ltr' id='par_1_86' title="bbox 2001 2422 3701 2494">
     <span class='ocr_line' id='line_1_86' title="bbox 2001 2422 3701 2494; baseline -0.003 -16"><span class='ocrx_word' id='word_1_603' title='bbox 2001 2430 2391 2478; x_wconf 83' lang='lat' dir='ltr'>contexuerat.</span> <span class='ocrx_word' id='word_1_604' title='bbox 2439 2424 2644 2494; x_wconf 89' lang='lat' dir='ltr'>Etjam</span> <span class='ocrx_word' id='word_1_605' title='bbox 2683 2422 2961 2476; x_wconf 90' lang='lat' dir='ltr'>tolerabat</span> <span class='ocrx_word' id='word_1_606' title='bbox 2994 2422 3289 2491; x_wconf 88' lang='lat' dir='ltr'>aegerrime</span> <span class='ocrx_word' id='word_1_607' title='bbox 3336 2422 3701 2491; x_wconf 87' lang='lat' dir='ltr'>splendorem</span> 
     </span>
    </p>
   </div>
   <div class='ocr_carea' id='block_1_87' title="bbox 1998 2511 3701 2586">
    <p class='ocr_par' dir='ltr' id='par_1_87' title="bbox 1998 2511 3701 2586">
     <span class='ocr_line' id='line_1_87' title="bbox 1998 2511 3701 2586; baseline -0.004 -17"><span class='ocrx_word' id='word_1_608' title='bbox 1998 2516 2230 2570; x_wconf 91' lang='lat' dir='ltr'>illorum</span> <span class='ocrx_word' id='word_1_609' title='bbox 2262 2521 2435 2586; x_wconf 90' lang='lat' dir='ltr'>atque</span> <span class='ocrx_word' id='word_1_610' title='bbox 2466 2514 2832 2568; x_wconf 89' lang='lat' dir='ltr'>serenitatem</span> <span class='ocrx_word' id='word_1_611' title='bbox 2888 2528 3163 2583; x_wconf 89' lang='lat' dir='ltr'>corporea</span> <span class='ocrx_word' id='word_1_612' title='bbox 3207 2527 3412 2565; x_wconf 89' lang='lat' dir='ltr'>vocum</span> <span class='ocrx_word' id='word_1_613' title='bbox 3462 2511 3701 2565; x_wconf 90' lang='lat' dir='ltr'>materia</span> 
     </span>
    </p>
   </div>
   <div class='ocr_carea' id='block_1_88' title="bbox 2000 2599 3704 2673">
    <p class='ocr_par' dir='ltr' id='par_1_88' title="bbox 2000 2599 3704 2673">
     <span class='ocr_line' id='line_1_88' title="bbox 2000 2599 3704 2673; baseline -0.005 -15"><span class='ocrx_word' id='word_1_614' title='bbox 2000 2604 2334 2658; x_wconf 88' lang='lat' dir='ltr'>decolorari.</span> <span class='ocrx_word' id='word_1_615' title='bbox 2370 2604 2433 2657; x_wconf 88' lang='lat' dir='ltr'>Et</span> <span class='ocrx_word' id='word_1_616' title='bbox 2464 2602 2737 2673; x_wconf 90' lang='lat' dir='ltr'>quoniam</span> <span class='ocrx_word' id='word_1_617' title='bbox 2762 2601 2905 2655; x_wconf 92' lang='lat' dir='ltr'>illud</span> <span class='ocrx_word' id='word_1_618' title='bbox 2929 2604 3085 2671; x_wconf 93' lang='lat' dir='ltr'>quod</span> <span class='ocrx_word' id='word_1_619' title='bbox 3098 2616 3264 2653; x_wconf 90' lang='lat' dir='ltr'>mens</span> <span class='ocrx_word' id='word_1_620' title='bbox 3283 2599 3456 2665; x_wconf 89' lang='lat' dir='ltr'>videt,</span> <span class='ocrx_word' id='word_1_621' title='bbox 3481 2614 3704 2669; x_wconf 90' lang='lat' dir='ltr'>semper</span> 
     </span>
    </p>
   </div>
   <div class='ocr_carea' id='block_1_89' title="bbox 2000 2686 3702 2762">
    <p class='ocr_par' dir='ltr' id='par_1_89' title="bbox 2000 2686 3702 2762">
     <span class='ocr_line' id='line_1_89' title="bbox 2000 2686 3702 2762; baseline -0.005 -17"><span class='ocrx_word' id='word_1_622' title='bbox 2000 2695 2085 2746; x_wconf 89' lang='lat' dir='ltr'>est</span> <span class='ocrx_word' id='word_1_623' title='bbox 2114 2708 2382 2762; x_wconf 72' lang='lat' dir='ltr'>praesens,</span> <span class='ocrx_word' id='word_1_624' title='bbox 2416 2696 2473 2745; x_wconf 91' lang='lat' dir='ltr'>et</span> <span class='ocrx_word' id='word_1_625' title='bbox 2497 2691 2821 2745; x_wconf 89' lang='lat' dir='ltr'>immortale</span> <span class='ocrx_word' id='word_1_626' title='bbox 2855 2689 3224 2759; x_wconf 86' lang='lat' dir='ltr'>approbatur,</span> <span class='ocrx_word' id='word_1_627' title='bbox 3269 2687 3429 2756; x_wconf 89' lang='lat' dir='ltr'>cujus</span> <span class='ocrx_word' id='word_1_628' title='bbox 3478 2686 3702 2755; x_wconf 89' lang='lat' dir='ltr'>generis</span> 
     </span>
    </p>
   </div>
   <div class='ocr_carea' id='block_1_90' title="bbox 2000 2773 3703 2849">
    <p class='ocr_par' dir='ltr' id='par_1_90' title="bbox 2000 2773 3703 2849">
     <span class='ocr_line' id='line_1_90' title="bbox 2000 2773 3703 2849; baseline -0.005 -15"><span class='ocrx_word' id='word_1_629' title='bbox 2000 2781 2229 2835; x_wconf 91' lang='lat' dir='ltr'>numeri</span> <span class='ocrx_word' id='word_1_630' title='bbox 2258 2780 2645 2849; x_wconf 87' lang='lat' dir='ltr'>apparebant;</span> <span class='ocrx_word' id='word_1_631' title='bbox 2679 2794 2850 2832; x_wconf 90' lang='lat' dir='ltr'>sonus</span> <span class='ocrx_word' id='word_1_632' title='bbox 2903 2782 3095 2831; x_wconf 91' lang='lat' dir='ltr'>autem</span> <span class='ocrx_word' id='word_1_633' title='bbox 3126 2775 3263 2845; x_wconf 92' lang='lat' dir='ltr'>quia</span> <span class='ocrx_word' id='word_1_634' title='bbox 3302 2773 3583 2847; x_wconf 79' lang='lat' dir='ltr'>sensibilis</span> <span class='ocrx_word' id='word_1_635' title='bbox 3613 2789 3703 2826; x_wconf 91' lang='lat' dir='ltr'>res</span> 
     </span>
    </p>
   </div>
   <div class='ocr_carea' id='block_1_91' title="bbox 2002 2861 3701 2938">
    <p class='ocr_par' dir='ltr' id='par_1_91' title="bbox 2002 2861 3701 2938">
     <span class='ocr_line' id='line_1_91' title="bbox 2002 2861 3701 2938; baseline -0.006 -16"><span class='ocrx_word' id='word_1_636' title='bbox 2002 2872 2107 2936; x_wconf 91' lang='lat' dir='ltr'>est,</span> <span class='ocrx_word' id='word_1_637' title='bbox 2141 2867 2479 2938; x_wconf 66' lang='lat' dir='ltr'>praeterfluit</span> <span class='ocrx_word' id='word_1_638' title='bbox 2502 2867 2561 2919; x_wconf 91' lang='lat' dir='ltr'>in</span> <span class='ocrx_word' id='word_1_639' title='bbox 2585 2866 2940 2936; x_wconf 71' lang='lat' dir='ltr'>praeteritum</span> <span class='ocrx_word' id='word_1_640' title='bbox 2964 2870 3213 2933; x_wconf 88' lang='lat' dir='ltr'>tempus,</span> <span class='ocrx_word' id='word_1_641' title='bbox 3237 2861 3701 2931; x_wconf 89' lang='lat' dir='ltr'>imprimiturque</span> 
     </span>
    </p>
   </div>
   <div class='ocr_carea' id='block_1_92' title="bbox 2001 2949 3702 3021">
    <p class='ocr_par' dir='ltr' id='par_1_92' title="bbox 2001 2949 3702 3021">
     <span class='ocr_line' id='line_1_92' title="bbox 2001 2949 3702 3021; baseline -0.005 -12"><span class='ocrx_word' id='word_1_642' title='bbox 2001 2956 2339 3021; x_wconf 61' lang='lat' dir='ltr'>memoriae;</span> <span class='ocrx_word' id='word_1_643' title='bbox 2373 2954 2698 3008; x_wconf 79' lang='lat' dir='ltr'>rationabili</span> <span class='ocrx_word' id='word_1_644' title='bbox 2747 2952 3042 3006; x_wconf 88' lang='lat' dir='ltr'>mendacio</span> <span class='ocrx_word' id='word_1_645' title='bbox 3085 2953 3206 3017; x_wconf 86' lang='lat' dir='ltr'>jam</span> <span class='ocrx_word' id='word_1_646' title='bbox 3255 2949 3437 3019; x_wconf 88' lang='lat' dir='ltr'>poetis</span> <span class='ocrx_word' id='word_1_647' title='bbox 3479 2950 3702 3001; x_wconf 88' lang='lat' dir='ltr'>favente</span> 
     </span>
    </p>
   </div>
   <div class='ocr_carea' id='block_1_93' title="bbox 2002 3036 3699 3113">
    <p class='ocr_par' dir='ltr' id='par_1_93' title="bbox 2002 3036 3699 3113">
     <span class='ocr_line' id='line_1_93' title="bbox 2002 3036 3699 3113; baseline -0.006 -15"><span class='ocrx_word' id='word_1_648' title='bbox 2002 3045 2226 3098; x_wconf 90' lang='lat' dir='ltr'>ratione</span> <span class='ocrx_word' id='word_1_649' title='bbox 2259 3042 2728 3113; x_wconf 61' lang='lat' dir='ltr'>(qurerendumne</span> <span class='ocrx_word' id='word_1_650' title='bbox 2757 3041 2893 3111; x_wconf 90' lang='lat' dir='ltr'>quid</span> <span class='ocrx_word' id='word_1_651' title='bbox 2924 3039 3225 3111; x_wconf 86' lang='lat' dir='ltr'>propagini</span> <span class='ocrx_word' id='word_1_652' title='bbox 3256 3037 3517 3091; x_wconf 90' lang='lat' dir='ltr'>similiter</span> <span class='ocrx_word' id='word_1_653' title='bbox 3547 3036 3699 3089; x_wconf 90' lang='lat' dir='ltr'>ines-</span> 
     </span>
    </p>
   </div>
   <div class='ocr_carea' id='block_1_94' title="bbox 2003 3126 3702 3200">
    <p class='ocr_par' dir='ltr' id='par_1_94' title="bbox 2003 3126 3702 3200">
     <span class='ocr_line' id='line_1_94' title="bbox 2003 3126 3702 3200; baseline -0.006 -13"><span class='ocrx_word' id='word_1_654' title='bbox 2003 3139 2087 3187; x_wconf 89' lang='lat' dir='ltr'>set</span> <span class='ocrx_word' id='word_1_655' title='bbox 2103 3134 2166 3200; x_wconf 84' lang='lat'>?),</span> <span class='ocrx_word' id='word_1_656' title='bbox 2198 3132 2349 3185; x_wconf 75' lang='lat' dir='ltr'>Iovis</span> <span class='ocrx_word' id='word_1_657' title='bbox 2377 3136 2433 3185; x_wconf 90' lang='lat' dir='ltr'>et</span> <span class='ocrx_word' id='word_1_658' title='bbox 2472 3130 2756 3185; x_wconf 73' lang='lat' dir='ltr'>Memoriae</span> <span class='ocrx_word' id='word_1_659' title='bbox 2816 3130 2961 3183; x_wconf 89' lang='lat' dir='ltr'>ﬁlias</span> <span class='ocrx_word' id='word_1_660' title='bbox 3010 3130 3191 3182; x_wconf 86' lang='lat' dir='ltr'>Musas</span> <span class='ocrx_word' id='word_1_661' title='bbox 3222 3144 3341 3180; x_wconf 90' lang='lat' dir='ltr'>esse</span> <span class='ocrx_word' id='word_1_662' title='bbox 3395 3126 3702 3179; x_wconf 88' lang='lat' dir='ltr'>conﬁctum</span> 
     </span>
    </p>
   </div>
   <div class='ocr_carea' id='block_1_95' title="bbox 2003 3212 3703 3287">
    <p class='ocr_par' dir='ltr' id='par_1_95' title="bbox 2003 3212 3703 3287">
     <span class='ocr_line' id='line_1_95' title="bbox 2003 3212 3703 3287; baseline -0.005 -12"><span class='ocrx_word' id='word_1_663' title='bbox 2003 3226 2103 3275; x_wconf 89' lang='lat' dir='ltr'>est.</span> <span class='ocrx_word' id='word_1_664' title='bbox 2142 3220 2295 3274; x_wconf 92' lang='lat' dir='ltr'>Unde</span> <span class='ocrx_word' id='word_1_665' title='bbox 2326 3220 2432 3272; x_wconf 90' lang='lat' dir='ltr'>ista</span> <span class='ocrx_word' id='word_1_666' title='bbox 2463 3218 2763 3287; x_wconf 83' lang='lat' dir='ltr'>disciplina</span> <span class='ocrx_word' id='word_1_667' title='bbox 2792 3234 2989 3271; x_wconf 89' lang='lat' dir='ltr'>sensus</span> <span class='ocrx_word' id='word_1_668' title='bbox 3040 3216 3474 3285; x_wconf 87' lang='lat' dir='ltr'>intellectusque</span> <span class='ocrx_word' id='word_1_669' title='bbox 3523 3212 3703 3285; x_wconf 87' lang='lat' dir='ltr'>parti-</span> 
     </span>
    </p>
   </div>
   <div class='ocr_carea' id='block_1_96' title="bbox 2003 3306 2894 3381">
    <p class='ocr_par' dir='ltr' id='par_1_96' title="bbox 2003 3306 2894 3381">
     <span class='ocr_line' id='line_1_96' title="bbox 2003 3306 2894 3381; baseline -0.008 -16"><span class='ocrx_word' id='word_1_670' title='bbox 2003 3326 2133 3381; x_wconf 90' lang='lat' dir='ltr'>ceps</span> <span class='ocrx_word' id='word_1_671' title='bbox 2166 3308 2394 3363; x_wconf 76' lang='lat' dir='ltr'>musicae</span> <span class='ocrx_word' id='word_1_672' title='bbox 2416 3323 2627 3361; x_wconf 89' lang='lat' dir='ltr'>nomen</span> <span class='ocrx_word' id='word_1_673' title='bbox 2659 3306 2894 3360; x_wconf 85' lang='lat' dir='ltr'>invenit.</span> 
     </span>
    </p>
   </div>
   <div class='ocr_carea' id='block_1_97' title="bbox 2208 3393 3505 3450">
    <p class='ocr_par' dir='ltr' id='par_1_97' title="bbox 2208 3393 3505 3450">
     <span class='ocr_line' id='line_1_97' title="bbox 2208 3393 3505 3450; baseline -0.005 0"><span class='ocrx_word' id='word_1_674' title='bbox 2208 3397 2433 3450; x_wconf 79' lang='lat' dir='ltr'>CAPUT</span> <span class='ocrx_word' id='word_1_675' title='bbox 2472 3396 2580 3449; x_wconf 81' lang='lat' dir='ltr'>XV.</span> <span class='ocrx_word' id='word_1_676' title='bbox 2630 3424 2692 3433; x_wconf 90' lang='lat'><strong>—</strong></span> <span class='ocrx_word' id='word_1_677' title='bbox 2724 3395 3025 3449; x_wconf 80' lang='lat' dir='ltr'>Geometria</span> <span class='ocrx_word' id='word_1_678' title='bbox 3055 3396 3105 3445; x_wconf 85' lang='lat' dir='ltr'>et</span> <span class='ocrx_word' id='word_1_679' title='bbox 3135 3393 3505 3446; x_wconf 71' lang='lat' dir='ltr'>Astronomia.</span> 
     </span>
    </p>
   </div>
   <div class='ocr_carea' id='block_1_98' title="bbox 2072 3482 3703 3552">
    <p class='ocr_par' dir='ltr' id='par_1_98' title="bbox 2072 3482 3703 3552">
     <span class='ocr_line' id='line_1_98' title="bbox 2072 3482 3703 3552; baseline -0.005 -13"><span class='ocrx_word' id='word_1_680' title='bbox 2072 3487 2159 3539; x_wconf 73' lang='grc'>42.</span> <span class='ocrx_word' id='word_1_681' title='bbox 2196 3484 2336 3538; x_wconf 87' lang='lat' dir='ltr'>Hinc</span> <span class='ocrx_word' id='word_1_682' title='bbox 2365 3487 2449 3536; x_wconf 84' lang='lat' dir='ltr'>est</span> <span class='ocrx_word' id='word_1_683' title='bbox 2481 3482 2730 3552; x_wconf 90' lang='lat' dir='ltr'>profecta</span> <span class='ocrx_word' id='word_1_684' title='bbox 2759 3482 2820 3535; x_wconf 89' lang='lat' dir='ltr'>in</span> <span class='ocrx_word' id='word_1_685' title='bbox 2852 3482 3153 3535; x_wconf 87' lang='lat' dir='ltr'>oculorum</span> <span class='ocrx_word' id='word_1_686' title='bbox 3196 3495 3349 3548; x_wconf 91' lang='lat' dir='ltr'>opes,</span> <span class='ocrx_word' id='word_1_687' title='bbox 3397 3485 3452 3532; x_wconf 89' lang='lat' dir='ltr'>et</span> <span class='ocrx_word' id='word_1_688' title='bbox 3489 3483 3703 3531; x_wconf 86' lang='lat' dir='ltr'>terram</span> 
     </span>
    </p>
   </div>
   <div class='ocr_carea' id='block_1_99' title="bbox 2006 3564 3704 3643">
    <p class='ocr_par' dir='ltr' id='par_1_99' title="bbox 2006 3564 3704 3643">
     <span class='ocr_line' id='line_1_99' title="bbox 2006 3564 3704 3643; baseline -0.006 -17"><span class='ocrx_word' id='word_1_689' title='bbox 2006 3574 2328 3643; x_wconf 90' lang='lat' dir='ltr'>coelumque</span> <span class='ocrx_word' id='word_1_690' title='bbox 2361 3572 2719 3634; x_wconf 87' lang='lat' dir='ltr'>collustrans,</span> <span class='ocrx_word' id='word_1_691' title='bbox 2761 3568 2936 3622; x_wconf 90' lang='lat' dir='ltr'>sensit</span> <span class='ocrx_word' id='word_1_692' title='bbox 2983 3567 3128 3621; x_wconf 88' lang='lat' dir='ltr'>nihil</span> <span class='ocrx_word' id='word_1_693' title='bbox 3178 3567 3330 3619; x_wconf 87' lang='lat' dir='ltr'>aliud</span> <span class='ocrx_word' id='word_1_694' title='bbox 3373 3581 3544 3635; x_wconf 87' lang='lat' dir='ltr'>quam</span> <span class='ocrx_word' id='word_1_695' title='bbox 3576 3564 3704 3633; x_wconf 86' lang='lat' dir='ltr'>pul-</span> 
     </span>
    </p>
   </div>
   <div class='ocr_carea' id='block_1_100' title="bbox 2004 3653 3703 3729">
    <p class='ocr_par' dir='ltr' id='par_1_100' title="bbox 2004 3653 3703 3729">
     <span class='ocr_line' id='line_1_100' title="bbox 2004 3653 3703 3729; baseline -0.006 -15"><span class='ocrx_word' id='word_1_696' title='bbox 2004 3661 2386 3715; x_wconf 86' lang='lat' dir='ltr'>chritudinem</span> <span class='ocrx_word' id='word_1_697' title='bbox 2410 3659 2518 3713; x_wconf 90' lang='lat' dir='ltr'>sibi</span> <span class='ocrx_word' id='word_1_698' title='bbox 2544 3660 2787 3729; x_wconf 91' lang='lat' dir='ltr'>placere,</span> <span class='ocrx_word' id='word_1_699' title='bbox 2820 3662 2877 3711; x_wconf 90' lang='lat' dir='ltr'>et</span> <span class='ocrx_word' id='word_1_700' title='bbox 2923 3657 2980 3709; x_wconf 93' lang='lat' dir='ltr'>in</span> <span class='ocrx_word' id='word_1_701' title='bbox 3010 3653 3436 3725; x_wconf 90' lang='lat' dir='ltr'>pulchritudine</span> <span class='ocrx_word' id='word_1_702' title='bbox 3470 3654 3703 3722; x_wconf 83' lang='lat' dir='ltr'>ﬁguras,</span> 
     </span>
    </p>
   </div>
   <div class='ocr_carea' id='block_1_101' title="bbox 2004 3742 3709 3818">
    <p class='ocr_par' dir='ltr' id='par_1_101' title="bbox 2004 3742 3709 3818">
     <span class='ocr_line' id='line_1_101' title="bbox 2004 3742 3709 3818; baseline -0.007 -14"><span class='ocrx_word' id='word_1_703' title='bbox 2004 3751 2065 3804; x_wconf 92' lang='lat' dir='ltr'>in</span> <span class='ocrx_word' id='word_1_704' title='bbox 2096 3748 2293 3818; x_wconf 88' lang='lat' dir='ltr'>ﬁguris</span> <span class='ocrx_word' id='word_1_705' title='bbox 2321 3746 2733 3813; x_wconf 90' lang='lat' dir='ltr'>dimensiones,</span> <span class='ocrx_word' id='word_1_706' title='bbox 2780 3748 2838 3798; x_wconf 87' lang='lat' dir='ltr'>in</span> <span class='ocrx_word' id='word_1_707' title='bbox 2890 3742 3346 3798; x_wconf 89' lang='lat' dir='ltr'>dimensionibus</span> <span class='ocrx_word' id='word_1_708' title='bbox 3396 3756 3709 3806; x_wconf 85' lang='lat' dir='ltr'>numeros;</span> 
     </span>
    </p>
   </div>
   <div class='ocr_carea' id='block_1_102' title="bbox 2004 3829 3708 3908">
    <p class='ocr_par' dir='ltr' id='par_1_102' title="bbox 2004 3829 3708 3908">
     <span class='ocr_line' id='line_1_102' title="bbox 2004 3829 3708 3908; baseline -0.005 -18"><span class='ocrx_word' id='word_1_709' title='bbox 2004 3836 2375 3908; x_wconf 67' lang='lat' dir='ltr'>quaesivitque</span> <span class='ocrx_word' id='word_1_710' title='bbox 2403 3835 2529 3905; x_wconf 87' lang='lat' dir='ltr'>ipsa</span> <span class='ocrx_word' id='word_1_711' title='bbox 2558 3849 2773 3891; x_wconf 87' lang='lat' dir='ltr'>secum,</span> <span class='ocrx_word' id='word_1_712' title='bbox 2806 3838 3001 3887; x_wconf 90' lang='lat' dir='ltr'>utrum</span> <span class='ocrx_word' id='word_1_713' title='bbox 3031 3832 3111 3885; x_wconf 87' lang='lat' dir='ltr'>ibi</span> <span class='ocrx_word' id='word_1_714' title='bbox 3130 3830 3257 3885; x_wconf 85' lang='lat' dir='ltr'>talis</span> <span class='ocrx_word' id='word_1_715' title='bbox 3280 3830 3433 3883; x_wconf 90' lang='lat' dir='ltr'>linea</span> <span class='ocrx_word' id='word_1_716' title='bbox 3463 3829 3708 3899; x_wconf 89' lang='lat' dir='ltr'>talisque</span> 
     </span>
    </p>
   </div>
   <div class='ocr_carea' id='block_1_103' title="bbox 2008 3920 3707 3993">
    <p class='ocr_par' dir='ltr' id='par_1_103' title="bbox 2008 3920 3707 3993">
     <span class='ocr_line' id='line_1_103' title="bbox 2008 3920 3707 3993; baseline -0.006 -14"><span class='ocrx_word' id='word_1_717' title='bbox 2008 3925 2353 3989; x_wconf 90' lang='lat' dir='ltr'>rotunditas,</span> <span class='ocrx_word' id='word_1_718' title='bbox 2404 3925 2492 3976; x_wconf 88' lang='lat' dir='ltr'>vel</span> <span class='ocrx_word' id='word_1_719' title='bbox 2542 3922 2815 3993; x_wconf 65' lang='lat' dir='ltr'>quaelibet</span> <span class='ocrx_word' id='word_1_720' title='bbox 2868 3921 2979 3974; x_wconf 89' lang='lat' dir='ltr'>alia</span> <span class='ocrx_word' id='word_1_721' title='bbox 3030 3921 3215 3973; x_wconf 89' lang='lat' dir='ltr'>forma</span> <span class='ocrx_word' id='word_1_722' title='bbox 3242 3923 3297 3973; x_wconf 90' lang='lat' dir='ltr'>et</span> <span class='ocrx_word' id='word_1_723' title='bbox 3331 3920 3514 3989; x_wconf 83' lang='lat' dir='ltr'>ﬁgura</span> <span class='ocrx_word' id='word_1_724' title='bbox 3542 3922 3707 3983; x_wconf 91' lang='lat' dir='ltr'>esset,</span> 
     </span>
    </p>
   </div>
   <div class='ocr_carea' id='block_1_104' title="bbox 2008 4005 3709 4085">
    <p class='ocr_par' dir='ltr' id='par_1_104' title="bbox 2008 4005 3709 4085">
     <span class='ocr_line' id='line_1_104' title="bbox 2008 4005 3709 4085; baseline -0.006 -18"><span class='ocrx_word' id='word_1_725' title='bbox 2008 4011 2647 4085; x_wconf 59' lang='lat' dir='ltr'>qualemjintelligentia</span> <span class='ocrx_word' id='word_1_726' title='bbox 2678 4010 3011 4063; x_wconf 88' lang='lat' dir='ltr'>contineret.</span> <span class='ocrx_word' id='word_1_727' title='bbox 3040 4010 3228 4078; x_wconf 89' lang='lat' dir='ltr'>Longe</span> <span class='ocrx_word' id='word_1_728' title='bbox 3261 4006 3601 4061; x_wconf 84' lang='lat' dir='ltr'>deteriorem</span> <span class='ocrx_word' id='word_1_729' title='bbox 3623 4005 3709 4057; x_wconf 89' lang='lat' dir='ltr'>in-</span> 
     </span>
    </p>
   </div>
   <div class='ocr_carea' id='block_1_105' title="bbox 2005 4095 3709 4169">
    <p class='ocr_par' dir='ltr' id='par_1_105' title="bbox 2005 4095 3709 4169">
     <span class='ocr_line' id='line_1_105' title="bbox 2005 4095 3709 4169; baseline -0.006 -13"><span class='ocrx_word' id='word_1_730' title='bbox 2005 4103 2174 4169; x_wconf 85' lang='lat' dir='ltr'>venit,</span> <span class='ocrx_word' id='word_1_731' title='bbox 2213 4108 2268 4155; x_wconf 90' lang='lat' dir='ltr'>et</span> <span class='ocrx_word' id='word_1_732' title='bbox 2300 4102 2457 4154; x_wconf 89' lang='lat' dir='ltr'>nulla</span> <span class='ocrx_word' id='word_1_733' title='bbox 2488 4116 2554 4153; x_wconf 81' lang='lat' dir='ltr'>ex</span> <span class='ocrx_word' id='word_1_734' title='bbox 2586 4103 2745 4169; x_wconf 87' lang='lat' dir='ltr'>parte</span> <span class='ocrx_word' id='word_1_735' title='bbox 2779 4098 2928 4168; x_wconf 91' lang='lat' dir='ltr'>quod</span> <span class='ocrx_word' id='word_1_736' title='bbox 2984 4098 3244 4150; x_wconf 87' lang='lat' dir='ltr'>viderent</span> <span class='ocrx_word' id='word_1_737' title='bbox 3293 4095 3443 4148; x_wconf 90' lang='lat' dir='ltr'>oculi</span> <span class='ocrx_word' id='word_1_738' title='bbox 3474 4110 3603 4147; x_wconf 88' lang='lat' dir='ltr'>cum</span> <span class='ocrx_word' id='word_1_739' title='bbox 3643 4110 3709 4146; x_wconf 89' lang='lat' dir='ltr'>eo</span> 
     </span>
    </p>
   </div>
   <div class='ocr_carea' id='block_1_106' title="bbox 2008 4184 3712 4261">
    <p class='ocr_par' dir='ltr' id='par_1_106' title="bbox 2008 4184 3712 4261">
     <span class='ocr_line' id='line_1_106' title="bbox 2008 4184 3712 4261; baseline -0.007 -16"><span class='ocrx_word' id='word_1_740' title='bbox 2008 4191 2164 4261; x_wconf 91' lang='lat' dir='ltr'>quod</span> <span class='ocrx_word' id='word_1_741' title='bbox 2208 4205 2369 4244; x_wconf 89' lang='lat' dir='ltr'>mens</span> <span class='ocrx_word' id='word_1_742' title='bbox 2428 4192 2705 4250; x_wconf 88' lang='lat' dir='ltr'>cerneret,</span> <span class='ocrx_word' id='word_1_743' title='bbox 2776 4184 3250 4254; x_wconf 88' lang='lat' dir='ltr'>comparandum.</span> <span class='ocrx_word' id='word_1_744' title='bbox 3310 4184 3438 4235; x_wconf 74' lang='lat' dir='ltr'>Haec</span> <span class='ocrx_word' id='word_1_745' title='bbox 3485 4197 3712 4251; x_wconf 88' lang='lat' dir='ltr'>quoque</span> 
     </span>
    </p>
   </div>
   <div class='ocr_carea' id='block_1_107' title="bbox 2008 4270 3712 4346">
    <p class='ocr_par' dir='ltr' id='par_1_107' title="bbox 2008 4270 3712 4346">
     <span class='ocr_line' id='line_1_107' title="bbox 2008 4270 3712 4346; baseline -0.007 -12"><span class='ocrx_word' id='word_1_746' title='bbox 2008 4281 2272 4335; x_wconf 87' lang='lat' dir='ltr'>distincta</span> <span class='ocrx_word' id='word_1_747' title='bbox 2304 4284 2358 4332; x_wconf 88' lang='lat' dir='ltr'>et</span> <span class='ocrx_word' id='word_1_748' title='bbox 2390 4278 2686 4346; x_wconf 90' lang='lat' dir='ltr'>disposita,</span> <span class='ocrx_word' id='word_1_749' title='bbox 2711 4276 2773 4330; x_wconf 92' lang='lat' dir='ltr'>in</span> <span class='ocrx_word' id='word_1_750' title='bbox 2803 4276 3159 4345; x_wconf 88' lang='lat' dir='ltr'>disciplinam</span> <span class='ocrx_word' id='word_1_751' title='bbox 3193 4270 3429 4341; x_wconf 85' lang='lat' dir='ltr'>redegit,</span> <span class='ocrx_word' id='word_1_752' title='bbox 3463 4272 3712 4340; x_wconf 87' lang='lat' dir='ltr'>appella-</span> 
     </span>
    </p>
   </div>
   <div class='ocr_carea' id='block_1_108' title="bbox 2008 4358 3708 4438">
    <p class='ocr_par' dir='ltr' id='par_1_108' title="bbox 2008 4358 3708 4438">
     <span class='ocr_line' id='line_1_108' title="bbox 2008 4358 3708 4438; baseline -0.008 -15"><span class='ocrx_word' id='word_1_753' title='bbox 2008 4370 2203 4438; x_wconf 90' lang='lat' dir='ltr'>vitque</span> <span class='ocrx_word' id='word_1_754' title='bbox 2236 4366 2629 4437; x_wconf 89' lang='lat' dir='ltr'>geometriam.</span> <span class='ocrx_word' id='word_1_755' title='bbox 2664 4366 2846 4418; x_wconf 83' lang='lat' dir='ltr'>Motus</span> <span class='ocrx_word' id='word_1_756' title='bbox 2872 4381 2997 4417; x_wconf 89' lang='lat' dir='ltr'>eam</span> <span class='ocrx_word' id='word_1_757' title='bbox 3019 4362 3143 4417; x_wconf 60' lang='lat' dir='ltr'>caeli</span> <span class='ocrx_word' id='word_1_758' title='bbox 3168 4362 3413 4414; x_wconf 87' lang='lat' dir='ltr'>multum</span> <span class='ocrx_word' id='word_1_759' title='bbox 3428 4358 3708 4422; x_wconf 88' lang='lat' dir='ltr'>movebat,</span> 
     </span>
    </p>
   </div>
   <div class='ocr_carea' id='block_1_109' title="bbox 2010 4446 3713 4525">
    <p class='ocr_par' dir='ltr' id='par_1_109' title="bbox 2010 4446 3713 4525">
     <span class='ocr_line' id='line_1_109' title="bbox 2010 4446 3713 4525; baseline -0.008 -14"><span class='ocrx_word' id='word_1_760' title='bbox 2010 4462 2068 4512; x_wconf 88' lang='lat' dir='ltr'>et</span> <span class='ocrx_word' id='word_1_761' title='bbox 2099 4457 2171 4510; x_wconf 92' lang='lat' dir='ltr'>ad</span> <span class='ocrx_word' id='word_1_762' title='bbox 2220 4472 2277 4509; x_wconf 92' lang='lat' dir='ltr'>se</span> <span class='ocrx_word' id='word_1_763' title='bbox 2316 4454 2621 4525; x_wconf 89' lang='lat' dir='ltr'>diligentes</span> <span class='ocrx_word' id='word_1_764' title='bbox 2670 4452 3147 4507; x_wconf 90' lang='lat' dir='ltr'>considerandum</span> <span class='ocrx_word' id='word_1_765' title='bbox 3190 4448 3480 4502; x_wconf 89' lang='lat' dir='ltr'>invitabat.</span> <span class='ocrx_word' id='word_1_766' title='bbox 3534 4446 3713 4499; x_wconf 85' lang='lat' dir='ltr'>Etiam</span> 
     </span>
    </p>
   </div>
   <div class='ocr_carea' id='block_1_110' title="bbox 2010 4538 3713 4614">
    <p class='ocr_par' dir='ltr' id='par_1_110' title="bbox 2010 4538 3713 4614">
     <span class='ocr_line' id='line_1_110' title="bbox 2010 4538 3713 4614; baseline -0.008 -16"><span class='ocrx_word' id='word_1_767' title='bbox 2010 4546 2089 4599; x_wconf 91' lang='lat' dir='ltr'>ibi</span> <span class='ocrx_word' id='word_1_768' title='bbox 2118 4560 2220 4614; x_wconf 88' lang='lat' dir='ltr'>per</span> <span class='ocrx_word' id='word_1_769' title='bbox 2251 4542 2733 4596; x_wconf 88' lang='lat' dir='ltr'>constantissimas</span> <span class='ocrx_word' id='word_1_770' title='bbox 2764 4546 3087 4610; x_wconf 88' lang='lat' dir='ltr'>temporum</span> <span class='ocrx_word' id='word_1_771' title='bbox 3112 4538 3278 4601; x_wconf 88' lang='lat' dir='ltr'>vices,</span> <span class='ocrx_word' id='word_1_772' title='bbox 3303 4551 3405 4604; x_wconf 88' lang='lat' dir='ltr'>per</span> <span class='ocrx_word' id='word_1_773' title='bbox 3428 4539 3713 4587; x_wconf 84' lang='lat' dir='ltr'>astrorum</span> 
     </span>
    </p>
   </div>
   <div class='ocr_carea' id='block_1_111' title="bbox 2011 4621 3717 4699">
    <p class='ocr_par' dir='ltr' id='par_1_111' title="bbox 2011 4621 3717 4699">
     <span class='ocr_line' id='line_1_111' title="bbox 2011 4621 3717 4699; baseline -0.008 -13"><span class='ocrx_word' id='word_1_774' title='bbox 2011 4637 2162 4687; x_wconf 91' lang='lat' dir='ltr'>ratos</span> <span class='ocrx_word' id='word_1_775' title='bbox 2216 4630 2596 4699; x_wconf 89' lang='lat' dir='ltr'>deﬁnitosque</span> <span class='ocrx_word' id='word_1_776' title='bbox 2646 4646 2866 4695; x_wconf 88' lang='lat' dir='ltr'>cursus,</span> <span class='ocrx_word' id='word_1_777' title='bbox 2910 4643 3012 4697; x_wconf 90' lang='lat' dir='ltr'>per</span> <span class='ocrx_word' id='word_1_778' title='bbox 3050 4624 3485 4678; x_wconf 88' lang='lat' dir='ltr'>intervallorum</span> <span class='ocrx_word' id='word_1_779' title='bbox 3535 4621 3717 4691; x_wconf 89' lang='lat' dir='ltr'>spatia</span> 
     </span>
    </p>
   </div>
   <div class='ocr_carea' id='block_1_112' title="bbox 2012 4710 3719 4785">
    <p class='ocr_par' dir='ltr' id='par_1_112' title="bbox 2012 4710 3719 4785">
     <span class='ocr_line' id='line_1_112' title="bbox 2012 4710 3719 4785; baseline -0.008 -10"><span class='ocrx_word' id='word_1_780' title='bbox 2012 4721 2327 4785; x_wconf 85' lang='lat' dir='ltr'>moderata,</span> <span class='ocrx_word' id='word_1_781' title='bbox 2361 4718 2641 4772; x_wconf 82' lang='lat' dir='ltr'>intellexit</span> <span class='ocrx_word' id='word_1_782' title='bbox 2668 4718 2813 4771; x_wconf 91' lang='lat' dir='ltr'>nihil</span> <span class='ocrx_word' id='word_1_783' title='bbox 2841 4715 2995 4769; x_wconf 91' lang='lat' dir='ltr'>aliud</span> <span class='ocrx_word' id='word_1_784' title='bbox 3022 4729 3195 4783; x_wconf 89' lang='lat' dir='ltr'>quam</span> <span class='ocrx_word' id='word_1_785' title='bbox 3222 4712 3378 4765; x_wconf 88' lang='lat' dir='ltr'>illam</span> <span class='ocrx_word' id='word_1_786' title='bbox 3412 4710 3719 4765; x_wconf 89' lang='lat' dir='ltr'>dimensio-</span> 
     </span>
    </p>
   </div>
   <div class='ocr_carea' id='block_1_113' title="bbox 2014 4800 3716 4878">
    <p class='ocr_par' dir='ltr' id='par_1_113' title="bbox 2014 4800 3716 4878">
     <span class='ocr_line' id='line_1_113' title="bbox 2014 4800 3716 4878; baseline -0.008 -13"><span class='ocrx_word' id='word_1_787' title='bbox 2014 4827 2147 4866; x_wconf 88' lang='lat' dir='ltr'>nem</span> <span class='ocrx_word' id='word_1_788' title='bbox 2180 4824 2565 4878; x_wconf 87' lang='lat' dir='ltr'>numerosque</span> <span class='ocrx_word' id='word_1_789' title='bbox 2602 4804 2903 4861; x_wconf 89' lang='lat' dir='ltr'>dominari.</span> <span class='ocrx_word' id='word_1_790' title='bbox 2941 4804 3077 4866; x_wconf 70' lang='lat' dir='ltr'>Qum</span> <span class='ocrx_word' id='word_1_791' title='bbox 3103 4801 3365 4854; x_wconf 88' lang='lat' dir='ltr'>similiter</span> <span class='ocrx_word' id='word_1_792' title='bbox 3392 4800 3716 4853; x_wconf 90' lang='lat' dir='ltr'>deﬁniendo</span> 
     </span>
    </p>
   </div>
   <div class='ocr_carea' id='block_1_114' title="bbox 2015 4890 3715 4961">
    <p class='ocr_par' dir='ltr' id='par_1_114' title="bbox 2015 4890 3715 4961">
     <span class='ocr_line' id='line_1_114' title="bbox 2015 4890 3715 4961; baseline -0.008 -6"><span class='ocrx_word' id='word_1_793' title='bbox 2015 4917 2079 4955; x_wconf 90' lang='lat' dir='ltr'>ac</span> <span class='ocrx_word' id='word_1_794' title='bbox 2103 4899 2448 4954; x_wconf 89' lang='lat' dir='ltr'>secernendo</span> <span class='ocrx_word' id='word_1_795' title='bbox 2490 4898 2550 4950; x_wconf 90' lang='lat' dir='ltr'>in</span> <span class='ocrx_word' id='word_1_796' title='bbox 2590 4896 2849 4950; x_wconf 90' lang='lat' dir='ltr'>ordinem</span> <span class='ocrx_word' id='word_1_797' title='bbox 2892 4898 3145 4960; x_wconf 91' lang='lat' dir='ltr'>nectens,</span> <span class='ocrx_word' id='word_1_798' title='bbox 3191 4890 3560 4961; x_wconf 87' lang='lat' dir='ltr'>astrologiam</span> <span class='ocrx_word' id='word_1_799' title='bbox 3618 4906 3715 4959; x_wconf 89' lang='lat' dir='ltr'>ge-</span> 
     </span>
    </p>
   </div>
   <div class='ocr_carea' id='block_1_115' title="bbox 2016 4983 3717 5060">
    <p class='ocr_par' dir='ltr' id='par_1_115' title="bbox 2016 4983 3717 5060">
     <span class='ocr_line' id='line_1_115' title="bbox 2016 4983 3717 5060; baseline -0.008 -15"><span class='ocrx_word' id='word_1_800' title='bbox 2016 4990 2173 5057; x_wconf 84' lang='lat' dir='ltr'>nuit;</span> <span class='ocrx_word' id='word_1_801' title='bbox 2200 5004 2475 5060; x_wconf 90' lang='lat' dir='ltr'>magnum</span> <span class='ocrx_word' id='word_1_802' title='bbox 2499 4984 2782 5057; x_wconf 89' lang='lat' dir='ltr'>religiosis</span> <span class='ocrx_word' id='word_1_803' title='bbox 2806 4985 3229 5053; x_wconf 89' lang='lat' dir='ltr'>argumentum,</span> <span class='ocrx_word' id='word_1_804' title='bbox 3250 4983 3717 5047; x_wconf 89' lang='lat' dir='ltr'>tormentumque</span> 
     </span>
    </p>
   </div>
   <div class='ocr_carea' id='block_1_116' title="bbox 2017 5077 2277 5142">
    <p class='ocr_par' dir='ltr' id='par_1_116' title="bbox 2017 5077 2277 5142">
     <span class='ocr_line' id='line_1_116' title="bbox 2017 5077 2277 5142; baseline -0.012 -9"><span class='ocrx_word' id='word_1_805' title='bbox 2017 5077 2277 5142; x_wconf 88' lang='lat' dir='ltr'>curiosis,</span> 
     </span>
    </p>
   </div>
   <div class='ocr_carea' id='block_1_117' title="bbox 2087 5152 3719 5233">
    <p class='ocr_par' dir='ltr' id='par_1_117' title="bbox 2087 5152 3719 5233">
     <span class='ocr_line' id='line_1_117' title="bbox 2087 5152 3719 5233; baseline -0.009 -13"><span class='ocrx_word' id='word_1_806' title='bbox 2087 5169 2175 5221; x_wconf 68' lang='lat'>43.</span> <span class='ocrx_word' id='word_1_807' title='bbox 2211 5168 2273 5219; x_wconf 92' lang='lat' dir='ltr'>In</span> <span class='ocrx_word' id='word_1_808' title='bbox 2296 5165 2384 5218; x_wconf 91' lang='lat' dir='ltr'>his</span> <span class='ocrx_word' id='word_1_809' title='bbox 2403 5163 2579 5233; x_wconf 89' lang='lat' dir='ltr'>igitur</span> <span class='ocrx_word' id='word_1_810' title='bbox 2609 5160 2877 5216; x_wconf 90' lang='lat' dir='ltr'>omnibus</span> <span class='ocrx_word' id='word_1_811' title='bbox 2916 5158 3229 5231; x_wconf 90' lang='lat' dir='ltr'>disciplinis</span> <span class='ocrx_word' id='word_1_812' title='bbox 3268 5156 3636 5211; x_wconf 89' lang='lat' dir='ltr'>occurrebant</span> <span class='ocrx_word' id='word_1_813' title='bbox 3667 5152 3719 5207; x_wconf 89' lang='lat' dir='ltr'>ei</span> 
     </span>
    </p>
   </div>
   <div class='ocr_carea' id='block_1_118' title="bbox 2020 5242 3720 5321">
    <p class='ocr_par' dir='ltr' id='par_1_118' title="bbox 2020 5242 3720 5321">
     <span class='ocr_line' id='line_1_118' title="bbox 2020 5242 3720 5321; baseline -0.009 -12"><span class='ocrx_word' id='word_1_814' title='bbox 2020 5255 2212 5309; x_wconf 90' lang='lat' dir='ltr'>omnia</span> <span class='ocrx_word' id='word_1_815' title='bbox 2246 5268 2573 5315; x_wconf 87' lang='lat' dir='ltr'>numerosa,</span> <span class='ocrx_word' id='word_1_816' title='bbox 2609 5267 2737 5321; x_wconf 65' lang='lat' dir='ltr'>quas</span> <span class='ocrx_word' id='word_1_817' title='bbox 2770 5255 2962 5303; x_wconf 87' lang='lat' dir='ltr'>tamen</span> <span class='ocrx_word' id='word_1_818' title='bbox 3011 5249 3071 5302; x_wconf 92' lang='lat' dir='ltr'>in</span> <span class='ocrx_word' id='word_1_819' title='bbox 3103 5248 3214 5301; x_wconf 89' lang='lat' dir='ltr'>illis</span> <span class='ocrx_word' id='word_1_820' title='bbox 3264 5242 3720 5301; x_wconf 88' lang='lat' dir='ltr'>dimensionibus</span> 
     </span>
    </p>
   </div>
   <div class='ocr_carea' id='block_1_119' title="bbox 2021 5332 3719 5409">
    <p class='ocr_par' dir='ltr' id='par_1_119' title="bbox 2021 5332 3719 5409">
     <span class='ocr_line' id='line_1_119' title="bbox 2021 5332 3719 5409; baseline -0.009 -13"><span class='ocrx_word' id='word_1_821' title='bbox 2021 5341 2378 5396; x_wconf 89' lang='lat' dir='ltr'>manifestius</span> <span class='ocrx_word' id='word_1_822' title='bbox 2410 5340 2761 5405; x_wconf 90' lang='lat' dir='ltr'>eminebant,</span> <span class='ocrx_word' id='word_1_823' title='bbox 2779 5339 2990 5409; x_wconf 85' lang='lat' dir='ltr'>quasin</span> <span class='ocrx_word' id='word_1_824' title='bbox 3020 5338 3202 5408; x_wconf 92' lang='lat' dir='ltr'>seipsa</span> <span class='ocrx_word' id='word_1_825' title='bbox 3223 5332 3526 5404; x_wconf 91' lang='lat' dir='ltr'>cogitando</span> <span class='ocrx_word' id='word_1_826' title='bbox 3547 5335 3719 5399; x_wconf 88' lang='lat' dir='ltr'>atque</span> 
     </span>
    </p>
   </div>
   <div class='ocr_carea' id='block_1_120' title="bbox 2022 5424 3719 5487">
    <p class='ocr_par' dir='ltr' id='par_1_120' title="bbox 2022 5424 3719 5487">
     <span class='ocr_line' id='line_1_120' title="bbox 2022 5424 3719 5487; baseline -0.009 -3"><span class='ocrx_word' id='word_1_827' title='bbox 2022 5430 2301 5484; x_wconf 89' lang='lat' dir='ltr'>volvendo</span> <span class='ocrx_word' id='word_1_828' title='bbox 2337 5428 2665 5483; x_wconf 89' lang='lat' dir='ltr'>intuebatur</span> <span class='ocrx_word' id='word_1_829' title='bbox 2715 5427 3077 5482; x_wconf 86' lang='lat' dir='ltr'>verissimas:</span> <span class='ocrx_word' id='word_1_830' title='bbox 3110 5426 3169 5478; x_wconf 91' lang='lat' dir='ltr'>in</span> <span class='ocrx_word' id='word_1_831' title='bbox 3217 5424 3304 5476; x_wconf 91' lang='lat' dir='ltr'>his</span> <span class='ocrx_word' id='word_1_832' title='bbox 3354 5424 3545 5474; x_wconf 88' lang='lat' dir='ltr'>autem</span> <span class='ocrx_word' id='word_1_833' title='bbox 3590 5433 3719 5487; x_wconf 82' lang='lat' dir='ltr'>quae</span> 
     </span>
    </p>
   </div>
   <div class='ocr_carea' id='block_1_121' title="bbox 2027 5507 3724 5587">
    <p class='ocr_par' dir='ltr' id='par_1_121' title="bbox 2027 5507 3724 5587">
     <span class='ocr_line' id='line_1_121' title="bbox 2027 5507 3724 5587; baseline -0.008 -15"><span class='ocrx_word' id='word_1_834' title='bbox 2027 5518 2376 5584; x_wconf 88' lang='lat' dir='ltr'>sentiuntur,</span> <span class='ocrx_word' id='word_1_835' title='bbox 2409 5516 2640 5572; x_wconf 89' lang='lat' dir='ltr'>umbras</span> <span class='ocrx_word' id='word_1_836' title='bbox 2671 5532 2866 5571; x_wconf 88' lang='lat' dir='ltr'>earum</span> <span class='ocrx_word' id='word_1_837' title='bbox 2897 5516 3084 5587; x_wconf 89' lang='lat' dir='ltr'>potius</span> <span class='ocrx_word' id='word_1_838' title='bbox 3113 5516 3283 5582; x_wconf 88' lang='lat' dir='ltr'>atque</span> <span class='ocrx_word' id='word_1_839' title='bbox 3303 5507 3540 5578; x_wconf 88' lang='lat' dir='ltr'>vestigia</span> <span class='ocrx_word' id='word_1_840' title='bbox 3571 5522 3724 5560; x_wconf 91' lang='lat' dir='ltr'>reco-</span> 
     </span>
    </p>
   </div>
  </div>
