  <div class='ocr_page' id='page_1' title='image "/cluster/home/n/w/nwhite01/storage/ocr_20150623/32/hvd.32044096580550/528.png"; bbox 0 0 4062 6188; ppageno 0'>
   <div class='ocr_carea' id='block_1_1' title="bbox 254 262 384 313">
    <p class='ocr_par' dir='ltr' id='par_1_1' title="bbox 254 262 384 313">
     <span class='ocr_line' id='line_1_1' title="bbox 254 262 384 313; baseline -0.015 0"><span class='ocrx_word' id='word_1_1' title='bbox 254 262 384 313; x_wconf 77' lang='grc'><strong><em>1017</em></strong></span> 
     </span>
    </p>
   </div>
   <div class='ocr_carea' id='block_1_2' title="bbox 249 382 1944 452">
    <p class='ocr_par' dir='ltr' id='par_1_2' title="bbox 249 382 1944 452">
     <span class='ocr_line' id='line_1_2' title="bbox 249 382 1944 452; baseline -0.001 -13"><span class='ocrx_word' id='word_1_2' title='bbox 249 384 475 439; x_wconf 85' lang='lat' dir='ltr'><strong><em>CAPUT</em></strong></span> <span class='ocrx_word' id='word_1_3' title='bbox 524 384 682 438; x_wconf 81' lang='lat' dir='ltr'><strong>XVII.</strong></span> <span class='ocrx_word' id='word_1_4' title='bbox 737 413 804 422; x_wconf 90' lang='lat'><strong>—</strong></span> <span class='ocrx_word' id='word_1_5' title='bbox 860 383 976 449; x_wconf 78' lang='lat' dir='ltr'><strong><em>Quo</em></strong></span> <span class='ocrx_word' id='word_1_6' title='bbox 1024 382 1213 436; x_wconf 81' lang='lat' dir='ltr'><strong><em>ordine</em></strong></span> <span class='ocrx_word' id='word_1_7' title='bbox 1266 384 1452 437; x_wconf 86' lang='lat' dir='ltr'><strong><em>anima</em></strong></span> <span class='ocrx_word' id='word_1_8' title='bbox 1498 384 1818 452; x_wconf 77' lang='lat' dir='ltr'><strong><em>provehitur</em></strong></span> <span class='ocrx_word' id='word_1_9' title='bbox 1870 384 1944 437; x_wconf 82' lang='lat' dir='ltr'><strong><em>ad</em></strong></span> 
     </span>
    </p>
   </div>
   <div class='ocr_carea' id='block_1_3' title="bbox 317 472 1945 541">
    <p class='ocr_par' dir='ltr' id='par_1_3' title="bbox 317 472 1945 541">
     <span class='ocr_line' id='line_1_3' title="bbox 317 472 1945 541; baseline -0.001 -13"><span class='ocrx_word' id='word_1_10' title='bbox 317 474 669 539; x_wconf 80' lang='lat' dir='ltr'><strong><em>cognitionem</em></strong></span> <span class='ocrx_word' id='word_1_11' title='bbox 697 474 784 527; x_wconf 86' lang='lat' dir='ltr'><strong><em>sui</em></strong></span> <span class='ocrx_word' id='word_1_12' title='bbox 831 476 882 527; x_wconf 91' lang='lat' dir='ltr'><strong><em>et</em></strong></span> <span class='ocrx_word' id='word_1_13' title='bbox 928 474 1103 541; x_wconf 80' lang='lat' dir='ltr'><strong><em>ipsius</em></strong></span> <span class='ocrx_word' id='word_1_14' title='bbox 1141 474 1389 527; x_wconf 74' lang='lat' dir='ltr'><strong><em>unitatis.</em></strong></span> <span class='ocrx_word' id='word_1_15' title='bbox 1442 472 1637 527; x_wconf 85' lang='lat' dir='ltr'><strong><em>Omnia</em></strong></span> <span class='ocrx_word' id='word_1_16' title='bbox 1673 474 1732 526; x_wconf 87' lang='lat' dir='ltr'><strong><em>in</em></strong></span> <span class='ocrx_word' id='word_1_17' title='bbox 1778 488 1945 528; x_wconf 81' lang='lat' dir='ltr'><strong><em>unum</em></strong></span> 
     </span>
    </p>
   </div>
   <div class='ocr_carea' id='block_1_4' title="bbox 321 561 564 616">
    <p class='ocr_par' dir='ltr' id='par_1_4' title="bbox 321 561 564 616">
     <span class='ocr_line' id='line_1_4' title="bbox 321 561 564 616; baseline -0.008 0"><span class='ocrx_word' id='word_1_18' title='bbox 321 561 564 616; x_wconf 82' lang='lat' dir='ltr'><strong><em>tendunt.</em></strong></span> 
     </span>
    </p>
   </div>
   <div class='ocr_carea' id='block_1_5' title="bbox 318 648 1942 720">
    <p class='ocr_par' dir='ltr' id='par_1_5' title="bbox 318 648 1942 720">
     <span class='ocr_line' id='line_1_5' title="bbox 318 648 1942 720; baseline -0.001 -16"><span class='ocrx_word' id='word_1_19' title='bbox 318 652 406 705; x_wconf 80' lang='grc'><strong><em>47.</em></strong></span> <span class='ocrx_word' id='word_1_20' title='bbox 440 651 502 703; x_wconf 84' lang='lat' dir='ltr'><strong><em>Et</em></strong></span> <span class='ocrx_word' id='word_1_21' title='bbox 529 665 601 703; x_wconf 90' lang='lat' dir='ltr'><strong><em>ne</em></strong></span> <span class='ocrx_word' id='word_1_22' title='bbox 647 649 953 720; x_wconf 83' lang='lat' dir='ltr'><strong><em>quisquam</em></strong></span> <span class='ocrx_word' id='word_1_23' title='bbox 986 648 1324 703; x_wconf 89' lang='lat' dir='ltr'><strong><em>latissimum</em></strong></span> <span class='ocrx_word' id='word_1_24' title='bbox 1357 649 1575 720; x_wconf 89' lang='lat' dir='ltr'><strong><em>aliquid</em></strong></span> <span class='ocrx_word' id='word_1_25' title='bbox 1629 666 1734 704; x_wconf 92' lang='lat' dir='ltr'><strong><em>nos</em></strong></span> <span class='ocrx_word' id='word_1_26' title='bbox 1786 666 1942 704; x_wconf 87' lang='lat' dir='ltr'><strong><em>com-</em></strong></span> 
     </span>
    </p>
   </div>
   <div class='ocr_carea' id='block_1_6' title="bbox 247 737 1939 809">
    <p class='ocr_par' dir='ltr' id='par_1_6' title="bbox 247 737 1939 809">
     <span class='ocr_line' id='line_1_6' title="bbox 247 737 1939 809; baseline 0.001 -18"><span class='ocrx_word' id='word_1_27' title='bbox 247 738 447 808; x_wconf 82' lang='lat' dir='ltr'><strong><em>plexos</em></strong></span> <span class='ocrx_word' id='word_1_28' title='bbox 478 753 598 791; x_wconf 89' lang='lat' dir='ltr'><strong><em>esse</em></strong></span> <span class='ocrx_word' id='word_1_29' title='bbox 616 738 944 802; x_wconf 76' lang='lat' dir='ltr'><strong><em>arbitretur,</em></strong></span> <span class='ocrx_word' id='word_1_30' title='bbox 968 737 1074 791; x_wconf 91' lang='lat' dir='ltr'><strong><em>hoc</em></strong></span> <span class='ocrx_word' id='word_1_31' title='bbox 1094 737 1217 791; x_wconf 87' lang='lat' dir='ltr'><strong><em>dico</em></strong></span> <span class='ocrx_word' id='word_1_32' title='bbox 1238 738 1466 808; x_wconf 86' lang='lat' dir='ltr'><strong><em>planius</em></strong></span> <span class='ocrx_word' id='word_1_33' title='bbox 1495 742 1665 809; x_wconf 89' lang='lat' dir='ltr'><strong><em>atque</em></strong></span> <span class='ocrx_word' id='word_1_34' title='bbox 1692 738 1939 794; x_wconf 80' lang='lat' dir='ltr'><strong><em>brevius.</em></strong></span> 
     </span>
    </p>
   </div>
   <div class='ocr_carea' id='block_1_7' title="bbox 248 825 1945 897">
    <p class='ocr_par' dir='ltr' id='par_1_7' title="bbox 248 825 1945 897">
     <span class='ocr_line' id='line_1_7' title="bbox 248 825 1945 897; baseline 0.001 -18"><span class='ocrx_word' id='word_1_35' title='bbox 248 826 335 879; x_wconf 78' lang='lat' dir='ltr'><strong><em>Ad</em></strong></span> <span class='ocrx_word' id='word_1_36' title='bbox 365 825 605 879; x_wconf 88' lang='lat' dir='ltr'><strong><em>istarum</em></strong></span> <span class='ocrx_word' id='word_1_37' title='bbox 637 841 827 879; x_wconf 90' lang='lat' dir='ltr'><strong><em>rerum</em></strong></span> <span class='ocrx_word' id='word_1_38' title='bbox 858 825 1239 895; x_wconf 75' lang='lat' dir='ltr'><strong><em>cognitionem</em></strong></span> <span class='ocrx_word' id='word_1_39' title='bbox 1260 825 1547 879; x_wconf 89' lang='lat' dir='ltr'><strong><em>neminem</em></strong></span> <span class='ocrx_word' id='word_1_40' title='bbox 1571 826 1821 897; x_wconf 83' lang='lat' dir='ltr'><strong><em>aspirare</em></strong></span> <span class='ocrx_word' id='word_1_41' title='bbox 1854 827 1945 880; x_wconf 90' lang='lat' dir='ltr'><strong><em>de-</em></strong></span> 
     </span>
    </p>
   </div>
   <div class='ocr_carea' id='block_1_8' title="bbox 247 911 1944 983">
    <p class='ocr_par' dir='ltr' id='par_1_8' title="bbox 247 911 1944 983">
     <span class='ocr_line' id='line_1_8' title="bbox 247 911 1944 983; baseline -0.001 -17"><span class='ocrx_word' id='word_1_42' title='bbox 247 913 383 967; x_wconf 89' lang='lat' dir='ltr'><strong><em>bere</em></strong></span> <span class='ocrx_word' id='word_1_43' title='bbox 414 911 534 965; x_wconf 89' lang='lat' dir='ltr'><strong><em>sine</em></strong></span> <span class='ocrx_word' id='word_1_44' title='bbox 559 911 658 965; x_wconf 90' lang='lat' dir='ltr'><strong><em>illa</em></strong></span> <span class='ocrx_word' id='word_1_45' title='bbox 688 911 853 983; x_wconf 90' lang='lat' dir='ltr'><strong><em>quasi</em></strong></span> <span class='ocrx_word' id='word_1_46' title='bbox 885 912 1100 982; x_wconf 85' lang='lat' dir='ltr'><strong><em>duplici</em></strong></span> <span class='ocrx_word' id='word_1_47' title='bbox 1128 912 1363 966; x_wconf 81' lang='lat' dir='ltr'><strong><em>scientia</em></strong></span> <span class='ocrx_word' id='word_1_48' title='bbox 1393 913 1560 967; x_wconf 68' lang='lat' dir='ltr'><strong><em>bonze</em></strong></span> <span class='ocrx_word' id='word_1_49' title='bbox 1607 913 1944 983; x_wconf 86' lang='lat' dir='ltr'><strong><em>disputatio-</em></strong></span> 
     </span>
    </p>
   </div>
   <div class='ocr_carea' id='block_1_9' title="bbox 249 999 1944 1071">
    <p class='ocr_par' dir='ltr' id='par_1_9' title="bbox 249 999 1944 1071">
     <span class='ocr_line' id='line_1_9' title="bbox 249 999 1944 1071; baseline 0 -16"><span class='ocrx_word' id='word_1_50' title='bbox 249 1000 364 1069; x_wconf 88' lang='lat' dir='ltr'><strong><em>nis,</em></strong></span> <span class='ocrx_word' id='word_1_51' title='bbox 393 999 783 1071; x_wconf 72' lang='lat' dir='ltr'><strong><em>potentiazque</em></strong></span> <span class='ocrx_word' id='word_1_52' title='bbox 813 1016 1205 1054; x_wconf 90' lang='lat' dir='ltr'><strong><em>numerorum.</em></strong></span> <span class='ocrx_word' id='word_1_53' title='bbox 1241 1000 1299 1055; x_wconf 90' lang='lat' dir='ltr'><strong><em>Si</em></strong></span> <span class='ocrx_word' id='word_1_54' title='bbox 1331 1001 1458 1071; x_wconf 93' lang='lat' dir='ltr'><strong><em>quis</em></strong></span> <span class='ocrx_word' id='word_1_55' title='bbox 1489 1002 1665 1055; x_wconf 91' lang='lat' dir='ltr'><strong><em>etiam</em></strong></span> <span class='ocrx_word' id='word_1_56' title='bbox 1691 1002 1796 1055; x_wconf 91' lang='lat' dir='ltr'><strong><em>hoc</em></strong></span> <span class='ocrx_word' id='word_1_57' title='bbox 1814 1002 1944 1071; x_wconf 92' lang='lat' dir='ltr'><strong><em>plu-</em></strong></span> 
     </span>
    </p>
   </div>
   <div class='ocr_carea' id='block_1_10' title="bbox 251 1087 1947 1160">
    <p class='ocr_par' dir='ltr' id='par_1_10' title="bbox 251 1087 1947 1160">
     <span class='ocr_line' id='line_1_10' title="bbox 251 1087 1947 1160; baseline 0.001 -18"><span class='ocrx_word' id='word_1_58' title='bbox 251 1087 464 1142; x_wconf 89' lang='lat' dir='ltr'><strong><em>rimum</em></strong></span> <span class='ocrx_word' id='word_1_59' title='bbox 508 1092 689 1159; x_wconf 83' lang='lat' dir='ltr'><strong><em>putat,</em></strong></span> <span class='ocrx_word' id='word_1_60' title='bbox 744 1089 892 1142; x_wconf 92' lang='lat' dir='ltr'><strong><em>solos</em></strong></span> <span class='ocrx_word' id='word_1_61' title='bbox 957 1105 1223 1143; x_wconf 87' lang='lat' dir='ltr'><strong><em>numeros</em></strong></span> <span class='ocrx_word' id='word_1_62' title='bbox 1289 1090 1503 1160; x_wconf 89' lang='lat' dir='ltr'><strong><em>optime</em></strong></span> <span class='ocrx_word' id='word_1_63' title='bbox 1553 1090 1793 1156; x_wconf 88' lang='lat' dir='ltr'><strong><em>noverit,</em></strong></span> <span class='ocrx_word' id='word_1_64' title='bbox 1850 1094 1947 1144; x_wconf 86' lang='lat' dir='ltr'><strong><em>aut</em></strong></span> 
     </span>
    </p>
   </div>
   <div class='ocr_carea' id='block_1_11' title="bbox 252 1176 1945 1245">
    <p class='ocr_par' dir='ltr' id='par_1_11' title="bbox 252 1176 1945 1245">
     <span class='ocr_line' id='line_1_11' title="bbox 252 1176 1945 1245; baseline 0.002 -15"><span class='ocrx_word' id='word_1_65' title='bbox 252 1178 431 1230; x_wconf 88' lang='lat' dir='ltr'><strong><em>solam</em></strong></span> <span class='ocrx_word' id='word_1_66' title='bbox 483 1176 852 1231; x_wconf 77' lang='lat' dir='ltr'><strong><em>dialecticam.</em></strong></span> <span class='ocrx_word' id='word_1_67' title='bbox 910 1177 969 1232; x_wconf 89' lang='lat' dir='ltr'><strong><em>Si</em></strong></span> <span class='ocrx_word' id='word_1_68' title='bbox 998 1182 1053 1231; x_wconf 91' lang='lat' dir='ltr'><strong><em>et</em></strong></span> <span class='ocrx_word' id='word_1_69' title='bbox 1099 1179 1207 1232; x_wconf 91' lang='lat' dir='ltr'><strong><em>hoc</em></strong></span> <span class='ocrx_word' id='word_1_70' title='bbox 1239 1177 1532 1232; x_wconf 82' lang='lat' dir='ltr'><strong><em>inﬁnitum</em></strong></span> <span class='ocrx_word' id='word_1_71' title='bbox 1560 1183 1663 1245; x_wconf 88' lang='lat' dir='ltr'><strong><em>est,</em></strong></span> <span class='ocrx_word' id='word_1_72' title='bbox 1722 1183 1945 1233; x_wconf 88' lang='lat' dir='ltr'><strong><em>tantum</em></strong></span> 
     </span>
    </p>
   </div>
   <div class='ocr_carea' id='block_1_12' title="bbox 251 1266 1945 1338">
    <p class='ocr_par' dir='ltr' id='par_1_12' title="bbox 251 1266 1945 1338">
     <span class='ocr_line' id='line_1_12' title="bbox 251 1266 1945 1338; baseline 0.001 -20"><span class='ocrx_word' id='word_1_73' title='bbox 251 1266 499 1337; x_wconf 79' lang='lat' dir='ltr'><strong><em>perfecte</em></strong></span> <span class='ocrx_word' id='word_1_74' title='bbox 523 1266 662 1319; x_wconf 84' lang='lat' dir='ltr'><strong><em>sciat</em></strong></span> <span class='ocrx_word' id='word_1_75' title='bbox 690 1266 831 1337; x_wconf 91' lang='lat' dir='ltr'><strong><em>quid</em></strong></span> <span class='ocrx_word' id='word_1_76' title='bbox 861 1266 927 1320; x_wconf 90' lang='lat' dir='ltr'><strong><em>sit</em></strong></span> <span class='ocrx_word' id='word_1_77' title='bbox 950 1282 1127 1319; x_wconf 91' lang='lat' dir='ltr'><strong><em>unum</em></strong></span> <span class='ocrx_word' id='word_1_78' title='bbox 1154 1267 1215 1320; x_wconf 89' lang='lat' dir='ltr'><strong><em>in</em></strong></span> <span class='ocrx_word' id='word_1_79' title='bbox 1245 1268 1519 1335; x_wconf 85' lang='lat' dir='ltr'><strong><em>numeris,</em></strong></span> <span class='ocrx_word' id='word_1_80' title='bbox 1549 1273 1945 1338; x_wconf 90' lang='lat' dir='ltr'><strong><em>quantumque</em></strong></span> 
     </span>
    </p>
   </div>
   <div class='ocr_carea' id='block_1_13' title="bbox 253 1354 1947 1426">
    <p class='ocr_par' dir='ltr' id='par_1_13' title="bbox 253 1354 1947 1426">
     <span class='ocr_line' id='line_1_13' title="bbox 253 1354 1947 1426; baseline 0.002 -20"><span class='ocrx_word' id='word_1_81' title='bbox 253 1355 462 1419; x_wconf 81' lang='lat' dir='ltr'><strong><em>valeat;</em></strong></span> <span class='ocrx_word' id='word_1_82' title='bbox 496 1354 754 1408; x_wconf 91' lang='lat' dir='ltr'><strong><em>nondum</em></strong></span> <span class='ocrx_word' id='word_1_83' title='bbox 778 1354 836 1407; x_wconf 90' lang='lat' dir='ltr'><strong><em>in</em></strong></span> <span class='ocrx_word' id='word_1_84' title='bbox 866 1354 961 1407; x_wconf 88' lang='lat' dir='ltr'><strong><em>illa</em></strong></span> <span class='ocrx_word' id='word_1_85' title='bbox 979 1371 1207 1409; x_wconf 90' lang='lat' dir='ltr'><strong><em>summa</em></strong></span> <span class='ocrx_word' id='word_1_86' title='bbox 1229 1357 1351 1426; x_wconf 89' lang='lat' dir='ltr'><strong><em>lege</em></strong></span> <span class='ocrx_word' id='word_1_87' title='bbox 1372 1372 1715 1426; x_wconf 90' lang='lat' dir='ltr'><strong><em>summoque</em></strong></span> <span class='ocrx_word' id='word_1_88' title='bbox 1748 1356 1947 1409; x_wconf 86' lang='lat' dir='ltr'><strong><em>ordine</em></strong></span> 
     </span>
    </p>
   </div>
   <div class='ocr_carea' id='block_1_14' title="bbox 255 1444 1945 1517">
    <p class='ocr_par' dir='ltr' id='par_1_14' title="bbox 255 1444 1945 1517">
     <span class='ocr_line' id='line_1_14' title="bbox 255 1444 1945 1517; baseline 0.002 -21"><span class='ocrx_word' id='word_1_89' title='bbox 255 1460 448 1497; x_wconf 90' lang='lat' dir='ltr'><strong><em>rerum</em></strong></span> <span class='ocrx_word' id='word_1_90' title='bbox 479 1445 761 1511; x_wconf 88' lang='lat' dir='ltr'><strong><em>omnium,</em></strong></span> <span class='ocrx_word' id='word_1_91' title='bbox 789 1444 887 1498; x_wconf 88' lang='lat' dir='ltr'><strong><em>sed</em></strong></span> <span class='ocrx_word' id='word_1_92' title='bbox 910 1444 970 1497; x_wconf 91' lang='lat' dir='ltr'><strong><em>in</em></strong></span> <span class='ocrx_word' id='word_1_93' title='bbox 1000 1444 1068 1498; x_wconf 90' lang='lat' dir='ltr'><strong><em>iis</em></strong></span> <span class='ocrx_word' id='word_1_94' title='bbox 1093 1462 1221 1515; x_wconf 69' lang='lat' dir='ltr'><strong><em>qum</em></strong></span> <span class='ocrx_word' id='word_1_95' title='bbox 1252 1446 1505 1516; x_wconf 86' lang='lat' dir='ltr'><strong><em>quotidie</em></strong></span> <span class='ocrx_word' id='word_1_96' title='bbox 1537 1446 1747 1517; x_wconf 89' lang='lat' dir='ltr'><strong><em>passim</em></strong></span> <span class='ocrx_word' id='word_1_97' title='bbox 1775 1446 1945 1500; x_wconf 85' lang='lat' dir='ltr'><strong><em>senti-</em></strong></span> 
     </span>
    </p>
   </div>
   <div class='ocr_carea' id='block_1_15' title="bbox 254 1531 1946 1602">
    <p class='ocr_par' dir='ltr' id='par_1_15' title="bbox 254 1531 1946 1602">
     <span class='ocr_line' id='line_1_15' title="bbox 254 1531 1946 1602; baseline 0.004 -20"><span class='ocrx_word' id='word_1_98' title='bbox 254 1545 384 1583; x_wconf 87' lang='lat' dir='ltr'><strong><em>mus</em></strong></span> <span class='ocrx_word' id='word_1_99' title='bbox 426 1538 599 1601; x_wconf 88' lang='lat' dir='ltr'><strong><em>atque</em></strong></span> <span class='ocrx_word' id='word_1_100' title='bbox 641 1531 883 1602; x_wconf 83' lang='lat' dir='ltr'><strong><em>agimus.</em></strong></span> <span class='ocrx_word' id='word_1_101' title='bbox 936 1532 1152 1601; x_wconf 84' lang='lat' dir='ltr'><strong><em>Excipit</em></strong></span> <span class='ocrx_word' id='word_1_102' title='bbox 1197 1533 1353 1587; x_wconf 89' lang='lat' dir='ltr'><strong><em>enim</em></strong></span> <span class='ocrx_word' id='word_1_103' title='bbox 1386 1535 1532 1588; x_wconf 88' lang='lat' dir='ltr'><strong><em>hanc</em></strong></span> <span class='ocrx_word' id='word_1_104' title='bbox 1561 1534 1946 1588; x_wconf 87' lang='lat' dir='ltr'><strong><em>eruditionem</em></strong></span> 
     </span>
    </p>
   </div>
   <div class='ocr_carea' id='block_1_16' title="bbox 248 1618 1947 1693">
    <p class='ocr_par' dir='ltr' id='par_1_16' title="bbox 248 1618 1947 1693">
     <span class='ocr_line' id='line_1_16' title="bbox 248 1618 1947 1693; baseline 0.004 -22"><span class='ocrx_word' id='word_1_105' title='bbox 248 1618 370 1688; x_wconf 90' lang='lat' dir='ltr'><strong><em>jam</em></strong></span> <span class='ocrx_word' id='word_1_106' title='bbox 400 1619 520 1689; x_wconf 90' lang='lat' dir='ltr'><strong><em>ipsa</em></strong></span> <span class='ocrx_word' id='word_1_107' title='bbox 560 1620 939 1690; x_wconf 65' lang='lat' dir='ltr'><strong><em>philosophiae</em></strong></span> <span class='ocrx_word' id='word_1_108' title='bbox 986 1620 1306 1688; x_wconf 88' lang='lat' dir='ltr'><strong><em>disciplina,</em></strong></span> <span class='ocrx_word' id='word_1_109' title='bbox 1356 1627 1412 1675; x_wconf 90' lang='lat' dir='ltr'><strong><em>et</em></strong></span> <span class='ocrx_word' id='word_1_110' title='bbox 1440 1622 1500 1676; x_wconf 90' lang='lat' dir='ltr'><strong><em>in</em></strong></span> <span class='ocrx_word' id='word_1_111' title='bbox 1532 1640 1599 1676; x_wconf 91' lang='lat' dir='ltr'><strong><em>ea</em></strong></span> <span class='ocrx_word' id='word_1_112' title='bbox 1638 1623 1779 1677; x_wconf 84' lang='lat' dir='ltr'><strong><em>nihil</em></strong></span> <span class='ocrx_word' id='word_1_113' title='bbox 1819 1625 1947 1693; x_wconf 89' lang='lat' dir='ltr'><strong><em>plus</em></strong></span> 
     </span>
    </p>
   </div>
   <div class='ocr_carea' id='block_1_17' title="bbox 252 1706 1943 1781">
    <p class='ocr_par' dir='ltr' id='par_1_17' title="bbox 252 1706 1943 1781">
     <span class='ocr_line' id='line_1_17' title="bbox 252 1706 1943 1781; baseline 0.002 -21"><span class='ocrx_word' id='word_1_114' title='bbox 252 1706 471 1760; x_wconf 83' lang='lat' dir='ltr'><strong><em>invenit</em></strong></span> <span class='ocrx_word' id='word_1_115' title='bbox 499 1722 671 1777; x_wconf 89' lang='lat' dir='ltr'><strong><em>quam</em></strong></span> <span class='ocrx_word' id='word_1_116' title='bbox 703 1707 841 1777; x_wconf 89' lang='lat' dir='ltr'><strong><em>quid</em></strong></span> <span class='ocrx_word' id='word_1_117' title='bbox 863 1707 936 1760; x_wconf 89' lang='lat' dir='ltr'><strong><em>sit</em></strong></span> <span class='ocrx_word' id='word_1_118' title='bbox 962 1724 1164 1777; x_wconf 89' lang='lat' dir='ltr'><strong><em>unum,</em></strong></span> <span class='ocrx_word' id='word_1_119' title='bbox 1195 1710 1293 1762; x_wconf 89' lang='lat' dir='ltr'><strong><em>sed</em></strong></span> <span class='ocrx_word' id='word_1_120' title='bbox 1324 1708 1496 1779; x_wconf 91' lang='lat' dir='ltr'><strong><em>longe</em></strong></span> <span class='ocrx_word' id='word_1_121' title='bbox 1540 1709 1709 1763; x_wconf 86' lang='lat' dir='ltr'><strong><em>altius</em></strong></span> <span class='ocrx_word' id='word_1_122' title='bbox 1741 1710 1943 1781; x_wconf 89' lang='lat' dir='ltr'><strong><em>longe-</em></strong></span> 
     </span>
    </p>
   </div>
   <div class='ocr_carea' id='block_1_18' title="bbox 252 1795 1944 1866">
    <p class='ocr_par' dir='ltr' id='par_1_18' title="bbox 252 1795 1944 1866">
     <span class='ocr_line' id='line_1_18' title="bbox 252 1795 1944 1866; baseline 0.002 -18"><span class='ocrx_word' id='word_1_123' title='bbox 252 1810 366 1864; x_wconf 90' lang='lat' dir='ltr'><strong><em>que</em></strong></span> <span class='ocrx_word' id='word_1_124' title='bbox 388 1795 653 1849; x_wconf 89' lang='lat' dir='ltr'><strong><em>divinius.</em></strong></span> <span class='ocrx_word' id='word_1_125' title='bbox 676 1796 847 1865; x_wconf 87' lang='lat' dir='ltr'><strong><em>Cujus</em></strong></span> <span class='ocrx_word' id='word_1_126' title='bbox 871 1796 1078 1866; x_wconf 82' lang='lat' dir='ltr'><strong><em>duplex</em></strong></span> <span class='ocrx_word' id='word_1_127' title='bbox 1102 1798 1342 1866; x_wconf 69' lang='lat' dir='ltr'><strong><em>quaestio</em></strong></span> <span class='ocrx_word' id='word_1_128' title='bbox 1368 1803 1481 1851; x_wconf 90' lang='lat' dir='ltr'><strong><em>est:</em></strong></span> <span class='ocrx_word' id='word_1_129' title='bbox 1506 1814 1618 1851; x_wconf 78' lang='lat' dir='ltr'><strong><em>una</em></strong></span> <span class='ocrx_word' id='word_1_130' title='bbox 1639 1798 1708 1852; x_wconf 92' lang='lat' dir='ltr'><strong><em>de</em></strong></span> <span class='ocrx_word' id='word_1_131' title='bbox 1732 1798 1944 1865; x_wconf 90' lang='lat' dir='ltr'><strong><em>anima,</em></strong></span> 
     </span>
    </p>
   </div>
   <div class='ocr_carea' id='block_1_19' title="bbox 252 1883 1947 1957">
    <p class='ocr_par' dir='ltr' id='par_1_19' title="bbox 252 1883 1947 1957">
     <span class='ocr_line' id='line_1_19' title="bbox 252 1883 1947 1957; baseline 0.002 -21"><span class='ocrx_word' id='word_1_132' title='bbox 252 1884 432 1937; x_wconf 88' lang='lat' dir='ltr'><strong><em>altera</em></strong></span> <span class='ocrx_word' id='word_1_133' title='bbox 461 1883 530 1937; x_wconf 89' lang='lat' dir='ltr'><strong><em>de</em></strong></span> <span class='ocrx_word' id='word_1_134' title='bbox 564 1885 699 1937; x_wconf 93' lang='lat' dir='ltr'><strong><em>Deo.</em></strong></span> <span class='ocrx_word' id='word_1_135' title='bbox 744 1883 938 1938; x_wconf 88' lang='lat' dir='ltr'><strong><em>Prima</em></strong></span> <span class='ocrx_word' id='word_1_136' title='bbox 968 1884 1139 1939; x_wconf 81' lang='lat' dir='ltr'><strong><em>efficit</em></strong></span> <span class='ocrx_word' id='word_1_137' title='bbox 1196 1890 1261 1939; x_wconf 90' lang='lat' dir='ltr'><strong><em>ut</em></strong></span> <span class='ocrx_word' id='word_1_138' title='bbox 1313 1886 1691 1957; x_wconf 80' lang='lat' dir='ltr'><strong><em>nosmetipsos</em></strong></span> <span class='ocrx_word' id='word_1_139' title='bbox 1725 1888 1947 1941; x_wconf 90' lang='lat' dir='ltr'><strong><em>noveri-</em></strong></span> 
     </span>
    </p>
   </div>
   <div class='ocr_carea' id='block_1_20' title="bbox 254 1971 1946 2042">
    <p class='ocr_par' dir='ltr' id='par_1_20' title="bbox 254 1971 1946 2042">
     <span class='ocr_line' id='line_1_20' title="bbox 254 1971 1946 2042; baseline 0.001 -17"><span class='ocrx_word' id='word_1_140' title='bbox 254 1986 410 2036; x_wconf 88' lang='lat' dir='ltr'><strong><em>mus;</em></strong></span> <span class='ocrx_word' id='word_1_141' title='bbox 442 1973 638 2038; x_wconf 87' lang='lat' dir='ltr'><strong><em>altera,</em></strong></span> <span class='ocrx_word' id='word_1_142' title='bbox 664 1977 727 2025; x_wconf 89' lang='lat' dir='ltr'><strong><em>ut</em></strong></span> <span class='ocrx_word' id='word_1_143' title='bbox 756 1971 1039 2042; x_wconf 87' lang='lat' dir='ltr'><strong><em>originem</em></strong></span> <span class='ocrx_word' id='word_1_144' title='bbox 1068 1978 1344 2029; x_wconf 90' lang='lat' dir='ltr'><strong><em>nostram.</em></strong></span> <span class='ocrx_word' id='word_1_145' title='bbox 1380 1976 1481 2028; x_wconf 85' lang='lat' dir='ltr'><strong><em>Illa</em></strong></span> <span class='ocrx_word' id='word_1_146' title='bbox 1510 1974 1674 2029; x_wconf 89' lang='lat' dir='ltr'><strong><em>nobis</em></strong></span> <span class='ocrx_word' id='word_1_147' title='bbox 1705 1975 1946 2041; x_wconf 90' lang='lat' dir='ltr'><strong><em>dulcior,</em></strong></span> 
     </span>
    </p>
   </div>
   <div class='ocr_carea' id='block_1_21' title="bbox 254 2059 1951 2131">
    <p class='ocr_par' dir='ltr' id='par_1_21' title="bbox 254 2059 1951 2131">
     <span class='ocr_line' id='line_1_21' title="bbox 254 2059 1951 2131; baseline 0.002 -19"><span class='ocrx_word' id='word_1_148' title='bbox 254 2059 361 2113; x_wconf 89' lang='lat' dir='ltr'><strong><em>ista</em></strong></span> <span class='ocrx_word' id='word_1_149' title='bbox 387 2060 639 2125; x_wconf 89' lang='lat' dir='ltr'><strong><em>charior;</em></strong></span> <span class='ocrx_word' id='word_1_150' title='bbox 671 2060 769 2113; x_wconf 90' lang='lat' dir='ltr'><strong><em>illa</em></strong></span> <span class='ocrx_word' id='word_1_151' title='bbox 813 2077 916 2115; x_wconf 89' lang='lat' dir='ltr'><strong><em>nos</em></strong></span> <span class='ocrx_word' id='word_1_152' title='bbox 960 2060 1165 2131; x_wconf 87' lang='lat' dir='ltr'><strong><em>dignos</em></strong></span> <span class='ocrx_word' id='word_1_153' title='bbox 1210 2063 1377 2117; x_wconf 88' lang='lat' dir='ltr'><strong><em>beata</em></strong></span> <span class='ocrx_word' id='word_1_154' title='bbox 1424 2063 1558 2129; x_wconf 89' lang='lat' dir='ltr'><strong><em>vita,</em></strong></span> <span class='ocrx_word' id='word_1_155' title='bbox 1605 2064 1801 2117; x_wconf 88' lang='lat' dir='ltr'><strong><em>beatos</em></strong></span> <span class='ocrx_word' id='word_1_156' title='bbox 1830 2064 1951 2117; x_wconf 70' lang='lat' dir='ltr'><strong><em>hrec</em></strong></span> 
     </span>
    </p>
   </div>
   <div class='ocr_carea' id='block_1_22' title="bbox 256 2147 1950 2221">
    <p class='ocr_par' dir='ltr' id='par_1_22' title="bbox 256 2147 1950 2221">
     <span class='ocr_line' id='line_1_22' title="bbox 256 2147 1950 2221; baseline 0.002 -19"><span class='ocrx_word' id='word_1_157' title='bbox 256 2147 420 2213; x_wconf 81' lang='lat' dir='ltr'><strong><em>facit;</em></strong></span> <span class='ocrx_word' id='word_1_158' title='bbox 453 2148 639 2218; x_wconf 89' lang='lat' dir='ltr'><strong><em>prima</em></strong></span> <span class='ocrx_word' id='word_1_159' title='bbox 669 2154 754 2203; x_wconf 92' lang='lat' dir='ltr'><strong><em>est</em></strong></span> <span class='ocrx_word' id='word_1_160' title='bbox 786 2148 884 2203; x_wconf 88' lang='lat' dir='ltr'><strong><em>illa</em></strong></span> <span class='ocrx_word' id='word_1_161' title='bbox 911 2148 1274 2218; x_wconf 86' lang='lat' dir='ltr'><strong><em>discentibus,</em></strong></span> <span class='ocrx_word' id='word_1_162' title='bbox 1317 2151 1426 2205; x_wconf 86' lang='lat' dir='ltr'><strong><em>ista</em></strong></span> <span class='ocrx_word' id='word_1_163' title='bbox 1458 2152 1581 2221; x_wconf 88' lang='lat' dir='ltr'><strong><em>jam</em></strong></span> <span class='ocrx_word' id='word_1_164' title='bbox 1612 2150 1815 2205; x_wconf 90' lang='lat' dir='ltr'><strong><em>doctis.</em></strong></span> <span class='ocrx_word' id='word_1_165' title='bbox 1854 2150 1950 2205; x_wconf 84' lang='lat' dir='ltr'><strong><em>Hic</em></strong></span> 
     </span>
    </p>
   </div>
   <div class='ocr_carea' id='block_1_23' title="bbox 258 2238 1950 2309">
    <p class='ocr_par' dir='ltr' id='par_1_23' title="bbox 258 2238 1950 2309">
     <span class='ocr_line' id='line_1_23' title="bbox 258 2238 1950 2309; baseline -0.001 -18"><span class='ocrx_word' id='word_1_166' title='bbox 258 2241 343 2291; x_wconf 89' lang='lat' dir='ltr'><strong><em>est</em></strong></span> <span class='ocrx_word' id='word_1_167' title='bbox 372 2238 507 2292; x_wconf 88' lang='lat' dir='ltr'><strong><em>ordo</em></strong></span> <span class='ocrx_word' id='word_1_168' title='bbox 552 2238 871 2292; x_wconf 86' lang='lat' dir='ltr'><strong><em>studiorum</em></strong></span> <span class='ocrx_word' id='word_1_169' title='bbox 922 2238 1239 2309; x_wconf 56' lang='lat' dir='ltr'><strong><em>sapientiae,</em></strong></span> <span class='ocrx_word' id='word_1_170' title='bbox 1272 2254 1375 2309; x_wconf 90' lang='lat' dir='ltr'><strong><em>per</em></strong></span> <span class='ocrx_word' id='word_1_171' title='bbox 1412 2255 1584 2309; x_wconf 89' lang='lat' dir='ltr'><strong><em>quem</em></strong></span> <span class='ocrx_word' id='word_1_172' title='bbox 1616 2239 1680 2292; x_wconf 83' lang='lat' dir='ltr'><strong><em>tit</em></strong></span> <span class='ocrx_word' id='word_1_173' title='bbox 1708 2238 1950 2309; x_wconf 89' lang='lat' dir='ltr'><strong><em>quisque</em></strong></span> 
     </span>
    </p>
   </div>
   <div class='ocr_carea' id='block_1_24' title="bbox 260 2324 1949 2397">
    <p class='ocr_par' dir='ltr' id='par_1_24' title="bbox 260 2324 1949 2397">
     <span class='ocr_line' id='line_1_24' title="bbox 260 2324 1949 2397; baseline -0.001 -18"><span class='ocrx_word' id='word_1_174' title='bbox 260 2324 499 2379; x_wconf 90' lang='lat' dir='ltr'><strong><em>idoneus</em></strong></span> <span class='ocrx_word' id='word_1_175' title='bbox 527 2327 596 2381; x_wconf 90' lang='lat' dir='ltr'><strong><em>ad</em></strong></span> <span class='ocrx_word' id='word_1_176' title='bbox 627 2327 1062 2397; x_wconf 90' lang='lat' dir='ltr'><strong><em>intelligendum</em></strong></span> <span class='ocrx_word' id='word_1_177' title='bbox 1091 2328 1349 2381; x_wconf 90' lang='lat' dir='ltr'><strong><em>ordinem</em></strong></span> <span class='ocrx_word' id='word_1_178' title='bbox 1382 2343 1595 2392; x_wconf 91' lang='lat' dir='ltr'><strong><em>rerum,</em></strong></span> <span class='ocrx_word' id='word_1_179' title='bbox 1653 2326 1709 2379; x_wconf 91' lang='lat' dir='ltr'><strong><em>id</em></strong></span> <span class='ocrx_word' id='word_1_180' title='bbox 1740 2330 1844 2389; x_wconf 89' lang='lat' dir='ltr'><strong><em>est,</em></strong></span> <span class='ocrx_word' id='word_1_181' title='bbox 1876 2324 1949 2377; x_wconf 92' lang='lat' dir='ltr'><strong><em>ad</em></strong></span> 
     </span>
    </p>
   </div>
   <div class='ocr_carea' id='block_1_25' title="bbox 260 2414 1949 2487">
    <p class='ocr_par' dir='ltr' id='par_1_25' title="bbox 260 2414 1949 2487">
     <span class='ocr_line' id='line_1_25' title="bbox 260 2414 1949 2487; baseline -0.002 -18"><span class='ocrx_word' id='word_1_182' title='bbox 260 2414 673 2484; x_wconf 89' lang='lat' dir='ltr'><strong><em>dignoscendos</em></strong></span> <span class='ocrx_word' id='word_1_183' title='bbox 703 2417 843 2469; x_wconf 91' lang='lat' dir='ltr'><strong><em>duos</em></strong></span> <span class='ocrx_word' id='word_1_184' title='bbox 870 2417 1136 2481; x_wconf 90' lang='lat' dir='ltr'><strong><em>mundos,</em></strong></span> <span class='ocrx_word' id='word_1_185' title='bbox 1162 2422 1219 2470; x_wconf 90' lang='lat' dir='ltr'><strong><em>et</em></strong></span> <span class='ocrx_word' id='word_1_186' title='bbox 1245 2416 1432 2487; x_wconf 89' lang='lat' dir='ltr'><strong><em>ipsum</em></strong></span> <span class='ocrx_word' id='word_1_187' title='bbox 1476 2420 1774 2485; x_wconf 89' lang='lat' dir='ltr'><strong><em>parentem</em></strong></span> <span class='ocrx_word' id='word_1_188' title='bbox 1819 2414 1949 2466; x_wconf 89' lang='lat' dir='ltr'><strong><em>uni-</em></strong></span> 
     </span>
    </p>
   </div>
   <div class='ocr_carea' id='block_1_26' title="bbox 224 2500 1952 2573">
    <p class='ocr_par' dir='ltr' id='par_1_26' title="bbox 224 2500 1952 2573">
     <span class='ocr_line' id='line_1_26' title="bbox 224 2500 1952 2573; baseline 0 -18"><span class='ocrx_word' id='word_1_189' title='bbox 224 2503 569 2573; x_wconf 52' lang='lat' dir='ltr'><strong><em>yversitatis;</em></strong></span> <span class='ocrx_word' id='word_1_190' title='bbox 617 2505 777 2573; x_wconf 88' lang='lat' dir='ltr'><strong><em>cujus</em></strong></span> <span class='ocrx_word' id='word_1_191' title='bbox 824 2504 981 2557; x_wconf 87' lang='lat' dir='ltr'><strong><em>nulla</em></strong></span> <span class='ocrx_word' id='word_1_192' title='bbox 1024 2504 1260 2557; x_wconf 89' lang='lat' dir='ltr'><strong><em>scientia</em></strong></span> <span class='ocrx_word' id='word_1_193' title='bbox 1324 2509 1409 2558; x_wconf 90' lang='lat' dir='ltr'><strong><em>est</em></strong></span> <span class='ocrx_word' id='word_1_194' title='bbox 1454 2504 1515 2557; x_wconf 90' lang='lat' dir='ltr'><strong><em>in</em></strong></span> <span class='ocrx_word' id='word_1_195' title='bbox 1565 2503 1779 2572; x_wconf 89' lang='lat' dir='ltr'><strong><em>anima,</em></strong></span> <span class='ocrx_word' id='word_1_196' title='bbox 1842 2500 1952 2555; x_wconf 90' lang='lat' dir='ltr'><strong><em>nisi</em></strong></span> 
     </span>
    </p>
   </div>
   <div class='ocr_carea' id='block_1_27' title="bbox 261 2590 1149 2661">
    <p class='ocr_par' dir='ltr' id='par_1_27' title="bbox 261 2590 1149 2661">
     <span class='ocr_line' id='line_1_27' title="bbox 261 2590 1149 2661; baseline 0.002 -18"><span class='ocrx_word' id='word_1_197' title='bbox 261 2590 403 2644; x_wconf 87' lang='lat' dir='ltr'><strong><em>scire</em></strong></span> <span class='ocrx_word' id='word_1_198' title='bbox 435 2592 724 2661; x_wconf 89' lang='lat' dir='ltr'><strong><em>quomodo</em></strong></span> <span class='ocrx_word' id='word_1_199' title='bbox 754 2607 884 2644; x_wconf 90' lang='lat' dir='ltr'><strong><em>eum</em></strong></span> <span class='ocrx_word' id='word_1_200' title='bbox 916 2591 1149 2645; x_wconf 90' lang='lat' dir='ltr'><strong><em>nesciat.</em></strong></span> 
     </span>
    </p>
   </div>
   <div class='ocr_carea' id='block_1_28' title="bbox 332 2676 1953 2749">
    <p class='ocr_par' dir='ltr' id='par_1_28' title="bbox 332 2676 1953 2749">
     <span class='ocr_line' id='line_1_28' title="bbox 332 2676 1953 2749; baseline -0.001 -17"><span class='ocrx_word' id='word_1_201' title='bbox 332 2682 420 2733; x_wconf 78' lang='grc'><strong><em>48.</em></strong></span> <span class='ocrx_word' id='word_1_202' title='bbox 456 2680 613 2732; x_wconf 88' lang='lat' dir='ltr'><strong><em>Hunc</em></strong></span> <span class='ocrx_word' id='word_1_203' title='bbox 636 2679 810 2749; x_wconf 89' lang='lat' dir='ltr'><strong><em>igitur</em></strong></span> <span class='ocrx_word' id='word_1_204' title='bbox 839 2678 1101 2733; x_wconf 87' lang='lat' dir='ltr'><strong><em>ordinem</em></strong></span> <span class='ocrx_word' id='word_1_205' title='bbox 1130 2683 1329 2732; x_wconf 90' lang='lat' dir='ltr'><strong><em>tenens</em></strong></span> <span class='ocrx_word' id='word_1_206' title='bbox 1380 2678 1574 2732; x_wconf 89' lang='lat' dir='ltr'><strong><em>anima</em></strong></span> <span class='ocrx_word' id='word_1_207' title='bbox 1614 2679 1737 2748; x_wconf 90' lang='lat' dir='ltr'><strong><em>jam</em></strong></span> <span class='ocrx_word' id='word_1_208' title='bbox 1769 2676 1953 2748; x_wconf 90' lang='lat' dir='ltr'><strong><em>philo-</em></strong></span> 
     </span>
    </p>
   </div>
   <div class='ocr_carea' id='block_1_29' title="bbox 259 2766 1949 2837">
    <p class='ocr_par' dir='ltr' id='par_1_29' title="bbox 259 2766 1949 2837">
     <span class='ocr_line' id='line_1_29' title="bbox 259 2766 1949 2837; baseline -0.001 -16"><span class='ocrx_word' id='word_1_209' title='bbox 259 2768 474 2837; x_wconf 73' lang='lat' dir='ltr'><strong><em>sophiae</em></strong></span> <span class='ocrx_word' id='word_1_210' title='bbox 508 2767 735 2835; x_wconf 85' lang='lat' dir='ltr'><strong><em>tradita,</em></strong></span> <span class='ocrx_word' id='word_1_211' title='bbox 766 2767 953 2837; x_wconf 91' lang='lat' dir='ltr'><strong><em>primo</em></strong></span> <span class='ocrx_word' id='word_1_212' title='bbox 1008 2766 1256 2837; x_wconf 90' lang='lat' dir='ltr'><strong><em>seipsam</em></strong></span> <span class='ocrx_word' id='word_1_213' title='bbox 1300 2766 1556 2836; x_wconf 90' lang='lat' dir='ltr'><strong><em>inspicit:</em></strong></span> <span class='ocrx_word' id='word_1_214' title='bbox 1611 2772 1669 2819; x_wconf 91' lang='lat' dir='ltr'><strong><em>et</em></strong></span> <span class='ocrx_word' id='word_1_215' title='bbox 1710 2768 1802 2819; x_wconf 90' lang='lat' dir='ltr'><strong><em>cui</em></strong></span> <span class='ocrx_word' id='word_1_216' title='bbox 1827 2768 1949 2835; x_wconf 88' lang='lat' dir='ltr'><strong><em>jam</em></strong></span> 
     </span>
    </p>
   </div>
   <div class='ocr_carea' id='block_1_30' title="bbox 260 2854 1954 2927">
    <p class='ocr_par' dir='ltr' id='par_1_30' title="bbox 260 2854 1954 2927">
     <span class='ocr_line' id='line_1_30' title="bbox 260 2854 1954 2927; baseline -0.001 -18"><span class='ocrx_word' id='word_1_217' title='bbox 260 2856 360 2910; x_wconf 89' lang='lat' dir='ltr'><strong><em>illa</em></strong></span> <span class='ocrx_word' id='word_1_218' title='bbox 389 2855 629 2910; x_wconf 85' lang='lat' dir='ltr'><strong><em>eruditio</em></strong></span> <span class='ocrx_word' id='word_1_219' title='bbox 672 2856 969 2927; x_wconf 88' lang='lat' dir='ltr'><strong><em>persuasit,</em></strong></span> <span class='ocrx_word' id='word_1_220' title='bbox 1026 2860 1123 2908; x_wconf 89' lang='lat' dir='ltr'><strong><em>aut</em></strong></span> <span class='ocrx_word' id='word_1_221' title='bbox 1171 2870 1354 2921; x_wconf 88' lang='lat' dir='ltr'><strong><em>suam,</em></strong></span> <span class='ocrx_word' id='word_1_222' title='bbox 1411 2859 1509 2908; x_wconf 88' lang='lat' dir='ltr'><strong><em>aut</em></strong></span> <span class='ocrx_word' id='word_1_223' title='bbox 1558 2854 1803 2924; x_wconf 89' lang='lat' dir='ltr'><strong><em>seipsam</em></strong></span> <span class='ocrx_word' id='word_1_224' title='bbox 1835 2870 1954 2908; x_wconf 90' lang='lat' dir='ltr'><strong><em>esse</em></strong></span> 
     </span>
    </p>
   </div>
   <div class='ocr_carea' id='block_1_31' title="bbox 260 2943 1957 3010">
    <p class='ocr_par' dir='ltr' id='par_1_31' title="bbox 260 2943 1957 3010">
     <span class='ocr_line' id='line_1_31' title="bbox 260 2943 1957 3010; baseline -0.001 -13"><span class='ocrx_word' id='word_1_225' title='bbox 260 2944 566 3010; x_wconf 88' lang='lat' dir='ltr'><strong><em>rationem,</em></strong></span> <span class='ocrx_word' id='word_1_226' title='bbox 616 2944 678 2998; x_wconf 92' lang='lat' dir='ltr'><strong><em>in</em></strong></span> <span class='ocrx_word' id='word_1_227' title='bbox 711 2945 931 2997; x_wconf 86' lang='lat' dir='ltr'><strong><em>ratione</em></strong></span> <span class='ocrx_word' id='word_1_228' title='bbox 962 2949 1154 2997; x_wconf 90' lang='lat' dir='ltr'><strong><em>autem</em></strong></span> <span class='ocrx_word' id='word_1_229' title='bbox 1205 2948 1303 2997; x_wconf 88' lang='lat' dir='ltr'><strong><em>aut</em></strong></span> <span class='ocrx_word' id='word_1_230' title='bbox 1332 2943 1476 2997; x_wconf 89' lang='lat' dir='ltr'><strong><em>nihil</em></strong></span> <span class='ocrx_word' id='word_1_231' title='bbox 1517 2960 1635 2996; x_wconf 91' lang='lat' dir='ltr'><strong><em>esse</em></strong></span> <span class='ocrx_word' id='word_1_232' title='bbox 1669 2944 1872 2996; x_wconf 89' lang='lat' dir='ltr'><strong><em>melius</em></strong></span> <span class='ocrx_word' id='word_1_233' title='bbox 1902 2946 1957 2996; x_wconf 88' lang='lat' dir='ltr'><strong><em>et</em></strong></span> 
     </span>
    </p>
   </div>
   <div class='ocr_carea' id='block_1_32' title="bbox 260 3032 1955 3103">
    <p class='ocr_par' dir='ltr' id='par_1_32' title="bbox 260 3032 1955 3103">
     <span class='ocr_line' id='line_1_32' title="bbox 260 3032 1955 3103; baseline -0.001 -16"><span class='ocrx_word' id='word_1_234' title='bbox 260 3034 557 3103; x_wconf 88' lang='lat' dir='ltr'><strong><em>potentius</em></strong></span> <span class='ocrx_word' id='word_1_235' title='bbox 587 3035 861 3098; x_wconf 89' lang='lat' dir='ltr'><strong><em>numeris,</em></strong></span> <span class='ocrx_word' id='word_1_236' title='bbox 894 3038 994 3087; x_wconf 87' lang='lat' dir='ltr'><strong><em>aut</em></strong></span> <span class='ocrx_word' id='word_1_237' title='bbox 1040 3032 1186 3087; x_wconf 89' lang='lat' dir='ltr'><strong><em>nihil</em></strong></span> <span class='ocrx_word' id='word_1_238' title='bbox 1219 3033 1373 3086; x_wconf 87' lang='lat' dir='ltr'><strong><em>aliud</em></strong></span> <span class='ocrx_word' id='word_1_239' title='bbox 1428 3049 1600 3103; x_wconf 90' lang='lat' dir='ltr'><strong><em>quam</em></strong></span> <span class='ocrx_word' id='word_1_240' title='bbox 1648 3048 1955 3085; x_wconf 88' lang='lat' dir='ltr'><strong><em>numerum</em></strong></span> 
     </span>
    </p>
   </div>
   <div class='ocr_carea' id='block_1_33' title="bbox 261 3120 1952 3192">
    <p class='ocr_par' dir='ltr' id='par_1_33' title="bbox 261 3120 1952 3192">
     <span class='ocr_line' id='line_1_33' title="bbox 261 3120 1952 3192; baseline -0.001 -18"><span class='ocrx_word' id='word_1_241' title='bbox 261 3137 383 3175; x_wconf 89' lang='lat' dir='ltr'><strong><em>esse</em></strong></span> <span class='ocrx_word' id='word_1_242' title='bbox 412 3122 721 3187; x_wconf 89' lang='lat' dir='ltr'><strong><em>rationem;</em></strong></span> <span class='ocrx_word' id='word_1_243' title='bbox 751 3122 829 3175; x_wconf 89' lang='lat' dir='ltr'><strong><em>ita</em></strong></span> <span class='ocrx_word' id='word_1_244' title='bbox 852 3137 1044 3175; x_wconf 90' lang='lat' dir='ltr'><strong><em>secum</em></strong></span> <span class='ocrx_word' id='word_1_245' title='bbox 1076 3121 1367 3192; x_wconf 86' lang='lat' dir='ltr'><strong><em>loquetur:</em></strong></span> <span class='ocrx_word' id='word_1_246' title='bbox 1402 3122 1517 3191; x_wconf 91' lang='lat' dir='ltr'><strong><em>Ego</em></strong></span> <span class='ocrx_word' id='word_1_247' title='bbox 1546 3120 1793 3192; x_wconf 90' lang='lat' dir='ltr'><strong><em>quodam</em></strong></span> <span class='ocrx_word' id='word_1_248' title='bbox 1827 3136 1952 3173; x_wconf 92' lang='lat' dir='ltr'><strong><em>meo</em></strong></span> 
     </span>
    </p>
   </div>
   <div class='ocr_carea' id='block_1_34' title="bbox 262 3209 1955 3280">
    <p class='ocr_par' dir='ltr' id='par_1_34' title="bbox 262 3209 1955 3280">
     <span class='ocr_line' id='line_1_34' title="bbox 262 3209 1955 3280; baseline -0.001 -17"><span class='ocrx_word' id='word_1_249' title='bbox 262 3215 426 3263; x_wconf 88' lang='lat' dir='ltr'><strong><em>motu</em></strong></span> <span class='ocrx_word' id='word_1_250' title='bbox 456 3209 723 3263; x_wconf 90' lang='lat' dir='ltr'><strong><em>interiore</em></strong></span> <span class='ocrx_word' id='word_1_251' title='bbox 754 3214 809 3262; x_wconf 90' lang='lat' dir='ltr'><strong><em>et</em></strong></span> <span class='ocrx_word' id='word_1_252' title='bbox 840 3210 1083 3277; x_wconf 90' lang='lat' dir='ltr'><strong><em>occulto,</em></strong></span> <span class='ocrx_word' id='word_1_253' title='bbox 1118 3225 1185 3262; x_wconf 90' lang='lat' dir='ltr'><strong><em>ea</em></strong></span> <span class='ocrx_word' id='word_1_254' title='bbox 1215 3225 1343 3280; x_wconf 61' lang='lat' dir='ltr'><strong><em>quae</em></strong></span> <span class='ocrx_word' id='word_1_255' title='bbox 1373 3209 1639 3263; x_wconf 90' lang='lat' dir='ltr'><strong><em>discenda</em></strong></span> <span class='ocrx_word' id='word_1_256' title='bbox 1667 3214 1800 3262; x_wconf 82' lang='lat' dir='ltr'><strong><em>sunt</em></strong></span> <span class='ocrx_word' id='word_1_257' title='bbox 1826 3226 1955 3279; x_wconf 89' lang='lat' dir='ltr'><strong><em>pos-</em></strong></span> 
     </span>
    </p>
   </div>
   <div class='ocr_carea' id='block_1_35' title="bbox 263 3297 1955 3363">
    <p class='ocr_par' dir='ltr' id='par_1_35' title="bbox 263 3297 1955 3363">
     <span class='ocr_line' id='line_1_35' title="bbox 263 3297 1955 3363; baseline 0 -12"><span class='ocrx_word' id='word_1_258' title='bbox 263 3314 394 3351; x_wconf 88' lang='lat' dir='ltr'><strong><em>sum</em></strong></span> <span class='ocrx_word' id='word_1_259' title='bbox 421 3299 739 3352; x_wconf 88' lang='lat' dir='ltr'><strong><em>discernere</em></strong></span> <span class='ocrx_word' id='word_1_260' title='bbox 767 3303 820 3351; x_wconf 90' lang='lat' dir='ltr'><strong><em>et</em></strong></span> <span class='ocrx_word' id='word_1_261' title='bbox 867 3302 1219 3363; x_wconf 87' lang='lat' dir='ltr'><strong><em>connectere,</em></strong></span> <span class='ocrx_word' id='word_1_262' title='bbox 1268 3302 1323 3351; x_wconf 91' lang='lat' dir='ltr'><strong><em>et</em></strong></span> <span class='ocrx_word' id='word_1_263' title='bbox 1366 3298 1487 3351; x_wconf 69' lang='lat' dir='ltr'><strong><em>haec</em></strong></span> <span class='ocrx_word' id='word_1_264' title='bbox 1531 3298 1615 3351; x_wconf 85' lang='lat' dir='ltr'><strong><em>vis</em></strong></span> <span class='ocrx_word' id='word_1_265' title='bbox 1647 3313 1774 3351; x_wconf 90' lang='lat' dir='ltr'><strong><em>mea</em></strong></span> <span class='ocrx_word' id='word_1_266' title='bbox 1811 3297 1955 3351; x_wconf 89' lang='lat' dir='ltr'><strong><em>ratio</em></strong></span> 
     </span>
    </p>
   </div>
   <div class='ocr_carea' id='block_1_36' title="bbox 264 3386 1958 3457">
    <p class='ocr_par' dir='ltr' id='par_1_36' title="bbox 264 3386 1958 3457">
     <span class='ocr_line' id='line_1_36' title="bbox 264 3386 1958 3457; baseline 0.002 -19"><span class='ocrx_word' id='word_1_267' title='bbox 264 3392 515 3440; x_wconf 84' lang='lat' dir='ltr'><strong><em>vocatur.</em></strong></span> <span class='ocrx_word' id='word_1_268' title='bbox 540 3386 685 3450; x_wconf 89' lang='lat' dir='ltr'><strong><em>Quid</em></strong></span> <span class='ocrx_word' id='word_1_269' title='bbox 718 3392 910 3440; x_wconf 89' lang='lat' dir='ltr'><strong><em>autem</em></strong></span> <span class='ocrx_word' id='word_1_270' title='bbox 938 3386 1379 3440; x_wconf 89' lang='lat' dir='ltr'><strong><em>discernendum</em></strong></span> <span class='ocrx_word' id='word_1_271' title='bbox 1411 3390 1513 3454; x_wconf 87' lang='lat' dir='ltr'><strong><em>est,</em></strong></span> <span class='ocrx_word' id='word_1_272' title='bbox 1539 3386 1650 3441; x_wconf 88' lang='lat' dir='ltr'><strong><em>nisi</em></strong></span> <span class='ocrx_word' id='word_1_273' title='bbox 1672 3386 1827 3457; x_wconf 92' lang='lat' dir='ltr'><strong><em>quod</em></strong></span> <span class='ocrx_word' id='word_1_274' title='bbox 1860 3392 1958 3441; x_wconf 90' lang='lat' dir='ltr'><strong><em>aut</em></strong></span> 
     </span>
    </p>
   </div>
   <div class='ocr_carea' id='block_1_37' title="bbox 265 3478 1957 3546">
    <p class='ocr_par' dir='ltr' id='par_1_37' title="bbox 265 3478 1957 3546">
     <span class='ocr_line' id='line_1_37' title="bbox 265 3478 1957 3546; baseline 0 -18"><span class='ocrx_word' id='word_1_275' title='bbox 265 3492 445 3529; x_wconf 91' lang='lat' dir='ltr'><strong><em>unum</em></strong></span> <span class='ocrx_word' id='word_1_276' title='bbox 478 3479 708 3546; x_wconf 85' lang='lat' dir='ltr'><strong><em>putatur</em></strong></span> <span class='ocrx_word' id='word_1_277' title='bbox 729 3481 786 3529; x_wconf 92' lang='lat' dir='ltr'><strong><em>et</em></strong></span> <span class='ocrx_word' id='word_1_278' title='bbox 806 3491 922 3529; x_wconf 92' lang='lat' dir='ltr'><strong><em>non</em></strong></span> <span class='ocrx_word' id='word_1_279' title='bbox 947 3478 1051 3539; x_wconf 90' lang='lat' dir='ltr'><strong><em>est,</em></strong></span> <span class='ocrx_word' id='word_1_280' title='bbox 1086 3480 1184 3528; x_wconf 90' lang='lat' dir='ltr'><strong><em>aut</em></strong></span> <span class='ocrx_word' id='word_1_281' title='bbox 1213 3479 1365 3528; x_wconf 86' lang='lat' dir='ltr'><strong><em>certe</em></strong></span> <span class='ocrx_word' id='word_1_282' title='bbox 1386 3491 1503 3528; x_wconf 90' lang='lat' dir='ltr'><strong><em>non</em></strong></span> <span class='ocrx_word' id='word_1_283' title='bbox 1526 3479 1642 3528; x_wconf 91' lang='lat' dir='ltr'><strong><em>tam</em></strong></span> <span class='ocrx_word' id='word_1_284' title='bbox 1670 3490 1851 3528; x_wconf 89' lang='lat' dir='ltr'><strong><em>unum</em></strong></span> <span class='ocrx_word' id='word_1_285' title='bbox 1873 3479 1957 3528; x_wconf 89' lang='lat' dir='ltr'><strong><em>est</em></strong></span> 
     </span>
    </p>
   </div>
   <div class='ocr_carea' id='block_1_38' title="bbox 265 3562 1957 3634">
    <p class='ocr_par' dir='ltr' id='par_1_38' title="bbox 265 3562 1957 3634">
     <span class='ocr_line' id='line_1_38' title="bbox 265 3562 1957 3634; baseline -0.001 -17"><span class='ocrx_word' id='word_1_286' title='bbox 265 3580 438 3634; x_wconf 89' lang='lat' dir='ltr'><strong><em>quam</em></strong></span> <span class='ocrx_word' id='word_1_287' title='bbox 470 3566 740 3634; x_wconf 79' lang='lat' dir='ltr'><strong><em>putatur?</em></strong></span> <span class='ocrx_word' id='word_1_288' title='bbox 764 3564 929 3632; x_wconf 91' lang='lat' dir='ltr'><strong><em>Item,</em></strong></span> <span class='ocrx_word' id='word_1_289' title='bbox 951 3579 1053 3617; x_wconf 93' lang='lat' dir='ltr'><strong><em>cur</em></strong></span> <span class='ocrx_word' id='word_1_290' title='bbox 1074 3563 1209 3634; x_wconf 93' lang='lat' dir='ltr'><strong><em>quid</em></strong></span> <span class='ocrx_word' id='word_1_291' title='bbox 1229 3564 1689 3617; x_wconf 89' lang='lat' dir='ltr'><strong><em>connectendum</em></strong></span> <span class='ocrx_word' id='word_1_292' title='bbox 1719 3567 1820 3628; x_wconf 89' lang='lat' dir='ltr'><strong><em>est,</em></strong></span> <span class='ocrx_word' id='word_1_293' title='bbox 1846 3562 1957 3615; x_wconf 90' lang='lat' dir='ltr'><strong><em>nisi</em></strong></span> 
     </span>
    </p>
   </div>
   <div class='ocr_carea' id='block_1_39' title="bbox 266 3650 1956 3723">
    <p class='ocr_par' dir='ltr' id='par_1_39' title="bbox 266 3650 1956 3723">
     <span class='ocr_line' id='line_1_39' title="bbox 266 3650 1956 3723; baseline -0.001 -18"><span class='ocrx_word' id='word_1_294' title='bbox 266 3656 329 3705; x_wconf 88' lang='lat' dir='ltr'><strong><em>ut</em></strong></span> <span class='ocrx_word' id='word_1_295' title='bbox 358 3668 537 3706; x_wconf 91' lang='lat' dir='ltr'><strong><em>unum</em></strong></span> <span class='ocrx_word' id='word_1_296' title='bbox 566 3652 687 3720; x_wconf 83' lang='lat' dir='ltr'><strong><em>ﬁat,</em></strong></span> <span class='ocrx_word' id='word_1_297' title='bbox 709 3659 989 3723; x_wconf 87' lang='lat' dir='ltr'><strong><em>quantum</em></strong></span> <span class='ocrx_word' id='word_1_298' title='bbox 1012 3652 1236 3721; x_wconf 84' lang='lat' dir='ltr'><strong><em>potest?</em></strong></span> <span class='ocrx_word' id='word_1_299' title='bbox 1263 3652 1405 3722; x_wconf 86' lang='lat' dir='ltr'><strong><em>Ergo</em></strong></span> <span class='ocrx_word' id='word_1_300' title='bbox 1426 3652 1557 3704; x_wconf 88' lang='lat' dir='ltr'><strong><em>etin</em></strong></span> <span class='ocrx_word' id='word_1_301' title='bbox 1579 3650 1956 3705; x_wconf 89' lang='lat' dir='ltr'><strong><em>discernendo</em></strong></span> 
     </span>
    </p>
   </div>
   <div class='ocr_carea' id='block_1_40' title="bbox 264 3738 1957 3805">
    <p class='ocr_par' dir='ltr' id='par_1_40' title="bbox 264 3738 1957 3805">
     <span class='ocr_line' id='line_1_40' title="bbox 264 3738 1957 3805; baseline -0.001 -11"><span class='ocrx_word' id='word_1_302' title='bbox 264 3741 411 3794; x_wconf 88' lang='lat' dir='ltr'><strong><em>etin</em></strong></span> <span class='ocrx_word' id='word_1_303' title='bbox 438 3740 845 3803; x_wconf 87' lang='lat' dir='ltr'><strong><em>connectendo,</em></strong></span> <span class='ocrx_word' id='word_1_304' title='bbox 895 3756 1073 3793; x_wconf 90' lang='lat' dir='ltr'><strong><em>unum</em></strong></span> <span class='ocrx_word' id='word_1_305' title='bbox 1124 3739 1271 3805; x_wconf 90' lang='lat' dir='ltr'><strong><em>volo,</em></strong></span> <span class='ocrx_word' id='word_1_306' title='bbox 1324 3743 1379 3793; x_wconf 90' lang='lat' dir='ltr'><strong><em>et</em></strong></span> <span class='ocrx_word' id='word_1_307' title='bbox 1426 3755 1607 3793; x_wconf 91' lang='lat' dir='ltr'><strong><em>unum</em></strong></span> <span class='ocrx_word' id='word_1_308' title='bbox 1655 3755 1806 3793; x_wconf 91' lang='lat' dir='ltr'><strong><em>amo.</em></strong></span> <span class='ocrx_word' id='word_1_309' title='bbox 1850 3738 1957 3793; x_wconf 92' lang='lat' dir='ltr'><strong><em>Sed</em></strong></span> 
     </span>
    </p>
   </div>
   <div class='ocr_carea' id='block_1_41' title="bbox 264 3828 1958 3899">
    <p class='ocr_par' dir='ltr' id='par_1_41' title="bbox 264 3828 1958 3899">
     <span class='ocr_line' id='line_1_41' title="bbox 264 3828 1958 3899; baseline -0.001 -17"><span class='ocrx_word' id='word_1_310' title='bbox 264 3845 397 3882; x_wconf 86' lang='lat' dir='ltr'><strong><em>cum</em></strong></span> <span class='ocrx_word' id='word_1_311' title='bbox 427 3829 706 3895; x_wconf 88' lang='lat' dir='ltr'><strong><em>discerno,</em></strong></span> <span class='ocrx_word' id='word_1_312' title='bbox 752 3832 1093 3899; x_wconf 89' lang='lat' dir='ltr'><strong><em>purgatum;</em></strong></span> <span class='ocrx_word' id='word_1_313' title='bbox 1147 3844 1277 3881; x_wconf 90' lang='lat' dir='ltr'><strong><em>cum</em></strong></span> <span class='ocrx_word' id='word_1_314' title='bbox 1320 3832 1616 3894; x_wconf 91' lang='lat' dir='ltr'><strong><em>connecto,</em></strong></span> <span class='ocrx_word' id='word_1_315' title='bbox 1666 3828 1958 3898; x_wconf 89' lang='lat' dir='ltr'><strong><em>integrum</em></strong></span> 
     </span>
    </p>
   </div>
   <div class='ocr_carea' id='block_1_42' title="bbox 264 3915 1956 3988">
    <p class='ocr_par' dir='ltr' id='par_1_42' title="bbox 264 3915 1956 3988">
     <span class='ocr_line' id='line_1_42' title="bbox 264 3915 1956 3988; baseline -0.001 -17"><span class='ocrx_word' id='word_1_316' title='bbox 264 3918 410 3972; x_wconf 90' lang='lat' dir='ltr'><strong><em>volo.</em></strong></span> <span class='ocrx_word' id='word_1_317' title='bbox 444 3919 506 3971; x_wconf 91' lang='lat' dir='ltr'><strong><em>In</em></strong></span> <span class='ocrx_word' id='word_1_318' title='bbox 538 3918 636 3972; x_wconf 90' lang='lat' dir='ltr'><strong><em>illa</em></strong></span> <span class='ocrx_word' id='word_1_319' title='bbox 657 3922 815 3988; x_wconf 90' lang='lat' dir='ltr'><strong><em>parte</em></strong></span> <span class='ocrx_word' id='word_1_320' title='bbox 846 3918 1101 3971; x_wconf 86' lang='lat' dir='ltr'><strong><em>vitantur</em></strong></span> <span class='ocrx_word' id='word_1_321' title='bbox 1130 3916 1336 3983; x_wconf 85' lang='lat' dir='ltr'><strong><em>aliena,</em></strong></span> <span class='ocrx_word' id='word_1_322' title='bbox 1370 3917 1430 3970; x_wconf 90' lang='lat' dir='ltr'><strong><em>in</em></strong></span> <span class='ocrx_word' id='word_1_323' title='bbox 1470 3916 1575 3970; x_wconf 91' lang='lat' dir='ltr'><strong><em>hac</em></strong></span> <span class='ocrx_word' id='word_1_324' title='bbox 1601 3915 1835 3987; x_wconf 89' lang='lat' dir='ltr'><strong><em>propria</em></strong></span> <span class='ocrx_word' id='word_1_325' title='bbox 1864 3932 1956 3969; x_wconf 93' lang='lat' dir='ltr'><strong><em>co-</em></strong></span> 
     </span>
    </p>
   </div>
   <div class='ocr_carea' id='block_1_43' title="bbox 264 4004 1960 4076">
    <p class='ocr_par' dir='ltr' id='par_1_43' title="bbox 264 4004 1960 4076">
     <span class='ocr_line' id='line_1_43' title="bbox 264 4004 1960 4076; baseline 0 -18"><span class='ocrx_word' id='word_1_326' title='bbox 264 4006 558 4076; x_wconf 89' lang='lat' dir='ltr'><strong><em>pulantur,</em></strong></span> <span class='ocrx_word' id='word_1_327' title='bbox 608 4010 671 4060; x_wconf 90' lang='lat' dir='ltr'><strong><em>ut</em></strong></span> <span class='ocrx_word' id='word_1_328' title='bbox 704 4021 883 4059; x_wconf 90' lang='lat' dir='ltr'><strong><em>unum</em></strong></span> <span class='ocrx_word' id='word_1_329' title='bbox 925 4005 1144 4075; x_wconf 89' lang='lat' dir='ltr'><strong><em>aliquid</em></strong></span> <span class='ocrx_word' id='word_1_330' title='bbox 1190 4006 1508 4075; x_wconf 89' lang='lat' dir='ltr'><strong><em>perfectum</em></strong></span> <span class='ocrx_word' id='word_1_331' title='bbox 1542 4004 1657 4058; x_wconf 81' lang='lat' dir='ltr'><strong><em>fiat.</em></strong></span> <span class='ocrx_word' id='word_1_332' title='bbox 1698 4004 1865 4075; x_wconf 86' lang='lat' dir='ltr'><strong><em>Lapis</em></strong></span> <span class='ocrx_word' id='word_1_333' title='bbox 1895 4008 1960 4058; x_wconf 89' lang='lat' dir='ltr'><strong><em>ut</em></strong></span> 
     </span>
    </p>
   </div>
   <div class='ocr_carea' id='block_1_44' title="bbox 263 4093 1959 4165">
    <p class='ocr_par' dir='ltr' id='par_1_44' title="bbox 263 4093 1959 4165">
     <span class='ocr_line' id='line_1_44' title="bbox 263 4093 1959 4165; baseline -0.001 -18"><span class='ocrx_word' id='word_1_334' title='bbox 263 4099 410 4148; x_wconf 88' lang='lat' dir='ltr'><strong><em>esset</em></strong></span> <span class='ocrx_word' id='word_1_335' title='bbox 453 4095 618 4165; x_wconf 88' lang='lat' dir='ltr'><strong><em>lapis,</em></strong></span> <span class='ocrx_word' id='word_1_336' title='bbox 660 4110 859 4148; x_wconf 91' lang='lat' dir='ltr'><strong><em>omnes</em></strong></span> <span class='ocrx_word' id='word_1_337' title='bbox 891 4094 1014 4163; x_wconf 89' lang='lat' dir='ltr'><strong><em>ejus</em></strong></span> <span class='ocrx_word' id='word_1_338' title='bbox 1045 4098 1255 4163; x_wconf 89' lang='lat' dir='ltr'><strong><em>partes,</em></strong></span> <span class='ocrx_word' id='word_1_339' title='bbox 1312 4093 1615 4163; x_wconf 89' lang='lat' dir='ltr'><strong><em>omnisque</em></strong></span> <span class='ocrx_word' id='word_1_340' title='bbox 1659 4098 1865 4147; x_wconf 88' lang='lat' dir='ltr'><strong><em>natura</em></strong></span> <span class='ocrx_word' id='word_1_341' title='bbox 1897 4093 1959 4146; x_wconf 91' lang='lat' dir='ltr'><strong><em>in</em></strong></span> 
     </span>
    </p>
   </div>
   <div class='ocr_carea' id='block_1_45' title="bbox 266 4181 1958 4245">
    <p class='ocr_par' dir='ltr' id='par_1_45' title="bbox 266 4181 1958 4245">
     <span class='ocr_line' id='line_1_45' title="bbox 266 4181 1958 4245; baseline -0.001 -10"><span class='ocrx_word' id='word_1_342' title='bbox 266 4198 447 4236; x_wconf 91' lang='lat' dir='ltr'><strong><em>unum</em></strong></span> <span class='ocrx_word' id='word_1_343' title='bbox 474 4182 710 4236; x_wconf 87' lang='lat' dir='ltr'><strong><em>solidata</em></strong></span> <span class='ocrx_word' id='word_1_344' title='bbox 734 4190 839 4237; x_wconf 91' lang='lat' dir='ltr'><strong><em>est.</em></strong></span> <span class='ocrx_word' id='word_1_345' title='bbox 870 4181 1014 4245; x_wconf 87' lang='lat' dir='ltr'><strong><em>Quid</em></strong></span> <span class='ocrx_word' id='word_1_346' title='bbox 1045 4182 1251 4236; x_wconf 89' lang='lat' dir='ltr'><strong><em>arbor?</em></strong></span> <span class='ocrx_word' id='word_1_347' title='bbox 1297 4198 1489 4235; x_wconf 89' lang='lat' dir='ltr'><strong><em>nonne</em></strong></span> <span class='ocrx_word' id='word_1_348' title='bbox 1527 4181 1695 4235; x_wconf 88' lang='lat' dir='ltr'><strong><em>arbor</em></strong></span> <span class='ocrx_word' id='word_1_349' title='bbox 1724 4198 1842 4235; x_wconf 90' lang='lat' dir='ltr'><strong><em>non</em></strong></span> <span class='ocrx_word' id='word_1_350' title='bbox 1871 4198 1958 4234; x_wconf 90' lang='lat' dir='ltr'><strong><em>es-</em></strong></span> 
     </span>
    </p>
   </div>
   <div class='ocr_carea' id='block_1_46' title="bbox 264 4269 1955 4338">
    <p class='ocr_par' dir='ltr' id='par_1_46' title="bbox 264 4269 1955 4338">
     <span class='ocr_line' id='line_1_46' title="bbox 264 4269 1955 4338; baseline -0.001 -15"><span class='ocrx_word' id='word_1_351' title='bbox 264 4275 369 4334; x_wconf 86' lang='lat' dir='ltr'><strong><em>set,</em></strong></span> <span class='ocrx_word' id='word_1_352' title='bbox 402 4270 447 4323; x_wconf 92' lang='lat' dir='ltr'><strong><em>si</em></strong></span> <span class='ocrx_word' id='word_1_353' title='bbox 478 4285 593 4323; x_wconf 88' lang='lat' dir='ltr'><strong><em>una</em></strong></span> <span class='ocrx_word' id='word_1_354' title='bbox 626 4286 744 4323; x_wconf 90' lang='lat' dir='ltr'><strong><em>non</em></strong></span> <span class='ocrx_word' id='word_1_355' title='bbox 775 4270 961 4323; x_wconf 82' lang='lat' dir='ltr'><strong><em>esset?</em></strong></span> <span class='ocrx_word' id='word_1_356' title='bbox 1006 4269 1155 4333; x_wconf 89' lang='lat' dir='ltr'><strong><em>Quid</em></strong></span> <span class='ocrx_word' id='word_1_357' title='bbox 1186 4270 1446 4323; x_wconf 90' lang='lat' dir='ltr'><strong><em>membra</em></strong></span> <span class='ocrx_word' id='word_1_358' title='bbox 1492 4269 1799 4338; x_wconf 90' lang='lat' dir='ltr'><strong><em>cujuslibet</em></strong></span> <span class='ocrx_word' id='word_1_359' title='bbox 1828 4270 1955 4322; x_wconf 90' lang='lat' dir='ltr'><strong><em>ani-</em></strong></span> 
     </span>
    </p>
   </div>
   <div class='ocr_carea' id='block_1_47' title="bbox 269 4355 1959 4427">
    <p class='ocr_par' dir='ltr' id='par_1_47' title="bbox 269 4355 1959 4427">
     <span class='ocr_line' id='line_1_47' title="bbox 269 4355 1959 4427; baseline -0.001 -16"><span class='ocrx_word' id='word_1_360' title='bbox 269 4355 475 4412; x_wconf 80' lang='lat' dir='ltr'><strong><em>manti&#39;s</em></strong></span> <span class='ocrx_word' id='word_1_361' title='bbox 507 4375 569 4411; x_wconf 90' lang='lat' dir='ltr'><strong><em>ac</em></strong></span> <span class='ocrx_word' id='word_1_362' title='bbox 615 4358 852 4421; x_wconf 87' lang='lat' dir='ltr'><strong><em>viscera,</em></strong></span> <span class='ocrx_word' id='word_1_363' title='bbox 905 4363 961 4411; x_wconf 92' lang='lat' dir='ltr'><strong><em>et</em></strong></span> <span class='ocrx_word' id='word_1_364' title='bbox 1007 4357 1289 4427; x_wconf 88' lang='lat' dir='ltr'><strong><em>quidquid</em></strong></span> <span class='ocrx_word' id='word_1_365' title='bbox 1322 4361 1405 4410; x_wconf 91' lang='lat' dir='ltr'><strong><em>est</em></strong></span> <span class='ocrx_word' id='word_1_366' title='bbox 1450 4372 1651 4410; x_wconf 91' lang='lat' dir='ltr'><strong><em>eorum</em></strong></span> <span class='ocrx_word' id='word_1_367' title='bbox 1681 4373 1711 4409; x_wconf 92' lang='lat' dir='ltr'><strong><em>e</em></strong></span> <span class='ocrx_word' id='word_1_368' title='bbox 1751 4356 1959 4426; x_wconf 90' lang='lat' dir='ltr'><strong><em>quibus</em></strong></span> 
     </span>
    </p>
   </div>
   <div class='ocr_carea' id='block_1_48' title="bbox 266 4444 1958 4515">
    <p class='ocr_par' dir='ltr' id='par_1_48' title="bbox 266 4444 1958 4515">
     <span class='ocr_line' id='line_1_48' title="bbox 266 4444 1958 4515; baseline -0.001 -15"><span class='ocrx_word' id='word_1_369' title='bbox 266 4447 530 4501; x_wconf 85' lang='lat' dir='ltr'><strong><em>constat?</em></strong></span> <span class='ocrx_word' id='word_1_370' title='bbox 558 4446 717 4501; x_wconf 91' lang='lat' dir='ltr'><strong><em>Certe</em></strong></span> <span class='ocrx_word' id='word_1_371' title='bbox 770 4446 818 4499; x_wconf 90' lang='lat' dir='ltr'><strong><em>si</em></strong></span> <span class='ocrx_word' id='word_1_372' title='bbox 863 4445 1100 4498; x_wconf 87' lang='lat' dir='ltr'><strong><em>unitatis</em></strong></span> <span class='ocrx_word' id='word_1_373' title='bbox 1144 4444 1433 4515; x_wconf 89' lang='lat' dir='ltr'><strong><em>patiantur</em></strong></span> <span class='ocrx_word' id='word_1_374' title='bbox 1464 4444 1792 4513; x_wconf 88' lang='lat' dir='ltr'><strong><em>divortium,</em></strong></span> <span class='ocrx_word' id='word_1_375' title='bbox 1844 4461 1958 4498; x_wconf 90' lang='lat' dir='ltr'><strong><em>non</em></strong></span> 
     </span>
    </p>
   </div>
   <div class='ocr_carea' id='block_1_49' title="bbox 266 4532 1957 4605">
    <p class='ocr_par' dir='ltr' id='par_1_49' title="bbox 266 4532 1957 4605">
     <span class='ocr_line' id='line_1_49' title="bbox 266 4532 1957 4605; baseline 0.001 -18"><span class='ocrx_word' id='word_1_376' title='bbox 266 4535 373 4588; x_wconf 87' lang='lat' dir='ltr'><strong><em>erit</em></strong></span> <span class='ocrx_word' id='word_1_377' title='bbox 406 4534 635 4589; x_wconf 89' lang='lat' dir='ltr'><strong><em>animal.</em></strong></span> <span class='ocrx_word' id='word_1_378' title='bbox 670 4534 852 4588; x_wconf 82' lang='lat' dir='ltr'><strong><em>Amici</em></strong></span> <span class='ocrx_word' id='word_1_379' title='bbox 872 4533 1012 4605; x_wconf 90' lang='lat' dir='ltr'><strong><em>quid</em></strong></span> <span class='ocrx_word' id='word_1_380' title='bbox 1032 4532 1188 4587; x_wconf 90' lang='lat' dir='ltr'><strong><em>aliud</em></strong></span> <span class='ocrx_word' id='word_1_381' title='bbox 1210 4549 1380 4604; x_wconf 88' lang='lat' dir='ltr'><strong><em>quam</em></strong></span> <span class='ocrx_word' id='word_1_382' title='bbox 1404 4549 1584 4587; x_wconf 89' lang='lat' dir='ltr'><strong><em>unum</em></strong></span> <span class='ocrx_word' id='word_1_383' title='bbox 1606 4548 1727 4588; x_wconf 88' lang='lat' dir='ltr'><strong><em>esse</em></strong></span> <span class='ocrx_word' id='word_1_384' title='bbox 1749 4549 1957 4588; x_wconf 87' lang='lat' dir='ltr'><strong><em>conan-</em></strong></span> 
     </span>
    </p>
   </div>
   <div class='ocr_carea' id='block_1_50' title="bbox 270 4620 1957 4694">
    <p class='ocr_par' dir='ltr' id='par_1_50' title="bbox 270 4620 1957 4694">
     <span class='ocr_line' id='line_1_50' title="bbox 270 4620 1957 4694; baseline -0.001 -16"><span class='ocrx_word' id='word_1_385' title='bbox 270 4625 407 4678; x_wconf 86' lang='lat' dir='ltr'><strong><em>tur?</em></strong></span> <span class='ocrx_word' id='word_1_386' title='bbox 434 4624 499 4677; x_wconf 86' lang='lat' dir='ltr'><strong><em>Et</em></strong></span> <span class='ocrx_word' id='word_1_387' title='bbox 527 4628 741 4694; x_wconf 89' lang='lat' dir='ltr'><strong><em>quanto</em></strong></span> <span class='ocrx_word' id='word_1_388' title='bbox 773 4623 954 4693; x_wconf 87' lang='lat' dir='ltr'><strong><em>magis</em></strong></span> <span class='ocrx_word' id='word_1_389' title='bbox 987 4636 1187 4681; x_wconf 89' lang='lat' dir='ltr'><strong><em>unum,</em></strong></span> <span class='ocrx_word' id='word_1_390' title='bbox 1217 4625 1373 4674; x_wconf 89' lang='lat' dir='ltr'><strong><em>tanto</em></strong></span> <span class='ocrx_word' id='word_1_391' title='bbox 1403 4620 1584 4692; x_wconf 90' lang='lat' dir='ltr'><strong><em>magis</em></strong></span> <span class='ocrx_word' id='word_1_392' title='bbox 1605 4622 1774 4676; x_wconf 89' lang='lat' dir='ltr'><strong><em>amici</em></strong></span> <span class='ocrx_word' id='word_1_393' title='bbox 1806 4629 1957 4677; x_wconf 90' lang='lat' dir='ltr'><strong><em>sunt.</em></strong></span> 
     </span>
    </p>
   </div>
   <div class='ocr_carea' id='block_1_51' title="bbox 270 4709 1958 4783">
    <p class='ocr_par' dir='ltr' id='par_1_51' title="bbox 270 4709 1958 4783">
     <span class='ocr_line' id='line_1_51' title="bbox 270 4709 1958 4783; baseline 0 -17"><span class='ocrx_word' id='word_1_394' title='bbox 270 4713 521 4783; x_wconf 89' lang='lat' dir='ltr'><strong><em>Populus</em></strong></span> <span class='ocrx_word' id='word_1_395' title='bbox 554 4728 669 4766; x_wconf 91' lang='lat' dir='ltr'><strong><em>una</em></strong></span> <span class='ocrx_word' id='word_1_396' title='bbox 698 4712 893 4765; x_wconf 81' lang='lat' dir='ltr'><strong><em>civitas</em></strong></span> <span class='ocrx_word' id='word_1_397' title='bbox 924 4714 1029 4775; x_wconf 89' lang='lat' dir='ltr'><strong><em>est,</em></strong></span> <span class='ocrx_word' id='word_1_398' title='bbox 1061 4710 1153 4764; x_wconf 90' lang='lat' dir='ltr'><strong><em>cui</em></strong></span> <span class='ocrx_word' id='word_1_399' title='bbox 1182 4714 1265 4764; x_wconf 89' lang='lat' dir='ltr'><strong><em>est</em></strong></span> <span class='ocrx_word' id='word_1_400' title='bbox 1299 4709 1617 4780; x_wconf 89' lang='lat' dir='ltr'><strong><em>periculosa</em></strong></span> <span class='ocrx_word' id='word_1_401' title='bbox 1649 4710 1958 4766; x_wconf 88' lang='lat' dir='ltr'><strong><em>dissensio:</em></strong></span> 
     </span>
    </p>
   </div>
   <div class='ocr_carea' id='block_1_52' title="bbox 268 4797 1962 4871">
    <p class='ocr_par' dir='ltr' id='par_1_52' title="bbox 268 4797 1962 4871">
     <span class='ocr_line' id='line_1_52' title="bbox 268 4797 1962 4871; baseline 0 -17"><span class='ocrx_word' id='word_1_402' title='bbox 268 4801 407 4871; x_wconf 91' lang='lat' dir='ltr'><strong><em>quid</em></strong></span> <span class='ocrx_word' id='word_1_403' title='bbox 435 4807 519 4854; x_wconf 89' lang='lat' dir='ltr'><strong><em>est</em></strong></span> <span class='ocrx_word' id='word_1_404' title='bbox 548 4807 739 4854; x_wconf 90' lang='lat' dir='ltr'><strong><em>autem</em></strong></span> <span class='ocrx_word' id='word_1_405' title='bbox 768 4800 1087 4865; x_wconf 89' lang='lat' dir='ltr'><strong><em>dissentire,</em></strong></span> <span class='ocrx_word' id='word_1_406' title='bbox 1123 4797 1234 4852; x_wconf 89' lang='lat' dir='ltr'><strong><em>nisi</em></strong></span> <span class='ocrx_word' id='word_1_407' title='bbox 1254 4814 1369 4852; x_wconf 90' lang='lat' dir='ltr'><strong><em>non</em></strong></span> <span class='ocrx_word' id='word_1_408' title='bbox 1400 4815 1579 4854; x_wconf 89' lang='lat' dir='ltr'><strong><em>unum</em></strong></span> <span class='ocrx_word' id='word_1_409' title='bbox 1609 4800 1855 4854; x_wconf 89' lang='lat' dir='ltr'><strong><em>sentire?</em></strong></span> <span class='ocrx_word' id='word_1_410' title='bbox 1888 4802 1962 4854; x_wconf 80' lang='lat' dir='ltr'><strong><em>Ex</em></strong></span> 
     </span>
    </p>
   </div>
   <div class='ocr_carea' id='block_1_53' title="bbox 269 4887 1962 4959">
    <p class='ocr_par' dir='ltr' id='par_1_53' title="bbox 269 4887 1962 4959">
     <span class='ocr_line' id='line_1_53' title="bbox 269 4887 1962 4959; baseline -0.001 -17"><span class='ocrx_word' id='word_1_411' title='bbox 269 4888 465 4943; x_wconf 89' lang='lat' dir='ltr'><strong><em>multis</em></strong></span> <span class='ocrx_word' id='word_1_412' title='bbox 498 4889 776 4943; x_wconf 88' lang='lat' dir='ltr'><strong><em>militibus</em></strong></span> <span class='ocrx_word' id='word_1_413' title='bbox 829 4889 894 4943; x_wconf 82' lang='lat' dir='ltr'><strong><em>ﬁt</em></strong></span> <span class='ocrx_word' id='word_1_414' title='bbox 940 4904 1086 4942; x_wconf 90' lang='lat' dir='ltr'><strong><em>unus</em></strong></span> <span class='ocrx_word' id='word_1_415' title='bbox 1139 4887 1447 4941; x_wconf 83' lang='lat' dir='ltr'><strong><em>exercitus:</em></strong></span> <span class='ocrx_word' id='word_1_416' title='bbox 1511 4904 1701 4941; x_wconf 89' lang='lat' dir='ltr'><strong><em>nonne</em></strong></span> <span class='ocrx_word' id='word_1_417' title='bbox 1747 4888 1962 4959; x_wconf 69' lang='lat' dir='ltr'><strong><em>qumvis</em></strong></span> 
     </span>
    </p>
   </div>
   <div class='ocr_carea' id='block_1_54' title="bbox 266 4976 1963 5046">
    <p class='ocr_par' dir='ltr' id='par_1_54' title="bbox 266 4976 1963 5046">
     <span class='ocr_line' id='line_1_54' title="bbox 266 4976 1963 5046; baseline 0 -15"><span class='ocrx_word' id='word_1_418' title='bbox 266 4978 575 5032; x_wconf 86' lang='lat' dir='ltr'><strong><em>multitudo</em></strong></span> <span class='ocrx_word' id='word_1_419' title='bbox 605 4994 671 5031; x_wconf 92' lang='lat' dir='ltr'><strong><em>eo</em></strong></span> <span class='ocrx_word' id='word_1_420' title='bbox 695 4977 883 5031; x_wconf 89' lang='lat' dir='ltr'><strong><em>minus</em></strong></span> <span class='ocrx_word' id='word_1_421' title='bbox 904 4976 1168 5041; x_wconf 88' lang='lat' dir='ltr'><strong><em>vincitur,</em></strong></span> <span class='ocrx_word' id='word_1_422' title='bbox 1190 4992 1304 5046; x_wconf 88' lang='lat' dir='ltr'><strong><em>quo</em></strong></span> <span class='ocrx_word' id='word_1_423' title='bbox 1328 4976 1507 5046; x_wconf 88' lang='lat' dir='ltr'><strong><em>magis</em></strong></span> <span class='ocrx_word' id='word_1_424' title='bbox 1532 4976 1590 5029; x_wconf 92' lang='lat' dir='ltr'><strong><em>in</em></strong></span> <span class='ocrx_word' id='word_1_425' title='bbox 1611 4993 1788 5030; x_wconf 91' lang='lat' dir='ltr'><strong><em>unum</em></strong></span> <span class='ocrx_word' id='word_1_426' title='bbox 1810 4977 1963 5031; x_wconf 85' lang='lat' dir='ltr'><strong><em>coit?</em></strong></span> 
     </span>
    </p>
   </div>
   <div class='ocr_carea' id='block_1_55' title="bbox 266 5066 1960 5137">
    <p class='ocr_par' dir='ltr' id='par_1_55' title="bbox 266 5066 1960 5137">
     <span class='ocr_line' id='line_1_55' title="bbox 266 5066 1960 5137; baseline -0.002 -15"><span class='ocrx_word' id='word_1_427' title='bbox 266 5068 427 5122; x_wconf 91' lang='lat' dir='ltr'><strong><em>Unde</em></strong></span> <span class='ocrx_word' id='word_1_428' title='bbox 458 5068 582 5137; x_wconf 89' lang='lat' dir='ltr'><strong><em>ipsa</em></strong></span> <span class='ocrx_word' id='word_1_429' title='bbox 618 5067 787 5121; x_wconf 89' lang='lat' dir='ltr'><strong><em>coitio</em></strong></span> <span class='ocrx_word' id='word_1_430' title='bbox 835 5067 895 5120; x_wconf 91' lang='lat' dir='ltr'><strong><em>in</em></strong></span> <span class='ocrx_word' id='word_1_431' title='bbox 950 5082 1151 5131; x_wconf 90' lang='lat' dir='ltr'><strong><em>unum,</em></strong></span> <span class='ocrx_word' id='word_1_432' title='bbox 1202 5082 1417 5119; x_wconf 87' lang='lat' dir='ltr'><strong><em>cuneus</em></strong></span> <span class='ocrx_word' id='word_1_433' title='bbox 1475 5066 1805 5119; x_wconf 89' lang='lat' dir='ltr'><strong><em>nominatus</em></strong></span> <span class='ocrx_word' id='word_1_434' title='bbox 1856 5070 1960 5132; x_wconf 91' lang='lat' dir='ltr'><strong><em>est,</em></strong></span> 
     </span>
    </p>
   </div>
   <div class='ocr_carea' id='block_1_56' title="bbox 267 5154 1964 5226">
    <p class='ocr_par' dir='ltr' id='par_1_56' title="bbox 267 5154 1964 5226">
     <span class='ocr_line' id='line_1_56' title="bbox 267 5154 1964 5226; baseline -0.001 -17"><span class='ocrx_word' id='word_1_435' title='bbox 267 5155 431 5226; x_wconf 90' lang='lat' dir='ltr'><strong><em>quasi</em></strong></span> <span class='ocrx_word' id='word_1_436' title='bbox 459 5171 727 5209; x_wconf 89' lang='lat' dir='ltr'><strong><em>couneus.</em></strong></span> <span class='ocrx_word' id='word_1_437' title='bbox 762 5154 909 5219; x_wconf 93' lang='lat' dir='ltr'><strong><em>Quid</em></strong></span> <span class='ocrx_word' id='word_1_438' title='bbox 939 5170 1102 5208; x_wconf 91' lang='lat' dir='ltr'><strong><em>amor</em></strong></span> <span class='ocrx_word' id='word_1_439' title='bbox 1141 5154 1369 5207; x_wconf 88' lang='lat' dir='ltr'><strong><em>omnis?</em></strong></span> <span class='ocrx_word' id='word_1_440' title='bbox 1401 5170 1591 5207; x_wconf 91' lang='lat' dir='ltr'><strong><em>nonne</em></strong></span> <span class='ocrx_word' id='word_1_441' title='bbox 1624 5170 1804 5207; x_wconf 90' lang='lat' dir='ltr'><strong><em>unum</em></strong></span> <span class='ocrx_word' id='word_1_442' title='bbox 1844 5156 1964 5208; x_wconf 85' lang='lat' dir='ltr'><strong><em>vult</em></strong></span> 
     </span>
    </p>
   </div>
   <div class='ocr_carea' id='block_1_57' title="bbox 266 5242 1962 5315">
    <p class='ocr_par' dir='ltr' id='par_1_57' title="bbox 266 5242 1962 5315">
     <span class='ocr_line' id='line_1_57' title="bbox 266 5242 1962 5315; baseline -0.001 -17"><span class='ocrx_word' id='word_1_443' title='bbox 266 5243 393 5298; x_wconf 84' lang='lat' dir='ltr'><strong><em>ﬁeri</em></strong></span> <span class='ocrx_word' id='word_1_444' title='bbox 424 5260 554 5297; x_wconf 91' lang='lat' dir='ltr'><strong><em>cum</em></strong></span> <span class='ocrx_word' id='word_1_445' title='bbox 575 5261 643 5297; x_wconf 90' lang='lat' dir='ltr'><strong><em>eo</em></strong></span> <span class='ocrx_word' id='word_1_446' title='bbox 675 5244 825 5315; x_wconf 89' lang='lat' dir='ltr'><strong><em>quod</em></strong></span> <span class='ocrx_word' id='word_1_447' title='bbox 850 5246 1021 5307; x_wconf 88' lang='lat' dir='ltr'><strong><em>amat,</em></strong></span> <span class='ocrx_word' id='word_1_448' title='bbox 1048 5247 1105 5296; x_wconf 90' lang='lat' dir='ltr'><strong><em>et</em></strong></span> <span class='ocrx_word' id='word_1_449' title='bbox 1134 5242 1181 5295; x_wconf 90' lang='lat' dir='ltr'><strong><em>si</em></strong></span> <span class='ocrx_word' id='word_1_450' title='bbox 1212 5242 1599 5313; x_wconf 88' lang='lat' dir='ltr'><strong><em>eicontingat,</em></strong></span> <span class='ocrx_word' id='word_1_451' title='bbox 1632 5258 1811 5296; x_wconf 91' lang='lat' dir='ltr'><strong><em>unum</em></strong></span> <span class='ocrx_word' id='word_1_452' title='bbox 1832 5259 1962 5297; x_wconf 92' lang='lat' dir='ltr'><strong><em>cum</em></strong></span> 
     </span>
    </p>
   </div>
   <div class='ocr_carea' id='block_1_58' title="bbox 267 5329 1960 5402">
    <p class='ocr_par' dir='ltr' id='par_1_58' title="bbox 267 5329 1960 5402">
     <span class='ocr_line' id='line_1_58' title="bbox 267 5329 1960 5402; baseline 0.001 -17"><span class='ocrx_word' id='word_1_453' title='bbox 267 5348 335 5385; x_wconf 85' lang='lat' dir='ltr'><strong><em>eo</em></strong></span> <span class='ocrx_word' id='word_1_454' title='bbox 364 5331 465 5385; x_wconf 87' lang='lat' dir='ltr'><strong><em>ﬁt?</em></strong></span> <span class='ocrx_word' id='word_1_455' title='bbox 496 5332 768 5402; x_wconf 87' lang='lat' dir='ltr'><strong><em>Voluptas</em></strong></span> <span class='ocrx_word' id='word_1_456' title='bbox 800 5331 923 5401; x_wconf 89' lang='lat' dir='ltr'><strong><em>ipsa</em></strong></span> <span class='ocrx_word' id='word_1_457' title='bbox 954 5346 1070 5383; x_wconf 91' lang='lat' dir='ltr'><strong><em>non</em></strong></span> <span class='ocrx_word' id='word_1_458' title='bbox 1098 5329 1167 5383; x_wconf 92' lang='lat' dir='ltr'><strong><em>ob</em></strong></span> <span class='ocrx_word' id='word_1_459' title='bbox 1199 5330 1356 5384; x_wconf 89' lang='lat' dir='ltr'><strong><em>aliud</em></strong></span> <span class='ocrx_word' id='word_1_460' title='bbox 1387 5331 1627 5384; x_wconf 88' lang='lat' dir='ltr'><strong><em>delectat</em></strong></span> <span class='ocrx_word' id='word_1_461' title='bbox 1655 5332 1960 5386; x_wconf 90' lang='lat' dir='ltr'><strong><em>vehemen-</em></strong></span> 
     </span>
    </p>
   </div>
   <div class='ocr_carea' id='block_1_59' title="bbox 267 5419 1961 5491">
    <p class='ocr_par' dir='ltr' id='par_1_59' title="bbox 267 5419 1961 5491">
     <span class='ocr_line' id='line_1_59' title="bbox 267 5419 1961 5491; baseline -0.001 -17"><span class='ocrx_word' id='word_1_462' title='bbox 267 5419 400 5486; x_wconf 90' lang='lat' dir='ltr'><strong><em>tius,</em></strong></span> <span class='ocrx_word' id='word_1_463' title='bbox 434 5420 545 5473; x_wconf 89' lang='lat' dir='ltr'><strong><em>nisi</em></strong></span> <span class='ocrx_word' id='word_1_464' title='bbox 575 5421 730 5491; x_wconf 85' lang='lat' dir='ltr'><strong><em>quod</em></strong></span> <span class='ocrx_word' id='word_1_465' title='bbox 752 5419 1007 5473; x_wconf 89' lang='lat' dir='ltr'><strong><em>amantia</em></strong></span> <span class='ocrx_word' id='word_1_466' title='bbox 1032 5434 1153 5473; x_wconf 88' lang='lat' dir='ltr'><strong><em>sese</em></strong></span> <span class='ocrx_word' id='word_1_467' title='bbox 1180 5434 1420 5489; x_wconf 88' lang='lat' dir='ltr'><strong><em>corpora</em></strong></span> <span class='ocrx_word' id='word_1_468' title='bbox 1448 5419 1509 5473; x_wconf 91' lang='lat' dir='ltr'><strong><em>in</em></strong></span> <span class='ocrx_word' id='word_1_469' title='bbox 1540 5436 1719 5473; x_wconf 92' lang='lat' dir='ltr'><strong><em>unum</em></strong></span> <span class='ocrx_word' id='word_1_470' title='bbox 1750 5436 1961 5489; x_wconf 85' lang='lat' dir='ltr'><strong><em>cogun-</em></strong></span> 
     </span>
    </p>
   </div>
   <div class='ocr_carea' id='block_1_60' title="bbox 266 5505 1956 5579">
    <p class='ocr_par' dir='ltr' id='par_1_60' title="bbox 266 5505 1956 5579">
     <span class='ocr_line' id='line_1_60' title="bbox 266 5505 1956 5579; baseline -0.001 -17"><span class='ocrx_word' id='word_1_471' title='bbox 266 5512 377 5564; x_wconf 88' lang='lat' dir='ltr'><strong><em>tur.</em></strong></span> <span class='ocrx_word' id='word_1_472' title='bbox 412 5508 584 5563; x_wconf 90' lang='lat' dir='ltr'><strong><em>Dolor</em></strong></span> <span class='ocrx_word' id='word_1_473' title='bbox 606 5508 757 5563; x_wconf 88' lang='lat' dir='ltr'><strong><em>unde</em></strong></span> <span class='ocrx_word' id='word_1_474' title='bbox 788 5505 1142 5578; x_wconf 89' lang='lat' dir='ltr'><strong><em>perniciosus</em></strong></span> <span class='ocrx_word' id='word_1_475' title='bbox 1173 5508 1296 5560; x_wconf 88' lang='lat' dir='ltr'><strong><em>est?</em></strong></span> <span class='ocrx_word' id='word_1_476' title='bbox 1324 5506 1465 5570; x_wconf 89' lang='lat' dir='ltr'><strong><em>Quia</em></strong></span> <span class='ocrx_word' id='word_1_477' title='bbox 1506 5506 1563 5562; x_wconf 91' lang='lat' dir='ltr'><strong><em>id</em></strong></span> <span class='ocrx_word' id='word_1_478' title='bbox 1595 5507 1746 5579; x_wconf 91' lang='lat' dir='ltr'><strong><em>quod</em></strong></span> <span class='ocrx_word' id='word_1_479' title='bbox 1777 5523 1956 5561; x_wconf 91' lang='lat' dir='ltr'><strong><em>unum</em></strong></span> 
     </span>
    </p>
   </div>
   <div class='ocr_carea' id='block_1_61' title="bbox 1676 259 2331 321">
    <p class='ocr_par' dir='ltr' id='par_1_61' title="bbox 1676 259 2331 321">
     <span class='ocr_line' id='line_1_61' title="bbox 1676 259 2331 321; baseline 0.012 -8"><span class='ocrx_word' id='word_1_480' title='bbox 1676 259 1888 316; x_wconf 80' lang='lat' dir='ltr'><strong><em>LIBER</em></strong></span> <span class='ocrx_word' id='word_1_481' title='bbox 1938 260 2331 321; x_wconf 72' lang='lat' dir='ltr'><strong><em>SECUNDUS.</em></strong></span> 
     </span>
    </p>
   </div>
   <div class='ocr_carea' id='block_1_62' title="bbox 3617 266 3749 319">
    <p class='ocr_par' dir='ltr' id='par_1_62' title="bbox 3617 266 3749 319">
     <span class='ocr_line' id='line_1_62' title="bbox 3617 266 3749 319; baseline 0.008 -1"><span class='ocrx_word' id='word_1_482' title='bbox 3617 266 3749 319; x_wconf 76' lang='grc'><strong><em>1018</em></strong></span> 
     </span>
    </p>
   </div>
   <div class='ocr_carea' id='block_1_63' title="bbox 2057 388 3378 451">
    <p class='ocr_par' dir='ltr' id='par_1_63' title="bbox 2057 388 3378 451">
     <span class='ocr_line' id='line_1_63' title="bbox 2057 388 3378 451; baseline 0.002 -12"><span class='ocrx_word' id='word_1_483' title='bbox 2057 393 2198 451; x_wconf 89' lang='lat' dir='ltr'><strong><em>erat,</em></strong></span> <span class='ocrx_word' id='word_1_484' title='bbox 2232 388 2496 442; x_wconf 87' lang='lat' dir='ltr'><strong><em>dissicere</em></strong></span> <span class='ocrx_word' id='word_1_485' title='bbox 2526 388 2731 442; x_wconf 86' lang='lat' dir='ltr'><strong><em>nititur</em></strong></span> <span class='ocrx_word' id='word_1_486' title='bbox 2762 392 2797 441; x_wconf 83' lang='grc'><strong><em>¹.</em></strong></span> <span class='ocrx_word' id='word_1_487' title='bbox 3362 430 3378 441; x_wconf 88' lang='grc'><strong>.</strong></span> 
     </span>
    </p>
   </div>
   <div class='ocr_carea' id='block_1_64' title="bbox 2057 476 3741 545">
    <p class='ocr_par' dir='ltr' id='par_1_64' title="bbox 2057 476 3741 545">
     <span class='ocr_line' id='line_1_64' title="bbox 2057 476 3741 545; baseline -0.001 -15"><span class='ocrx_word' id='word_1_488' title='bbox 2057 478 2281 530; x_wconf 81' lang='lat' dir='ltr'><strong><em>CAPUT</em></strong></span> <span class='ocrx_word' id='word_1_489' title='bbox 2305 478 2435 531; x_wconf 83' lang='lat' dir='ltr'><strong><em>XIX.</em></strong></span> <span class='ocrx_word' id='word_1_490' title='bbox 2468 506 2536 517; x_wconf 91' lang='lat'>—</span> <span class='ocrx_word' id='word_1_491' title='bbox 2582 479 2748 531; x_wconf 81' lang='lat' dir='ltr'><strong><em>Homo</em></strong></span> <span class='ocrx_word' id='word_1_492' title='bbox 2794 478 2935 531; x_wconf 86' lang='lat' dir='ltr'><strong><em>unde</em></strong></span> <span class='ocrx_word' id='word_1_493' title='bbox 2983 478 3155 531; x_wconf 84' lang='lat' dir='ltr'><strong><em>brutis</em></strong></span> <span class='ocrx_word' id='word_1_494' title='bbox 3202 476 3582 545; x_wconf 65' lang='lat' dir='ltr'><strong><em>praestantior,</em></strong></span> <span class='ocrx_word' id='word_1_495' title='bbox 3634 490 3741 543; x_wconf 86' lang='lat' dir='ltr'><strong><em>quo</em></strong></span> 
     </span>
    </p>
   </div>
   <div class='ocr_carea' id='block_1_65' title="bbox 2504 565 3285 634">
    <p class='ocr_par' dir='ltr' id='par_1_65' title="bbox 2504 565 3285 634">
     <span class='ocr_line' id='line_1_65' title="bbox 2504 565 3285 634; baseline -0.001 -15"><span class='ocrx_word' id='word_1_496' title='bbox 2504 565 2658 619; x_wconf 88' lang='lat' dir='ltr'><strong><em>modo</em></strong></span> <span class='ocrx_word' id='word_1_497' title='bbox 2685 568 2854 634; x_wconf 85' lang='lat' dir='ltr'><strong><em>possit</em></strong></span> <span class='ocrx_word' id='word_1_498' title='bbox 2890 566 3070 618; x_wconf 84' lang='lat' dir='ltr'><strong><em>videre</em></strong></span> <span class='ocrx_word' id='word_1_499' title='bbox 3103 568 3285 619; x_wconf 87' lang='lat' dir='ltr'><strong><em>Deum.</em></strong></span> 
     </span>
    </p>
   </div>
   <div class='ocr_carea' id='block_1_66' title="bbox 2127 651 3743 724">
    <p class='ocr_par' dir='ltr' id='par_1_66' title="bbox 2127 651 3743 724">
     <span class='ocr_line' id='line_1_66' title="bbox 2127 651 3743 724; baseline -0.002 -17"><span class='ocrx_word' id='word_1_500' title='bbox 2127 654 2272 724; x_wconf 84' lang='lat' dir='ltr'><strong><em>Ergo</em></strong></span> <span class='ocrx_word' id='word_1_501' title='bbox 2304 654 2608 707; x_wconf 88' lang='lat' dir='ltr'><strong><em>molestum</em></strong></span> <span class='ocrx_word' id='word_1_502' title='bbox 2641 657 2693 705; x_wconf 94' lang='lat' dir='ltr'><strong><em>et</em></strong></span> <span class='ocrx_word' id='word_1_503' title='bbox 2724 651 3105 721; x_wconf 89' lang='lat' dir='ltr'><strong><em>periculosum</em></strong></span> <span class='ocrx_word' id='word_1_504' title='bbox 3136 656 3239 716; x_wconf 89' lang='lat' dir='ltr'><strong><em>est,</em></strong></span> <span class='ocrx_word' id='word_1_505' title='bbox 3285 666 3416 704; x_wconf 89' lang='lat' dir='ltr'><strong><em>cum</em></strong></span> <span class='ocrx_word' id='word_1_506' title='bbox 3458 666 3525 703; x_wconf 90' lang='lat' dir='ltr'><strong><em>eo</em></strong></span> <span class='ocrx_word' id='word_1_507' title='bbox 3558 665 3743 703; x_wconf 91' lang='lat' dir='ltr'><strong><em>unum</em></strong></span> 
     </span>
    </p>
   </div>
   <div class='ocr_carea' id='block_1_67' title="bbox 2054 742 2882 812">
    <p class='ocr_par' dir='ltr' id='par_1_67' title="bbox 2054 742 2882 812">
     <span class='ocr_line' id='line_1_67' title="bbox 2054 742 2882 812; baseline -0.006 -15"><span class='ocrx_word' id='word_1_508' title='bbox 2054 742 2181 797; x_wconf 83' lang='lat' dir='ltr'><strong><em>ﬁeri</em></strong></span> <span class='ocrx_word' id='word_1_509' title='bbox 2209 742 2364 811; x_wconf 91' lang='lat' dir='ltr'><strong><em>quod</em></strong></span> <span class='ocrx_word' id='word_1_510' title='bbox 2396 742 2645 812; x_wconf 90' lang='lat' dir='ltr'><strong><em>separari</em></strong></span> <span class='ocrx_word' id='word_1_511' title='bbox 2676 745 2882 811; x_wconf 88' lang='lat' dir='ltr'><strong><em>potest.</em></strong></span> 
     </span>
    </p>
   </div>
   <div class='ocr_carea' id='block_1_68' title="bbox 2124 825 3740 897">
    <p class='ocr_par' dir='ltr' id='par_1_68' title="bbox 2124 825 3740 897">
     <span class='ocr_line' id='line_1_68' title="bbox 2124 825 3740 897; baseline -0.002 -13"><span class='ocrx_word' id='word_1_512' title='bbox 2124 832 2217 885; x_wconf 80' lang='grc'><strong><em>49.</em></strong></span> <span class='ocrx_word' id='word_1_513' title='bbox 2260 832 2334 884; x_wconf 82' lang='lat' dir='ltr'><strong><em>Ex</em></strong></span> <span class='ocrx_word' id='word_1_514' title='bbox 2366 831 2561 883; x_wconf 88' lang='lat' dir='ltr'><strong><em>multis</em></strong></span> <span class='ocrx_word' id='word_1_515' title='bbox 2581 831 2749 882; x_wconf 88' lang='lat' dir='ltr'><strong><em>rebus</em></strong></span> <span class='ocrx_word' id='word_1_516' title='bbox 2780 827 2988 897; x_wconf 78' lang='lat' dir='ltr'><strong><em>passim</em></strong></span> <span class='ocrx_word' id='word_1_517' title='bbox 3007 830 3137 880; x_wconf 88' lang='lat' dir='ltr'><strong><em>ante</em></strong></span> <span class='ocrx_word' id='word_1_518' title='bbox 3163 825 3497 896; x_wconf 73' lang='lat' dir='ltr'><strong><em>iacentibus,</em></strong></span> <span class='ocrx_word' id='word_1_519' title='bbox 3534 826 3740 880; x_wconf 82' lang='lat' dir='ltr'><strong><em>deinde</em></strong></span> 
     </span>
    </p>
   </div>
   <div class='ocr_carea' id='block_1_69' title="bbox 2056 913 3739 987">
    <p class='ocr_par' dir='ltr' id='par_1_69' title="bbox 2056 913 3739 987">
     <span class='ocr_line' id='line_1_69' title="bbox 2056 913 3739 987; baseline -0.003 -15"><span class='ocrx_word' id='word_1_520' title='bbox 2056 918 2116 972; x_wconf 89' lang='lat' dir='ltr'><strong><em>in</em></strong></span> <span class='ocrx_word' id='word_1_521' title='bbox 2158 935 2334 972; x_wconf 86' lang='lat' dir='ltr'><strong><em>unam</em></strong></span> <span class='ocrx_word' id='word_1_522' title='bbox 2373 919 2614 972; x_wconf 89' lang='lat' dir='ltr'><strong><em>formam</em></strong></span> <span class='ocrx_word' id='word_1_523' title='bbox 2656 917 3014 987; x_wconf 84' lang='lat' dir='ltr'><strong><em>congregatis</em></strong></span> <span class='ocrx_word' id='word_1_524' title='bbox 3057 931 3230 969; x_wconf 90' lang='lat' dir='ltr'><strong><em>unam</em></strong></span> <span class='ocrx_word' id='word_1_525' title='bbox 3282 913 3425 967; x_wconf 85' lang='lat' dir='ltr'><strong><em>facio</em></strong></span> <span class='ocrx_word' id='word_1_526' title='bbox 3472 914 3739 967; x_wconf 90' lang='lat' dir='ltr'><strong><em>domum.</em></strong></span> 
     </span>
    </p>
   </div>
   <div class='ocr_carea' id='block_1_70' title="bbox 2034 1001 3746 1076">
    <p class='ocr_par' dir='ltr' id='par_1_70' title="bbox 2034 1001 3746 1076">
     <span class='ocr_line' id='line_1_70' title="bbox 2034 1001 3746 1076; baseline -0.005 -14"><span class='ocrx_word' id='word_1_527' title='bbox 2034 1006 2255 1061; x_wconf 62' lang='grc' dir='ltr'><strong><em>..ΜεδΙίοτ</em></strong></span> <span class='ocrx_word' id='word_1_528' title='bbox 2302 1022 2429 1075; x_wconf 83' lang='lat' dir='ltr'><strong><em>ego,</em></strong></span> <span class='ocrx_word' id='word_1_529' title='bbox 2472 1005 2754 1076; x_wconf 84' lang='lat' dir='ltr'><strong><em>siquidem</em></strong></span> <span class='ocrx_word' id='word_1_530' title='bbox 2792 1022 2896 1075; x_wconf 86' lang='lat' dir='ltr'><strong><em>ego</em></strong></span> <span class='ocrx_word' id='word_1_531' title='bbox 2927 1003 3089 1070; x_wconf 89' lang='lat' dir='ltr'><strong><em>facio,</em></strong></span> <span class='ocrx_word' id='word_1_532' title='bbox 3113 1004 3210 1056; x_wconf 83' lang='lat' dir='ltr'><strong><em>illa</em></strong></span> <span class='ocrx_word' id='word_1_533' title='bbox 3239 1002 3332 1056; x_wconf 84' lang='lat' dir='ltr'><strong><em>tit:</em></strong></span> <span class='ocrx_word' id='word_1_534' title='bbox 3367 1002 3494 1055; x_wconf 90' lang='lat' dir='ltr'><strong><em>ideo</em></strong></span> <span class='ocrx_word' id='word_1_535' title='bbox 3542 1001 3746 1054; x_wconf 90' lang='lat' dir='ltr'><strong><em>melior</em></strong></span> 
     </span>
    </p>
   </div>
   <div class='ocr_carea' id='block_1_71' title="bbox 2057 1091 3744 1165">
    <p class='ocr_par' dir='ltr' id='par_1_71' title="bbox 2057 1091 3744 1165">
     <span class='ocr_line' id='line_1_71' title="bbox 2057 1091 3744 1165; baseline -0.003 -17"><span class='ocrx_word' id='word_1_536' title='bbox 2057 1095 2191 1165; x_wconf 88' lang='lat' dir='ltr'><strong><em>quia</em></strong></span> <span class='ocrx_word' id='word_1_537' title='bbox 2220 1094 2392 1161; x_wconf 87' lang='lat' dir='ltr'><strong><em>facio;</em></strong></span> <span class='ocrx_word' id='word_1_538' title='bbox 2426 1111 2542 1148; x_wconf 90' lang='lat' dir='ltr'><strong><em>non</em></strong></span> <span class='ocrx_word' id='word_1_539' title='bbox 2585 1095 2823 1151; x_wconf 88' lang='lat' dir='ltr'><strong><em>dubium</em></strong></span> <span class='ocrx_word' id='word_1_540' title='bbox 2854 1100 2939 1147; x_wconf 91' lang='lat' dir='ltr'><strong><em>est</em></strong></span> <span class='ocrx_word' id='word_1_541' title='bbox 2984 1093 3115 1145; x_wconf 90' lang='lat' dir='ltr'><strong><em>inde</em></strong></span> <span class='ocrx_word' id='word_1_542' title='bbox 3146 1108 3236 1145; x_wconf 89' lang='lat' dir='ltr'><strong><em>me</em></strong></span> <span class='ocrx_word' id='word_1_543' title='bbox 3284 1108 3406 1144; x_wconf 88' lang='lat' dir='ltr'><strong><em>esse</em></strong></span> <span class='ocrx_word' id='word_1_544' title='bbox 3445 1091 3744 1143; x_wconf 88' lang='lat' dir='ltr'><strong><em>meliorem</em></strong></span> 
     </span>
    </p>
   </div>
   <div class='ocr_carea' id='block_1_72' title="bbox 2057 1177 3749 1254">
    <p class='ocr_par' dir='ltr' id='par_1_72' title="bbox 2057 1177 3749 1254">
     <span class='ocr_line' id='line_1_72' title="bbox 2057 1177 3749 1254; baseline -0.004 -19"><span class='ocrx_word' id='word_1_545' title='bbox 2057 1199 2229 1254; x_wconf 90' lang='lat' dir='ltr'><strong><em>quam</em></strong></span> <span class='ocrx_word' id='word_1_546' title='bbox 2253 1184 2455 1237; x_wconf 90' lang='lat' dir='ltr'><strong><em>domus</em></strong></span> <span class='ocrx_word' id='word_1_547' title='bbox 2477 1189 2576 1236; x_wconf 91' lang='lat' dir='ltr'><strong><em>est.</em></strong></span> <span class='ocrx_word' id='word_1_548' title='bbox 2603 1184 2706 1237; x_wconf 91' lang='lat' dir='ltr'><strong><em>Sed</em></strong></span> <span class='ocrx_word' id='word_1_549' title='bbox 2743 1199 2856 1235; x_wconf 91' lang='lat' dir='ltr'><strong><em>non</em></strong></span> <span class='ocrx_word' id='word_1_550' title='bbox 2883 1182 3015 1235; x_wconf 78' lang='lat' dir='ltr'><strong><em>inde</em></strong></span> <span class='ocrx_word' id='word_1_551' title='bbox 3046 1197 3170 1233; x_wconf 88' lang='lat' dir='ltr'><strong><em>sum</em></strong></span> <span class='ocrx_word' id='word_1_552' title='bbox 3196 1180 3396 1233; x_wconf 89' lang='lat' dir='ltr'><strong><em>melior</em></strong></span> <span class='ocrx_word' id='word_1_553' title='bbox 3414 1177 3749 1242; x_wconf 88' lang='lat' dir='ltr'><strong><em>hirundine,</em></strong></span> 
     </span>
    </p>
   </div>
   <div class='ocr_carea' id='block_1_73' title="bbox 2058 1266 3745 1341">
    <p class='ocr_par' dir='ltr' id='par_1_73' title="bbox 2058 1266 3745 1341">
     <span class='ocr_line' id='line_1_73' title="bbox 2058 1266 3745 1341; baseline -0.005 -15"><span class='ocrx_word' id='word_1_554' title='bbox 2058 1277 2157 1326; x_wconf 89' lang='lat' dir='ltr'><strong><em>aut</em></strong></span> <span class='ocrx_word' id='word_1_555' title='bbox 2186 1272 2437 1341; x_wconf 85' lang='lat' dir='ltr'><strong><em>apicula;</em></strong></span> <span class='ocrx_word' id='word_1_556' title='bbox 2488 1287 2622 1325; x_wconf 89' lang='lat' dir='ltr'><strong><em>nam</em></strong></span> <span class='ocrx_word' id='word_1_557' title='bbox 2652 1276 2709 1324; x_wconf 85' lang='lat' dir='ltr'><strong><em>et</em></strong></span> <span class='ocrx_word' id='word_1_558' title='bbox 2738 1272 2834 1324; x_wconf 88' lang='lat' dir='ltr'><strong><em>illa</em></strong></span> <span class='ocrx_word' id='word_1_559' title='bbox 2868 1270 3028 1323; x_wconf 90' lang='lat' dir='ltr'><strong><em>nidos</em></strong></span> <span class='ocrx_word' id='word_1_560' title='bbox 3072 1269 3283 1322; x_wconf 73' lang='lat' dir='ltr'><strong><em>aﬁ‘abre</em></strong></span> <span class='ocrx_word' id='word_1_561' title='bbox 3315 1267 3499 1331; x_wconf 90' lang='lat' dir='ltr'><strong><em>struit,</em></strong></span> <span class='ocrx_word' id='word_1_562' title='bbox 3551 1271 3607 1318; x_wconf 90' lang='lat' dir='ltr'><strong><em>et</em></strong></span> <span class='ocrx_word' id='word_1_563' title='bbox 3648 1266 3745 1318; x_wconf 89' lang='lat' dir='ltr'><strong><em>illa</em></strong></span> 
     </span>
    </p>
   </div>
   <div class='ocr_carea' id='block_1_74' title="bbox 2054 1355 3747 1429">
    <p class='ocr_par' dir='ltr' id='par_1_74' title="bbox 2054 1355 3747 1429">
     <span class='ocr_line' id='line_1_74' title="bbox 2054 1355 3747 1429; baseline -0.004 -16"><span class='ocrx_word' id='word_1_564' title='bbox 2054 1360 2239 1413; x_wconf 87' lang='lat' dir='ltr'><strong><em>favos:</em></strong></span> <span class='ocrx_word' id='word_1_565' title='bbox 2276 1360 2373 1413; x_wconf 91' lang='lat' dir='ltr'><strong><em>sed</em></strong></span> <span class='ocrx_word' id='word_1_566' title='bbox 2408 1360 2495 1413; x_wconf 91' lang='lat' dir='ltr'><strong><em>his</em></strong></span> <span class='ocrx_word' id='word_1_567' title='bbox 2528 1359 2751 1424; x_wconf 89' lang='lat' dir='ltr'><strong><em>melior,</em></strong></span> <span class='ocrx_word' id='word_1_568' title='bbox 2784 1358 2919 1429; x_wconf 87' lang='lat' dir='ltr'><strong><em>quia</em></strong></span> <span class='ocrx_word' id='word_1_569' title='bbox 2949 1357 3223 1410; x_wconf 86' lang='lat' dir='ltr'><strong><em>rationale</em></strong></span> <span class='ocrx_word' id='word_1_570' title='bbox 3253 1355 3464 1409; x_wconf 90' lang='lat' dir='ltr'><strong><em>animal</em></strong></span> <span class='ocrx_word' id='word_1_571' title='bbox 3495 1369 3641 1407; x_wconf 88' lang='lat' dir='ltr'><strong><em>sum.</em></strong></span> <span class='ocrx_word' id='word_1_572' title='bbox 3675 1356 3747 1407; x_wconf 88' lang='lat' dir='ltr'><strong><em>At</em></strong></span> 
     </span>
    </p>
   </div>
   <div class='ocr_carea' id='block_1_75' title="bbox 2055 1443 3750 1514">
    <p class='ocr_par' dir='ltr' id='par_1_75' title="bbox 2055 1443 3750 1514">
     <span class='ocr_line' id='line_1_75' title="bbox 2055 1443 3750 1514; baseline -0.004 -14"><span class='ocrx_word' id='word_1_573' title='bbox 2055 1446 2102 1500; x_wconf 90' lang='lat' dir='ltr'><strong><em>si</em></strong></span> <span class='ocrx_word' id='word_1_574' title='bbox 2136 1448 2195 1500; x_wconf 93' lang='lat' dir='ltr'><strong><em>in</em></strong></span> <span class='ocrx_word' id='word_1_575' title='bbox 2225 1447 2361 1500; x_wconf 86' lang='lat' dir='ltr'><strong><em>ratis</em></strong></span> <span class='ocrx_word' id='word_1_576' title='bbox 2405 1446 2857 1501; x_wconf 85' lang='lat' dir='ltr'><strong><em>dimensionibus</em></strong></span> <span class='ocrx_word' id='word_1_577' title='bbox 2890 1446 3030 1498; x_wconf 86' lang='lat' dir='ltr'><strong><em>ratio</em></strong></span> <span class='ocrx_word' id='word_1_578' title='bbox 3062 1449 3176 1510; x_wconf 86' lang='lat' dir='ltr'><strong><em>est;</em></strong></span> <span class='ocrx_word' id='word_1_579' title='bbox 3222 1443 3645 1514; x_wconf 88' lang='lat' dir='ltr'><strong><em>numquidnam</em></strong></span> <span class='ocrx_word' id='word_1_580' title='bbox 3693 1445 3750 1495; x_wconf 88' lang='lat' dir='ltr'><strong><em>et</em></strong></span> 
     </span>
    </p>
   </div>
   <div class='ocr_carea' id='block_1_76' title="bbox 2056 1530 3746 1606">
    <p class='ocr_par' dir='ltr' id='par_1_76' title="bbox 2056 1530 3746 1606">
     <span class='ocr_line' id='line_1_76' title="bbox 2056 1530 3746 1606; baseline -0.004 -17"><span class='ocrx_word' id='word_1_581' title='bbox 2056 1552 2186 1589; x_wconf 89' lang='lat' dir='ltr'><strong><em>aves</em></strong></span> <span class='ocrx_word' id='word_1_582' title='bbox 2211 1537 2361 1606; x_wconf 90' lang='lat' dir='ltr'><strong><em>quod</em></strong></span> <span class='ocrx_word' id='word_1_583' title='bbox 2389 1537 2683 1604; x_wconf 88' lang='lat' dir='ltr'><strong><em>fabricant,</em></strong></span> <span class='ocrx_word' id='word_1_584' title='bbox 2726 1535 2917 1589; x_wconf 90' lang='lat' dir='ltr'><strong><em>minus</em></strong></span> <span class='ocrx_word' id='word_1_585' title='bbox 2945 1539 3073 1605; x_wconf 86' lang='lat' dir='ltr'><strong><em>apte</em></strong></span> <span class='ocrx_word' id='word_1_586' title='bbox 3108 1538 3625 1603; x_wconf 89' lang='lat' dir='ltr'><strong><em>comgruenterque</em></strong></span> <span class='ocrx_word' id='word_1_587' title='bbox 3659 1530 3746 1583; x_wconf 90' lang='lat' dir='ltr'><strong><em>di-</em></strong></span> 
     </span>
    </p>
   </div>
   <div class='ocr_carea' id='block_1_77' title="bbox 2057 1620 3747 1687">
    <p class='ocr_par' dir='ltr' id='par_1_77' title="bbox 2057 1620 3747 1687">
     <span class='ocr_line' id='line_1_77' title="bbox 2057 1620 3747 1687; baseline -0.004 -10"><span class='ocrx_word' id='word_1_588' title='bbox 2057 1640 2321 1678; x_wconf 90' lang='lat' dir='ltr'><strong><em>mensum</em></strong></span> <span class='ocrx_word' id='word_1_589' title='bbox 2364 1630 2483 1678; x_wconf 79' lang='lat' dir='ltr'><strong><em>est?</em></strong></span> <span class='ocrx_word' id='word_1_590' title='bbox 2544 1627 2663 1679; x_wconf 90' lang='lat' dir='ltr'><strong><em>lmo</em></strong></span> <span class='ocrx_word' id='word_1_591' title='bbox 2718 1623 3252 1678; x_wconf 89' lang='lat' dir='ltr'><strong><em>numerosissimum</em></strong></span> <span class='ocrx_word' id='word_1_592' title='bbox 3300 1626 3401 1674; x_wconf 92' lang='lat' dir='ltr'><strong><em>est.</em></strong></span> <span class='ocrx_word' id='word_1_593' title='bbox 3452 1620 3575 1672; x_wconf 83' lang='lat' dir='ltr'><strong><em>Non</em></strong></span> <span class='ocrx_word' id='word_1_594' title='bbox 3610 1634 3747 1687; x_wconf 89' lang='lat' dir='ltr'><strong><em>ergo</em></strong></span> 
     </span>
    </p>
   </div>
   <div class='ocr_carea' id='block_1_78' title="bbox 2057 1707 3749 1780">
    <p class='ocr_par' dir='ltr' id='par_1_78' title="bbox 2057 1707 3749 1780">
     <span class='ocr_line' id='line_1_78' title="bbox 2057 1707 3749 1780; baseline -0.005 -13"><span class='ocrx_word' id='word_1_595' title='bbox 2057 1728 2359 1767; x_wconf 88' lang='lat' dir='ltr'><strong><em>numerosa</em></strong></span> <span class='ocrx_word' id='word_1_596' title='bbox 2390 1713 2665 1779; x_wconf 86' lang='lat' dir='ltr'><strong><em>faciendo,</em></strong></span> <span class='ocrx_word' id='word_1_597' title='bbox 2689 1713 2782 1765; x_wconf 89' lang='lat' dir='ltr'><strong><em>sed</em></strong></span> <span class='ocrx_word' id='word_1_598' title='bbox 2808 1728 3074 1765; x_wconf 88' lang='lat' dir='ltr'><strong><em>numeros</em></strong></span> <span class='ocrx_word' id='word_1_599' title='bbox 3100 1709 3512 1780; x_wconf 89' lang='lat' dir='ltr'><strong><em>cognoscendo,</em></strong></span> <span class='ocrx_word' id='word_1_600' title='bbox 3545 1707 3749 1760; x_wconf 87' lang='lat' dir='ltr'><strong><em>melior</em></strong></span> 
     </span>
    </p>
   </div>
   <div class='ocr_carea' id='block_1_79' title="bbox 2058 1797 3750 1872">
    <p class='ocr_par' dir='ltr' id='par_1_79' title="bbox 2058 1797 3750 1872">
     <span class='ocr_line' id='line_1_79' title="bbox 2058 1797 3750 1872; baseline -0.004 -18"><span class='ocrx_word' id='word_1_601' title='bbox 2058 1818 2205 1854; x_wconf 88' lang='lat' dir='ltr'><strong><em>sum.</em></strong></span> <span class='ocrx_word' id='word_1_602' title='bbox 2253 1802 2399 1865; x_wconf 91' lang='lat' dir='ltr'><strong><em>Quid</em></strong></span> <span class='ocrx_word' id='word_1_603' title='bbox 2446 1804 2627 1872; x_wconf 87' lang='lat' dir='ltr'><strong><em>ergo?</em></strong></span> <span class='ocrx_word' id='word_1_604' title='bbox 2672 1802 2784 1855; x_wconf 81' lang='lat' dir='ltr'><strong><em>illae</em></strong></span> <span class='ocrx_word' id='word_1_605' title='bbox 2829 1801 3143 1853; x_wconf 88' lang='lat' dir='ltr'><strong><em>nescientes</em></strong></span> <span class='ocrx_word' id='word_1_606' title='bbox 3176 1797 3400 1867; x_wconf 83' lang='lat' dir='ltr'><strong><em>operari</em></strong></span> <span class='ocrx_word' id='word_1_607' title='bbox 3444 1811 3750 1849; x_wconf 85' lang='lat' dir='ltr'><strong><em>numerosa</em></strong></span> 
     </span>
    </p>
   </div>
   <div class='ocr_carea' id='block_1_80' title="bbox 2058 1884 3750 1961">
    <p class='ocr_par' dir='ltr' id='par_1_80' title="bbox 2058 1884 3750 1961">
     <span class='ocr_line' id='line_1_80' title="bbox 2058 1884 3750 1961; baseline -0.005 -18"><span class='ocrx_word' id='word_1_608' title='bbox 2058 1891 2363 1961; x_wconf 80' lang='lat' dir='ltr'><strong><em>poterant?</em></strong></span> <span class='ocrx_word' id='word_1_609' title='bbox 2395 1893 2662 1945; x_wconf 86' lang='lat' dir='ltr'><strong><em>Poterant</em></strong></span> <span class='ocrx_word' id='word_1_610' title='bbox 2687 1890 2958 1959; x_wconf 90' lang='lat' dir='ltr'><strong><em>profecto.</em></strong></span> <span class='ocrx_word' id='word_1_611' title='bbox 2997 1888 3154 1943; x_wconf 87' lang='lat' dir='ltr'><strong><em>Unde</em></strong></span> <span class='ocrx_word' id='word_1_612' title='bbox 3180 1886 3235 1939; x_wconf 91' lang='lat' dir='ltr'><strong><em>id</em></strong></span> <span class='ocrx_word' id='word_1_613' title='bbox 3268 1886 3545 1939; x_wconf 84' lang='lat' dir='ltr'><strong><em>docetur?</em></strong></span> <span class='ocrx_word' id='word_1_614' title='bbox 3578 1884 3649 1937; x_wconf 78' lang='lat' dir='ltr'><strong><em>Ex</em></strong></span> <span class='ocrx_word' id='word_1_615' title='bbox 3682 1898 3750 1935; x_wconf 89' lang='lat' dir='ltr'><strong><em>eo</em></strong></span> 
     </span>
    </p>
   </div>
   <div class='ocr_carea' id='block_1_81' title="bbox 2059 1972 3747 2049">
    <p class='ocr_par' dir='ltr' id='par_1_81' title="bbox 2059 1972 3747 2049">
     <span class='ocr_line' id='line_1_81' title="bbox 2059 1972 3747 2049; baseline -0.005 -17"><span class='ocrx_word' id='word_1_616' title='bbox 2059 1979 2210 2049; x_wconf 91' lang='lat' dir='ltr'><strong><em>quod</em></strong></span> <span class='ocrx_word' id='word_1_617' title='bbox 2241 1996 2341 2031; x_wconf 92' lang='lat' dir='ltr'><strong><em>nos</em></strong></span> <span class='ocrx_word' id='word_1_618' title='bbox 2384 1995 2609 2049; x_wconf 87' lang='lat' dir='ltr'><strong><em>quoque</em></strong></span> <span class='ocrx_word' id='word_1_619' title='bbox 2639 1978 2804 2031; x_wconf 87' lang='lat' dir='ltr'><strong><em>certis</em></strong></span> <span class='ocrx_word' id='word_1_620' title='bbox 2835 1975 3291 2031; x_wconf 89' lang='lat' dir='ltr'><strong><em>dimensionibus</em></strong></span> <span class='ocrx_word' id='word_1_621' title='bbox 3325 1974 3583 2043; x_wconf 89' lang='lat' dir='ltr'><strong><em>linguam</em></strong></span> <span class='ocrx_word' id='word_1_622' title='bbox 3607 1972 3747 2025; x_wconf 89' lang='lat' dir='ltr'><strong><em>den-</em></strong></span> 
     </span>
    </p>
   </div>
   <div class='ocr_carea' id='block_1_82' title="bbox 2059 2060 3752 2135">
    <p class='ocr_par' dir='ltr' id='par_1_82' title="bbox 2059 2060 3752 2135">
     <span class='ocr_line' id='line_1_82' title="bbox 2059 2060 3752 2135; baseline -0.006 -15"><span class='ocrx_word' id='word_1_623' title='bbox 2059 2066 2209 2120; x_wconf 87' lang='lat' dir='ltr'><strong><em>tibus</em></strong></span> <span class='ocrx_word' id='word_1_624' title='bbox 2240 2071 2296 2119; x_wconf 92' lang='lat' dir='ltr'><strong><em>et</em></strong></span> <span class='ocrx_word' id='word_1_625' title='bbox 2320 2067 2510 2135; x_wconf 89' lang='lat' dir='ltr'><strong><em>palato</em></strong></span> <span class='ocrx_word' id='word_1_626' title='bbox 2551 2065 3066 2130; x_wconf 88' lang='lat' dir='ltr'><strong><em>accommodamus,</em></strong></span> <span class='ocrx_word' id='word_1_627' title='bbox 3114 2069 3177 2117; x_wconf 92' lang='lat' dir='ltr'><strong><em>ut</em></strong></span> <span class='ocrx_word' id='word_1_628' title='bbox 3220 2079 3287 2115; x_wconf 84' lang='lat' dir='ltr'><strong><em>ex</em></strong></span> <span class='ocrx_word' id='word_1_629' title='bbox 3317 2078 3413 2115; x_wconf 92' lang='lat' dir='ltr'><strong><em>ore</em></strong></span> <span class='ocrx_word' id='word_1_630' title='bbox 3445 2060 3647 2113; x_wconf 69' lang='lat' dir='ltr'><strong><em>littera:</em></strong></span> <span class='ocrx_word' id='word_1_631' title='bbox 3688 2073 3752 2111; x_wconf 87' lang='lat' dir='ltr'><strong><em>ac</em></strong></span> 
     </span>
    </p>
   </div>
   <div class='ocr_carea' id='block_1_83' title="bbox 2060 2146 3751 2225">
    <p class='ocr_par' dir='ltr' id='par_1_83' title="bbox 2060 2146 3751 2225">
     <span class='ocr_line' id='line_1_83' title="bbox 2060 2146 3751 2225; baseline -0.005 -19"><span class='ocrx_word' id='word_1_632' title='bbox 2060 2154 2232 2207; x_wconf 87' lang='lat' dir='ltr'><strong><em>verba</em></strong></span> <span class='ocrx_word' id='word_1_633' title='bbox 2260 2159 2655 2225; x_wconf 89' lang='lat' dir='ltr'><strong><em>prorumpant,</em></strong></span> <span class='ocrx_word' id='word_1_634' title='bbox 2702 2170 2805 2207; x_wconf 93' lang='lat' dir='ltr'><strong><em>nec</em></strong></span> <span class='ocrx_word' id='word_1_635' title='bbox 2834 2159 3027 2206; x_wconf 85' lang='lat' dir='ltr'><strong><em>tamen</em></strong></span> <span class='ocrx_word' id='word_1_636' title='bbox 3064 2151 3379 2222; x_wconf 87' lang='lat' dir='ltr'><strong><em>cogitamus</em></strong></span> <span class='ocrx_word' id='word_1_637' title='bbox 3408 2165 3537 2203; x_wconf 89' lang='lat' dir='ltr'><strong><em>cum</em></strong></span> <span class='ocrx_word' id='word_1_638' title='bbox 3567 2146 3751 2217; x_wconf 88' lang='lat' dir='ltr'><strong><em>loqui-</em></strong></span> 
     </span>
    </p>
   </div>
   <div class='ocr_carea' id='block_1_84' title="bbox 2063 2234 3751 2313">
    <p class='ocr_par' dir='ltr' id='par_1_84' title="bbox 2063 2234 3751 2313">
     <span class='ocr_line' id='line_1_84' title="bbox 2063 2234 3751 2313; baseline -0.005 -17"><span class='ocrx_word' id='word_1_639' title='bbox 2063 2259 2211 2308; x_wconf 90' lang='lat' dir='ltr'><strong><em>mur,</em></strong></span> <span class='ocrx_word' id='word_1_640' title='bbox 2246 2260 2357 2313; x_wconf 92' lang='lat' dir='ltr'><strong><em>quo</em></strong></span> <span class='ocrx_word' id='word_1_641' title='bbox 2387 2249 2547 2296; x_wconf 90' lang='lat' dir='ltr'><strong><em>motu</em></strong></span> <span class='ocrx_word' id='word_1_642' title='bbox 2577 2242 2691 2295; x_wconf 91' lang='lat' dir='ltr'><strong><em>oris</em></strong></span> <span class='ocrx_word' id='word_1_643' title='bbox 2720 2243 2778 2295; x_wconf 88' lang='lat' dir='ltr'><strong><em>id</em></strong></span> <span class='ocrx_word' id='word_1_644' title='bbox 2800 2242 2981 2295; x_wconf 89' lang='lat' dir='ltr'><strong><em>facere</em></strong></span> <span class='ocrx_word' id='word_1_645' title='bbox 3005 2241 3333 2294; x_wconf 87' lang='lat' dir='ltr'><strong><em>debeamus.</em></strong></span> <span class='ocrx_word' id='word_1_646' title='bbox 3376 2237 3590 2292; x_wconf 89' lang='lat' dir='ltr'><strong><em>Deinde</em></strong></span> <span class='ocrx_word' id='word_1_647' title='bbox 3623 2234 3751 2306; x_wconf 90' lang='lat' dir='ltr'><strong><em>quis</em></strong></span> 
     </span>
    </p>
   </div>
   <div class='ocr_carea' id='block_1_85' title="bbox 2062 2326 3752 2397">
    <p class='ocr_par' dir='ltr' id='par_1_85' title="bbox 2062 2326 3752 2397">
     <span class='ocr_line' id='line_1_85' title="bbox 2062 2326 3752 2397; baseline -0.006 -11"><span class='ocrx_word' id='word_1_648' title='bbox 2062 2332 2246 2386; x_wconf 87' lang='lat' dir='ltr'><strong><em>bonus</em></strong></span> <span class='ocrx_word' id='word_1_649' title='bbox 2272 2336 2548 2395; x_wconf 87' lang='lat' dir='ltr'><strong><em>cantator,</em></strong></span> <span class='ocrx_word' id='word_1_650' title='bbox 2596 2331 2770 2383; x_wconf 86' lang='lat' dir='ltr'><strong><em>etiam</em></strong></span> <span class='ocrx_word' id='word_1_651' title='bbox 2801 2330 2847 2382; x_wconf 92' lang='lat' dir='ltr'><strong><em>si</em></strong></span> <span class='ocrx_word' id='word_1_652' title='bbox 2888 2329 3119 2383; x_wconf 58' lang='lat' dir='ltr'><strong><em>musicas</em></strong></span> <span class='ocrx_word' id='word_1_653' title='bbox 3167 2328 3239 2381; x_wconf 92' lang='lat' dir='ltr'><strong><em>sit</em></strong></span> <span class='ocrx_word' id='word_1_654' title='bbox 3283 2326 3601 2397; x_wconf 90' lang='lat' dir='ltr'><strong><em>imperitus,</em></strong></span> <span class='ocrx_word' id='word_1_655' title='bbox 3638 2340 3752 2377; x_wconf 89' lang='lat' dir='ltr'><strong><em>non</em></strong></span> 
     </span>
    </p>
   </div>
   <div class='ocr_carea' id='block_1_86' title="bbox 2060 2418 3756 2491">
    <p class='ocr_par' dir='ltr' id='par_1_86' title="bbox 2060 2418 3756 2491">
     <span class='ocr_line' id='line_1_86' title="bbox 2060 2418 3756 2491; baseline -0.005 -17"><span class='ocrx_word' id='word_1_656' title='bbox 2060 2420 2186 2491; x_wconf 87' lang='lat' dir='ltr'><strong><em>ipso</em></strong></span> <span class='ocrx_word' id='word_1_657' title='bbox 2218 2438 2390 2474; x_wconf 88' lang='lat' dir='ltr'><strong><em>sensu</em></strong></span> <span class='ocrx_word' id='word_1_658' title='bbox 2413 2421 2659 2473; x_wconf 84' lang='lat' dir='ltr'><strong><em>naturali</em></strong></span> <span class='ocrx_word' id='word_1_659' title='bbox 2688 2426 2744 2473; x_wconf 90' lang='lat' dir='ltr'><strong><em>et</em></strong></span> <span class='ocrx_word' id='word_1_660' title='bbox 2771 2419 3101 2489; x_wconf 79' lang='lat' dir='ltr'><strong><em>rhythmum</em></strong></span> <span class='ocrx_word' id='word_1_661' title='bbox 3133 2422 3189 2470; x_wconf 91' lang='lat' dir='ltr'><strong><em>et</em></strong></span> <span class='ocrx_word' id='word_1_662' title='bbox 3218 2418 3397 2469; x_wconf 91' lang='lat' dir='ltr'><strong><em>melos</em></strong></span> <span class='ocrx_word' id='word_1_663' title='bbox 3427 2418 3756 2485; x_wconf 90' lang='lat' dir='ltr'><strong><em>perceptum</em></strong></span> 
     </span>
    </p>
   </div>
   <div class='ocr_carea' id='block_1_87' title="bbox 2064 2503 3757 2575">
    <p class='ocr_par' dir='ltr' id='par_1_87' title="bbox 2064 2503 3757 2575">
     <span class='ocr_line' id='line_1_87' title="bbox 2064 2503 3757 2575; baseline -0.005 -13"><span class='ocrx_word' id='word_1_664' title='bbox 2064 2508 2341 2563; x_wconf 85' lang='lat' dir='ltr'><strong><em>memoria</em></strong></span> <span class='ocrx_word' id='word_1_665' title='bbox 2366 2508 2647 2561; x_wconf 90' lang='lat' dir='ltr'><strong><em>custodiat</em></strong></span> <span class='ocrx_word' id='word_1_666' title='bbox 2676 2508 2733 2560; x_wconf 90' lang='lat' dir='ltr'><strong><em>in</em></strong></span> <span class='ocrx_word' id='word_1_667' title='bbox 2766 2508 3017 2559; x_wconf 81' lang='lat' dir='ltr'><strong><em>canendo</em></strong></span> <span class='ocrx_word' id='word_1_668' title='bbox 3036 2506 3063 2558; x_wconf 84' lang='lat'><strong><em>?</em></strong></span> <span class='ocrx_word' id='word_1_669' title='bbox 3092 2521 3205 2575; x_wconf 92' lang='lat' dir='ltr'><strong><em>quo</em></strong></span> <span class='ocrx_word' id='word_1_670' title='bbox 3234 2504 3368 2574; x_wconf 90' lang='lat' dir='ltr'><strong><em>quid</em></strong></span> <span class='ocrx_word' id='word_1_671' title='bbox 3400 2503 3525 2557; x_wconf 83' lang='lat' dir='ltr'><strong><em>ﬁeri</em></strong></span> <span class='ocrx_word' id='word_1_672' title='bbox 3559 2517 3757 2555; x_wconf 85' lang='lat' dir='ltr'><strong><em>nume-</em></strong></span> 
     </span>
    </p>
   </div>
   <div class='ocr_carea' id='block_1_88' title="bbox 2062 2588 3760 2665">
    <p class='ocr_par' dir='ltr' id='par_1_88' title="bbox 2062 2588 3760 2665">
     <span class='ocr_line' id='line_1_88' title="bbox 2062 2588 3760 2665; baseline -0.005 -15"><span class='ocrx_word' id='word_1_673' title='bbox 2062 2597 2247 2651; x_wconf 85' lang='lat' dir='ltr'><strong><em>rosius</em></strong></span> <span class='ocrx_word' id='word_1_674' title='bbox 2278 2598 2508 2665; x_wconf 85' lang='lat' dir='ltr'><strong><em>potest?</em></strong></span> <span class='ocrx_word' id='word_1_675' title='bbox 2542 2597 2653 2649; x_wconf 86' lang='lat' dir='ltr'><strong><em>Hoc</em></strong></span> <span class='ocrx_word' id='word_1_676' title='bbox 2693 2595 2871 2648; x_wconf 86' lang='lat' dir='ltr'><strong><em>nescit</em></strong></span> <span class='ocrx_word' id='word_1_677' title='bbox 2924 2595 3209 2660; x_wconf 89' lang='lat' dir='ltr'><strong><em>indoctus,</em></strong></span> <span class='ocrx_word' id='word_1_678' title='bbox 3261 2595 3357 2645; x_wconf 92' lang='lat' dir='ltr'><strong><em>sed</em></strong></span> <span class='ocrx_word' id='word_1_679' title='bbox 3402 2596 3596 2645; x_wconf 89' lang='lat' dir='ltr'><strong><em>tamen</em></strong></span> <span class='ocrx_word' id='word_1_680' title='bbox 3626 2588 3760 2642; x_wconf 88' lang='lat' dir='ltr'><strong><em>facit</em></strong></span> 
     </span>
    </p>
   </div>
   <div class='ocr_carea' id='block_1_89' title="bbox 2066 2678 3758 2755">
    <p class='ocr_par' dir='ltr' id='par_1_89' title="bbox 2066 2678 3758 2755">
     <span class='ocr_line' id='line_1_89' title="bbox 2066 2678 3758 2755; baseline -0.007 -16"><span class='ocrx_word' id='word_1_681' title='bbox 2066 2690 2339 2755; x_wconf 85' lang='lat' dir='ltr'><strong><em>operante</em></strong></span> <span class='ocrx_word' id='word_1_682' title='bbox 2371 2688 2593 2737; x_wconf 89' lang='lat' dir='ltr'><strong><em>natura.</em></strong></span> <span class='ocrx_word' id='word_1_683' title='bbox 2624 2683 2860 2746; x_wconf 90' lang='lat' dir='ltr'><strong><em>Quando</em></strong></span> <span class='ocrx_word' id='word_1_684' title='bbox 2892 2686 3079 2735; x_wconf 89' lang='lat' dir='ltr'><strong><em>autem</em></strong></span> <span class='ocrx_word' id='word_1_685' title='bbox 3111 2680 3339 2746; x_wconf 90' lang='lat' dir='ltr'><strong><em>melior,</em></strong></span> <span class='ocrx_word' id='word_1_686' title='bbox 3370 2684 3425 2733; x_wconf 92' lang='lat' dir='ltr'><strong><em>et</em></strong></span> <span class='ocrx_word' id='word_1_687' title='bbox 3457 2678 3758 2748; x_wconf 86' lang='lat' dir='ltr'><strong><em>pecoribus</em></strong></span> 
     </span>
    </p>
   </div>
   <div class='ocr_carea' id='block_1_90' title="bbox 2065 2765 3755 2844">
    <p class='ocr_par' dir='ltr' id='par_1_90' title="bbox 2065 2765 3755 2844">
     <span class='ocr_line' id='line_1_90' title="bbox 2065 2765 3755 2844; baseline -0.006 -18"><span class='ocrx_word' id='word_1_688' title='bbox 2065 2772 2485 2844; x_wconf 57' lang='lat' dir='ltr'><strong><em>prae-ponendus</em></strong></span> <span class='ocrx_word' id='word_1_689' title='bbox 2503 2773 2531 2824; x_wconf 88' lang='lat'><strong><em>?</em></strong></span> <span class='ocrx_word' id='word_1_690' title='bbox 2549 2772 2784 2834; x_wconf 91' lang='lat' dir='ltr'><strong><em>Quando</em></strong></span> <span class='ocrx_word' id='word_1_691' title='bbox 2806 2770 2964 2823; x_wconf 87' lang='lat' dir='ltr'><strong><em>novit</em></strong></span> <span class='ocrx_word' id='word_1_692' title='bbox 2994 2769 3145 2839; x_wconf 89' lang='lat' dir='ltr'><strong><em>quod</em></strong></span> <span class='ocrx_word' id='word_1_693' title='bbox 3175 2769 3324 2821; x_wconf 89' lang='lat' dir='ltr'><strong><em>facit.</em></strong></span> <span class='ocrx_word' id='word_1_694' title='bbox 3350 2772 3420 2821; x_wconf 85' lang='lat' dir='ltr'><strong><em>At</em></strong></span> <span class='ocrx_word' id='word_1_695' title='bbox 3442 2768 3582 2820; x_wconf 90' lang='lat' dir='ltr'><strong><em>nihil</em></strong></span> <span class='ocrx_word' id='word_1_696' title='bbox 3605 2765 3755 2818; x_wconf 89' lang='lat' dir='ltr'><strong><em>aliud</em></strong></span> 
     </span>
    </p>
   </div>
   <div class='ocr_carea' id='block_1_91' title="bbox 2065 2855 3755 2931">
    <p class='ocr_par' dir='ltr' id='par_1_91' title="bbox 2065 2855 3755 2931">
     <span class='ocr_line' id='line_1_91' title="bbox 2065 2855 3755 2931; baseline -0.005 -16"><span class='ocrx_word' id='word_1_697' title='bbox 2065 2878 2158 2915; x_wconf 89' lang='lat' dir='ltr'><strong><em>me</em></strong></span> <span class='ocrx_word' id='word_1_698' title='bbox 2188 2861 2379 2931; x_wconf 89' lang='lat' dir='ltr'><strong><em>pecori</em></strong></span> <span class='ocrx_word' id='word_1_699' title='bbox 2411 2859 2714 2929; x_wconf 69' lang='lat' dir='ltr'><strong><em>praeponit,</em></strong></span> <span class='ocrx_word' id='word_1_700' title='bbox 2738 2858 2846 2910; x_wconf 84' lang='lat' dir='ltr'><strong><em>nisi</em></strong></span> <span class='ocrx_word' id='word_1_701' title='bbox 2874 2858 3028 2928; x_wconf 91' lang='lat' dir='ltr'><strong><em>quod</em></strong></span> <span class='ocrx_word' id='word_1_702' title='bbox 3060 2856 3336 2909; x_wconf 89' lang='lat' dir='ltr'><strong><em>rationale</em></strong></span> <span class='ocrx_word' id='word_1_703' title='bbox 3368 2855 3579 2908; x_wconf 90' lang='lat' dir='ltr'><strong><em>animal</em></strong></span> <span class='ocrx_word' id='word_1_704' title='bbox 3608 2869 3755 2906; x_wconf 89' lang='lat' dir='ltr'><strong><em>sum.</em></strong></span> 
     </span>
    </p>
   </div>
   <div class='ocr_carea' id='block_1_92' title="bbox 2138 2940 3760 3016">
    <p class='ocr_par' dir='ltr' id='par_1_92' title="bbox 2138 2940 3760 3016">
     <span class='ocr_line' id='line_1_92' title="bbox 2138 2940 3760 3016; baseline -0.007 -13"><span class='ocrx_word' id='word_1_705' title='bbox 2138 2952 2233 3006; x_wconf 83' lang='lat'><strong><em>50.</em></strong></span> <span class='ocrx_word' id='word_1_706' title='bbox 2271 2948 2569 3013; x_wconf 90' lang='lat' dir='ltr'><strong><em>Quomodo</em></strong></span> <span class='ocrx_word' id='word_1_707' title='bbox 2594 2947 2767 3016; x_wconf 91' lang='lat' dir='ltr'><strong><em>igitur</em></strong></span> <span class='ocrx_word' id='word_1_708' title='bbox 2796 2944 3135 2998; x_wconf 89' lang='lat' dir='ltr'><strong><em>immortalis</em></strong></span> <span class='ocrx_word' id='word_1_709' title='bbox 3166 2948 3251 2996; x_wconf 90' lang='lat' dir='ltr'><strong><em>est</em></strong></span> <span class='ocrx_word' id='word_1_710' title='bbox 3278 2943 3447 3008; x_wconf 90' lang='lat' dir='ltr'><strong><em>ratio,</em></strong></span> <span class='ocrx_word' id='word_1_711' title='bbox 3480 2946 3535 2995; x_wconf 91' lang='lat' dir='ltr'><strong><em>et</em></strong></span> <span class='ocrx_word' id='word_1_712' title='bbox 3564 2957 3668 3010; x_wconf 89' lang='lat' dir='ltr'><strong><em>ego</em></strong></span> <span class='ocrx_word' id='word_1_713' title='bbox 3693 2940 3760 2993; x_wconf 87' lang='lat' dir='ltr'><strong><em>si-</em></strong></span> 
     </span>
    </p>
   </div>
   <div class='ocr_carea' id='block_1_93' title="bbox 2065 3028 3761 3103">
    <p class='ocr_par' dir='ltr' id='par_1_93' title="bbox 2065 3028 3761 3103">
     <span class='ocr_line' id='line_1_93' title="bbox 2065 3028 3761 3103; baseline -0.006 -11"><span class='ocrx_word' id='word_1_714' title='bbox 2065 3039 2183 3092; x_wconf 91' lang='lat' dir='ltr'><strong><em>mul</em></strong></span> <span class='ocrx_word' id='word_1_715' title='bbox 2228 3042 2285 3091; x_wconf 91' lang='lat' dir='ltr'><strong><em>et</em></strong></span> <span class='ocrx_word' id='word_1_716' title='bbox 2332 3035 2605 3089; x_wconf 86' lang='lat' dir='ltr'><strong><em>rationale</em></strong></span> <span class='ocrx_word' id='word_1_717' title='bbox 2671 3034 2910 3087; x_wconf 84' lang='lat' dir='ltr'><strong><em>mortale</em></strong></span> <span class='ocrx_word' id='word_1_718' title='bbox 2959 3032 3231 3103; x_wconf 88' lang='lat' dir='ltr'><strong><em>quiddam</em></strong></span> <span class='ocrx_word' id='word_1_719' title='bbox 3291 3046 3411 3083; x_wconf 89' lang='lat' dir='ltr'><strong><em>esse</em></strong></span> <span class='ocrx_word' id='word_1_720' title='bbox 3472 3028 3761 3083; x_wconf 85' lang='lat' dir='ltr'><strong><em>deﬁnior?</em></strong></span> 
     </span>
    </p>
   </div>
   <div class='ocr_carea' id='block_1_94' title="bbox 2064 3116 3760 3183">
    <p class='ocr_par' dir='ltr' id='par_1_94' title="bbox 2064 3116 3760 3183">
     <span class='ocr_line' id='line_1_94' title="bbox 2064 3116 3760 3183; baseline -0.006 -3"><span class='ocrx_word' id='word_1_721' title='bbox 2064 3129 2150 3181; x_wconf 81' lang='lat' dir='ltr'><strong><em>An</em></strong></span> <span class='ocrx_word' id='word_1_722' title='bbox 2182 3125 2325 3179; x_wconf 88' lang='lat' dir='ltr'><strong><em>ratio</em></strong></span> <span class='ocrx_word' id='word_1_723' title='bbox 2358 3140 2477 3178; x_wconf 92' lang='lat' dir='ltr'><strong><em>non</em></strong></span> <span class='ocrx_word' id='word_1_724' title='bbox 2508 3128 2591 3177; x_wconf 89' lang='lat' dir='ltr'><strong><em>est</em></strong></span> <span class='ocrx_word' id='word_1_725' title='bbox 2621 3120 2996 3175; x_wconf 84' lang='lat' dir='ltr'><strong><em>immortalis?</em></strong></span> <span class='ocrx_word' id='word_1_726' title='bbox 3027 3120 3135 3175; x_wconf 90' lang='lat' dir='ltr'><strong><em>Sed</em></strong></span> <span class='ocrx_word' id='word_1_727' title='bbox 3182 3135 3365 3173; x_wconf 91' lang='lat' dir='ltr'><strong><em>unum</em></strong></span> <span class='ocrx_word' id='word_1_728' title='bbox 3400 3118 3471 3172; x_wconf 90' lang='lat' dir='ltr'><strong><em>ad</em></strong></span> <span class='ocrx_word' id='word_1_729' title='bbox 3503 3118 3639 3183; x_wconf 92' lang='lat' dir='ltr'><strong><em>duo,</em></strong></span> <span class='ocrx_word' id='word_1_730' title='bbox 3673 3116 3760 3170; x_wconf 89' lang='lat' dir='ltr'><strong><em>vel</em></strong></span> 
     </span>
    </p>
   </div>
   <div class='ocr_carea' id='block_1_95' title="bbox 2066 3204 3762 3284">
    <p class='ocr_par' dir='ltr' id='par_1_95' title="bbox 2066 3204 3762 3284">
     <span class='ocr_line' id='line_1_95' title="bbox 2066 3204 3762 3284; baseline -0.006 -16"><span class='ocrx_word' id='word_1_731' title='bbox 2066 3216 2177 3269; x_wconf 93' lang='lat' dir='ltr'><strong><em>duo</em></strong></span> <span class='ocrx_word' id='word_1_732' title='bbox 2208 3214 2277 3267; x_wconf 91' lang='lat' dir='ltr'><strong><em>ad</em></strong></span> <span class='ocrx_word' id='word_1_733' title='bbox 2310 3218 2577 3284; x_wconf 88' lang='lat' dir='ltr'><strong><em>quatuor,</em></strong></span> <span class='ocrx_word' id='word_1_734' title='bbox 2623 3210 2917 3265; x_wconf 88' lang='lat' dir='ltr'><strong><em>verissima</em></strong></span> <span class='ocrx_word' id='word_1_735' title='bbox 2950 3209 3095 3263; x_wconf 85' lang='lat' dir='ltr'><strong><em>ratio</em></strong></span> <span class='ocrx_word' id='word_1_736' title='bbox 3126 3212 3237 3262; x_wconf 90' lang='lat' dir='ltr'><strong><em>est:</em></strong></span> <span class='ocrx_word' id='word_1_737' title='bbox 3273 3224 3375 3261; x_wconf 90' lang='lat' dir='ltr'><strong><em>nec</em></strong></span> <span class='ocrx_word' id='word_1_738' title='bbox 3408 3206 3593 3277; x_wconf 88' lang='lat' dir='ltr'><strong><em>magis</em></strong></span> <span class='ocrx_word' id='word_1_739' title='bbox 3637 3204 3762 3259; x_wconf 90' lang='lat' dir='ltr'><strong><em>heri</em></strong></span> 
     </span>
    </p>
   </div>
   <div class='ocr_carea' id='block_1_96' title="bbox 2066 3296 3763 3370">
    <p class='ocr_par' dir='ltr' id='par_1_96' title="bbox 2066 3296 3763 3370">
     <span class='ocr_line' id='line_1_96' title="bbox 2066 3296 3763 3370; baseline -0.006 -13"><span class='ocrx_word' id='word_1_740' title='bbox 2066 3304 2175 3359; x_wconf 90' lang='lat' dir='ltr'><strong><em>fuit</em></strong></span> <span class='ocrx_word' id='word_1_741' title='bbox 2204 3303 2309 3356; x_wconf 90' lang='lat' dir='ltr'><strong><em>ista</em></strong></span> <span class='ocrx_word' id='word_1_742' title='bbox 2339 3301 2483 3355; x_wconf 90' lang='lat' dir='ltr'><strong><em>ratio</em></strong></span> <span class='ocrx_word' id='word_1_743' title='bbox 2516 3316 2647 3353; x_wconf 89' lang='lat' dir='ltr'><strong><em>vera</em></strong></span> <span class='ocrx_word' id='word_1_744' title='bbox 2686 3314 2859 3370; x_wconf 90' lang='lat' dir='ltr'><strong><em>quam</em></strong></span> <span class='ocrx_word' id='word_1_745' title='bbox 2910 3298 3112 3362; x_wconf 88' lang='lat' dir='ltr'><strong><em>hodie;</em></strong></span> <span class='ocrx_word' id='word_1_746' title='bbox 3146 3312 3251 3350; x_wconf 91' lang='lat' dir='ltr'><strong><em>nec</em></strong></span> <span class='ocrx_word' id='word_1_747' title='bbox 3298 3296 3480 3366; x_wconf 90' lang='lat' dir='ltr'><strong><em>magis</em></strong></span> <span class='ocrx_word' id='word_1_748' title='bbox 3512 3311 3634 3348; x_wconf 88' lang='lat' dir='ltr'><strong><em>cras</em></strong></span> <span class='ocrx_word' id='word_1_749' title='bbox 3665 3297 3763 3346; x_wconf 90' lang='lat' dir='ltr'><strong><em>aut</em></strong></span> 
     </span>
    </p>
   </div>
   <div class='ocr_carea' id='block_1_97' title="bbox 2066 3384 3761 3463">
    <p class='ocr_par' dir='ltr' id='par_1_97' title="bbox 2066 3384 3761 3463">
     <span class='ocr_line' id='line_1_97' title="bbox 2066 3384 3761 3463; baseline -0.006 -18"><span class='ocrx_word' id='word_1_750' title='bbox 2066 3396 2195 3463; x_wconf 90' lang='lat' dir='ltr'><strong><em>post</em></strong></span> <span class='ocrx_word' id='word_1_751' title='bbox 2217 3407 2429 3444; x_wconf 87' lang='lat' dir='ltr'><strong><em>annum</em></strong></span> <span class='ocrx_word' id='word_1_752' title='bbox 2460 3389 2569 3443; x_wconf 87' lang='lat' dir='ltr'><strong><em>erit</em></strong></span> <span class='ocrx_word' id='word_1_753' title='bbox 2592 3404 2750 3453; x_wconf 88' lang='lat' dir='ltr'><strong><em>vera;</em></strong></span> <span class='ocrx_word' id='word_1_754' title='bbox 2786 3403 2885 3441; x_wconf 91' lang='lat' dir='ltr'><strong><em>nec</em></strong></span> <span class='ocrx_word' id='word_1_755' title='bbox 2917 3386 2962 3440; x_wconf 91' lang='lat' dir='ltr'><strong><em>si</em></strong></span> <span class='ocrx_word' id='word_1_756' title='bbox 2993 3386 3182 3439; x_wconf 90' lang='lat' dir='ltr'><strong><em>omnis</em></strong></span> <span class='ocrx_word' id='word_1_757' title='bbox 3215 3386 3318 3438; x_wconf 87' lang='lat' dir='ltr'><strong><em>iste</em></strong></span> <span class='ocrx_word' id='word_1_758' title='bbox 3346 3384 3594 3438; x_wconf 89' lang='lat' dir='ltr'><strong><em>mundus</em></strong></span> <span class='ocrx_word' id='word_1_759' title='bbox 3626 3398 3761 3436; x_wconf 89' lang='lat' dir='ltr'><strong><em>con-</em></strong></span> 
     </span>
    </p>
   </div>
   <div class='ocr_carea' id='block_1_98' title="bbox 2067 3473 3764 3550">
    <p class='ocr_par' dir='ltr' id='par_1_98' title="bbox 2067 3473 3764 3550">
     <span class='ocr_line' id='line_1_98' title="bbox 2067 3473 3764 3550; baseline -0.006 -17"><span class='ocrx_word' id='word_1_760' title='bbox 2067 3481 2237 3547; x_wconf 85' lang='lat' dir='ltr'><strong><em>cidat,</em></strong></span> <span class='ocrx_word' id='word_1_761' title='bbox 2293 3479 2501 3550; x_wconf 90' lang='lat' dir='ltr'><strong><em>poterit</em></strong></span> <span class='ocrx_word' id='word_1_762' title='bbox 2544 3478 2651 3531; x_wconf 89' lang='lat' dir='ltr'><strong><em>ista</em></strong></span> <span class='ocrx_word' id='word_1_763' title='bbox 2699 3478 2839 3529; x_wconf 88' lang='lat' dir='ltr'><strong><em>ratio</em></strong></span> <span class='ocrx_word' id='word_1_764' title='bbox 2872 3492 2990 3529; x_wconf 92' lang='lat' dir='ltr'><strong><em>non</em></strong></span> <span class='ocrx_word' id='word_1_765' title='bbox 3022 3490 3160 3527; x_wconf 87' lang='lat' dir='ltr'><strong><em>esse.</em></strong></span> <span class='ocrx_word' id='word_1_766' title='bbox 3205 3475 3314 3527; x_wconf 90' lang='lat' dir='ltr'><strong><em>Ista</em></strong></span> <span class='ocrx_word' id='word_1_767' title='bbox 3342 3473 3497 3526; x_wconf 89' lang='lat' dir='ltr'><strong><em>enim</em></strong></span> <span class='ocrx_word' id='word_1_768' title='bbox 3537 3486 3764 3540; x_wconf 89' lang='lat' dir='ltr'><strong><em>semper</em></strong></span> 
     </span>
    </p>
   </div>
   <div class='ocr_carea' id='block_1_99' title="bbox 2065 3561 3762 3633">
    <p class='ocr_par' dir='ltr' id='par_1_99' title="bbox 2065 3561 3762 3633">
     <span class='ocr_line' id='line_1_99' title="bbox 2065 3561 3762 3633; baseline -0.005 -13"><span class='ocrx_word' id='word_1_769' title='bbox 2065 3568 2194 3621; x_wconf 84' lang='lat' dir='ltr'><strong><em>talis</em></strong></span> <span class='ocrx_word' id='word_1_770' title='bbox 2216 3572 2323 3633; x_wconf 89' lang='lat' dir='ltr'><strong><em>est;</em></strong></span> <span class='ocrx_word' id='word_1_771' title='bbox 2360 3566 2608 3620; x_wconf 90' lang='lat' dir='ltr'><strong><em>mundus</em></strong></span> <span class='ocrx_word' id='word_1_772' title='bbox 2639 3570 2831 3617; x_wconf 89' lang='lat' dir='ltr'><strong><em>autem</em></strong></span> <span class='ocrx_word' id='word_1_773' title='bbox 2855 3565 2957 3616; x_wconf 87' lang='lat' dir='ltr'><strong><em>iste</em></strong></span> <span class='ocrx_word' id='word_1_774' title='bbox 2982 3579 3084 3616; x_wconf 92' lang='lat' dir='ltr'><strong><em>nec</em></strong></span> <span class='ocrx_word' id='word_1_775' title='bbox 3112 3562 3235 3615; x_wconf 90' lang='lat' dir='ltr'><strong><em>heri</em></strong></span> <span class='ocrx_word' id='word_1_776' title='bbox 3262 3561 3483 3625; x_wconf 88' lang='lat' dir='ltr'><strong><em>habuit,</em></strong></span> <span class='ocrx_word' id='word_1_777' title='bbox 3516 3576 3619 3613; x_wconf 91' lang='lat' dir='ltr'><strong><em>nec</em></strong></span> <span class='ocrx_word' id='word_1_778' title='bbox 3640 3574 3762 3612; x_wconf 89' lang='lat' dir='ltr'><strong><em>cras</em></strong></span> 
     </span>
    </p>
   </div>
   <div class='ocr_carea' id='block_1_100' title="bbox 2068 3647 3759 3725">
    <p class='ocr_par' dir='ltr' id='par_1_100' title="bbox 2068 3647 3759 3725">
     <span class='ocr_line' id='line_1_100' title="bbox 2068 3647 3759 3725; baseline -0.006 -16"><span class='ocrx_word' id='word_1_779' title='bbox 2068 3656 2300 3709; x_wconf 89' lang='lat' dir='ltr'><strong><em>habebit</em></strong></span> <span class='ocrx_word' id='word_1_780' title='bbox 2347 3654 2500 3725; x_wconf 92' lang='lat' dir='ltr'><strong><em>quod</em></strong></span> <span class='ocrx_word' id='word_1_781' title='bbox 2550 3654 2721 3709; x_wconf 88' lang='lat' dir='ltr'><strong><em>habet</em></strong></span> <span class='ocrx_word' id='word_1_782' title='bbox 2773 3652 2965 3719; x_wconf 90' lang='lat' dir='ltr'><strong><em>hodie,</em></strong></span> <span class='ocrx_word' id='word_1_783' title='bbox 3024 3667 3125 3704; x_wconf 89' lang='lat' dir='ltr'><strong><em>nec</em></strong></span> <span class='ocrx_word' id='word_1_784' title='bbox 3176 3650 3450 3703; x_wconf 90' lang='lat' dir='ltr'><strong><em>hodierno</em></strong></span> <span class='ocrx_word' id='word_1_785' title='bbox 3480 3649 3603 3719; x_wconf 90' lang='lat' dir='ltr'><strong><em>ipso</em></strong></span> <span class='ocrx_word' id='word_1_786' title='bbox 3648 3647 3759 3711; x_wconf 91' lang='lat' dir='ltr'><strong><em>die,</em></strong></span> 
     </span>
    </p>
   </div>
   <div class='ocr_carea' id='block_1_101' title="bbox 2067 3735 3763 3812">
    <p class='ocr_par' dir='ltr' id='par_1_101' title="bbox 2067 3735 3763 3812">
     <span class='ocr_line' id='line_1_101' title="bbox 2067 3735 3763 3812; baseline -0.006 -15"><span class='ocrx_word' id='word_1_787' title='bbox 2067 3746 2155 3797; x_wconf 92' lang='lat' dir='ltr'><strong><em>vel</em></strong></span> <span class='ocrx_word' id='word_1_788' title='bbox 2186 3742 2367 3812; x_wconf 90' lang='lat' dir='ltr'><strong><em>spatio</em></strong></span> <span class='ocrx_word' id='word_1_789' title='bbox 2407 3742 2577 3795; x_wconf 90' lang='lat' dir='ltr'><strong><em>unius</em></strong></span> <span class='ocrx_word' id='word_1_790' title='bbox 2606 3742 2763 3795; x_wconf 77' lang='lat' dir='ltr'><strong><em>horae</em></strong></span> <span class='ocrx_word' id='word_1_791' title='bbox 2811 3740 3013 3793; x_wconf 90' lang='lat' dir='ltr'><strong><em>eodem</em></strong></span> <span class='ocrx_word' id='word_1_792' title='bbox 3044 3740 3167 3791; x_wconf 92' lang='lat' dir='ltr'><strong><em>loco</em></strong></span> <span class='ocrx_word' id='word_1_793' title='bbox 3201 3738 3382 3791; x_wconf 92' lang='lat' dir='ltr'><strong><em>solem</em></strong></span> <span class='ocrx_word' id='word_1_794' title='bbox 3411 3736 3639 3790; x_wconf 88' lang='lat' dir='ltr'><strong><em>habuit:</em></strong></span> <span class='ocrx_word' id='word_1_795' title='bbox 3685 3735 3763 3787; x_wconf 88' lang='lat' dir='ltr'><strong><em>ita</em></strong></span> 
     </span>
    </p>
   </div>
   <div class='ocr_carea' id='block_1_102' title="bbox 2069 3824 3762 3897">
    <p class='ocr_par' dir='ltr' id='par_1_102' title="bbox 2069 3824 3762 3897">
     <span class='ocr_line' id='line_1_102' title="bbox 2069 3824 3762 3897; baseline -0.007 -11"><span class='ocrx_word' id='word_1_796' title='bbox 2069 3849 2197 3886; x_wconf 91' lang='lat' dir='ltr'><strong><em>cum</em></strong></span> <span class='ocrx_word' id='word_1_797' title='bbox 2231 3832 2290 3885; x_wconf 91' lang='lat' dir='ltr'><strong><em>in</em></strong></span> <span class='ocrx_word' id='word_1_798' title='bbox 2320 3848 2386 3885; x_wconf 92' lang='lat' dir='ltr'><strong><em>eo</em></strong></span> <span class='ocrx_word' id='word_1_799' title='bbox 2420 3830 2562 3883; x_wconf 89' lang='lat' dir='ltr'><strong><em>nihil</em></strong></span> <span class='ocrx_word' id='word_1_800' title='bbox 2587 3833 2797 3891; x_wconf 88' lang='lat' dir='ltr'><strong><em>manet,</em></strong></span> <span class='ocrx_word' id='word_1_801' title='bbox 2833 3828 2973 3881; x_wconf 90' lang='lat' dir='ltr'><strong><em>nihil</em></strong></span> <span class='ocrx_word' id='word_1_802' title='bbox 3000 3827 3087 3880; x_wconf 92' lang='lat' dir='ltr'><strong><em>vel</em></strong></span> <span class='ocrx_word' id='word_1_803' title='bbox 3118 3842 3290 3897; x_wconf 89' lang='lat' dir='ltr'><strong><em>parvo</em></strong></span> <span class='ocrx_word' id='word_1_804' title='bbox 3322 3824 3506 3893; x_wconf 90' lang='lat' dir='ltr'><strong><em>spatio</em></strong></span> <span class='ocrx_word' id='word_1_805' title='bbox 3536 3828 3762 3891; x_wconf 89' lang='lat' dir='ltr'><strong><em>tempo-</em></strong></span> 
     </span>
    </p>
   </div>
   <div class='ocr_carea' id='block_1_103' title="bbox 2069 3910 3761 3985">
    <p class='ocr_par' dir='ltr' id='par_1_103' title="bbox 2069 3910 3761 3985">
     <span class='ocr_line' id='line_1_103' title="bbox 2069 3910 3761 3985; baseline -0.007 -12"><span class='ocrx_word' id='word_1_806' title='bbox 2069 3921 2147 3974; x_wconf 89' lang='lat' dir='ltr'><strong><em>ris</em></strong></span> <span class='ocrx_word' id='word_1_807' title='bbox 2176 3920 2348 3973; x_wconf 89' lang='lat' dir='ltr'><strong><em>habet</em></strong></span> <span class='ocrx_word' id='word_1_808' title='bbox 2376 3919 2575 3973; x_wconf 90' lang='lat' dir='ltr'><strong><em>eodem</em></strong></span> <span class='ocrx_word' id='word_1_809' title='bbox 2600 3916 2788 3971; x_wconf 90' lang='lat' dir='ltr'><strong><em>modo.</em></strong></span> <span class='ocrx_word' id='word_1_810' title='bbox 2812 3916 3011 3985; x_wconf 81' lang='lat' dir='ltr'><strong><em>Igitur,</em></strong></span> <span class='ocrx_word' id='word_1_811' title='bbox 3043 3915 3087 3967; x_wconf 92' lang='lat' dir='ltr'><strong><em>si</em></strong></span> <span class='ocrx_word' id='word_1_812' title='bbox 3114 3913 3454 3967; x_wconf 88' lang='lat' dir='ltr'><strong><em>immortalis</em></strong></span> <span class='ocrx_word' id='word_1_813' title='bbox 3486 3915 3569 3965; x_wconf 89' lang='lat' dir='ltr'><strong><em>est</em></strong></span> <span class='ocrx_word' id='word_1_814' title='bbox 3600 3910 3761 3975; x_wconf 87' lang='lat' dir='ltr'><strong><em>ratio,</em></strong></span> 
     </span>
    </p>
   </div>
   <div class='ocr_carea' id='block_1_104' title="bbox 2070 4003 3765 4079">
    <p class='ocr_par' dir='ltr' id='par_1_104' title="bbox 2070 4003 3765 4079">
     <span class='ocr_line' id='line_1_104' title="bbox 2070 4003 3765 4079; baseline -0.007 -16"><span class='ocrx_word' id='word_1_815' title='bbox 2070 4014 2125 4063; x_wconf 90' lang='lat' dir='ltr'><strong><em>et</em></strong></span> <span class='ocrx_word' id='word_1_816' title='bbox 2153 4024 2257 4079; x_wconf 89' lang='lat' dir='ltr'><strong><em>ego</em></strong></span> <span class='ocrx_word' id='word_1_817' title='bbox 2308 4008 2404 4079; x_wconf 87' lang='lat' dir='ltr'><strong><em>qui</em></strong></span> <span class='ocrx_word' id='word_1_818' title='bbox 2452 4008 2558 4060; x_wconf 87' lang='lat' dir='ltr'><strong><em>ista</em></strong></span> <span class='ocrx_word' id='word_1_819' title='bbox 2589 4006 2783 4058; x_wconf 82' lang='lat' dir='ltr'><strong><em>omnia</em></strong></span> <span class='ocrx_word' id='word_1_820' title='bbox 2820 4005 2905 4057; x_wconf 87' lang='lat' dir='ltr'><strong><em>vel</em></strong></span> <span class='ocrx_word' id='word_1_821' title='bbox 2937 4003 3194 4058; x_wconf 89' lang='lat' dir='ltr'><strong><em>discerno</em></strong></span> <span class='ocrx_word' id='word_1_822' title='bbox 3224 4003 3308 4056; x_wconf 92' lang='lat' dir='ltr'><strong><em>vel</em></strong></span> <span class='ocrx_word' id='word_1_823' title='bbox 3342 4005 3636 4065; x_wconf 87' lang='lat' dir='ltr'><strong><em>connecto,</em></strong></span> <span class='ocrx_word' id='word_1_824' title='bbox 3670 4016 3765 4052; x_wconf 88' lang='lat' dir='ltr'><strong><em>ra—</em></strong></span> 
     </span>
    </p>
   </div>
   <div class='ocr_carea' id='block_1_105' title="bbox 2068 4092 3756 4165">
    <p class='ocr_par' dir='ltr' id='par_1_105' title="bbox 2068 4092 3756 4165">
     <span class='ocr_line' id='line_1_105' title="bbox 2068 4092 3756 4165; baseline -0.008 -13"><span class='ocrx_word' id='word_1_825' title='bbox 2068 4098 2147 4153; x_wconf 90' lang='lat' dir='ltr'><strong><em>tio</em></strong></span> <span class='ocrx_word' id='word_1_826' title='bbox 2179 4113 2333 4163; x_wconf 89' lang='lat' dir='ltr'><strong><em>sum;</em></strong></span> <span class='ocrx_word' id='word_1_827' title='bbox 2368 4096 2509 4149; x_wconf 91' lang='lat' dir='ltr'><strong><em>illud</em></strong></span> <span class='ocrx_word' id='word_1_828' title='bbox 2549 4111 2662 4165; x_wconf 89' lang='lat' dir='ltr'><strong><em>quo</em></strong></span> <span class='ocrx_word' id='word_1_829' title='bbox 2697 4093 2933 4147; x_wconf 90' lang='lat' dir='ltr'><strong><em>mortale</em></strong></span> <span class='ocrx_word' id='word_1_830' title='bbox 2961 4092 3240 4162; x_wconf 88' lang='lat' dir='ltr'><strong><em>appellor,</em></strong></span> <span class='ocrx_word' id='word_1_831' title='bbox 3273 4107 3391 4144; x_wconf 92' lang='lat' dir='ltr'><strong><em>non</em></strong></span> <span class='ocrx_word' id='word_1_832' title='bbox 3422 4094 3505 4141; x_wconf 89' lang='lat' dir='ltr'><strong><em>est</em></strong></span> <span class='ocrx_word' id='word_1_833' title='bbox 3534 4104 3756 4141; x_wconf 90' lang='lat' dir='ltr'><strong><em>meum.</em></strong></span> 
     </span>
    </p>
   </div>
   <div class='ocr_carea' id='block_1_106' title="bbox 2068 4175 3761 4251">
    <p class='ocr_par' dir='ltr' id='par_1_106' title="bbox 2068 4175 3761 4251">
     <span class='ocr_line' id='line_1_106' title="bbox 2068 4175 3761 4251; baseline -0.007 -12"><span class='ocrx_word' id='word_1_834' title='bbox 2068 4191 2199 4249; x_wconf 88' lang='lat' dir='ltr'><strong><em>Aut,</em></strong></span> <span class='ocrx_word' id='word_1_835' title='bbox 2233 4186 2278 4237; x_wconf 91' lang='lat' dir='ltr'><strong><em>si</em></strong></span> <span class='ocrx_word' id='word_1_836' title='bbox 2308 4184 2499 4237; x_wconf 88' lang='lat' dir='ltr'><strong><em>anima</em></strong></span> <span class='ocrx_word' id='word_1_837' title='bbox 2522 4199 2635 4235; x_wconf 92' lang='lat' dir='ltr'><strong><em>non</em></strong></span> <span class='ocrx_word' id='word_1_838' title='bbox 2664 4182 2719 4236; x_wconf 93' lang='lat' dir='ltr'><strong><em>id</em></strong></span> <span class='ocrx_word' id='word_1_839' title='bbox 2747 4186 2831 4234; x_wconf 92' lang='lat' dir='ltr'><strong><em>est</em></strong></span> <span class='ocrx_word' id='word_1_840' title='bbox 2861 4181 3011 4251; x_wconf 89' lang='lat' dir='ltr'><strong><em>quod</em></strong></span> <span class='ocrx_word' id='word_1_841' title='bbox 3043 4180 3209 4246; x_wconf 90' lang='lat' dir='ltr'><strong><em>ratio,</em></strong></span> <span class='ocrx_word' id='word_1_842' title='bbox 3235 4183 3291 4232; x_wconf 90' lang='lat' dir='ltr'><strong><em>et</em></strong></span> <span class='ocrx_word' id='word_1_843' title='bbox 3311 4184 3505 4232; x_wconf 89' lang='lat' dir='ltr'><strong><em>tamen</em></strong></span> <span class='ocrx_word' id='word_1_844' title='bbox 3536 4175 3761 4229; x_wconf 88' lang='lat' dir='ltr'><strong><em>ratione</em></strong></span> 
     </span>
    </p>
   </div>
   <div class='ocr_carea' id='block_1_107' title="bbox 2073 4263 3761 4339">
    <p class='ocr_par' dir='ltr' id='par_1_107' title="bbox 2073 4263 3761 4339">
     <span class='ocr_line' id='line_1_107' title="bbox 2073 4263 3761 4339; baseline -0.004 -15"><span class='ocrx_word' id='word_1_845' title='bbox 2073 4277 2223 4338; x_wconf 86' lang='lat' dir='ltr'><strong><em>utor,</em></strong></span> <span class='ocrx_word' id='word_1_846' title='bbox 2254 4275 2309 4324; x_wconf 90' lang='lat' dir='ltr'><strong><em>et</em></strong></span> <span class='ocrx_word' id='word_1_847' title='bbox 2337 4286 2437 4339; x_wconf 90' lang='lat' dir='ltr'><strong><em>per</em></strong></span> <span class='ocrx_word' id='word_1_848' title='bbox 2489 4269 2769 4323; x_wconf 88' lang='lat' dir='ltr'><strong><em>rationem</em></strong></span> <span class='ocrx_word' id='word_1_849' title='bbox 2825 4268 3029 4321; x_wconf 90' lang='lat' dir='ltr'><strong><em>melior</em></strong></span> <span class='ocrx_word' id='word_1_850' title='bbox 3071 4284 3230 4333; x_wconf 89' lang='lat' dir='ltr'><strong><em>sum;</em></strong></span> <span class='ocrx_word' id='word_1_851' title='bbox 3282 4282 3316 4318; x_wconf 89' lang='lat' dir='ltr'><strong><em>a</em></strong></span> <span class='ocrx_word' id='word_1_852' title='bbox 3366 4264 3646 4319; x_wconf 85' lang='lat' dir='ltr'><strong><em>deteriore</em></strong></span> <span class='ocrx_word' id='word_1_853' title='bbox 3692 4263 3761 4317; x_wconf 89' lang='lat' dir='ltr'><strong><em>ad</em></strong></span> 
     </span>
    </p>
   </div>
   <div class='ocr_carea' id='block_1_108' title="bbox 2072 4352 3764 4423">
    <p class='ocr_par' dir='ltr' id='par_1_108' title="bbox 2072 4352 3764 4423">
     <span class='ocr_line' id='line_1_108' title="bbox 2072 4352 3764 4423; baseline -0.005 -13"><span class='ocrx_word' id='word_1_854' title='bbox 2072 4358 2295 4423; x_wconf 90' lang='lat' dir='ltr'><strong><em>melius,</em></strong></span> <span class='ocrx_word' id='word_1_855' title='bbox 2328 4374 2359 4409; x_wconf 89' lang='lat' dir='ltr'><strong><em>a</em></strong></span> <span class='ocrx_word' id='word_1_856' title='bbox 2387 4355 2613 4409; x_wconf 88' lang='lat' dir='ltr'><strong><em>mortali</em></strong></span> <span class='ocrx_word' id='word_1_857' title='bbox 2657 4355 2727 4409; x_wconf 91' lang='lat' dir='ltr'><strong><em>ad</em></strong></span> <span class='ocrx_word' id='word_1_858' title='bbox 2759 4355 3082 4408; x_wconf 87' lang='lat' dir='ltr'><strong><em>immortale</em></strong></span> <span class='ocrx_word' id='word_1_859' title='bbox 3111 4353 3449 4423; x_wconf 73' lang='lat' dir='ltr'><strong><em>iugiendum</em></strong></span> <span class='ocrx_word' id='word_1_860' title='bbox 3481 4354 3582 4403; x_wconf 89' lang='lat' dir='ltr'><strong><em>est.</em></strong></span> <span class='ocrx_word' id='word_1_861' title='bbox 3638 4352 3764 4404; x_wconf 66' lang='lat' dir='ltr'><strong><em>Haec</em></strong></span> 
     </span>
    </p>
   </div>
   <div class='ocr_carea' id='block_1_109' title="bbox 2072 4439 3761 4509">
    <p class='ocr_par' dir='ltr' id='par_1_109' title="bbox 2072 4439 3761 4509">
     <span class='ocr_line' id='line_1_109' title="bbox 2072 4439 3761 4509; baseline -0.004 -10"><span class='ocrx_word' id='word_1_862' title='bbox 2072 4450 2127 4499; x_wconf 90' lang='lat' dir='ltr'><strong><em>et</em></strong></span> <span class='ocrx_word' id='word_1_863' title='bbox 2154 4445 2266 4499; x_wconf 88' lang='lat' dir='ltr'><strong><em>alia</em></strong></span> <span class='ocrx_word' id='word_1_864' title='bbox 2294 4446 2477 4498; x_wconf 90' lang='lat' dir='ltr'><strong><em>multa</em></strong></span> <span class='ocrx_word' id='word_1_865' title='bbox 2507 4460 2697 4497; x_wconf 91' lang='lat' dir='ltr'><strong><em>secum</em></strong></span> <span class='ocrx_word' id='word_1_866' title='bbox 2726 4445 2918 4497; x_wconf 89' lang='lat' dir='ltr'><strong><em>anima</em></strong></span> <span class='ocrx_word' id='word_1_867' title='bbox 2946 4443 3088 4497; x_wconf 90' lang='lat' dir='ltr'><strong><em>bene</em></strong></span> <span class='ocrx_word' id='word_1_868' title='bbox 3120 4441 3343 4495; x_wconf 87' lang='lat' dir='ltr'><strong><em>erudita</em></strong></span> <span class='ocrx_word' id='word_1_869' title='bbox 3372 4439 3648 4509; x_wconf 90' lang='lat' dir='ltr'><strong><em>loquitur,</em></strong></span> <span class='ocrx_word' id='word_1_870' title='bbox 3678 4444 3761 4492; x_wconf 87' lang='lat' dir='ltr'><strong><em>at-</em></strong></span> 
     </span>
    </p>
   </div>
   <div class='ocr_carea' id='block_1_110' title="bbox 2072 4526 3765 4605">
    <p class='ocr_par' dir='ltr' id='par_1_110' title="bbox 2072 4526 3765 4605">
     <span class='ocr_line' id='line_1_110' title="bbox 2072 4526 3765 4605; baseline -0.005 -19"><span class='ocrx_word' id='word_1_871' title='bbox 2072 4550 2181 4605; x_wconf 89' lang='lat' dir='ltr'><strong><em>que</em></strong></span> <span class='ocrx_word' id='word_1_872' title='bbox 2212 4533 2414 4604; x_wconf 89' lang='lat' dir='ltr'><strong><em>agitat:</em></strong></span> <span class='ocrx_word' id='word_1_873' title='bbox 2450 4549 2577 4603; x_wconf 76' lang='lat' dir='ltr'><strong><em>quae</em></strong></span> <span class='ocrx_word' id='word_1_874' title='bbox 2612 4532 2876 4601; x_wconf 89' lang='lat' dir='ltr'><strong><em>persequi</em></strong></span> <span class='ocrx_word' id='word_1_875' title='bbox 2907 4532 3058 4596; x_wconf 91' lang='lat' dir='ltr'><strong><em>nolo,</em></strong></span> <span class='ocrx_word' id='word_1_876' title='bbox 3092 4544 3164 4582; x_wconf 91' lang='lat' dir='ltr'><strong><em>ne</em></strong></span> <span class='ocrx_word' id='word_1_877' title='bbox 3206 4544 3333 4581; x_wconf 92' lang='lat' dir='ltr'><strong><em>cum</em></strong></span> <span class='ocrx_word' id='word_1_878' title='bbox 3374 4526 3635 4581; x_wconf 89' lang='lat' dir='ltr'><strong><em>ordinem</em></strong></span> <span class='ocrx_word' id='word_1_879' title='bbox 3666 4543 3765 4579; x_wconf 88' lang='lat' dir='ltr'><strong><em>vos</em></strong></span> 
     </span>
    </p>
   </div>
   <div class='ocr_carea' id='block_1_111' title="bbox 2071 4615 3759 4692">
    <p class='ocr_par' dir='ltr' id='par_1_111' title="bbox 2071 4615 3759 4692">
     <span class='ocr_line' id='line_1_111' title="bbox 2071 4615 3759 4692; baseline -0.005 -16"><span class='ocrx_word' id='word_1_880' title='bbox 2071 4623 2273 4676; x_wconf 91' lang='lat' dir='ltr'><strong><em>docere</em></strong></span> <span class='ocrx_word' id='word_1_881' title='bbox 2295 4620 2483 4692; x_wconf 92' lang='lat' dir='ltr'><strong><em>cupio,</em></strong></span> <span class='ocrx_word' id='word_1_882' title='bbox 2519 4621 2751 4674; x_wconf 91' lang='lat' dir='ltr'><strong><em>modum</em></strong></span> <span class='ocrx_word' id='word_1_883' title='bbox 2774 4619 3062 4681; x_wconf 84' lang='lat' dir='ltr'><strong><em>excedam,</em></strong></span> <span class='ocrx_word' id='word_1_884' title='bbox 3094 4616 3192 4686; x_wconf 92' lang='lat' dir='ltr'><strong><em>qui</em></strong></span> <span class='ocrx_word' id='word_1_885' title='bbox 3222 4620 3383 4686; x_wconf 86' lang='lat' dir='ltr'><strong><em>pater</em></strong></span> <span class='ocrx_word' id='word_1_886' title='bbox 3408 4620 3491 4669; x_wconf 91' lang='lat' dir='ltr'><strong><em>est</em></strong></span> <span class='ocrx_word' id='word_1_887' title='bbox 3522 4615 3759 4669; x_wconf 88' lang='lat' dir='ltr'><strong><em>ordinis.</em></strong></span> 
     </span>
    </p>
   </div>
   <div class='ocr_carea' id='block_1_112' title="bbox 2074 4705 3763 4775">
    <p class='ocr_par' dir='ltr' id='par_1_112' title="bbox 2074 4705 3763 4775">
     <span class='ocr_line' id='line_1_112' title="bbox 2074 4705 3763 4775; baseline -0.005 -10"><span class='ocrx_word' id='word_1_888' title='bbox 2074 4710 2358 4765; x_wconf 90' lang='lat' dir='ltr'><strong><em>Gradatim</em></strong></span> <span class='ocrx_word' id='word_1_889' title='bbox 2412 4710 2564 4763; x_wconf 89' lang='lat' dir='ltr'><strong><em>enim</em></strong></span> <span class='ocrx_word' id='word_1_890' title='bbox 2599 4726 2677 4774; x_wconf 91' lang='lat' dir='ltr'><strong><em>se,</em></strong></span> <span class='ocrx_word' id='word_1_891' title='bbox 2737 4712 2791 4761; x_wconf 90' lang='lat' dir='ltr'><strong><em>et</em></strong></span> <span class='ocrx_word' id='word_1_892' title='bbox 2844 4707 2914 4759; x_wconf 88' lang='lat' dir='ltr'><strong><em>ad</em></strong></span> <span class='ocrx_word' id='word_1_893' title='bbox 2949 4722 3134 4759; x_wconf 92' lang='lat' dir='ltr'><strong><em>mores</em></strong></span> <span class='ocrx_word' id='word_1_894' title='bbox 3165 4705 3451 4774; x_wconf 89' lang='lat' dir='ltr'><strong><em>vitamque</em></strong></span> <span class='ocrx_word' id='word_1_895' title='bbox 3486 4705 3763 4775; x_wconf 90' lang='lat' dir='ltr'><strong><em>optimam</em></strong></span> 
     </span>
    </p>
   </div>
   <div class='ocr_carea' id='block_1_113' title="bbox 2072 4793 3765 4869">
    <p class='ocr_par' dir='ltr' id='par_1_113' title="bbox 2072 4793 3765 4869">
     <span class='ocr_line' id='line_1_113' title="bbox 2072 4793 3765 4869; baseline -0.005 -16"><span class='ocrx_word' id='word_1_896' title='bbox 2072 4816 2187 4853; x_wconf 91' lang='lat' dir='ltr'><strong><em>non</em></strong></span> <span class='ocrx_word' id='word_1_897' title='bbox 2211 4801 2330 4869; x_wconf 91' lang='lat' dir='ltr'><strong><em>jam</em></strong></span> <span class='ocrx_word' id='word_1_898' title='bbox 2362 4800 2480 4853; x_wconf 91' lang='lat' dir='ltr'><strong><em>sola</em></strong></span> <span class='ocrx_word' id='word_1_899' title='bbox 2507 4798 2634 4861; x_wconf 83' lang='lat' dir='ltr'><strong><em>ﬁde,</em></strong></span> <span class='ocrx_word' id='word_1_900' title='bbox 2670 4796 2768 4849; x_wconf 92' lang='lat' dir='ltr'><strong><em>sed</em></strong></span> <span class='ocrx_word' id='word_1_901' title='bbox 2798 4800 2950 4848; x_wconf 89' lang='lat' dir='ltr'><strong><em>certa</em></strong></span> <span class='ocrx_word' id='word_1_902' title='bbox 2980 4794 3196 4847; x_wconf 89' lang='lat' dir='ltr'><strong><em>ratione</em></strong></span> <span class='ocrx_word' id='word_1_903' title='bbox 3230 4794 3506 4863; x_wconf 90' lang='lat' dir='ltr'><strong><em>perducit.</em></strong></span> <span class='ocrx_word' id='word_1_904' title='bbox 3537 4794 3639 4848; x_wconf 89' lang='lat' dir='ltr'><strong><em>Cui</em></strong></span> <span class='ocrx_word' id='word_1_905' title='bbox 3675 4793 3765 4846; x_wconf 89' lang='lat' dir='ltr'><strong><em>ni-</em></strong></span> 
     </span>
    </p>
   </div>
   <div class='ocr_carea' id='block_1_114' title="bbox 2073 4879 3766 4956">
    <p class='ocr_par' dir='ltr' id='par_1_114' title="bbox 2073 4879 3766 4956">
     <span class='ocr_line' id='line_1_114' title="bbox 2073 4879 3766 4956; baseline -0.006 -14"><span class='ocrx_word' id='word_1_906' title='bbox 2073 4905 2361 4941; x_wconf 89' lang='lat' dir='ltr'><strong><em>merorum</em></strong></span> <span class='ocrx_word' id='word_1_907' title='bbox 2385 4887 2500 4939; x_wconf 91' lang='lat' dir='ltr'><strong><em>vim</em></strong></span> <span class='ocrx_word' id='word_1_908' title='bbox 2546 4890 2715 4956; x_wconf 89' lang='lat' dir='ltr'><strong><em>atque</em></strong></span> <span class='ocrx_word' id='word_1_909' title='bbox 2745 4882 3059 4953; x_wconf 90' lang='lat' dir='ltr'><strong><em>potentiam</em></strong></span> <span class='ocrx_word' id='word_1_910' title='bbox 3085 4882 3390 4952; x_wconf 89' lang='lat' dir='ltr'><strong><em>diligenter</em></strong></span> <span class='ocrx_word' id='word_1_911' title='bbox 3410 4879 3655 4935; x_wconf 90' lang='lat' dir='ltr'><strong><em>intuenti</em></strong></span> <span class='ocrx_word' id='word_1_912' title='bbox 3684 4880 3766 4931; x_wconf 91' lang='lat' dir='ltr'><strong><em>ni-</em></strong></span> 
     </span>
    </p>
   </div>
   <div class='ocr_carea' id='block_1_115' title="bbox 2072 4971 3762 5044">
    <p class='ocr_par' dir='ltr' id='par_1_115' title="bbox 2072 4971 3762 5044">
     <span class='ocr_line' id='line_1_115' title="bbox 2072 4971 3762 5044; baseline -0.007 -15"><span class='ocrx_word' id='word_1_913' title='bbox 2072 4977 2181 5030; x_wconf 86' lang='lat' dir='ltr'><strong><em>mis</em></strong></span> <span class='ocrx_word' id='word_1_914' title='bbox 2212 4977 2516 5044; x_wconf 88' lang='lat' dir='ltr'><strong><em>indignum</em></strong></span> <span class='ocrx_word' id='word_1_915' title='bbox 2556 4972 2843 5027; x_wconf 84' lang='lat' dir='ltr'><strong><em>videbitur</em></strong></span> <span class='ocrx_word' id='word_1_916' title='bbox 2872 4976 2926 5025; x_wconf 91' lang='lat' dir='ltr'><strong><em>et</em></strong></span> <span class='ocrx_word' id='word_1_917' title='bbox 2958 4971 3129 5024; x_wconf 89' lang='lat' dir='ltr'><strong><em>nimis</em></strong></span> <span class='ocrx_word' id='word_1_918' title='bbox 3162 4971 3436 5034; x_wconf 89' lang='lat' dir='ltr'><strong><em>ﬂendum,</em></strong></span> <span class='ocrx_word' id='word_1_919' title='bbox 3470 4986 3574 5040; x_wconf 91' lang='lat' dir='ltr'><strong><em>per</em></strong></span> <span class='ocrx_word' id='word_1_920' title='bbox 3604 4982 3762 5021; x_wconf 88' lang='lat' dir='ltr'><strong><em>suam</em></strong></span> 
     </span>
    </p>
   </div>
   <div class='ocr_carea' id='block_1_116' title="bbox 2074 5056 3763 5129">
    <p class='ocr_par' dir='ltr' id='par_1_116' title="bbox 2074 5056 3763 5129">
     <span class='ocr_line' id='line_1_116' title="bbox 2074 5056 3763 5129; baseline -0.006 -12"><span class='ocrx_word' id='word_1_921' title='bbox 2074 5064 2367 5117; x_wconf 90' lang='lat' dir='ltr'><strong><em>scientiam</em></strong></span> <span class='ocrx_word' id='word_1_922' title='bbox 2388 5077 2610 5115; x_wconf 88' lang='lat' dir='ltr'><strong><em>versum</em></strong></span> <span class='ocrx_word' id='word_1_923' title='bbox 2629 5061 2772 5113; x_wconf 92' lang='lat' dir='ltr'><strong><em>bene</em></strong></span> <span class='ocrx_word' id='word_1_924' title='bbox 2789 5075 3015 5113; x_wconf 89' lang='lat' dir='ltr'><strong><em>currere</em></strong></span> <span class='ocrx_word' id='word_1_925' title='bbox 3032 5059 3423 5129; x_wconf 89' lang='lat' dir='ltr'><strong><em>citharamque</em></strong></span> <span class='ocrx_word' id='word_1_926' title='bbox 3445 5056 3763 5119; x_wconf 89' lang='lat' dir='ltr'><strong><em>concinere,</em></strong></span> 
     </span>
    </p>
   </div>
   <div class='ocr_carea' id='block_1_117' title="bbox 2074 5143 3763 5219">
    <p class='ocr_par' dir='ltr' id='par_1_117' title="bbox 2074 5143 3763 5219">
     <span class='ocr_line' id='line_1_117' title="bbox 2074 5143 3763 5219; baseline -0.007 -13"><span class='ocrx_word' id='word_1_927' title='bbox 2074 5158 2131 5207; x_wconf 91' lang='lat' dir='ltr'><strong><em>et</em></strong></span> <span class='ocrx_word' id='word_1_928' title='bbox 2160 5168 2322 5205; x_wconf 90' lang='lat' dir='ltr'><strong><em>suam</em></strong></span> <span class='ocrx_word' id='word_1_929' title='bbox 2352 5150 2523 5204; x_wconf 92' lang='lat' dir='ltr'><strong><em>vitam</em></strong></span> <span class='ocrx_word' id='word_1_930' title='bbox 2563 5164 2737 5219; x_wconf 91' lang='lat' dir='ltr'><strong><em>seque</em></strong></span> <span class='ocrx_word' id='word_1_931' title='bbox 2774 5147 2959 5218; x_wconf 90' lang='lat' dir='ltr'><strong><em>ipsam</em></strong></span> <span class='ocrx_word' id='word_1_932' title='bbox 2990 5164 3117 5219; x_wconf 64' lang='lat' dir='ltr'><strong><em>qua:</em></strong></span> <span class='ocrx_word' id='word_1_933' title='bbox 3162 5148 3354 5201; x_wconf 89' lang='lat' dir='ltr'><strong><em>anima</em></strong></span> <span class='ocrx_word' id='word_1_934' title='bbox 3403 5150 3504 5212; x_wconf 88' lang='lat' dir='ltr'><strong><em>est,</em></strong></span> <span class='ocrx_word' id='word_1_935' title='bbox 3537 5143 3763 5198; x_wconf 90' lang='lat' dir='ltr'><strong><em>devium</em></strong></span> 
     </span>
    </p>
   </div>
   <div class='ocr_carea' id='block_1_118' title="bbox 2137 5319 3767 5385">
    <p class='ocr_par' dir='ltr' id='par_1_118' title="bbox 2137 5319 3767 5385">
     <span class='ocr_line' id='line_1_118' title="bbox 2137 5319 3767 5385; baseline -0.005 -9"><span class='ocrx_word' id='word_1_936' title='bbox 2137 5330 2151 5363; x_wconf 74' lang='grc' dir='ltr'><strong>ι</strong></span> <span class='ocrx_word' id='word_1_937' title='bbox 2184 5323 3213 5385; x_wconf 75' lang='lat' dir='ltr'><strong><em>Lov..discinderenili!ur.Er.disjicere.</em></strong></span> <span class='ocrx_word' id='word_1_938' title='bbox 3234 5319 3678 5385; x_wconf 75' lang='lat' dir='ltr'><strong><em>Bad.,r_iishiscere.</em></strong></span> <span class='ocrx_word' id='word_1_939' title='bbox 3701 5320 3767 5369; x_wconf 83' lang='lat' dir='ltr'><strong><em>At</em></strong></span> 
     </span>
    </p>
   </div>
   <div class='ocr_carea' id='block_1_119' title="bbox 2071 5383 3763 5450">
    <p class='ocr_par' dir='ltr' id='par_1_119' title="bbox 2071 5383 3763 5450">
     <span class='ocr_line' id='line_1_119' title="bbox 2071 5383 3763 5450; baseline -0.006 -12"><span class='ocrx_word' id='word_1_940' title='bbox 2071 5391 2184 5439; x_wconf 83' lang='lat' dir='ltr'><strong><em>Am.</em></strong></span> <span class='ocrx_word' id='word_1_941' title='bbox 2208 5394 2260 5437; x_wconf 91' lang='lat' dir='ltr'><strong><em>et</em></strong></span> <span class='ocrx_word' id='word_1_942' title='bbox 2286 5390 2407 5437; x_wconf 87' lang='lat' dir='ltr'><strong><em>Mss.</em></strong></span> <span class='ocrx_word' id='word_1_943' title='bbox 2446 5388 2625 5436; x_wconf 89' lang='lat' dir='ltr'><strong><em>decem</em></strong></span> <span class='ocrx_word' id='word_1_944' title='bbox 2649 5388 2953 5450; x_wconf 68' lang='lat' dir='ltr'><strong><em>prmferunt,</em></strong></span> <span class='ocrx_word' id='word_1_945' title='bbox 2975 5383 3235 5435; x_wconf 71' lang='lat' dir='ltr'><strong><em>dissicere.</em></strong></span> <span class='ocrx_word' id='word_1_946' title='bbox 3264 5383 3411 5443; x_wconf 87' lang='lat' dir='ltr'><strong><em>Quod</em></strong></span> <span class='ocrx_word' id='word_1_947' title='bbox 3436 5383 3650 5450; x_wconf 77' lang='lat' dir='ltr'><strong><em>verbum</em></strong></span> <span class='ocrx_word' id='word_1_948' title='bbox 3675 5396 3763 5430; x_wconf 84' lang='lat' dir='ltr'><strong><em>an-</em></strong></span> 
     </span>
    </p>
   </div>
   <div class='ocr_carea' id='block_1_120' title="bbox 2074 5445 3763 5514">
    <p class='ocr_par' dir='ltr' id='par_1_120' title="bbox 2074 5445 3763 5514">
     <span class='ocr_line' id='line_1_120' title="bbox 2074 5445 3763 5514; baseline -0.002 -14"><span class='ocrx_word' id='word_1_949' title='bbox 2074 5452 2231 5514; x_wconf 87' lang='lat' dir='ltr'><strong><em>tiquis</em></strong></span> <span class='ocrx_word' id='word_1_950' title='bbox 2265 5451 2569 5499; x_wconf 85' lang='lat' dir='ltr'><strong><em>auctoribus</em></strong></span> <span class='ocrx_word' id='word_1_951' title='bbox 2594 5445 2859 5514; x_wconf 79' lang='lat' dir='ltr'><strong><em>receptum</em></strong></span> <span class='ocrx_word' id='word_1_952' title='bbox 2883 5464 2994 5514; x_wconf 82' lang='lat' dir='ltr'><strong><em>esse</em></strong></span> <span class='ocrx_word' id='word_1_953' title='bbox 3020 5450 3304 5514; x_wconf 86' lang='lat' dir='ltr'><strong><em>observant</em></strong></span> <span class='ocrx_word' id='word_1_954' title='bbox 3332 5445 3541 5496; x_wconf 88' lang='lat' dir='ltr'><strong><em>eruditi.</em></strong></span> <span class='ocrx_word' id='word_1_955' title='bbox 3574 5450 3625 5493; x_wconf 91' lang='lat' dir='ltr'><strong><em>et</em></strong></span> <span class='ocrx_word' id='word_1_956' title='bbox 3661 5458 3763 5497; x_wconf 79' lang='lat' dir='ltr'><strong><em>ma-</em></strong></span> 
     </span>
    </p>
   </div>
   <div class='ocr_carea' id='block_1_121' title="bbox 2074 5512 3143 5575">
    <p class='ocr_par' dir='ltr' id='par_1_121' title="bbox 2074 5512 3143 5575">
     <span class='ocr_line' id='line_1_121' title="bbox 2074 5512 3143 5575; baseline -0.006 -13"><span class='ocrx_word' id='word_1_957' title='bbox 2074 5512 2465 5575; x_wconf 83' lang='lat' dir='ltr'><strong><em>nuscriptorum</em></strong></span> <span class='ocrx_word' id='word_1_958' title='bbox 2486 5526 2583 5574; x_wconf 89' lang='lat' dir='ltr'><strong><em>ope</em></strong></span> <span class='ocrx_word' id='word_1_959' title='bbox 2616 5512 2810 5575; x_wconf 82' lang='lat' dir='ltr'><strong><em>passim</em></strong></span> <span class='ocrx_word' id='word_1_960' title='bbox 2842 5513 3143 5562; x_wconf 86' lang='lat' dir='ltr'><strong><em>restituunt.</em></strong></span> 
     </span>
    </p>
   </div>
  </div>
