  <div class='ocr_page' id='page_1' title='image "/cluster/home/n/w/nwhite01/storage/ocr_20150623/32/hvd.32044096580550/529.png"; bbox 0 0 4098 6182; ppageno 0'>
   <div class='ocr_carea' id='block_1_1' title="bbox 405 277 541 330">
    <p class='ocr_par' dir='ltr' id='par_1_1' title="bbox 405 277 541 330">
     <span class='ocr_line' id='line_1_1' title="bbox 405 277 541 330; baseline -0.007 0"><span class='ocrx_word' id='word_1_1' title='bbox 405 277 541 330; x_wconf 84' lang='grc'><strong>1019</strong></span> 
     </span>
    </p>
   </div>
   <div class='ocr_carea' id='block_1_2' title="bbox 405 387 2092 466">
    <p class='ocr_par' dir='ltr' id='par_1_2' title="bbox 405 387 2092 466">
     <span class='ocr_line' id='line_1_2' title="bbox 405 387 2092 466; baseline -0.007 -16"><span class='ocrx_word' id='word_1_2' title='bbox 405 397 517 450; x_wconf 90' lang='lat' dir='ltr'>iter</span> <span class='ocrx_word' id='word_1_3' title='bbox 557 395 751 466; x_wconf 87' lang='lat' dir='ltr'>sequi,</span> <span class='ocrx_word' id='word_1_4' title='bbox 785 399 858 449; x_wconf 82' lang='lat' dir='ltr'>.et</span> <span class='ocrx_word' id='word_1_5' title='bbox 905 393 1237 448; x_wconf 83' lang='lat' dir='ltr'>dominante</span> <span class='ocrx_word' id='word_1_6' title='bbox 1272 391 1381 445; x_wconf 90' lang='lat' dir='ltr'>sibi</span> <span class='ocrx_word' id='word_1_7' title='bbox 1422 389 1682 454; x_wconf 86' lang='lat' dir='ltr'>libidine,</span> <span class='ocrx_word' id='word_1_8' title='bbox 1716 402 1848 440; x_wconf 88' lang='lat' dir='ltr'>cum</span> <span class='ocrx_word' id='word_1_9' title='bbox 1883 387 2092 456; x_wconf 87' lang='lat' dir='ltr'>turpis-</span> 
     </span>
    </p>
   </div>
   <div class='ocr_carea' id='block_1_3' title="bbox 404 480 1537 552">
    <p class='ocr_par' dir='ltr' id='par_1_3' title="bbox 404 480 1537 552">
     <span class='ocr_line' id='line_1_3' title="bbox 404 480 1537 552; baseline -0.006 -14"><span class='ocrx_word' id='word_1_10' title='bbox 404 485 551 539; x_wconf 91' lang='lat' dir='ltr'>simo</span> <span class='ocrx_word' id='word_1_11' title='bbox 579 500 638 537; x_wconf 90' lang='lat' dir='ltr'>se</span> <span class='ocrx_word' id='word_1_12' title='bbox 667 483 935 538; x_wconf 90' lang='lat' dir='ltr'>vitiorum</span> <span class='ocrx_word' id='word_1_13' title='bbox 959 481 1199 552; x_wconf 83' lang='lat' dir='ltr'>strepitu</span> <span class='ocrx_word' id='word_1_14' title='bbox 1228 480 1537 534; x_wconf 80' lang='lat' dir='ltr'>dissonare.</span> 
     </span>
    </p>
   </div>
   <div class='ocr_carea' id='block_1_4' title="bbox 479 561 2098 637">
    <p class='ocr_par' dir='ltr' id='par_1_4' title="bbox 479 561 2098 637">
     <span class='ocr_line' id='line_1_4' title="bbox 479 561 2098 637; baseline -0.009 -10"><span class='ocrx_word' id='word_1_15' title='bbox 479 576 567 626; x_wconf 86' lang='grc'><strong>61.</strong></span> <span class='ocrx_word' id='word_1_16' title='bbox 602 572 743 626; x_wconf 88' lang='lat' dir='ltr'>Cum</span> <span class='ocrx_word' id='word_1_17' title='bbox 782 576 976 626; x_wconf 91' lang='lat' dir='ltr'>autem</span> <span class='ocrx_word' id='word_1_18' title='bbox 1010 587 1067 624; x_wconf 91' lang='lat' dir='ltr'>se</span> <span class='ocrx_word' id='word_1_19' title='bbox 1111 565 1496 637; x_wconf 85' lang='lat' dir='ltr'>composuerit</span> <span class='ocrx_word' id='word_1_20' title='bbox 1543 568 1599 618; x_wconf 92' lang='lat' dir='ltr'>et</span> <span class='ocrx_word' id='word_1_21' title='bbox 1639 561 2005 625; x_wconf 89' lang='lat' dir='ltr'>ordinaverit,</span> <span class='ocrx_word' id='word_1_22' title='bbox 2035 576 2098 614; x_wconf 89' lang='lat' dir='ltr'>ac</span> 
     </span>
    </p>
   </div>
   <div class='ocr_carea' id='block_1_5' title="bbox 413 650 2099 730">
    <p class='ocr_par' dir='ltr' id='par_1_5' title="bbox 413 650 2099 730">
     <span class='ocr_line' id='line_1_5' title="bbox 413 650 2099 730; baseline -0.007 -16"><span class='ocrx_word' id='word_1_23' title='bbox 413 661 752 715; x_wconf 89' lang='lat' dir='ltr'>concinnam</span> <span class='ocrx_word' id='word_1_24' title='bbox 807 660 1221 730; x_wconf 84' lang='lat' dir='ltr'>pulchramque</span> <span class='ocrx_word' id='word_1_25' title='bbox 1295 653 1623 718; x_wconf 87' lang='lat' dir='ltr'>reddiderit,</span> <span class='ocrx_word' id='word_1_26' title='bbox 1693 650 1926 704; x_wconf 89' lang='lat' dir='ltr'>audebit</span> <span class='ocrx_word' id='word_1_27' title='bbox 1978 650 2099 719; x_wconf 89' lang='lat' dir='ltr'>jam</span> 
     </span>
    </p>
   </div>
   <div class='ocr_carea' id='block_1_6' title="bbox 415 741 2098 815">
    <p class='ocr_par' dir='ltr' id='par_1_6' title="bbox 415 741 2098 815">
     <span class='ocr_line' id='line_1_6' title="bbox 415 741 2098 815; baseline -0.007 -12"><span class='ocrx_word' id='word_1_28' title='bbox 415 751 595 803; x_wconf 91' lang='lat' dir='ltr'>Deum</span> <span class='ocrx_word' id='word_1_29' title='bbox 620 749 831 813; x_wconf 91' lang='lat' dir='ltr'>videre,</span> <span class='ocrx_word' id='word_1_30' title='bbox 865 751 1033 815; x_wconf 90' lang='lat' dir='ltr'>atque</span> <span class='ocrx_word' id='word_1_31' title='bbox 1062 745 1251 814; x_wconf 87' lang='lat' dir='ltr'>ipsum</span> <span class='ocrx_word' id='word_1_32' title='bbox 1283 743 1499 796; x_wconf 86' lang='lat' dir='ltr'>fontem</span> <span class='ocrx_word' id='word_1_33' title='bbox 1527 741 1677 796; x_wconf 91' lang='lat' dir='ltr'>unde</span> <span class='ocrx_word' id='word_1_34' title='bbox 1707 743 1901 793; x_wconf 86' lang='lat' dir='ltr'>manat</span> <span class='ocrx_word' id='word_1_35' title='bbox 1927 753 2098 792; x_wconf 91' lang='lat' dir='ltr'>omne</span> 
     </span>
    </p>
   </div>
   <div class='ocr_carea' id='block_1_7' title="bbox 412 823 2101 904">
    <p class='ocr_par' dir='ltr' id='par_1_7' title="bbox 412 823 2101 904">
     <span class='ocr_line' id='line_1_7' title="bbox 412 823 2101 904; baseline -0.008 -13"><span class='ocrx_word' id='word_1_36' title='bbox 412 853 634 901; x_wconf 86' lang='lat' dir='ltr'>verum,</span> <span class='ocrx_word' id='word_1_37' title='bbox 664 836 966 904; x_wconf 90' lang='lat' dir='ltr'>ipsumque</span> <span class='ocrx_word' id='word_1_38' title='bbox 1000 834 1227 886; x_wconf 83' lang='lat' dir='ltr'>Patrem</span> <span class='ocrx_word' id='word_1_39' title='bbox 1257 829 1540 884; x_wconf 87' lang='lat' dir='ltr'>Veritatis.</span> <span class='ocrx_word' id='word_1_40' title='bbox 1568 830 1714 882; x_wconf 91' lang='lat' dir='ltr'>Deus</span> <span class='ocrx_word' id='word_1_41' title='bbox 1744 842 1971 896; x_wconf 84' lang='lat' dir='ltr'>magne,</span> <span class='ocrx_word' id='word_1_42' title='bbox 1999 823 2101 895; x_wconf 88' lang='lat' dir='ltr'>qui</span> 
     </span>
    </p>
   </div>
   <div class='ocr_carea' id='block_1_8' title="bbox 409 917 2098 991">
    <p class='ocr_par' dir='ltr' id='par_1_8' title="bbox 409 917 2098 991">
     <span class='ocr_line' id='line_1_8' title="bbox 409 917 2098 991; baseline -0.008 -12"><span class='ocrx_word' id='word_1_43' title='bbox 409 929 578 979; x_wconf 91' lang='lat' dir='ltr'>erunt</span> <span class='ocrx_word' id='word_1_44' title='bbox 604 924 687 976; x_wconf 90' lang='lat' dir='ltr'>illi</span> <span class='ocrx_word' id='word_1_45' title='bbox 717 922 895 976; x_wconf 89' lang='lat' dir='ltr'>oculi!</span> <span class='ocrx_word' id='word_1_46' title='bbox 932 936 1105 991; x_wconf 90' lang='lat' dir='ltr'>quam</span> <span class='ocrx_word' id='word_1_47' title='bbox 1136 919 1279 985; x_wconf 90' lang='lat' dir='ltr'>sani,</span> <span class='ocrx_word' id='word_1_48' title='bbox 1334 934 1507 989; x_wconf 90' lang='lat' dir='ltr'>quam</span> <span class='ocrx_word' id='word_1_49' title='bbox 1553 917 1764 981; x_wconf 88' lang='lat' dir='ltr'>decori,</span> <span class='ocrx_word' id='word_1_50' title='bbox 1797 930 1970 985; x_wconf 88' lang='lat' dir='ltr'>quam</span> <span class='ocrx_word' id='word_1_51' title='bbox 1998 930 2098 967; x_wconf 93' lang='lat' dir='ltr'>va-</span> 
     </span>
    </p>
   </div>
   <div class='ocr_carea' id='block_1_9' title="bbox 406 1003 2094 1081">
    <p class='ocr_par' dir='ltr' id='par_1_9' title="bbox 406 1003 2094 1081">
     <span class='ocr_line' id='line_1_9' title="bbox 406 1003 2094 1081; baseline -0.005 -16"><span class='ocrx_word' id='word_1_52' title='bbox 406 1014 608 1077; x_wconf 89' lang='lat' dir='ltr'>lentes,</span> <span class='ocrx_word' id='word_1_53' title='bbox 653 1026 822 1081; x_wconf 88' lang='lat' dir='ltr'>quam</span> <span class='ocrx_word' id='word_1_54' title='bbox 870 1013 1210 1073; x_wconf 88' lang='lat' dir='ltr'>constantes,</span> <span class='ocrx_word' id='word_1_55' title='bbox 1261 1023 1432 1078; x_wconf 92' lang='lat' dir='ltr'>quam</span> <span class='ocrx_word' id='word_1_56' title='bbox 1479 1006 1687 1073; x_wconf 88' lang='lat' dir='ltr'>sereni,</span> <span class='ocrx_word' id='word_1_57' title='bbox 1715 1019 1888 1074; x_wconf 89' lang='lat' dir='ltr'>quam</span> <span class='ocrx_word' id='word_1_58' title='bbox 1918 1003 2094 1057; x_wconf 88' lang='lat' dir='ltr'>beati!</span> 
     </span>
    </p>
   </div>
   <div class='ocr_carea' id='block_1_10' title="bbox 410 1091 2103 1169">
    <p class='ocr_par' dir='ltr' id='par_1_10' title="bbox 410 1091 2103 1169">
     <span class='ocr_line' id='line_1_10' title="bbox 410 1091 2103 1169; baseline -0.005 -16"><span class='ocrx_word' id='word_1_59' title='bbox 410 1099 555 1165; x_wconf 87' lang='lat' dir='ltr'>Quid</span> <span class='ocrx_word' id='word_1_60' title='bbox 587 1104 778 1152; x_wconf 89' lang='lat' dir='ltr'>autem</span> <span class='ocrx_word' id='word_1_61' title='bbox 807 1103 891 1152; x_wconf 91' lang='lat' dir='ltr'>est</span> <span class='ocrx_word' id='word_1_62' title='bbox 920 1098 1059 1152; x_wconf 93' lang='lat' dir='ltr'>illud</span> <span class='ocrx_word' id='word_1_63' title='bbox 1085 1097 1236 1169; x_wconf 91' lang='lat' dir='ltr'>quod</span> <span class='ocrx_word' id='word_1_64' title='bbox 1259 1097 1493 1150; x_wconf 83' lang='lat' dir='ltr'>vident?</span> <span class='ocrx_word' id='word_1_65' title='bbox 1519 1094 1677 1166; x_wconf 90' lang='lat' dir='ltr'>quid,</span> <span class='ocrx_word' id='word_1_66' title='bbox 1703 1092 1934 1164; x_wconf 64' lang='lat' dir='ltr'>quasso?</span> <span class='ocrx_word' id='word_1_67' title='bbox 1960 1091 2103 1156; x_wconf 85' lang='lat' dir='ltr'>Quid</span> 
     </span>
    </p>
   </div>
   <div class='ocr_carea' id='block_1_11' title="bbox 411 1179 2101 1257">
    <p class='ocr_par' dir='ltr' id='par_1_11' title="bbox 411 1179 2101 1257">
     <span class='ocr_line' id='line_1_11' title="bbox 411 1179 2101 1257; baseline -0.006 -15"><span class='ocrx_word' id='word_1_68' title='bbox 411 1189 778 1253; x_wconf 85' lang='lat' dir='ltr'>arbitremur,</span> <span class='ocrx_word' id='word_1_69' title='bbox 811 1187 949 1257; x_wconf 92' lang='lat' dir='ltr'>quid</span> <span class='ocrx_word' id='word_1_70' title='bbox 978 1186 1347 1249; x_wconf 68' lang='lat' dir='ltr'>aestimemus,</span> <span class='ocrx_word' id='word_1_71' title='bbox 1379 1184 1515 1255; x_wconf 90' lang='lat' dir='ltr'>quid</span> <span class='ocrx_word' id='word_1_72' title='bbox 1542 1182 1882 1253; x_wconf 82' lang='lat' dir='ltr'>loquamur?</span> <span class='ocrx_word' id='word_1_73' title='bbox 1907 1179 2101 1244; x_wconf 89' lang='lat' dir='ltr'>Quoti-</span> 
     </span>
    </p>
   </div>
   <div class='ocr_carea' id='block_1_12' title="bbox 413 1267 2102 1341">
    <p class='ocr_par' dir='ltr' id='par_1_12' title="bbox 413 1267 2102 1341">
     <span class='ocr_line' id='line_1_12' title="bbox 413 1267 2102 1341; baseline -0.007 -11"><span class='ocrx_word' id='word_1_74' title='bbox 413 1275 584 1330; x_wconf 90' lang='lat' dir='ltr'>diana</span> <span class='ocrx_word' id='word_1_75' title='bbox 613 1277 786 1330; x_wconf 89' lang='lat' dir='ltr'>verba</span> <span class='ocrx_word' id='word_1_76' title='bbox 818 1279 1142 1341; x_wconf 88' lang='lat' dir='ltr'>occurrunt,</span> <span class='ocrx_word' id='word_1_77' title='bbox 1173 1279 1230 1328; x_wconf 91' lang='lat' dir='ltr'>et</span> <span class='ocrx_word' id='word_1_78' title='bbox 1255 1273 1540 1327; x_wconf 89' lang='lat' dir='ltr'>sordidata</span> <span class='ocrx_word' id='word_1_79' title='bbox 1569 1276 1701 1324; x_wconf 91' lang='lat' dir='ltr'>sunt</span> <span class='ocrx_word' id='word_1_80' title='bbox 1728 1269 1921 1324; x_wconf 90' lang='lat' dir='ltr'>omnia</span> <span class='ocrx_word' id='word_1_81' title='bbox 1948 1267 2102 1321; x_wconf 89' lang='lat' dir='ltr'>vilis-</span> 
     </span>
    </p>
   </div>
   <div class='ocr_carea' id='block_1_13' title="bbox 411 1355 2105 1432">
    <p class='ocr_par' dir='ltr' id='par_1_13' title="bbox 411 1355 2105 1432">
     <span class='ocr_line' id='line_1_13' title="bbox 411 1355 2105 1432; baseline -0.005 -16"><span class='ocrx_word' id='word_1_82' title='bbox 411 1363 570 1416; x_wconf 89' lang='lat' dir='ltr'>simis</span> <span class='ocrx_word' id='word_1_83' title='bbox 595 1364 783 1417; x_wconf 89' lang='lat' dir='ltr'>rebus.</span> <span class='ocrx_word' id='word_1_84' title='bbox 813 1363 966 1416; x_wconf 90' lang='lat' dir='ltr'>Nihil</span> <span class='ocrx_word' id='word_1_85' title='bbox 991 1363 1235 1432; x_wconf 89' lang='lat' dir='ltr'>amplius</span> <span class='ocrx_word' id='word_1_86' title='bbox 1263 1361 1468 1426; x_wconf 86' lang='lat' dir='ltr'>dicam,</span> <span class='ocrx_word' id='word_1_87' title='bbox 1509 1359 1617 1413; x_wconf 90' lang='lat' dir='ltr'>nisi</span> <span class='ocrx_word' id='word_1_88' title='bbox 1653 1357 1911 1428; x_wconf 80' lang='lat' dir='ltr'>promitti</span> <span class='ocrx_word' id='word_1_89' title='bbox 1941 1355 2105 1409; x_wconf 89' lang='lat' dir='ltr'>nobis</span> 
     </span>
    </p>
   </div>
   <div class='ocr_carea' id='block_1_14' title="bbox 414 1446 2106 1522">
    <p class='ocr_par' dir='ltr' id='par_1_14' title="bbox 414 1446 2106 1522">
     <span class='ocr_line' id='line_1_14' title="bbox 414 1446 2106 1522; baseline -0.005 -17"><span class='ocrx_word' id='word_1_90' title='bbox 414 1455 709 1521; x_wconf 89' lang='lat' dir='ltr'>aspectum</span> <span class='ocrx_word' id='word_1_91' title='bbox 761 1451 1223 1522; x_wconf 89' lang='lat' dir='ltr'>pulchritudinis,</span> <span class='ocrx_word' id='word_1_92' title='bbox 1276 1450 1438 1518; x_wconf 85' lang='lat' dir='ltr'>cujus</span> <span class='ocrx_word' id='word_1_93' title='bbox 1495 1447 1812 1502; x_wconf 89' lang='lat' dir='ltr'>imitatione</span> <span class='ocrx_word' id='word_1_94' title='bbox 1866 1446 2106 1515; x_wconf 89' lang='lat' dir='ltr'>pulchra</span> 
     </span>
    </p>
   </div>
   <div class='ocr_carea' id='block_1_15' title="bbox 411 1533 2102 1610">
    <p class='ocr_par' dir='ltr' id='par_1_15' title="bbox 411 1533 2102 1610">
     <span class='ocr_line' id='line_1_15' title="bbox 411 1533 2102 1610; baseline -0.005 -16"><span class='ocrx_word' id='word_1_95' title='bbox 411 1541 572 1609; x_wconf 83' lang='lat' dir='ltr'>cujus</span> <span class='ocrx_word' id='word_1_96' title='bbox 622 1540 1046 1610; x_wconf 86' lang='lat' dir='ltr'>comparatione</span> <span class='ocrx_word' id='word_1_97' title='bbox 1104 1539 1252 1593; x_wconf 59' lang='lat' dir='ltr'>foeda</span> <span class='ocrx_word' id='word_1_98' title='bbox 1296 1542 1427 1592; x_wconf 90' lang='lat' dir='ltr'>sunt</span> <span class='ocrx_word' id='word_1_99' title='bbox 1482 1541 1703 1591; x_wconf 57' lang='lat' dir='ltr'>caetera.</span> <span class='ocrx_word' id='word_1_100' title='bbox 1741 1537 1893 1588; x_wconf 88' lang='lat' dir='ltr'>Hanc</span> <span class='ocrx_word' id='word_1_101' title='bbox 1948 1533 2102 1604; x_wconf 88' lang='lat' dir='ltr'>quis-</span> 
     </span>
    </p>
   </div>
   <div class='ocr_carea' id='block_1_16' title="bbox 413 1623 2105 1699">
    <p class='ocr_par' dir='ltr' id='par_1_16' title="bbox 413 1623 2105 1699">
     <span class='ocr_line' id='line_1_16' title="bbox 413 1623 2105 1699; baseline -0.004 -18"><span class='ocrx_word' id='word_1_102' title='bbox 413 1629 544 1699; x_wconf 86' lang='lat' dir='ltr'>quis</span> <span class='ocrx_word' id='word_1_103' title='bbox 593 1628 799 1682; x_wconf 91' lang='lat' dir='ltr'>viderit</span> <span class='ocrx_word' id='word_1_104' title='bbox 850 1627 1087 1696; x_wconf 88' lang='lat' dir='ltr'>(videbit</span> <span class='ocrx_word' id='word_1_105' title='bbox 1143 1631 1333 1681; x_wconf 90' lang='lat' dir='ltr'>autem</span> <span class='ocrx_word' id='word_1_106' title='bbox 1391 1625 1492 1696; x_wconf 90' lang='lat' dir='ltr'>qui</span> <span class='ocrx_word' id='word_1_107' title='bbox 1541 1626 1686 1679; x_wconf 91' lang='lat' dir='ltr'>bene</span> <span class='ocrx_word' id='word_1_108' title='bbox 1737 1623 1894 1686; x_wconf 88' lang='lat' dir='ltr'>vivit,</span> <span class='ocrx_word' id='word_1_109' title='bbox 1958 1623 2105 1676; x_wconf 89' lang='lat' dir='ltr'>bene</span> 
     </span>
    </p>
   </div>
   <div class='ocr_carea' id='block_1_17' title="bbox 415 1709 2105 1785">
    <p class='ocr_par' dir='ltr' id='par_1_17' title="bbox 415 1709 2105 1785">
     <span class='ocr_line' id='line_1_17' title="bbox 415 1709 2105 1785; baseline -0.005 -15"><span class='ocrx_word' id='word_1_110' title='bbox 415 1721 560 1782; x_wconf 83' lang='lat' dir='ltr'>orat,</span> <span class='ocrx_word' id='word_1_111' title='bbox 612 1717 759 1770; x_wconf 91' lang='lat' dir='ltr'>bene</span> <span class='ocrx_word' id='word_1_112' title='bbox 807 1716 1044 1784; x_wconf 91' lang='lat' dir='ltr'>studet),</span> <span class='ocrx_word' id='word_1_113' title='bbox 1092 1715 1321 1785; x_wconf 91' lang='lat' dir='ltr'>quando</span> <span class='ocrx_word' id='word_1_114' title='bbox 1358 1730 1489 1767; x_wconf 89' lang='lat' dir='ltr'>eum</span> <span class='ocrx_word' id='word_1_115' title='bbox 1537 1711 1787 1766; x_wconf 87' lang='lat' dir='ltr'>movebit</span> <span class='ocrx_word' id='word_1_116' title='bbox 1831 1725 1931 1764; x_wconf 92' lang='lat' dir='ltr'>cur</span> <span class='ocrx_word' id='word_1_117' title='bbox 1959 1709 2105 1763; x_wconf 90' lang='lat' dir='ltr'>alius</span> 
     </span>
    </p>
   </div>
   <div class='ocr_carea' id='block_1_18' title="bbox 414 1799 2104 1876">
    <p class='ocr_par' dir='ltr' id='par_1_18' title="bbox 414 1799 2104 1876">
     <span class='ocr_line' id='line_1_18' title="bbox 414 1799 2104 1876; baseline -0.005 -17"><span class='ocrx_word' id='word_1_118' title='bbox 414 1810 616 1876; x_wconf 89' lang='lat' dir='ltr'>optans</span> <span class='ocrx_word' id='word_1_119' title='bbox 644 1804 853 1858; x_wconf 89' lang='lat' dir='ltr'>habere</span> <span class='ocrx_word' id='word_1_120' title='bbox 883 1803 1033 1857; x_wconf 85' lang='lat' dir='ltr'>ﬁlios</span> <span class='ocrx_word' id='word_1_121' title='bbox 1058 1819 1176 1856; x_wconf 90' lang='lat' dir='ltr'>non</span> <span class='ocrx_word' id='word_1_122' title='bbox 1197 1803 1422 1870; x_wconf 87' lang='lat' dir='ltr'>habeat,</span> <span class='ocrx_word' id='word_1_123' title='bbox 1454 1803 1596 1855; x_wconf 90' lang='lat' dir='ltr'>alius</span> <span class='ocrx_word' id='word_1_124' title='bbox 1626 1799 1981 1856; x_wconf 86' lang='lat' dir='ltr'>abundantes</span> <span class='ocrx_word' id='word_1_125' title='bbox 2010 1814 2104 1852; x_wconf 84' lang='lat' dir='ltr'>ex-</span> 
     </span>
    </p>
   </div>
   <div class='ocr_carea' id='block_1_19' title="bbox 412 1889 2104 1964">
    <p class='ocr_par' dir='ltr' id='par_1_19' title="bbox 412 1889 2104 1964">
     <span class='ocr_line' id='line_1_19' title="bbox 412 1889 2104 1964; baseline -0.004 -17"><span class='ocrx_word' id='word_1_126' title='bbox 412 1897 611 1964; x_wconf 88' lang='lat' dir='ltr'>ponat,</span> <span class='ocrx_word' id='word_1_127' title='bbox 664 1893 809 1946; x_wconf 90' lang='lat' dir='ltr'>alius</span> <span class='ocrx_word' id='word_1_128' title='bbox 861 1891 1044 1946; x_wconf 90' lang='lat' dir='ltr'>oderit</span> <span class='ocrx_word' id='word_1_129' title='bbox 1098 1890 1435 1958; x_wconf 89' lang='lat' dir='ltr'>nascituros,</span> <span class='ocrx_word' id='word_1_130' title='bbox 1475 1889 1675 1959; x_wconf 82' lang='lat' dir='ltr'>diligat</span> <span class='ocrx_word' id='word_1_131' title='bbox 1720 1889 1864 1941; x_wconf 91' lang='lat' dir='ltr'>alius</span> <span class='ocrx_word' id='word_1_132' title='bbox 1911 1889 2104 1940; x_wconf 89' lang='lat' dir='ltr'>natos:</span> 
     </span>
    </p>
   </div>
   <div class='ocr_carea' id='block_1_20' title="bbox 413 1975 2106 2052">
    <p class='ocr_par' dir='ltr' id='par_1_20' title="bbox 413 1975 2106 2052">
     <span class='ocr_line' id='line_1_20' title="bbox 413 1975 2106 2052; baseline -0.005 -17"><span class='ocrx_word' id='word_1_133' title='bbox 413 1981 709 2052; x_wconf 89' lang='lat' dir='ltr'>quomodo</span> <span class='ocrx_word' id='word_1_134' title='bbox 740 1997 858 2035; x_wconf 92' lang='lat' dir='ltr'>non</span> <span class='ocrx_word' id='word_1_135' title='bbox 877 1984 1162 2050; x_wconf 83' lang='lat' dir='ltr'>repugnet</span> <span class='ocrx_word' id='word_1_136' title='bbox 1187 1979 1332 2034; x_wconf 87' lang='lat' dir='ltr'>nihil</span> <span class='ocrx_word' id='word_1_137' title='bbox 1362 1979 1620 2033; x_wconf 87' lang='lat' dir='ltr'>futurum</span> <span class='ocrx_word' id='word_1_138' title='bbox 1641 1993 1784 2044; x_wconf 92' lang='lat' dir='ltr'>esse,</span> <span class='ocrx_word' id='word_1_139' title='bbox 1807 1975 1961 2046; x_wconf 90' lang='lat' dir='ltr'>quod</span> <span class='ocrx_word' id='word_1_140' title='bbox 1991 1991 2106 2028; x_wconf 91' lang='lat' dir='ltr'>non</span> 
     </span>
    </p>
   </div>
   <div class='ocr_carea' id='block_1_21' title="bbox 377 2062 2103 2142">
    <p class='ocr_par' dir='ltr' id='par_1_21' title="bbox 377 2062 2103 2142">
     <span class='ocr_line' id='line_1_21' title="bbox 377 2062 2103 2142; baseline -0.003 -20"><span class='ocrx_word' id='word_1_141' title='bbox 417 2070 492 2124; x_wconf 86' lang='lat' dir='ltr'>sit</span> <span class='ocrx_word' id='word_1_142' title='bbox 519 2070 673 2140; x_wconf 91' lang='lat' dir='ltr'>apud</span> <span class='ocrx_word' id='word_1_143' title='bbox 699 2071 902 2137; x_wconf 91' lang='lat' dir='ltr'>Deum,</span> <span class='ocrx_word' id='word_1_144' title='bbox 929 2085 994 2122; x_wconf 84' lang='lat' dir='ltr'>ex</span> <span class='ocrx_word' id='word_1_145' title='bbox 1017 2085 1132 2138; x_wconf 92' lang='lat' dir='ltr'>quo</span> <span class='ocrx_word' id='word_1_146' title='bbox 1152 2084 1378 2121; x_wconf 91' lang='lat' dir='ltr'>necesse</span> <span class='ocrx_word' id='word_1_147' title='bbox 1414 2071 1498 2141; x_wconf 72' lang='lat' dir='ltr'>est</span> <span class='ocrx_word' id='word_1_148' title='bbox 1517 2066 1716 2120; x_wconf 91' lang='lat' dir='ltr'>ordine</span> <span class='ocrx_word' id='word_1_149' title='bbox 1740 2064 1935 2120; x_wconf 88' lang='lat' dir='ltr'>omnia</span> <span class='ocrx_word' id='word_1_150' title='bbox 1956 2062 2103 2130; x_wconf 86' lang='lat' dir='ltr'>ﬁeri,</span> 
     </span>
    </p>
   </div>
   <div class='ocr_carea' id='block_1_22' title="bbox 415 2153 2106 2227">
    <p class='ocr_par' dir='ltr' id='par_1_22' title="bbox 415 2153 2106 2227">
     <span class='ocr_line' id='line_1_22' title="bbox 415 2153 2106 2227; baseline -0.004 -15"><span class='ocrx_word' id='word_1_151' title='bbox 415 2163 473 2212; x_wconf 88' lang='lat' dir='ltr'>et</span> <span class='ocrx_word' id='word_1_152' title='bbox 502 2163 694 2212; x_wconf 88' lang='lat' dir='ltr'>tamen</span> <span class='ocrx_word' id='word_1_153' title='bbox 725 2175 837 2211; x_wconf 89' lang='lat' dir='ltr'>non</span> <span class='ocrx_word' id='word_1_154' title='bbox 866 2159 1077 2212; x_wconf 83' lang='lat' dir='ltr'>frustra</span> <span class='ocrx_word' id='word_1_155' title='bbox 1095 2159 1274 2210; x_wconf 92' lang='lat' dir='ltr'>Deum</span> <span class='ocrx_word' id='word_1_156' title='bbox 1293 2156 1519 2227; x_wconf 84' lang='lat' dir='ltr'>rogari?</span> <span class='ocrx_word' id='word_1_157' title='bbox 1545 2157 1854 2218; x_wconf 90' lang='lat' dir='ltr'>Postremo,</span> <span class='ocrx_word' id='word_1_158' title='bbox 1878 2153 2106 2224; x_wconf 90' lang='lat' dir='ltr'>quando</span> 
     </span>
    </p>
   </div>
   <div class='ocr_carea' id='block_1_23' title="bbox 411 2240 2110 2317">
    <p class='ocr_par' dir='ltr' id='par_1_23' title="bbox 411 2240 2110 2317">
     <span class='ocr_line' id='line_1_23' title="bbox 411 2240 2110 2317; baseline -0.003 -18"><span class='ocrx_word' id='word_1_159' title='bbox 411 2247 634 2317; x_wconf 91' lang='lat' dir='ltr'>justum</span> <span class='ocrx_word' id='word_1_160' title='bbox 661 2246 850 2300; x_wconf 91' lang='lat' dir='ltr'>virum</span> <span class='ocrx_word' id='word_1_161' title='bbox 880 2244 1193 2299; x_wconf 90' lang='lat' dir='ltr'>movebunt</span> <span class='ocrx_word' id='word_1_162' title='bbox 1216 2249 1316 2298; x_wconf 92' lang='lat' dir='ltr'>aut</span> <span class='ocrx_word' id='word_1_163' title='bbox 1337 2245 1454 2298; x_wconf 91' lang='lat' dir='ltr'>ulla</span> <span class='ocrx_word' id='word_1_164' title='bbox 1473 2260 1666 2311; x_wconf 91' lang='lat' dir='ltr'>onera,</span> <span class='ocrx_word' id='word_1_165' title='bbox 1697 2246 1797 2297; x_wconf 89' lang='lat' dir='ltr'>aut</span> <span class='ocrx_word' id='word_1_166' title='bbox 1821 2243 1938 2296; x_wconf 87' lang='lat' dir='ltr'>ulla</span> <span class='ocrx_word' id='word_1_167' title='bbox 1963 2240 2110 2310; x_wconf 89' lang='lat' dir='ltr'>peri-</span> 
     </span>
    </p>
   </div>
   <div class='ocr_carea' id='block_1_24' title="bbox 416 2331 2110 2398">
    <p class='ocr_par' dir='ltr' id='par_1_24' title="bbox 416 2331 2110 2398">
     <span class='ocr_line' id='line_1_24' title="bbox 416 2331 2110 2398; baseline -0.004 -9"><span class='ocrx_word' id='word_1_168' title='bbox 416 2335 564 2398; x_wconf 90' lang='lat' dir='ltr'>cula,</span> <span class='ocrx_word' id='word_1_169' title='bbox 597 2338 695 2387; x_wconf 90' lang='lat' dir='ltr'>aut</span> <span class='ocrx_word' id='word_1_170' title='bbox 720 2334 839 2386; x_wconf 90' lang='lat' dir='ltr'>ulla</span> <span class='ocrx_word' id='word_1_171' title='bbox 867 2332 1112 2397; x_wconf 88' lang='lat' dir='ltr'>fastidia,</span> <span class='ocrx_word' id='word_1_172' title='bbox 1140 2337 1236 2385; x_wconf 91' lang='lat' dir='ltr'>aut</span> <span class='ocrx_word' id='word_1_173' title='bbox 1267 2333 1382 2386; x_wconf 91' lang='lat' dir='ltr'>ulla</span> <span class='ocrx_word' id='word_1_174' title='bbox 1413 2331 1802 2386; x_wconf 89' lang='lat' dir='ltr'>blandimenta</span> <span class='ocrx_word' id='word_1_175' title='bbox 1823 2331 2110 2385; x_wconf 71' lang='lat' dir='ltr'>fortunae?</span> 
     </span>
    </p>
   </div>
   <div class='ocr_carea' id='block_1_25' title="bbox 418 2418 2110 2475">
    <p class='ocr_par' dir='ltr' id='par_1_25' title="bbox 418 2418 2110 2475">
     <span class='ocr_line' id='line_1_25' title="bbox 418 2418 2110 2475; baseline -0.003 0"><span class='ocrx_word' id='word_1_176' title='bbox 418 2423 483 2475; x_wconf 89' lang='lat' dir='ltr'>In</span> <span class='ocrx_word' id='word_1_177' title='bbox 515 2421 625 2474; x_wconf 91' lang='lat' dir='ltr'>hoc</span> <span class='ocrx_word' id='word_1_178' title='bbox 655 2420 810 2474; x_wconf 91' lang='lat' dir='ltr'>enim</span> <span class='ocrx_word' id='word_1_179' title='bbox 837 2419 1091 2473; x_wconf 90' lang='lat' dir='ltr'>sensibili</span> <span class='ocrx_word' id='word_1_180' title='bbox 1117 2419 1330 2473; x_wconf 90' lang='lat' dir='ltr'>mundo</span> <span class='ocrx_word' id='word_1_181' title='bbox 1354 2419 1717 2473; x_wconf 88' lang='lat' dir='ltr'>vehementer</span> <span class='ocrx_word' id='word_1_182' title='bbox 1745 2418 2110 2472; x_wconf 89' lang='lat' dir='ltr'>consideran-</span> 
     </span>
    </p>
   </div>
   <div class='ocr_carea' id='block_1_26' title="bbox 420 2507 2114 2578">
    <p class='ocr_par' dir='ltr' id='par_1_26' title="bbox 420 2507 2114 2578">
     <span class='ocr_line' id='line_1_26' title="bbox 420 2507 2114 2578; baseline -0.001 -18"><span class='ocrx_word' id='word_1_183' title='bbox 420 2507 559 2560; x_wconf 89' lang='lat' dir='ltr'>dum</span> <span class='ocrx_word' id='word_1_184' title='bbox 591 2512 676 2562; x_wconf 90' lang='lat' dir='ltr'>est</span> <span class='ocrx_word' id='word_1_185' title='bbox 726 2507 864 2578; x_wconf 87' lang='lat' dir='ltr'>quid</span> <span class='ocrx_word' id='word_1_186' title='bbox 893 2508 967 2561; x_wconf 88' lang='lat' dir='ltr'>sit</span> <span class='ocrx_word' id='word_1_187' title='bbox 990 2512 1216 2577; x_wconf 88' lang='lat' dir='ltr'>tempus</span> <span class='ocrx_word' id='word_1_188' title='bbox 1247 2512 1303 2561; x_wconf 89' lang='lat' dir='ltr'>et</span> <span class='ocrx_word' id='word_1_189' title='bbox 1348 2508 1538 2573; x_wconf 90' lang='lat' dir='ltr'>locus;</span> <span class='ocrx_word' id='word_1_190' title='bbox 1588 2511 1652 2560; x_wconf 91' lang='lat' dir='ltr'>ut</span> <span class='ocrx_word' id='word_1_191' title='bbox 1694 2507 1844 2576; x_wconf 92' lang='lat' dir='ltr'>quod</span> <span class='ocrx_word' id='word_1_192' title='bbox 1874 2507 2114 2560; x_wconf 85' lang='lat' dir='ltr'>delectat</span> 
     </span>
    </p>
   </div>
   <div class='ocr_carea' id='block_1_27' title="bbox 417 2595 2113 2666">
    <p class='ocr_par' dir='ltr' id='par_1_27' title="bbox 417 2595 2113 2666">
     <span class='ocr_line' id='line_1_27' title="bbox 417 2595 2113 2666; baseline 0 -17"><span class='ocrx_word' id='word_1_193' title='bbox 417 2595 478 2650; x_wconf 92' lang='lat' dir='ltr'>in</span> <span class='ocrx_word' id='word_1_194' title='bbox 507 2601 690 2666; x_wconf 90' lang='lat' dir='ltr'>parte,</span> <span class='ocrx_word' id='word_1_195' title='bbox 723 2596 839 2650; x_wconf 90' lang='lat' dir='ltr'>sive</span> <span class='ocrx_word' id='word_1_196' title='bbox 883 2596 1009 2660; x_wconf 90' lang='lat' dir='ltr'>loci,</span> <span class='ocrx_word' id='word_1_197' title='bbox 1055 2596 1168 2650; x_wconf 89' lang='lat' dir='ltr'>sive</span> <span class='ocrx_word' id='word_1_198' title='bbox 1198 2597 1493 2666; x_wconf 88' lang='lat' dir='ltr'>temporis,</span> <span class='ocrx_word' id='word_1_199' title='bbox 1535 2596 1890 2666; x_wconf 86' lang='lat' dir='ltr'>intelligatur</span> <span class='ocrx_word' id='word_1_200' title='bbox 1918 2600 2113 2650; x_wconf 88' lang='lat' dir='ltr'>tamen</span> 
     </span>
    </p>
   </div>
   <div class='ocr_carea' id='block_1_28' title="bbox 419 2685 2111 2756">
    <p class='ocr_par' dir='ltr' id='par_1_28' title="bbox 419 2685 2111 2756">
     <span class='ocr_line' id='line_1_28' title="bbox 419 2685 2111 2756; baseline 0 -19"><span class='ocrx_word' id='word_1_201' title='bbox 419 2685 601 2738; x_wconf 91' lang='lat' dir='ltr'>multo</span> <span class='ocrx_word' id='word_1_202' title='bbox 634 2701 755 2739; x_wconf 90' lang='lat' dir='ltr'>esse</span> <span class='ocrx_word' id='word_1_203' title='bbox 798 2685 1004 2738; x_wconf 89' lang='lat' dir='ltr'>melius</span> <span class='ocrx_word' id='word_1_204' title='bbox 1028 2689 1232 2753; x_wconf 91' lang='lat' dir='ltr'>totum,</span> <span class='ocrx_word' id='word_1_205' title='bbox 1263 2685 1423 2754; x_wconf 85' lang='lat' dir='ltr'>cujus</span> <span class='ocrx_word' id='word_1_206' title='bbox 1451 2685 1550 2738; x_wconf 90' lang='lat' dir='ltr'>illa</span> <span class='ocrx_word' id='word_1_207' title='bbox 1596 2701 1725 2756; x_wconf 88' lang='lat' dir='ltr'>pars</span> <span class='ocrx_word' id='word_1_208' title='bbox 1755 2689 1869 2752; x_wconf 88' lang='lat' dir='ltr'>est;</span> <span class='ocrx_word' id='word_1_209' title='bbox 1898 2689 1956 2738; x_wconf 90' lang='lat' dir='ltr'>et</span> <span class='ocrx_word' id='word_1_210' title='bbox 1985 2700 2111 2738; x_wconf 92' lang='lat' dir='ltr'>rur-</span> 
     </span>
    </p>
   </div>
   <div class='ocr_carea' id='block_1_29' title="bbox 417 2772 2112 2844">
    <p class='ocr_par' dir='ltr' id='par_1_29' title="bbox 417 2772 2112 2844">
     <span class='ocr_line' id='line_1_29' title="bbox 417 2772 2112 2844; baseline 0 -18"><span class='ocrx_word' id='word_1_211' title='bbox 417 2789 532 2839; x_wconf 91' lang='lat' dir='ltr'>sus,</span> <span class='ocrx_word' id='word_1_212' title='bbox 562 2773 714 2843; x_wconf 92' lang='lat' dir='ltr'>quod</span> <span class='ocrx_word' id='word_1_213' title='bbox 760 2773 999 2828; x_wconf 85' lang='lat' dir='ltr'>offendit</span> <span class='ocrx_word' id='word_1_214' title='bbox 1027 2772 1087 2827; x_wconf 93' lang='lat' dir='ltr'>in</span> <span class='ocrx_word' id='word_1_215' title='bbox 1117 2778 1298 2842; x_wconf 89' lang='lat' dir='ltr'>parte,</span> <span class='ocrx_word' id='word_1_216' title='bbox 1353 2774 1723 2844; x_wconf 85' lang='lat' dir='ltr'>perspicuum</span> <span class='ocrx_word' id='word_1_217' title='bbox 1770 2773 1842 2827; x_wconf 89' lang='lat' dir='ltr'>sit</span> <span class='ocrx_word' id='word_1_218' title='bbox 1892 2773 2112 2827; x_wconf 90' lang='lat' dir='ltr'>homini</span> 
     </span>
    </p>
   </div>
   <div class='ocr_carea' id='block_1_30' title="bbox 420 2861 2114 2932">
    <p class='ocr_par' dir='ltr' id='par_1_30' title="bbox 420 2861 2114 2932">
     <span class='ocr_line' id='line_1_30' title="bbox 420 2861 2114 2932; baseline -0.001 -16"><span class='ocrx_word' id='word_1_219' title='bbox 420 2864 604 2928; x_wconf 88' lang='lat' dir='ltr'>docto,</span> <span class='ocrx_word' id='word_1_220' title='bbox 640 2878 756 2915; x_wconf 90' lang='lat' dir='ltr'>non</span> <span class='ocrx_word' id='word_1_221' title='bbox 781 2862 855 2916; x_wconf 91' lang='lat' dir='ltr'>ob</span> <span class='ocrx_word' id='word_1_222' title='bbox 889 2861 1042 2915; x_wconf 90' lang='lat' dir='ltr'>aliud</span> <span class='ocrx_word' id='word_1_223' title='bbox 1081 2861 1391 2930; x_wconf 71' lang='lat' dir='ltr'>offendere,</span> <span class='ocrx_word' id='word_1_224' title='bbox 1438 2861 1547 2915; x_wconf 90' lang='lat' dir='ltr'>nisi</span> <span class='ocrx_word' id='word_1_225' title='bbox 1581 2862 1716 2932; x_wconf 88' lang='lat' dir='ltr'>quia</span> <span class='ocrx_word' id='word_1_226' title='bbox 1740 2878 1858 2915; x_wconf 90' lang='lat' dir='ltr'>non</span> <span class='ocrx_word' id='word_1_227' title='bbox 1887 2862 2114 2915; x_wconf 91' lang='lat' dir='ltr'>videtur</span> 
     </span>
    </p>
   </div>
   <div class='ocr_carea' id='block_1_31' title="bbox 414 2949 2110 3021">
    <p class='ocr_par' dir='ltr' id='par_1_31' title="bbox 414 2949 2110 3021">
     <span class='ocr_line' id='line_1_31' title="bbox 414 2949 2110 3021; baseline 0.001 -18"><span class='ocrx_word' id='word_1_228' title='bbox 414 2952 622 3015; x_wconf 91' lang='lat' dir='ltr'>totum,</span> <span class='ocrx_word' id='word_1_229' title='bbox 651 2949 744 3003; x_wconf 91' lang='lat' dir='ltr'>cui</span> <span class='ocrx_word' id='word_1_230' title='bbox 774 2967 906 3019; x_wconf 89' lang='lat' dir='ltr'>pars</span> <span class='ocrx_word' id='word_1_231' title='bbox 934 2951 1035 3004; x_wconf 92' lang='lat' dir='ltr'>illa</span> <span class='ocrx_word' id='word_1_232' title='bbox 1063 2950 1404 3004; x_wconf 87' lang='lat' dir='ltr'>mirabiliter</span> <span class='ocrx_word' id='word_1_233' title='bbox 1435 2950 1726 3021; x_wconf 88' lang='lat' dir='ltr'>congruit:</span> <span class='ocrx_word' id='word_1_234' title='bbox 1766 2951 1825 3004; x_wconf 91' lang='lat' dir='ltr'>in</span> <span class='ocrx_word' id='word_1_235' title='bbox 1853 2950 1952 3004; x_wconf 92' lang='lat' dir='ltr'>illo</span> <span class='ocrx_word' id='word_1_236' title='bbox 1976 2966 2110 3004; x_wconf 90' lang='lat' dir='ltr'>vero</span> 
     </span>
    </p>
   </div>
   <div class='ocr_carea' id='block_1_32' title="bbox 415 3038 2114 3109">
    <p class='ocr_par' dir='ltr' id='par_1_32' title="bbox 415 3038 2114 3109">
     <span class='ocr_line' id='line_1_32' title="bbox 415 3038 2114 3109; baseline 0.001 -17"><span class='ocrx_word' id='word_1_237' title='bbox 415 3039 632 3092; x_wconf 90' lang='lat' dir='ltr'>mundo</span> <span class='ocrx_word' id='word_1_238' title='bbox 663 3038 1036 3108; x_wconf 88' lang='lat' dir='ltr'>intelligibili,</span> <span class='ocrx_word' id='word_1_239' title='bbox 1077 3039 1394 3108; x_wconf 87' lang='lat' dir='ltr'>quamlibet</span> <span class='ocrx_word' id='word_1_240' title='bbox 1420 3043 1662 3109; x_wconf 89' lang='lat' dir='ltr'>partem,</span> <span class='ocrx_word' id='word_1_241' title='bbox 1711 3043 1986 3108; x_wconf 89' lang='lat' dir='ltr'>tanquam</span> <span class='ocrx_word' id='word_1_242' title='bbox 2032 3043 2114 3093; x_wconf 92' lang='lat' dir='ltr'>to-</span> 
     </span>
    </p>
   </div>
   <div class='ocr_carea' id='block_1_33' title="bbox 413 3126 2114 3196">
    <p class='ocr_par' dir='ltr' id='par_1_33' title="bbox 413 3126 2114 3196">
     <span class='ocr_line' id='line_1_33' title="bbox 413 3126 2114 3196; baseline 0.001 -16"><span class='ocrx_word' id='word_1_243' title='bbox 413 3130 562 3188; x_wconf 90' lang='lat' dir='ltr'>tum,</span> <span class='ocrx_word' id='word_1_244' title='bbox 596 3126 898 3195; x_wconf 87' lang='lat' dir='ltr'>pulchram</span> <span class='ocrx_word' id='word_1_245' title='bbox 930 3142 1051 3179; x_wconf 89' lang='lat' dir='ltr'>esse</span> <span class='ocrx_word' id='word_1_246' title='bbox 1089 3130 1261 3195; x_wconf 90' lang='lat' dir='ltr'>atque</span> <span class='ocrx_word' id='word_1_247' title='bbox 1290 3127 1598 3196; x_wconf 88' lang='lat' dir='ltr'>perfectam</span> <span class='ocrx_word' id='word_1_248' title='bbox 1632 3128 1672 3183; x_wconf 73' lang='grc' dir='ltr'><strong>ί.</strong></span> <span class='ocrx_word' id='word_1_249' title='bbox 1707 3126 1978 3180; x_wconf 90' lang='lat' dir='ltr'>Dicentur</span> <span class='ocrx_word' id='word_1_250' title='bbox 2006 3126 2114 3182; x_wconf 90' lang='lat' dir='ltr'>ista</span> 
     </span>
    </p>
   </div>
   <div class='ocr_carea' id='block_1_34' title="bbox 417 3212 2109 3281">
    <p class='ocr_par' dir='ltr' id='par_1_34' title="bbox 417 3212 2109 3281">
     <span class='ocr_line' id='line_1_34' title="bbox 417 3212 2109 3281; baseline 0.002 -16"><span class='ocrx_word' id='word_1_251' title='bbox 417 3213 608 3275; x_wconf 90' lang='lat' dir='ltr'>latius,</span> <span class='ocrx_word' id='word_1_252' title='bbox 643 3213 689 3265; x_wconf 91' lang='lat' dir='ltr'>si</span> <span class='ocrx_word' id='word_1_253' title='bbox 719 3217 904 3265; x_wconf 84' lang='lat' dir='ltr'>vestra</span> <span class='ocrx_word' id='word_1_254' title='bbox 928 3213 1114 3266; x_wconf 89' lang='lat' dir='ltr'>studia</span> <span class='ocrx_word' id='word_1_255' title='bbox 1132 3212 1245 3266; x_wconf 91' lang='lat' dir='ltr'>sive</span> <span class='ocrx_word' id='word_1_256' title='bbox 1267 3218 1648 3267; x_wconf 90' lang='lat' dir='ltr'>memoratum</span> <span class='ocrx_word' id='word_1_257' title='bbox 1669 3213 1839 3268; x_wconf 91' lang='lat' dir='ltr'>istum</span> <span class='ocrx_word' id='word_1_258' title='bbox 1863 3230 1895 3267; x_wconf 88' lang='lat' dir='ltr'>a</span> <span class='ocrx_word' id='word_1_259' title='bbox 1923 3215 2109 3281; x_wconf 90' lang='lat' dir='ltr'>nobis,</span> 
     </span>
    </p>
   </div>
   <div class='ocr_carea' id='block_1_35' title="bbox 422 3299 2110 3371">
    <p class='ocr_par' dir='ltr' id='par_1_35' title="bbox 422 3299 2110 3371">
     <span class='ocr_line' id='line_1_35' title="bbox 422 3299 2110 3371; baseline 0.002 -18"><span class='ocrx_word' id='word_1_260' title='bbox 422 3300 540 3354; x_wconf 88' lang='lat' dir='ltr'>sive</span> <span class='ocrx_word' id='word_1_261' title='bbox 571 3299 749 3354; x_wconf 89' lang='lat' dir='ltr'>alium</span> <span class='ocrx_word' id='word_1_262' title='bbox 785 3299 1024 3353; x_wconf 87' lang='lat' dir='ltr'>fortasse</span> <span class='ocrx_word' id='word_1_263' title='bbox 1061 3299 1380 3354; x_wconf 87' lang='lat' dir='ltr'>breviorem</span> <span class='ocrx_word' id='word_1_264' title='bbox 1427 3305 1596 3371; x_wconf 89' lang='lat' dir='ltr'>atque</span> <span class='ocrx_word' id='word_1_265' title='bbox 1643 3301 2110 3367; x_wconf 86' lang='lat' dir='ltr'>commodiorem,</span> 
     </span>
    </p>
   </div>
   <div class='ocr_carea' id='block_1_36' title="bbox 419 3388 2115 3461">
    <p class='ocr_par' dir='ltr' id='par_1_36' title="bbox 419 3388 2115 3461">
     <span class='ocr_line' id='line_1_36' title="bbox 419 3388 2115 3461; baseline 0.001 -18"><span class='ocrx_word' id='word_1_266' title='bbox 419 3394 642 3444; x_wconf 90' lang='lat' dir='ltr'>rectum</span> <span class='ocrx_word' id='word_1_267' title='bbox 675 3394 869 3443; x_wconf 89' lang='lat' dir='ltr'>tamen</span> <span class='ocrx_word' id='word_1_268' title='bbox 899 3388 1182 3453; x_wconf 89' lang='lat' dir='ltr'>ordinem,</span> <span class='ocrx_word' id='word_1_269' title='bbox 1241 3394 1306 3443; x_wconf 92' lang='lat' dir='ltr'>ut</span> <span class='ocrx_word' id='word_1_270' title='bbox 1333 3390 1533 3443; x_wconf 88' lang='lat' dir='ltr'>hortor</span> <span class='ocrx_word' id='word_1_271' title='bbox 1586 3406 1649 3443; x_wconf 92' lang='lat' dir='ltr'>ac</span> <span class='ocrx_word' id='word_1_272' title='bbox 1704 3407 1888 3461; x_wconf 91' lang='lat' dir='ltr'>spero,</span> <span class='ocrx_word' id='word_1_273' title='bbox 1920 3395 2115 3446; x_wconf 89' lang='lat' dir='ltr'>tenere</span> 
     </span>
    </p>
   </div>
   <div class='ocr_carea' id='block_1_37' title="bbox 417 3475 2117 3550">
    <p class='ocr_par' dir='ltr' id='par_1_37' title="bbox 417 3475 2117 3550">
     <span class='ocr_line' id='line_1_37' title="bbox 417 3475 2117 3550; baseline 0.002 -18"><span class='ocrx_word' id='word_1_274' title='bbox 417 3477 789 3543; x_wconf 88' lang='lat' dir='ltr'>instituerint,</span> <span class='ocrx_word' id='word_1_275' title='bbox 821 3481 993 3548; x_wconf 90' lang='lat' dir='ltr'>atque</span> <span class='ocrx_word' id='word_1_276' title='bbox 1024 3475 1261 3532; x_wconf 90' lang='lat' dir='ltr'>omnino</span> <span class='ocrx_word' id='word_1_277' title='bbox 1295 3479 1543 3549; x_wconf 87' lang='lat' dir='ltr'>graviter</span> <span class='ocrx_word' id='word_1_278' title='bbox 1569 3483 2007 3550; x_wconf 89' lang='lat' dir='ltr'>constanterque</span> <span class='ocrx_word' id='word_1_279' title='bbox 2037 3485 2117 3535; x_wconf 88' lang='lat' dir='ltr'>te-</span> 
     </span>
    </p>
   </div>
   <div class='ocr_carea' id='block_1_38' title="bbox 419 3566 780 3620">
    <p class='ocr_par' dir='ltr' id='par_1_38' title="bbox 419 3566 780 3620">
     <span class='ocr_line' id='line_1_38' title="bbox 419 3566 780 3620; baseline 0 0"><span class='ocrx_word' id='word_1_280' title='bbox 419 3566 673 3620; x_wconf 89' lang='lat' dir='ltr'>nuerint.</span> <span class='ocrx_word' id='word_1_281' title='bbox 774 3592 780 3598; x_wconf 67' lang='grc' dir='ltr'><strong><em>ο</em></strong></span> 
     </span>
    </p>
   </div>
   <div class='ocr_carea' id='block_1_39' title="bbox 508 3655 2034 3724">
    <p class='ocr_par' dir='ltr' id='par_1_39' title="bbox 508 3655 2034 3724">
     <span class='ocr_line' id='line_1_39' title="bbox 508 3655 2034 3724; baseline 0 -15"><span class='ocrx_word' id='word_1_282' title='bbox 508 3655 735 3710; x_wconf 88' lang='lat' dir='ltr'>CAPUT</span> <span class='ocrx_word' id='word_1_283' title='bbox 759 3657 861 3710; x_wconf 88' lang='grc' dir='ltr'><strong>ΧΧ.</strong></span> <span class='ocrx_word' id='word_1_284' title='bbox 895 3685 964 3697; x_wconf 91' lang='grc'><strong><em>-</em></strong></span> <span class='ocrx_word' id='word_1_285' title='bbox 995 3657 1257 3724; x_wconf 76' lang='lat' dir='ltr'>Epilogus</span> <span class='ocrx_word' id='word_1_286' title='bbox 1287 3657 1509 3711; x_wconf 82' lang='lat' dir='ltr'>hortans</span> <span class='ocrx_word' id='word_1_287' title='bbox 1532 3656 1606 3710; x_wconf 86' lang='lat' dir='ltr'>ad</span> <span class='ocrx_word' id='word_1_288' title='bbox 1626 3656 1818 3710; x_wconf 86' lang='lat' dir='ltr'>bonam</span> <span class='ocrx_word' id='word_1_289' title='bbox 1839 3657 2034 3709; x_wconf 80' lang='lat' dir='ltr'>vitam.</span> 
     </span>
    </p>
   </div>
   <div class='ocr_carea' id='block_1_40' title="bbox 498 3743 2121 3814">
    <p class='ocr_par' dir='ltr' id='par_1_40' title="bbox 498 3743 2121 3814">
     <span class='ocr_line' id='line_1_40' title="bbox 498 3743 2121 3814; baseline -0.001 -17"><span class='ocrx_word' id='word_1_290' title='bbox 498 3746 584 3797; x_wconf 82' lang='lat'>5‘2.</span> <span class='ocrx_word' id='word_1_291' title='bbox 617 3743 777 3807; x_wconf 88' lang='lat' dir='ltr'>Quod</span> <span class='ocrx_word' id='word_1_292' title='bbox 810 3747 874 3796; x_wconf 91' lang='lat' dir='ltr'>ut</span> <span class='ocrx_word' id='word_1_293' title='bbox 905 3743 1069 3798; x_wconf 92' lang='lat' dir='ltr'>nobis</span> <span class='ocrx_word' id='word_1_294' title='bbox 1098 3743 1284 3808; x_wconf 90' lang='lat' dir='ltr'>liceat,</span> <span class='ocrx_word' id='word_1_295' title='bbox 1317 3760 1542 3798; x_wconf 90' lang='lat' dir='ltr'>summa</span> <span class='ocrx_word' id='word_1_296' title='bbox 1589 3760 1762 3814; x_wconf 91' lang='lat' dir='ltr'>opera</span> <span class='ocrx_word' id='word_1_297' title='bbox 1806 3743 1991 3798; x_wconf 89' lang='lat' dir='ltr'>danda</span> <span class='ocrx_word' id='word_1_298' title='bbox 2037 3747 2121 3797; x_wconf 90' lang='lat' dir='ltr'>est</span> 
     </span>
    </p>
   </div>
   <div class='ocr_carea' id='block_1_41' title="bbox 431 3830 2119 3900">
    <p class='ocr_par' dir='ltr' id='par_1_41' title="bbox 431 3830 2119 3900">
     <span class='ocr_line' id='line_1_41' title="bbox 431 3830 2119 3900; baseline 0.002 -18"><span class='ocrx_word' id='word_1_299' title='bbox 431 3830 667 3900; x_wconf 89' lang='lat' dir='ltr'>optimis</span> <span class='ocrx_word' id='word_1_300' title='bbox 697 3830 982 3896; x_wconf 89' lang='lat' dir='ltr'>moribus;</span> <span class='ocrx_word' id='word_1_301' title='bbox 1017 3833 1164 3885; x_wconf 90' lang='lat' dir='ltr'>Deus</span> <span class='ocrx_word' id='word_1_302' title='bbox 1193 3831 1346 3885; x_wconf 90' lang='lat' dir='ltr'>enim</span> <span class='ocrx_word' id='word_1_303' title='bbox 1383 3837 1575 3886; x_wconf 90' lang='lat' dir='ltr'>noster</span> <span class='ocrx_word' id='word_1_304' title='bbox 1603 3832 1769 3886; x_wconf 91' lang='lat' dir='ltr'>aliter</span> <span class='ocrx_word' id='word_1_305' title='bbox 1797 3848 1902 3885; x_wconf 90' lang='lat' dir='ltr'>nos</span> <span class='ocrx_word' id='word_1_306' title='bbox 1945 3848 2119 3886; x_wconf 85' lang='lat' dir='ltr'>exau-</span> 
     </span>
    </p>
   </div>
   <div class='ocr_carea' id='block_1_42' title="bbox 429 3918 2122 3988">
    <p class='ocr_par' dir='ltr' id='par_1_42' title="bbox 429 3918 2122 3988">
     <span class='ocr_line' id='line_1_42' title="bbox 429 3918 2122 3988; baseline 0.001 -15"><span class='ocrx_word' id='word_1_307' title='bbox 429 3918 550 3973; x_wconf 90' lang='lat' dir='ltr'>dire</span> <span class='ocrx_word' id='word_1_308' title='bbox 576 3934 691 3971; x_wconf 91' lang='lat' dir='ltr'>non</span> <span class='ocrx_word' id='word_1_309' title='bbox 720 3919 960 3988; x_wconf 88' lang='lat' dir='ltr'>poterit:</span> <span class='ocrx_word' id='word_1_310' title='bbox 993 3920 1135 3974; x_wconf 91' lang='lat' dir='ltr'>bene</span> <span class='ocrx_word' id='word_1_311' title='bbox 1166 3925 1356 3974; x_wconf 89' lang='lat' dir='ltr'>autem</span> <span class='ocrx_word' id='word_1_312' title='bbox 1377 3921 1628 3974; x_wconf 90' lang='lat' dir='ltr'>viventes</span> <span class='ocrx_word' id='word_1_313' title='bbox 1657 3921 1925 3974; x_wconf 80' lang='lat' dir='ltr'>facillime</span> <span class='ocrx_word' id='word_1_314' title='bbox 1955 3936 2122 3974; x_wconf 90' lang='lat' dir='ltr'>exau-</span> 
     </span>
    </p>
   </div>
   <div class='ocr_carea' id='block_1_43' title="bbox 433 4006 2118 4078">
    <p class='ocr_par' dir='ltr' id='par_1_43' title="bbox 433 4006 2118 4078">
     <span class='ocr_line' id='line_1_43' title="bbox 433 4006 2118 4078; baseline 0.001 -17"><span class='ocrx_word' id='word_1_315' title='bbox 433 4006 554 4061; x_wconf 91' lang='lat' dir='ltr'>diet</span> <span class='ocrx_word' id='word_1_316' title='bbox 581 4007 628 4073; x_wconf 85' lang='grc'><strong>(1</strong></span> <span class='ocrx_word' id='word_1_317' title='bbox 659 4007 920 4073; x_wconf 83' lang='lat' dir='ltr'>Retract.,</span> <span class='ocrx_word' id='word_1_318' title='bbox 945 4024 989 4062; x_wconf 77' lang='grc' dir='ltr'><strong>ο.</strong></span> <span class='ocrx_word' id='word_1_319' title='bbox 1025 4012 1075 4071; x_wconf 87' lang='lat'>3,</span> <span class='ocrx_word' id='word_1_320' title='bbox 1116 4025 1172 4062; x_wconf 85' lang='grc' dir='ltr'><strong>η.</strong></span> <span class='ocrx_word' id='word_1_321' title='bbox 1205 4010 1282 4078; x_wconf 89' lang='grc'>3).</span> <span class='ocrx_word' id='word_1_322' title='bbox 1315 4009 1554 4063; x_wconf 91' lang='lat' dir='ltr'>Oremus</span> <span class='ocrx_word' id='word_1_323' title='bbox 1584 4025 1741 4078; x_wconf 91' lang='lat' dir='ltr'>ergo,</span> <span class='ocrx_word' id='word_1_324' title='bbox 1774 4025 1891 4062; x_wconf 93' lang='lat' dir='ltr'>non</span> <span class='ocrx_word' id='word_1_325' title='bbox 1920 4014 1984 4063; x_wconf 92' lang='lat' dir='ltr'>ut</span> <span class='ocrx_word' id='word_1_326' title='bbox 2011 4024 2118 4063; x_wconf 81' lang='lat' dir='ltr'>no-</span> 
     </span>
    </p>
   </div>
   <div class='ocr_carea' id='block_1_44' title="bbox 435 4093 2121 4167">
    <p class='ocr_par' dir='ltr' id='par_1_44' title="bbox 435 4093 2121 4167">
     <span class='ocr_line' id='line_1_44' title="bbox 435 4093 2121 4167; baseline 0.002 -19"><span class='ocrx_word' id='word_1_327' title='bbox 435 4093 523 4148; x_wconf 90' lang='lat' dir='ltr'>bis</span> <span class='ocrx_word' id='word_1_328' title='bbox 553 4094 785 4163; x_wconf 69' lang='lat' dir='ltr'>divitiae,</span> <span class='ocrx_word' id='word_1_329' title='bbox 817 4097 904 4151; x_wconf 85' lang='lat' dir='ltr'>vel</span> <span class='ocrx_word' id='word_1_330' title='bbox 933 4097 1201 4164; x_wconf 87' lang='lat' dir='ltr'>honores,</span> <span class='ocrx_word' id='word_1_331' title='bbox 1239 4098 1327 4151; x_wconf 90' lang='lat' dir='ltr'>vel</span> <span class='ocrx_word' id='word_1_332' title='bbox 1357 4097 1686 4167; x_wconf 88' lang='lat' dir='ltr'>hujusmodi</span> <span class='ocrx_word' id='word_1_333' title='bbox 1716 4113 1806 4151; x_wconf 90' lang='lat' dir='ltr'>res</span> <span class='ocrx_word' id='word_1_334' title='bbox 1843 4097 2012 4151; x_wconf 71' lang='lat' dir='ltr'>ﬂuxae</span> <span class='ocrx_word' id='word_1_335' title='bbox 2042 4101 2121 4151; x_wconf 91' lang='lat' dir='ltr'>at-</span> 
     </span>
    </p>
   </div>
   <div class='ocr_carea' id='block_1_45' title="bbox 436 4186 2123 4255">
    <p class='ocr_par' dir='ltr' id='par_1_45' title="bbox 436 4186 2123 4255">
     <span class='ocr_line' id='line_1_45' title="bbox 436 4186 2123 4255; baseline 0.001 -18"><span class='ocrx_word' id='word_1_336' title='bbox 436 4199 548 4254; x_wconf 89' lang='lat' dir='ltr'>que</span> <span class='ocrx_word' id='word_1_337' title='bbox 576 4188 862 4250; x_wconf 86' lang='lat' dir='ltr'>nutantes,</span> <span class='ocrx_word' id='word_1_338' title='bbox 893 4191 952 4239; x_wconf 92' lang='lat' dir='ltr'>et</span> <span class='ocrx_word' id='word_1_339' title='bbox 999 4186 1198 4255; x_wconf 91' lang='lat' dir='ltr'>quovis</span> <span class='ocrx_word' id='word_1_340' title='bbox 1252 4186 1547 4241; x_wconf 83' lang='lat' dir='ltr'>resistente</span> <span class='ocrx_word' id='word_1_341' title='bbox 1585 4191 1963 4252; x_wconf 86' lang='lat' dir='ltr'>transeuntes,</span> <span class='ocrx_word' id='word_1_342' title='bbox 2023 4186 2123 4240; x_wconf 89' lang='lat' dir='ltr'>sed</span> 
     </span>
    </p>
   </div>
   <div class='ocr_carea' id='block_1_46' title="bbox 429 4273 2117 4344">
    <p class='ocr_par' dir='ltr' id='par_1_46' title="bbox 429 4273 2117 4344">
     <span class='ocr_line' id='line_1_46' title="bbox 429 4273 2117 4344; baseline 0.002 -20"><span class='ocrx_word' id='word_1_343' title='bbox 429 4275 493 4324; x_wconf 91' lang='lat' dir='ltr'>ut</span> <span class='ocrx_word' id='word_1_344' title='bbox 514 4288 581 4325; x_wconf 91' lang='lat' dir='ltr'>ea</span> <span class='ocrx_word' id='word_1_345' title='bbox 609 4273 965 4342; x_wconf 87' lang='lat' dir='ltr'>proveniant,</span> <span class='ocrx_word' id='word_1_346' title='bbox 1015 4291 1142 4344; x_wconf 69' lang='lat' dir='ltr'>quae</span> <span class='ocrx_word' id='word_1_347' title='bbox 1194 4291 1297 4328; x_wconf 91' lang='lat' dir='ltr'>nos</span> <span class='ocrx_word' id='word_1_348' title='bbox 1329 4275 1510 4329; x_wconf 89' lang='lat' dir='ltr'>bonos</span> <span class='ocrx_word' id='word_1_349' title='bbox 1559 4275 1766 4329; x_wconf 87' lang='lat' dir='ltr'>faciant</span> <span class='ocrx_word' id='word_1_350' title='bbox 1816 4291 1878 4328; x_wconf 92' lang='lat' dir='ltr'>ac</span> <span class='ocrx_word' id='word_1_351' title='bbox 1906 4275 2117 4329; x_wconf 89' lang='lat' dir='ltr'>beatos.</span> 
     </span>
    </p>
   </div>
   <div class='ocr_carea' id='block_1_47' title="bbox 434 4360 2123 4433">
    <p class='ocr_par' dir='ltr' id='par_1_47' title="bbox 434 4360 2123 4433">
     <span class='ocr_line' id='line_1_47' title="bbox 434 4360 2123 4433; baseline 0.002 -20"><span class='ocrx_word' id='word_1_352' title='bbox 434 4360 572 4423; x_wconf 69' lang='lat' dir='ltr'>Quae</span> <span class='ocrx_word' id='word_1_353' title='bbox 602 4365 728 4415; x_wconf 90' lang='lat' dir='ltr'>vota</span> <span class='ocrx_word' id='word_1_354' title='bbox 785 4367 846 4416; x_wconf 89' lang='lat' dir='ltr'>ut</span> <span class='ocrx_word' id='word_1_355' title='bbox 888 4362 1251 4416; x_wconf 88' lang='lat' dir='ltr'>devotissime</span> <span class='ocrx_word' id='word_1_356' title='bbox 1306 4362 1674 4433; x_wconf 88' lang='lat' dir='ltr'>impleantur,</span> <span class='ocrx_word' id='word_1_357' title='bbox 1724 4361 1829 4416; x_wconf 91' lang='lat' dir='ltr'>tibi</span> <span class='ocrx_word' id='word_1_358' title='bbox 1878 4363 2123 4416; x_wconf 82' lang='lat' dir='ltr'>maxime</span> 
     </span>
    </p>
   </div>
   <div class='ocr_carea' id='block_1_48' title="bbox 430 4447 2124 4521">
    <p class='ocr_par' dir='ltr' id='par_1_48' title="bbox 430 4447 2124 4521">
     <span class='ocr_line' id='line_1_48' title="bbox 430 4447 2124 4521; baseline 0.001 -21"><span class='ocrx_word' id='word_1_359' title='bbox 430 4447 538 4501; x_wconf 90' lang='lat' dir='ltr'>hoc</span> <span class='ocrx_word' id='word_1_360' title='bbox 570 4449 886 4517; x_wconf 86' lang='lat' dir='ltr'>negotium,</span> <span class='ocrx_word' id='word_1_361' title='bbox 917 4455 1120 4512; x_wconf 88' lang='lat' dir='ltr'>mater,</span> <span class='ocrx_word' id='word_1_362' title='bbox 1154 4449 1540 4520; x_wconf 85' lang='lat' dir='ltr'>injungimus;</span> <span class='ocrx_word' id='word_1_363' title='bbox 1569 4452 1730 4521; x_wconf 91' lang='lat' dir='ltr'>cujus</span> <span class='ocrx_word' id='word_1_364' title='bbox 1754 4450 2018 4520; x_wconf 90' lang='lat' dir='ltr'>precibus</span> <span class='ocrx_word' id='word_1_365' title='bbox 2043 4449 2124 4503; x_wconf 83' lang='lat' dir='ltr'>in-</span> 
     </span>
    </p>
   </div>
   <div class='ocr_carea' id='block_1_49' title="bbox 433 4535 2123 4609">
    <p class='ocr_par' dir='ltr' id='par_1_49' title="bbox 433 4535 2123 4609">
     <span class='ocr_line' id='line_1_49' title="bbox 433 4535 2123 4609; baseline 0.002 -21"><span class='ocrx_word' id='word_1_366' title='bbox 433 4535 766 4590; x_wconf 89' lang='lat' dir='ltr'>dubitanter</span> <span class='ocrx_word' id='word_1_367' title='bbox 794 4539 963 4592; x_wconf 89' lang='lat' dir='ltr'>credo</span> <span class='ocrx_word' id='word_1_368' title='bbox 994 4544 1164 4609; x_wconf 88' lang='lat' dir='ltr'>atque</span> <span class='ocrx_word' id='word_1_369' title='bbox 1194 4539 1468 4592; x_wconf 84' lang='lat' dir='ltr'>conﬁrmo</span> <span class='ocrx_word' id='word_1_370' title='bbox 1499 4538 1641 4592; x_wconf 91' lang='lat' dir='ltr'>mihi</span> <span class='ocrx_word' id='word_1_371' title='bbox 1672 4539 1841 4592; x_wconf 87' lang='lat' dir='ltr'>istam</span> <span class='ocrx_word' id='word_1_372' title='bbox 1872 4542 2123 4592; x_wconf 91' lang='lat' dir='ltr'>mentem</span> 
     </span>
    </p>
   </div>
   <div class='ocr_carea' id='block_1_50' title="bbox 440 4623 2123 4691">
    <p class='ocr_par' dir='ltr' id='par_1_50' title="bbox 440 4623 2123 4691">
     <span class='ocr_line' id='line_1_50' title="bbox 440 4623 2123 4691; baseline 0.002 -15"><span class='ocrx_word' id='word_1_373' title='bbox 440 4623 619 4676; x_wconf 87' lang='lat' dir='ltr'>Deum</span> <span class='ocrx_word' id='word_1_374' title='bbox 655 4625 893 4691; x_wconf 84' lang='lat' dir='ltr'>dedisse,</span> <span class='ocrx_word' id='word_1_375' title='bbox 949 4631 1013 4680; x_wconf 91' lang='lat' dir='ltr'>ut</span> <span class='ocrx_word' id='word_1_376' title='bbox 1040 4626 1397 4680; x_wconf 58' lang='lat' dir='ltr'>invenienda:</span> <span class='ocrx_word' id='word_1_377' title='bbox 1427 4626 1650 4679; x_wconf 86' lang='lat' dir='ltr'>veritati</span> <span class='ocrx_word' id='word_1_378' title='bbox 1691 4625 1837 4679; x_wconf 89' lang='lat' dir='ltr'>nihil</span> <span class='ocrx_word' id='word_1_379' title='bbox 1888 4625 2123 4680; x_wconf 91' lang='lat' dir='ltr'>omnino</span> 
     </span>
    </p>
   </div>
   <div class='ocr_carea' id='block_1_51' title="bbox 433 4711 2124 4784">
    <p class='ocr_par' dir='ltr' id='par_1_51' title="bbox 433 4711 2124 4784">
     <span class='ocr_line' id='line_1_51' title="bbox 433 4711 2124 4784; baseline 0.003 -22"><span class='ocrx_word' id='word_1_380' title='bbox 433 4725 796 4780; x_wconf 60' lang='lat' dir='ltr'>praeponam,</span> <span class='ocrx_word' id='word_1_381' title='bbox 847 4713 988 4767; x_wconf 90' lang='lat' dir='ltr'>nihil</span> <span class='ocrx_word' id='word_1_382' title='bbox 1040 4714 1194 4768; x_wconf 89' lang='lat' dir='ltr'>aliud</span> <span class='ocrx_word' id='word_1_383' title='bbox 1254 4714 1444 4782; x_wconf 86' lang='lat' dir='ltr'>velim,</span> <span class='ocrx_word' id='word_1_384' title='bbox 1476 4713 1622 4768; x_wconf 91' lang='lat' dir='ltr'>nihil</span> <span class='ocrx_word' id='word_1_385' title='bbox 1671 4711 1933 4784; x_wconf 81' lang='lat' dir='ltr'>Cogitem,</span> <span class='ocrx_word' id='word_1_386' title='bbox 1978 4713 2124 4768; x_wconf 89' lang='lat' dir='ltr'>nihil</span> 
     </span>
    </p>
   </div>
   <div class='ocr_carea' id='block_1_52' title="bbox 503 4841 2128 4909">
    <p class='ocr_par' dir='ltr' id='par_1_52' title="bbox 503 4841 2128 4909">
     <span class='ocr_line' id='line_1_52' title="bbox 503 4841 2128 4909; baseline 0.005 -21"><span class='ocrx_word' id='word_1_387' title='bbox 503 4841 675 4909; x_wconf 45' lang='lat' dir='ltr'>minet</span> <span class='ocrx_word' id='word_1_388' title='bbox 689 4843 1145 4909; x_wconf 74' lang='lat' dir='ltr'>Ver_1.,quamlibel</span> <span class='ocrx_word' id='word_1_389' title='bbox 1153 4850 1356 4908; x_wconf 71' lang='lat' dir='ltr'>partem</span> <span class='ocrx_word' id='word_1_390' title='bbox 1375 4850 1539 4898; x_wconf 68' lang='lat' dir='ltr'>totam</span> <span class='ocrx_word' id='word_1_391' title='bbox 1549 4846 1840 4909; x_wconf 81' lang='lat' dir='ltr'>pulchram</span> <span class='ocrx_word' id='word_1_392' title='bbox 1855 4861 1960 4896; x_wconf 81' lang='lat' dir='ltr'>esse</span> <span class='ocrx_word' id='word_1_393' title='bbox 1973 4850 2128 4909; x_wconf 78' lang='lat' dir='ltr'>alque</span> 
     </span>
    </p>
   </div>
   <div class='ocr_carea' id='block_1_53' title="bbox 435 4903 2126 4973">
    <p class='ocr_par' dir='ltr' id='par_1_53' title="bbox 435 4903 2126 4973">
     <span class='ocr_line' id='line_1_53' title="bbox 435 4903 2126 4973; baseline 0.004 -22"><span class='ocrx_word' id='word_1_394' title='bbox 435 4903 745 4973; x_wconf 53' lang='lat' dir='ltr'>perfectam</span> <span class='ocrx_word' id='word_1_395' title='bbox 758 4903 911 4973; x_wconf 64' lang='lat' dir='ltr'>.Lov.,</span> <span class='ocrx_word' id='word_1_396' title='bbox 926 4922 1084 4973; x_wconf 78' lang='lat' dir='ltr'>quam</span> <span class='ocrx_word' id='word_1_397' title='bbox 1095 4903 1215 4973; x_wconf 72' lang='lat' dir='ltr'>(ilict</span> <span class='ocrx_word' id='word_1_398' title='bbox 1234 4915 1470 4973; x_wconf 78' lang='lat' dir='ltr'>partem,</span> <span class='ocrx_word' id='word_1_399' title='bbox 1491 4903 1747 4973; x_wconf 62' lang='lat' dir='ltr'>tanquam</span> <span class='ocrx_word' id='word_1_400' title='bbox 1761 4903 2126 4969; x_wconf 60' lang='lat' dir='ltr'>totumtotum</span> 
     </span>
    </p>
   </div>
   <div class='ocr_carea' id='block_1_54' title="bbox 423 4965 1344 5033">
    <p class='ocr_par' dir='ltr' id='par_1_54' title="bbox 423 4965 1344 5033">
     <span class='ocr_line' id='line_1_54' title="bbox 423 4965 1344 5033; baseline 0.005 -17"><span class='ocrx_word' id='word_1_401' title='bbox 423 4965 718 5031; x_wconf 64' lang='lat' dir='ltr'>pulchram</span> <span class='ocrx_word' id='word_1_402' title='bbox 741 4972 906 5031; x_wconf 77' lang='lat' dir='ltr'>atque</span> <span class='ocrx_word' id='word_1_403' title='bbox 933 4965 1251 5033; x_wconf 63' lang='lat' dir='ltr'>perfectam?</span> <span class='ocrx_word' id='word_1_404' title='bbox 1271 4973 1344 5021; x_wconf 87' lang='grc' dir='ltr'><strong>Μ.</strong></span> 
     </span>
    </p>
   </div>
   <div class='ocr_carea' id='block_1_55' title="bbox 1229 250 3078 333">
    <p class='ocr_par' dir='ltr' id='par_1_55' title="bbox 1229 250 3078 333">
     <span class='ocr_line' id='line_1_55' title="bbox 1229 250 3078 333; baseline -0.011 -9"><span class='ocrx_word' id='word_1_405' title='bbox 1229 269 1325 324; x_wconf 92' lang='lat' dir='ltr'><strong>DE</strong></span> <span class='ocrx_word' id='word_1_406' title='bbox 1365 265 1738 333; x_wconf 86' lang='lat' dir='ltr'>SEQUENTE</span> <span class='ocrx_word' id='word_1_407' title='bbox 1777 263 1988 320; x_wconf 84' lang='lat' dir='ltr'><strong>LIBRO</strong></span> <span class='ocrx_word' id='word_1_408' title='bbox 2028 262 2136 318; x_wconf 89' lang='lat' dir='ltr'>DE&#39;</span> <span class='ocrx_word' id='word_1_409' title='bbox 2161 257 2419 316; x_wconf 65' lang='lat' dir='ltr'>ANIMIE</span> <span class='ocrx_word' id='word_1_410' title='bbox 2458 250 3078 312; x_wconf 82' lang='lat' dir='ltr'>IMMOBTALITATE.</span> 
     </span>
    </p>
   </div>
   <div class='ocr_carea' id='block_1_56' title="bbox 3749 255 3851 306">
    <p class='ocr_par' dir='ltr' id='par_1_56' title="bbox 3749 255 3851 306">
     <span class='ocr_line' id='line_1_56' title="bbox 3749 255 3851 306; baseline -0.01 0"><span class='ocrx_word' id='word_1_411' title='bbox 3749 256 3764 306; x_wconf 90' lang='grc'>1</span> <span class='ocrx_word' id='word_1_412' title='bbox 3773 255 3851 306; x_wconf 76' lang='lat'>020</span> 
     </span>
    </p>
   </div>
   <div class='ocr_carea' id='block_1_57' title="bbox 2209 389 3853 454">
    <p class='ocr_par' dir='ltr' id='par_1_57' title="bbox 2209 389 3853 454">
     <span class='ocr_line' id='line_1_57' title="bbox 2209 389 3853 454; baseline -0.006 -1"><span class='ocrx_word' id='word_1_413' title='bbox 2209 414 2418 453; x_wconf 89' lang='lat' dir='ltr'>amem.</span> <span class='ocrx_word' id='word_1_414' title='bbox 2481 397 2591 449; x_wconf 88' lang='lat' dir='ltr'>Nec</span> <span class='ocrx_word' id='word_1_415' title='bbox 2619 393 2815 448; x_wconf 89' lang='lat' dir='ltr'>desino</span> <span class='ocrx_word' id='word_1_416' title='bbox 2844 390 3076 445; x_wconf 89' lang='lat' dir='ltr'>credere</span> <span class='ocrx_word' id='word_1_417' title='bbox 3107 405 3213 443; x_wconf 90' lang='lat' dir='ltr'>nos</span> <span class='ocrx_word' id='word_1_418' title='bbox 3255 390 3363 443; x_wconf 89' lang='lat' dir='ltr'>hoc</span> <span class='ocrx_word' id='word_1_419' title='bbox 3391 393 3610 444; x_wconf 88' lang='lat' dir='ltr'>tantum</span> <span class='ocrx_word' id='word_1_420' title='bbox 3653 389 3853 454; x_wconf 89' lang='lat' dir='ltr'>bonum,</span> 
     </span>
    </p>
   </div>
   <div class='ocr_carea' id='block_1_58' title="bbox 2210 478 3853 558">
    <p class='ocr_par' dir='ltr' id='par_1_58' title="bbox 2210 478 3853 558">
     <span class='ocr_line' id='line_1_58' title="bbox 2210 478 3853 558; baseline -0.005 -17"><span class='ocrx_word' id='word_1_421' title='bbox 2210 487 2362 558; x_wconf 93' lang='lat' dir='ltr'>quod</span> <span class='ocrx_word' id='word_1_422' title='bbox 2391 490 2446 539; x_wconf 91' lang='lat' dir='ltr'>te</span> <span class='ocrx_word' id='word_1_423' title='bbox 2476 484 2840 555; x_wconf 91' lang='lat' dir='ltr'>promerente</span> <span class='ocrx_word' id='word_1_424' title='bbox 2871 478 3324 548; x_wconf 88' lang='lat' dir='ltr'>concupivimus,</span> <span class='ocrx_word' id='word_1_425' title='bbox 3357 478 3551 531; x_wconf 89' lang='lat' dir='ltr'>eadem</span> <span class='ocrx_word' id='word_1_426' title='bbox 3579 483 3630 531; x_wconf 90' lang='lat' dir='ltr'>te</span> <span class='ocrx_word' id='word_1_427' title='bbox 3659 484 3853 547; x_wconf 86' lang='lat' dir='ltr'>petente</span> 
     </span>
    </p>
   </div>
   <div class='ocr_carea' id='block_1_59' title="bbox 2210 566 3854 644">
    <p class='ocr_par' dir='ltr' id='par_1_59' title="bbox 2210 566 3854 644">
     <span class='ocr_line' id='line_1_59' title="bbox 2210 566 3854 644; baseline -0.005 -15"><span class='ocrx_word' id='word_1_428' title='bbox 2210 576 2536 644; x_wconf 87' lang='lat' dir='ltr'>adepturos.</span> <span class='ocrx_word' id='word_1_429' title='bbox 2585 573 2710 625; x_wconf 86' lang='lat' dir='ltr'>Jam</span> <span class='ocrx_word' id='word_1_430' title='bbox 2741 585 2873 622; x_wconf 90' lang='lat' dir='ltr'>vero</span> <span class='ocrx_word' id='word_1_431' title='bbox 2923 574 3000 634; x_wconf 92' lang='lat' dir='ltr'>te,</span> <span class='ocrx_word' id='word_1_432' title='bbox 3063 567 3250 637; x_wconf 81' lang='lat' dir='ltr'>Alypi,</span> <span class='ocrx_word' id='word_1_433' title='bbox 3303 567 3439 636; x_wconf 88' lang='lat' dir='ltr'>quid</span> <span class='ocrx_word' id='word_1_434' title='bbox 3477 566 3693 620; x_wconf 85' lang='lat' dir='ltr'>horter?</span> <span class='ocrx_word' id='word_1_435' title='bbox 3743 569 3854 637; x_wconf 86' lang='lat' dir='ltr'>quid</span> 
     </span>
    </p>
   </div>
   <div class='ocr_carea' id='block_1_60' title="bbox 2209 655 3855 729">
    <p class='ocr_par' dir='ltr' id='par_1_60' title="bbox 2209 655 3855 729">
     <span class='ocr_line' id='line_1_60' title="bbox 2209 655 3855 729; baseline -0.005 -12"><span class='ocrx_word' id='word_1_436' title='bbox 2209 662 2520 717; x_wconf 88' lang='lat' dir='ltr'>moneam?</span> <span class='ocrx_word' id='word_1_437' title='bbox 2568 659 2677 724; x_wconf 88' lang='lat' dir='ltr'>Qui</span> <span class='ocrx_word' id='word_1_438' title='bbox 2715 662 3018 729; x_wconf 87' lang='lat' dir='ltr'>propterea</span> <span class='ocrx_word' id='word_1_439' title='bbox 3047 655 3261 710; x_wconf 90' lang='lat' dir='ltr'>nimius</span> <span class='ocrx_word' id='word_1_440' title='bbox 3298 671 3416 708; x_wconf 90' lang='lat' dir='ltr'>non</span> <span class='ocrx_word' id='word_1_441' title='bbox 3460 671 3538 720; x_wconf 90' lang='lat' dir='ltr'>es,</span> <span class='ocrx_word' id='word_1_442' title='bbox 3595 655 3724 725; x_wconf 89' lang='lat' dir='ltr'>quia</span> <span class='ocrx_word' id='word_1_443' title='bbox 3748 656 3855 710; x_wconf 86' lang='lat' dir='ltr'>talia</span> 
     </span>
    </p>
   </div>
   <div class='ocr_carea' id='block_1_61' title="bbox 2212 743 3855 822">
    <p class='ocr_par' dir='ltr' id='par_1_61' title="bbox 2212 743 3855 822">
     <span class='ocr_line' id='line_1_61' title="bbox 2212 743 3855 822; baseline -0.004 -17"><span class='ocrx_word' id='word_1_444' title='bbox 2212 749 2576 822; x_wconf 89' lang='lat' dir='ltr'>quantumvis</span> <span class='ocrx_word' id='word_1_445' title='bbox 2605 763 2817 812; x_wconf 90' lang='lat' dir='ltr'>amare,</span> <span class='ocrx_word' id='word_1_446' title='bbox 2851 746 3090 799; x_wconf 88' lang='lat' dir='ltr'>fortasse</span> <span class='ocrx_word' id='word_1_447' title='bbox 3134 759 3362 814; x_wconf 88' lang='lat' dir='ltr'>semper</span> <span class='ocrx_word' id='word_1_448' title='bbox 3387 759 3608 814; x_wconf 90' lang='lat' dir='ltr'>parum,</span> <span class='ocrx_word' id='word_1_449' title='bbox 3654 743 3855 798; x_wconf 88' lang='lat' dir='ltr'>nimium</span> 
     </span>
    </p>
   </div>
   <div class='ocr_carea' id='block_1_62' title="bbox 2211 833 3230 908">
    <p class='ocr_par' dir='ltr' id='par_1_62' title="bbox 2211 833 3230 908">
     <span class='ocr_line' id='line_1_62' title="bbox 2211 833 3230 908; baseline -0.008 -15"><span class='ocrx_word' id='word_1_450' title='bbox 2211 855 2345 893; x_wconf 91' lang='lat' dir='ltr'>vero</span> <span class='ocrx_word' id='word_1_451' title='bbox 2377 853 2675 908; x_wconf 91' lang='lat' dir='ltr'>nunquam</span> <span class='ocrx_word' id='word_1_452' title='bbox 2705 840 2856 888; x_wconf 90' lang='lat' dir='ltr'>recte</span> <span class='ocrx_word' id='word_1_453' title='bbox 2885 833 2997 888; x_wconf 91' lang='lat' dir='ltr'>dici</span> <span class='ocrx_word' id='word_1_454' title='bbox 3028 837 3230 904; x_wconf 89' lang='lat' dir='ltr'>potest.</span> 
     </span>
    </p>
   </div>
   <div class='ocr_carea' id='block_1_63' title="bbox 2283 920 3853 996">
    <p class='ocr_par' dir='ltr' id='par_1_63' title="bbox 2283 920 3853 996">
     <span class='ocr_line' id='line_1_63' title="bbox 2283 920 3853 996; baseline -0.004 -15"><span class='ocrx_word' id='word_1_455' title='bbox 2283 930 2371 981; x_wconf 87' lang='lat'>53.</span> <span class='ocrx_word' id='word_1_456' title='bbox 2414 926 2512 980; x_wconf 86' lang='lat' dir='ltr'>Hic</span> <span class='ocrx_word' id='word_1_457' title='bbox 2540 925 2667 978; x_wconf 90' lang='lat' dir='ltr'>ille:</span> <span class='ocrx_word' id='word_1_458' title='bbox 2726 925 2868 976; x_wconf 87' lang='lat' dir='ltr'>Vere</span> <span class='ocrx_word' id='word_1_459' title='bbox 2908 921 3167 987; x_wconf 76' lang='lat' dir='ltr'>effecisti,</span> <span class='ocrx_word' id='word_1_460' title='bbox 3200 920 3408 996; x_wconf 56' lang='lat' dir='ltr'>inquit,</span> <span class='ocrx_word' id='word_1_461' title='bbox 3463 924 3528 974; x_wconf 91' lang='lat' dir='ltr'>ut</span> <span class='ocrx_word' id='word_1_462' title='bbox 3571 921 3853 974; x_wconf 87' lang='lat' dir='ltr'>memoriam</span> 
     </span>
    </p>
   </div>
   <div class='ocr_carea' id='block_1_64' title="bbox 2213 999 3854 1082">
    <p class='ocr_par' dir='ltr' id='par_1_64' title="bbox 2213 999 3854 1082">
     <span class='ocr_line' id='line_1_64' title="bbox 2213 999 3854 1082; baseline -0.005 -12"><span class='ocrx_word' id='word_1_463' title='bbox 2213 1015 2672 1070; x_wconf 89' lang='lat' dir='ltr'>doctissimorum</span> <span class='ocrx_word' id='word_1_464' title='bbox 2695 999 3118 1082; x_wconf 35' lang='lat' dir='ltr'>ac&#39;magnornm</span> <span class='ocrx_word' id='word_1_465' title='bbox 3136 1010 3412 1074; x_wconf 89' lang='lat' dir='ltr'>virorum,</span> <span class='ocrx_word' id='word_1_466' title='bbox 3445 1025 3571 1080; x_wconf 69' lang='lat' dir='ltr'>qua:</span> <span class='ocrx_word' id='word_1_467' title='bbox 3599 1008 3854 1078; x_wconf 86' lang='lat' dir='ltr'>aliquando</span> 
     </span>
    </p>
   </div>
   <div class='ocr_carea' id='block_1_65' title="bbox 2211 1097 3855 1173">
    <p class='ocr_par' dir='ltr' id='par_1_65' title="bbox 2211 1097 3855 1173">
     <span class='ocr_line' id='line_1_65' title="bbox 2211 1097 3855 1173; baseline -0.005 -16"><span class='ocrx_word' id='word_1_468' title='bbox 2211 1119 2314 1173; x_wconf 89' lang='lat' dir='ltr'>pro</span> <span class='ocrx_word' id='word_1_469' title='bbox 2343 1119 2535 1156; x_wconf 88' lang='lat' dir='ltr'>rerum</span> <span class='ocrx_word' id='word_1_470' title='bbox 2567 1099 2964 1170; x_wconf 87' lang='lat' dir='ltr'>magnitudine</span> <span class='ocrx_word' id='word_1_471' title='bbox 2985 1098 3337 1172; x_wconf 87' lang='lat' dir='ltr'>incredibilis</span> <span class='ocrx_word' id='word_1_472' title='bbox 3350 1097 3660 1160; x_wconf 85' lang='lat' dir='ltr'>videbatur,</span> <span class='ocrx_word' id='word_1_473' title='bbox 3686 1100 3734 1149; x_wconf 91' lang='lat' dir='ltr'>et</span> <span class='ocrx_word' id='word_1_474' title='bbox 3751 1113 3855 1165; x_wconf 89' lang='lat' dir='ltr'>quo-</span> 
     </span>
    </p>
   </div>
   <div class='ocr_carea' id='block_1_66' title="bbox 2211 1184 3856 1256">
    <p class='ocr_par' dir='ltr' id='par_1_66' title="bbox 2211 1184 3856 1256">
     <span class='ocr_line' id='line_1_66' title="bbox 2211 1184 3856 1256; baseline -0.005 -12"><span class='ocrx_word' id='word_1_475' title='bbox 2211 1191 2430 1246; x_wconf 89' lang='lat' dir='ltr'>tidiana</span> <span class='ocrx_word' id='word_1_476' title='bbox 2459 1189 2931 1253; x_wconf 89' lang='lat' dir='ltr'>consideratione,</span> <span class='ocrx_word' id='word_1_477' title='bbox 2965 1192 3022 1241; x_wconf 90' lang='lat' dir='ltr'>et</span> <span class='ocrx_word' id='word_1_478' title='bbox 3050 1188 3157 1241; x_wconf 86' lang='lat' dir='ltr'>ista</span> <span class='ocrx_word' id='word_1_479' title='bbox 3189 1185 3458 1256; x_wconf 64' lang='lat' dir='ltr'>praesenti</span> <span class='ocrx_word' id='word_1_480' title='bbox 3488 1201 3612 1254; x_wconf 60' lang='lat' dir='ltr'>quae</span> <span class='ocrx_word' id='word_1_481' title='bbox 3642 1184 3696 1237; x_wconf 94' lang='lat' dir='ltr'>in</span> <span class='ocrx_word' id='word_1_482' title='bbox 3717 1189 3764 1236; x_wconf 90' lang='lat' dir='ltr'>te</span> <span class='ocrx_word' id='word_1_483' title='bbox 3788 1200 3856 1236; x_wconf 87' lang='lat' dir='ltr'>no-</span> 
     </span>
    </p>
   </div>
   <div class='ocr_carea' id='block_1_67' title="bbox 2213 1271 3857 1342">
    <p class='ocr_par' dir='ltr' id='par_1_67' title="bbox 2213 1271 3857 1342">
     <span class='ocr_line' id='line_1_67' title="bbox 2213 1271 3857 1342; baseline -0.007 -7"><span class='ocrx_word' id='word_1_484' title='bbox 2213 1281 2300 1336; x_wconf 90' lang='lat' dir='ltr'>bis</span> <span class='ocrx_word' id='word_1_485' title='bbox 2329 1287 2414 1334; x_wconf 90' lang='lat' dir='ltr'>est</span> <span class='ocrx_word' id='word_1_486' title='bbox 2440 1277 2842 1342; x_wconf 88' lang='lat' dir='ltr'>admiratione,</span> <span class='ocrx_word' id='word_1_487' title='bbox 2879 1291 2996 1330; x_wconf 90' lang='lat' dir='ltr'>non</span> <span class='ocrx_word' id='word_1_488' title='bbox 3053 1276 3241 1328; x_wconf 89' lang='lat' dir='ltr'>solum</span> <span class='ocrx_word' id='word_1_489' title='bbox 3295 1273 3529 1327; x_wconf 89' lang='lat' dir='ltr'>dubiam</span> <span class='ocrx_word' id='word_1_490' title='bbox 3559 1287 3666 1325; x_wconf 89' lang='lat' dir='ltr'>non</span> <span class='ocrx_word' id='word_1_491' title='bbox 3691 1271 3857 1326; x_wconf 85' lang='lat' dir='ltr'>habea-</span> 
     </span>
    </p>
   </div>
   <div class='ocr_carea' id='block_1_68' title="bbox 2213 1361 3859 1435">
    <p class='ocr_par' dir='ltr' id='par_1_68' title="bbox 2213 1361 3859 1435">
     <span class='ocr_line' id='line_1_68' title="bbox 2213 1361 3859 1435; baseline -0.007 -12"><span class='ocrx_word' id='word_1_492' title='bbox 2213 1385 2362 1435; x_wconf 90' lang='lat' dir='ltr'>mus,</span> <span class='ocrx_word' id='word_1_493' title='bbox 2394 1383 2594 1422; x_wconf 89' lang='lat' dir='ltr'>verum</span> <span class='ocrx_word' id='word_1_494' title='bbox 2626 1365 2823 1431; x_wconf 90' lang='lat' dir='ltr'>etiam,</span> <span class='ocrx_word' id='word_1_495' title='bbox 2857 1364 2903 1418; x_wconf 92' lang='lat' dir='ltr'>si</span> <span class='ocrx_word' id='word_1_496' title='bbox 2932 1379 3160 1418; x_wconf 89' lang='lat' dir='ltr'>necesse</span> <span class='ocrx_word' id='word_1_497' title='bbox 3199 1362 3292 1427; x_wconf 92' lang='lat' dir='ltr'>sit,</span> <span class='ocrx_word' id='word_1_498' title='bbox 3329 1363 3400 1416; x_wconf 88' lang='lat' dir='ltr'>de</span> <span class='ocrx_word' id='word_1_499' title='bbox 3431 1361 3529 1414; x_wconf 91' lang='lat' dir='ltr'>illa</span> <span class='ocrx_word' id='word_1_500' title='bbox 3554 1361 3730 1430; x_wconf 86' lang='lat' dir='ltr'>jurare</span> <span class='ocrx_word' id='word_1_501' title='bbox 3757 1375 3859 1429; x_wconf 89' lang='lat' dir='ltr'>pos-</span> 
     </span>
    </p>
   </div>
   <div class='ocr_carea' id='block_1_69' title="bbox 2216 1448 3860 1520">
    <p class='ocr_par' dir='ltr' id='par_1_69' title="bbox 2216 1448 3860 1520">
     <span class='ocr_line' id='line_1_69' title="bbox 2216 1448 3860 1520; baseline -0.007 -9"><span class='ocrx_word' id='word_1_502' title='bbox 2216 1457 2413 1511; x_wconf 91' lang='lat' dir='ltr'>simus.</span> <span class='ocrx_word' id='word_1_503' title='bbox 2449 1455 2594 1520; x_wconf 91' lang='lat' dir='ltr'>Quid</span> <span class='ocrx_word' id='word_1_504' title='bbox 2644 1451 2844 1508; x_wconf 89' lang='lat' dir='ltr'>enim?</span> <span class='ocrx_word' id='word_1_505' title='bbox 2888 1453 3056 1506; x_wconf 88' lang='lat' dir='ltr'>nobis</span> <span class='ocrx_word' id='word_1_506' title='bbox 3087 1467 3277 1504; x_wconf 92' lang='lat' dir='ltr'>nonne</span> <span class='ocrx_word' id='word_1_507' title='bbox 3335 1450 3436 1503; x_wconf 91' lang='lat' dir='ltr'>illa</span> <span class='ocrx_word' id='word_1_508' title='bbox 3479 1448 3789 1502; x_wconf 87' lang='lat' dir='ltr'>venerabilis</span> <span class='ocrx_word' id='word_1_509' title='bbox 3815 1463 3860 1500; x_wconf 88' lang='lat' dir='ltr'>ac</span> 
     </span>
    </p>
   </div>
   <div class='ocr_carea' id='block_1_70' title="bbox 2213 1537 3859 1615">
    <p class='ocr_par' dir='ltr' id='par_1_70' title="bbox 2213 1537 3859 1615">
     <span class='ocr_line' id='line_1_70' title="bbox 2213 1537 3859 1615; baseline -0.005 -17"><span class='ocrx_word' id='word_1_510' title='bbox 2213 1561 2393 1615; x_wconf 90' lang='lat' dir='ltr'>prope</span> <span class='ocrx_word' id='word_1_511' title='bbox 2423 1543 2634 1608; x_wconf 90' lang='lat' dir='ltr'>divina,</span> <span class='ocrx_word' id='word_1_512' title='bbox 2668 1558 2798 1613; x_wconf 65' lang='lat' dir='ltr'>quae</span> <span class='ocrx_word' id='word_1_513' title='bbox 2843 1541 2974 1611; x_wconf 90' lang='lat' dir='ltr'>jure</span> <span class='ocrx_word' id='word_1_514' title='bbox 3025 1545 3082 1593; x_wconf 92' lang='lat' dir='ltr'>et</span> <span class='ocrx_word' id='word_1_515' title='bbox 3111 1538 3305 1592; x_wconf 88' lang='lat' dir='ltr'>habita</span> <span class='ocrx_word' id='word_1_516' title='bbox 3349 1541 3435 1591; x_wconf 92' lang='lat' dir='ltr'>est</span> <span class='ocrx_word' id='word_1_517' title='bbox 3463 1543 3517 1590; x_wconf 92' lang='lat' dir='ltr'>et</span> <span class='ocrx_word' id='word_1_518' title='bbox 3543 1537 3759 1607; x_wconf 88' lang='lat' dir='ltr'>probata</span> <span class='ocrx_word' id='word_1_519' title='bbox 3782 1537 3859 1606; x_wconf 70' lang='lat' dir='ltr'>Py-</span> 
     </span>
    </p>
   </div>
   <div class='ocr_carea' id='block_1_71' title="bbox 2214 1624 3859 1702">
    <p class='ocr_par' dir='ltr' id='par_1_71' title="bbox 2214 1624 3859 1702">
     <span class='ocr_line' id='line_1_71' title="bbox 2214 1624 3859 1702; baseline -0.007 -15"><span class='ocrx_word' id='word_1_520' title='bbox 2214 1634 2470 1702; x_wconf 67' lang='lat' dir='ltr'>thagorae</span> <span class='ocrx_word' id='word_1_521' title='bbox 2501 1629 2821 1701; x_wconf 86' lang='lat' dir='ltr'>disciplina,</span> <span class='ocrx_word' id='word_1_522' title='bbox 2869 1628 2968 1682; x_wconf 90' lang='lat' dir='ltr'>abs</span> <span class='ocrx_word' id='word_1_523' title='bbox 3023 1632 3078 1681; x_wconf 91' lang='lat' dir='ltr'>te</span> <span class='ocrx_word' id='word_1_524' title='bbox 3110 1626 3283 1681; x_wconf 92' lang='lat' dir='ltr'>hodie</span> <span class='ocrx_word' id='word_1_525' title='bbox 3316 1625 3525 1679; x_wconf 90' lang='lat' dir='ltr'>nostris</span> <span class='ocrx_word' id='word_1_526' title='bbox 3572 1624 3724 1678; x_wconf 89' lang='lat' dir='ltr'>etiam</span> <span class='ocrx_word' id='word_1_527' title='bbox 3750 1637 3859 1693; x_wconf 87' lang='lat' dir='ltr'>pene</span> 
     </span>
    </p>
   </div>
   <div class='ocr_carea' id='block_1_72' title="bbox 2215 1711 3858 1785">
    <p class='ocr_par' dir='ltr' id='par_1_72' title="bbox 2215 1711 3858 1785">
     <span class='ocr_line' id='line_1_72' title="bbox 2215 1711 3858 1785; baseline -0.007 -11"><span class='ocrx_word' id='word_1_528' title='bbox 2215 1720 2391 1775; x_wconf 90' lang='lat' dir='ltr'>oculis</span> <span class='ocrx_word' id='word_1_529' title='bbox 2412 1723 2662 1774; x_wconf 90' lang='lat' dir='ltr'>reserata</span> <span class='ocrx_word' id='word_1_530' title='bbox 2682 1723 2768 1772; x_wconf 90' lang='lat' dir='ltr'>est</span> <span class='ocrx_word' id='word_1_531' title='bbox 2789 1715 2806 1748; x_wconf 84' lang='grc'>¹</span> <span class='ocrx_word' id='word_1_532' title='bbox 2831 1715 2975 1785; x_wconf 73' lang='lat' dir='ltr'>(Lib.</span> <span class='ocrx_word' id='word_1_533' title='bbox 3006 1720 3026 1770; x_wconf 87' lang='grc'>1</span> <span class='ocrx_word' id='word_1_534' title='bbox 3063 1719 3324 1780; x_wconf 79' lang='lat' dir='ltr'>Relract.,</span> <span class='ocrx_word' id='word_1_535' title='bbox 3351 1729 3472 1783; x_wconf 86' lang='lat' dir='ltr'>cap.</span> <span class='ocrx_word' id='word_1_536' title='bbox 3508 1716 3619 1778; x_wconf 69' lang='lat'>3,11.</span> <span class='ocrx_word' id='word_1_537' title='bbox 3644 1711 3730 1779; x_wconf 80' lang='lat'>3)?</span> <span class='ocrx_word' id='word_1_538' title='bbox 3754 1712 3858 1765; x_wconf 87' lang='lat' dir='ltr'>Cum</span> 
     </span>
    </p>
   </div>
   <div class='ocr_carea' id='block_1_73' title="bbox 2217 1798 3858 1875">
    <p class='ocr_par' dir='ltr' id='par_1_73' title="bbox 2217 1798 3858 1875">
     <span class='ocr_line' id='line_1_73' title="bbox 2217 1798 3858 1875; baseline -0.007 -12"><span class='ocrx_word' id='word_1_539' title='bbox 2217 1813 2273 1864; x_wconf 90' lang='lat' dir='ltr'>et</span> <span class='ocrx_word' id='word_1_540' title='bbox 2292 1808 2421 1862; x_wconf 66' lang='lat' dir='ltr'>vitae</span> <span class='ocrx_word' id='word_1_541' title='bbox 2442 1808 2691 1875; x_wconf 77' lang='lat' dir='ltr'>regulas,</span> <span class='ocrx_word' id='word_1_542' title='bbox 2714 1811 2772 1860; x_wconf 92' lang='lat' dir='ltr'>et</span> <span class='ocrx_word' id='word_1_543' title='bbox 2789 1803 3041 1859; x_wconf 64' lang='lat' dir='ltr'>scientiae</span> <span class='ocrx_word' id='word_1_544' title='bbox 3064 1819 3177 1857; x_wconf 91' lang='lat' dir='ltr'>non</span> <span class='ocrx_word' id='word_1_545' title='bbox 3201 1808 3319 1857; x_wconf 91' lang='lat' dir='ltr'>tam</span> <span class='ocrx_word' id='word_1_546' title='bbox 3341 1801 3551 1855; x_wconf 89' lang='lat' dir='ltr'>itinera</span> <span class='ocrx_word' id='word_1_547' title='bbox 3571 1816 3728 1871; x_wconf 90' lang='lat' dir='ltr'>quam</span> <span class='ocrx_word' id='word_1_548' title='bbox 3743 1798 3858 1868; x_wconf 89' lang='lat' dir='ltr'>ipsos</span> 
     </span>
    </p>
   </div>
   <div class='ocr_carea' id='block_1_74' title="bbox 2216 1889 3859 1968">
    <p class='ocr_par' dir='ltr' id='par_1_74' title="bbox 2216 1889 3859 1968">
     <span class='ocr_line' id='line_1_74' title="bbox 2216 1889 3859 1968; baseline -0.009 -16"><span class='ocrx_word' id='word_1_549' title='bbox 2216 1913 2465 1968; x_wconf 85' lang='lat' dir='ltr'>campos,</span> <span class='ocrx_word' id='word_1_550' title='bbox 2502 1913 2566 1949; x_wconf 88' lang='lat' dir='ltr'>ac</span> <span class='ocrx_word' id='word_1_551' title='bbox 2620 1894 2844 1965; x_wconf 90' lang='lat' dir='ltr'>liquida</span> <span class='ocrx_word' id='word_1_552' title='bbox 2874 1907 3127 1962; x_wconf 63' lang='lat' dir='ltr'>aequora,</span> <span class='ocrx_word' id='word_1_553' title='bbox 3157 1895 3213 1944; x_wconf 91' lang='lat' dir='ltr'>et</span> <span class='ocrx_word' id='word_1_554' title='bbox 3244 1890 3398 1961; x_wconf 94' lang='lat' dir='ltr'>quod</span> <span class='ocrx_word' id='word_1_555' title='bbox 3431 1889 3515 1943; x_wconf 92' lang='lat' dir='ltr'>illi</span> <span class='ocrx_word' id='word_1_556' title='bbox 3543 1889 3657 1942; x_wconf 90' lang='lat' dir='ltr'>viro</span> <span class='ocrx_word' id='word_1_557' title='bbox 3686 1902 3859 1956; x_wconf 74' lang='lat' dir='ltr'>magna</span> 
     </span>
    </p>
   </div>
   <div class='ocr_carea' id='block_1_75' title="bbox 2215 1974 3860 2051">
    <p class='ocr_par' dir='ltr' id='par_1_75' title="bbox 2215 1974 3860 2051">
     <span class='ocr_line' id='line_1_75' title="bbox 2215 1974 3860 2051; baseline -0.008 -11"><span class='ocrx_word' id='word_1_558' title='bbox 2215 1983 2569 2040; x_wconf 90' lang='lat' dir='ltr'>venerationi</span> <span class='ocrx_word' id='word_1_559' title='bbox 2609 1983 2736 2048; x_wconf 89' lang='lat' dir='ltr'>fuit,</span> <span class='ocrx_word' id='word_1_560' title='bbox 2770 1980 2896 2051; x_wconf 90' lang='lat' dir='ltr'>ipsa</span> <span class='ocrx_word' id='word_1_561' title='bbox 2924 1980 3096 2033; x_wconf 89' lang='lat' dir='ltr'>etiam</span> <span class='ocrx_word' id='word_1_562' title='bbox 3131 1976 3379 2032; x_wconf 89' lang='lat' dir='ltr'>sacraria</span> <span class='ocrx_word' id='word_1_563' title='bbox 3413 1976 3661 2031; x_wconf 91' lang='lat' dir='ltr'>veritatis</span> <span class='ocrx_word' id='word_1_564' title='bbox 3693 1974 3777 2028; x_wconf 89' lang='lat' dir='ltr'>ubi</span> <span class='ocrx_word' id='word_1_565' title='bbox 3799 1990 3860 2026; x_wconf 83' lang='lat' dir='ltr'>es-</span> 
     </span>
    </p>
   </div>
   <div class='ocr_carea' id='block_1_76' title="bbox 2219 2064 3861 2144">
    <p class='ocr_par' dir='ltr' id='par_1_76' title="bbox 2219 2064 3861 2144">
     <span class='ocr_line' id='line_1_76' title="bbox 2219 2064 3861 2144; baseline -0.007 -16"><span class='ocrx_word' id='word_1_566' title='bbox 2219 2079 2366 2144; x_wconf 90' lang='lat' dir='ltr'>sent,</span> <span class='ocrx_word' id='word_1_567' title='bbox 2397 2074 2590 2144; x_wconf 90' lang='lat' dir='ltr'>qualia</span> <span class='ocrx_word' id='word_1_568' title='bbox 2619 2074 2833 2138; x_wconf 91' lang='lat' dir='ltr'>essent,</span> <span class='ocrx_word' id='word_1_569' title='bbox 2861 2069 3057 2140; x_wconf 90' lang='lat' dir='ltr'>quales</span> <span class='ocrx_word' id='word_1_570' title='bbox 3085 2070 3438 2138; x_wconf 70' lang='lat' dir='ltr'>quaererent,</span> <span class='ocrx_word' id='word_1_571' title='bbox 3484 2069 3541 2118; x_wconf 88' lang='lat' dir='ltr'>et</span> <span class='ocrx_word' id='word_1_572' title='bbox 3564 2064 3793 2124; x_wconf 87' lang='lat' dir='ltr'>breviter,</span> <span class='ocrx_word' id='word_1_573' title='bbox 3821 2067 3861 2114; x_wconf 87' lang='lat' dir='ltr'>et</span> 
     </span>
    </p>
   </div>
   <div class='ocr_carea' id='block_1_77' title="bbox 2218 2153 3861 2233">
    <p class='ocr_par' dir='ltr' id='par_1_77' title="bbox 2218 2153 3861 2233">
     <span class='ocr_line' id='line_1_77' title="bbox 2218 2153 3861 2233; baseline -0.009 -16"><span class='ocrx_word' id='word_1_574' title='bbox 2218 2164 2294 2218; x_wconf 90' lang='lat' dir='ltr'>ita</span> <span class='ocrx_word' id='word_1_575' title='bbox 2328 2164 2493 2233; x_wconf 90' lang='lat' dir='ltr'>plene</span> <span class='ocrx_word' id='word_1_576' title='bbox 2525 2158 2883 2232; x_wconf 83' lang='lat' dir='ltr'>signiﬁcasti,</span> <span class='ocrx_word' id='word_1_577' title='bbox 2914 2163 2979 2212; x_wconf 89' lang='lat' dir='ltr'>ut</span> <span class='ocrx_word' id='word_1_578' title='bbox 3007 2155 3268 2228; x_wconf 88' lang='lat' dir='ltr'>quamvis</span> <span class='ocrx_word' id='word_1_579' title='bbox 3297 2153 3667 2224; x_wconf 89' lang='lat' dir='ltr'>suspicemur,</span> <span class='ocrx_word' id='word_1_580' title='bbox 3703 2156 3750 2204; x_wconf 91' lang='lat' dir='ltr'>et</span> <span class='ocrx_word' id='word_1_581' title='bbox 3772 2165 3861 2203; x_wconf 83' lang='lat' dir='ltr'>cre—</span> 
     </span>
    </p>
   </div>
   <div class='ocr_carea' id='block_1_78' title="bbox 2219 2241 3860 2310">
    <p class='ocr_par' dir='ltr' id='par_1_78' title="bbox 2219 2241 3860 2310">
     <span class='ocr_line' id='line_1_78' title="bbox 2219 2241 3860 2310; baseline -0.009 -4"><span class='ocrx_word' id='word_1_582' title='bbox 2219 2253 2420 2307; x_wconf 90' lang='lat' dir='ltr'>damus</span> <span class='ocrx_word' id='word_1_583' title='bbox 2450 2249 2554 2304; x_wconf 90' lang='lat' dir='ltr'>tibi</span> <span class='ocrx_word' id='word_1_584' title='bbox 2606 2264 2730 2302; x_wconf 90' lang='lat' dir='ltr'>esse</span> <span class='ocrx_word' id='word_1_585' title='bbox 2762 2247 2947 2301; x_wconf 92' lang='lat' dir='ltr'>adhuc</span> <span class='ocrx_word' id='word_1_586' title='bbox 2975 2245 3298 2309; x_wconf 88' lang='lat' dir='ltr'>secretiora,</span> <span class='ocrx_word' id='word_1_587' title='bbox 3329 2247 3527 2297; x_wconf 90' lang='lat' dir='ltr'>tamen</span> <span class='ocrx_word' id='word_1_588' title='bbox 3558 2258 3664 2296; x_wconf 89' lang='lat' dir='ltr'>non</span> <span class='ocrx_word' id='word_1_589' title='bbox 3698 2241 3860 2310; x_wconf 87' lang='lat' dir='ltr'>absque</span> 
     </span>
    </p>
   </div>
   <div class='ocr_carea' id='block_1_79' title="bbox 2219 2327 3863 2410">
    <p class='ocr_par' dir='ltr' id='par_1_79' title="bbox 2219 2327 3863 2410">
     <span class='ocr_line' id='line_1_79' title="bbox 2219 2327 3863 2410; baseline -0.008 -16"><span class='ocrx_word' id='word_1_590' title='bbox 2219 2339 2580 2410; x_wconf 87' lang='lat' dir='ltr'>impudentia</span> <span class='ocrx_word' id='word_1_591' title='bbox 2608 2354 2714 2391; x_wconf 91' lang='lat' dir='ltr'>nos</span> <span class='ocrx_word' id='word_1_592' title='bbox 2744 2341 3035 2406; x_wconf 89' lang='lat' dir='ltr'>putemus,</span> <span class='ocrx_word' id='word_1_593' title='bbox 3069 2333 3116 2387; x_wconf 91' lang='lat' dir='ltr'>si</span> <span class='ocrx_word' id='word_1_594' title='bbox 3147 2332 3399 2404; x_wconf 87' lang='lat' dir='ltr'>amplius</span> <span class='ocrx_word' id='word_1_595' title='bbox 3428 2331 3726 2403; x_wconf 88' lang='lat' dir='ltr'>quidquam</span> <span class='ocrx_word' id='word_1_596' title='bbox 3751 2327 3863 2395; x_wconf 81' lang='lat' dir='ltr'>ﬂagi-</span> 
     </span>
    </p>
   </div>
   <div class='ocr_carea' id='block_1_80' title="bbox 2219 2424 3069 2483">
    <p class='ocr_par' dir='ltr' id='par_1_80' title="bbox 2219 2424 3069 2483">
     <span class='ocr_line' id='line_1_80' title="bbox 2219 2424 3069 2483; baseline -0.008 0"><span class='ocrx_word' id='word_1_597' title='bbox 2219 2429 2457 2483; x_wconf 90' lang='lat' dir='ltr'>tandum</span> <span class='ocrx_word' id='word_1_598' title='bbox 2489 2427 2586 2481; x_wconf 89' lang='lat' dir='ltr'>abs</span> <span class='ocrx_word' id='word_1_599' title='bbox 2615 2432 2672 2480; x_wconf 88' lang='lat' dir='ltr'>te</span> <span class='ocrx_word' id='word_1_600' title='bbox 2703 2424 3069 2479; x_wconf 90' lang='lat' dir='ltr'>arbitremur.</span> 
     </span>
    </p>
   </div>
   <div class='ocr_carea' id='block_1_81' title="bbox 2294 2505 3861 2586">
    <p class='ocr_par' dir='ltr' id='par_1_81' title="bbox 2294 2505 3861 2586">
     <span class='ocr_line' id='line_1_81' title="bbox 2294 2505 3861 2586; baseline -0.009 -17"><span class='ocrx_word' id='word_1_601' title='bbox 2294 2518 2381 2571; x_wconf 81' lang='grc'>54.</span> <span class='ocrx_word' id='word_1_602' title='bbox 2413 2515 2642 2586; x_wconf 84' lang='lat' dir='ltr'>Accipio</span> <span class='ocrx_word' id='word_1_603' title='bbox 2672 2514 2803 2581; x_wconf 90' lang='lat' dir='ltr'>ista,</span> <span class='ocrx_word' id='word_1_604' title='bbox 2834 2512 3096 2582; x_wconf 87' lang='lat' dir='ltr'>inquam,</span> <span class='ocrx_word' id='word_1_605' title='bbox 3119 2510 3390 2564; x_wconf 90' lang='lat' dir='ltr'>libenter.</span> <span class='ocrx_word' id='word_1_606' title='bbox 3432 2509 3620 2578; x_wconf 88' lang='lat' dir='ltr'>Neque</span> <span class='ocrx_word' id='word_1_607' title='bbox 3645 2505 3777 2560; x_wconf 89' lang='lat' dir='ltr'>enim</span> <span class='ocrx_word' id='word_1_608' title='bbox 3797 2519 3861 2556; x_wconf 88' lang='lat' dir='ltr'>me</span> 
     </span>
    </p>
   </div>
   <div class='ocr_carea' id='block_1_82' title="bbox 2221 2590 3925 2672">
    <p class='ocr_par' dir='ltr' id='par_1_82' title="bbox 2221 2590 3925 2672">
     <span class='ocr_line' id='line_1_82' title="bbox 2221 2590 3925 2672; baseline -0.007 -13"><span class='ocrx_word' id='word_1_609' title='bbox 2221 2609 2340 2660; x_wconf 89' lang='lat' dir='ltr'>tam</span> <span class='ocrx_word' id='word_1_610' title='bbox 2377 2604 2550 2658; x_wconf 92' lang='lat' dir='ltr'>verba</span> <span class='ocrx_word' id='word_1_611' title='bbox 2579 2607 2700 2662; x_wconf 84' lang='lat' dir='ltr'>tua.</span> <span class='ocrx_word' id='word_1_612' title='bbox 2735 2617 2864 2672; x_wconf 65' lang='lat' dir='ltr'>qua:</span> <span class='ocrx_word' id='word_1_613' title='bbox 2911 2616 3043 2653; x_wconf 89' lang='lat' dir='ltr'>vera</span> <span class='ocrx_word' id='word_1_614' title='bbox 3073 2614 3188 2652; x_wconf 90' lang='lat' dir='ltr'>non</span> <span class='ocrx_word' id='word_1_615' title='bbox 3235 2601 3391 2662; x_wconf 90' lang='lat' dir='ltr'>sunt,</span> <span class='ocrx_word' id='word_1_616' title='bbox 3439 2611 3608 2666; x_wconf 88' lang='lat' dir='ltr'>quam</span> <span class='ocrx_word' id='word_1_617' title='bbox 3651 2608 3790 2647; x_wconf 84' lang='lat' dir='ltr'>verus</span> <span class='ocrx_word' id='word_1_618' title='bbox 3821 2590 3862 2642; x_wconf 87' lang='lat' dir='ltr'>in</span> <span class='ocrx_word' id='word_1_619' title='bbox 3915 2636 3925 2647; x_wconf 94' lang='lat'>.</span> 
     </span>
    </p>
   </div>
   <div class='ocr_carea' id='block_1_83' title="bbox 2220 2678 3860 2756">
    <p class='ocr_par' dir='ltr' id='par_1_83' title="bbox 2220 2678 3860 2756">
     <span class='ocr_line' id='line_1_83' title="bbox 2220 2678 3860 2756; baseline -0.009 -11"><span class='ocrx_word' id='word_1_620' title='bbox 2220 2692 2406 2745; x_wconf 89' lang='lat' dir='ltr'>verbis</span> <span class='ocrx_word' id='word_1_621' title='bbox 2434 2691 2660 2744; x_wconf 88' lang='lat' dir='ltr'>animus</span> <span class='ocrx_word' id='word_1_622' title='bbox 2691 2689 2934 2742; x_wconf 90' lang='lat' dir='ltr'>delectat</span> <span class='ocrx_word' id='word_1_623' title='bbox 2962 2692 3132 2756; x_wconf 90' lang='lat' dir='ltr'>atque</span> <span class='ocrx_word' id='word_1_624' title='bbox 3165 2686 3395 2740; x_wconf 88' lang='lat' dir='ltr'>excitat.</span> <span class='ocrx_word' id='word_1_625' title='bbox 3434 2685 3498 2738; x_wconf 85' lang='lat' dir='ltr'>Et</span> <span class='ocrx_word' id='word_1_626' title='bbox 3518 2684 3652 2737; x_wconf 87' lang='lat' dir='ltr'>bene</span> <span class='ocrx_word' id='word_1_627' title='bbox 3679 2679 3803 2752; x_wconf 91' lang='lat' dir='ltr'>quod</span> <span class='ocrx_word' id='word_1_628' title='bbox 3825 2678 3860 2730; x_wconf 86' lang='lat' dir='ltr'>ei</span> 
     </span>
    </p>
   </div>
   <div class='ocr_carea' id='block_1_84' title="bbox 2223 2766 3861 2844">
    <p class='ocr_par' dir='ltr' id='par_1_84' title="bbox 2223 2766 3861 2844">
     <span class='ocr_line' id='line_1_84' title="bbox 2223 2766 3861 2844; baseline -0.01 -10"><span class='ocrx_word' id='word_1_629' title='bbox 2223 2779 2452 2834; x_wconf 88' lang='lat' dir='ltr'>mittere</span> <span class='ocrx_word' id='word_1_630' title='bbox 2482 2778 2787 2832; x_wconf 89' lang='lat' dir='ltr'>statuimus</span> <span class='ocrx_word' id='word_1_631' title='bbox 2815 2777 2919 2830; x_wconf 89' lang='lat' dir='ltr'>has</span> <span class='ocrx_word' id='word_1_632' title='bbox 2952 2776 3188 2840; x_wconf 89' lang='lat' dir='ltr'>litteras,</span> <span class='ocrx_word' id='word_1_633' title='bbox 3222 2772 3322 2844; x_wconf 87' lang='lat' dir='ltr'>qui</span> <span class='ocrx_word' id='word_1_634' title='bbox 3356 2773 3428 2827; x_wconf 92' lang='lat' dir='ltr'>de</span> <span class='ocrx_word' id='word_1_635' title='bbox 3466 2772 3623 2825; x_wconf 90' lang='lat' dir='ltr'>nobis</span> <span class='ocrx_word' id='word_1_636' title='bbox 3657 2769 3775 2823; x_wconf 85' lang='lat' dir='ltr'>solet</span> <span class='ocrx_word' id='word_1_637' title='bbox 3809 2766 3861 2818; x_wconf 87' lang='lat' dir='ltr'>li-</span> 
     </span>
    </p>
   </div>
   <div class='ocr_carea' id='block_1_85' title="bbox 2219 2856 3856 2934">
    <p class='ocr_par' dir='ltr' id='par_1_85' title="bbox 2219 2856 3856 2934">
     <span class='ocr_line' id='line_1_85' title="bbox 2219 2856 3856 2934; baseline -0.009 -12"><span class='ocrx_word' id='word_1_638' title='bbox 2219 2867 2422 2922; x_wconf 90' lang='lat' dir='ltr'>benter</span> <span class='ocrx_word' id='word_1_639' title='bbox 2451 2867 2632 2920; x_wconf 89' lang='lat' dir='ltr'>multa</span> <span class='ocrx_word' id='word_1_640' title='bbox 2661 2864 2912 2920; x_wconf 83' lang='lat' dir='ltr'>mentiri.</span> <span class='ocrx_word' id='word_1_641' title='bbox 2948 2863 3005 2918; x_wconf 90' lang='lat' dir='ltr'>Si</span> <span class='ocrx_word' id='word_1_642' title='bbox 3036 2862 3136 2934; x_wconf 91' lang='lat' dir='ltr'>qui</span> <span class='ocrx_word' id='word_1_643' title='bbox 3165 2867 3360 2916; x_wconf 89' lang='lat' dir='ltr'>autem</span> <span class='ocrx_word' id='word_1_644' title='bbox 3379 2860 3477 2914; x_wconf 88' lang='lat' dir='ltr'>alii</span> <span class='ocrx_word' id='word_1_645' title='bbox 3503 2860 3720 2914; x_wconf 89' lang='lat' dir='ltr'>fortasse</span> <span class='ocrx_word' id='word_1_646' title='bbox 3743 2856 3856 2924; x_wconf 80' lang='lat' dir='ltr'>lege-</span> 
     </span>
    </p>
   </div>
   <div class='ocr_carea' id='block_1_86' title="bbox 2223 2940 3858 3024">
    <p class='ocr_par' dir='ltr' id='par_1_86' title="bbox 2223 2940 3858 3024">
     <span class='ocr_line' id='line_1_86' title="bbox 2223 2940 3858 3024; baseline -0.009 -15"><span class='ocrx_word' id='word_1_647' title='bbox 2223 2956 2356 3021; x_wconf 92' lang='lat' dir='ltr'>rint,</span> <span class='ocrx_word' id='word_1_648' title='bbox 2401 2969 2589 3024; x_wconf 90' lang='lat' dir='ltr'>neque</span> <span class='ocrx_word' id='word_1_649' title='bbox 2633 2953 2746 3006; x_wconf 55' lang='lat' dir='ltr'>hos‘</span> <span class='ocrx_word' id='word_1_650' title='bbox 2796 2964 3010 3019; x_wconf 87' lang='lat' dir='ltr'>metuo,</span> <span class='ocrx_word' id='word_1_651' title='bbox 3062 2967 3134 3004; x_wconf 92' lang='lat' dir='ltr'>ne</span> <span class='ocrx_word' id='word_1_652' title='bbox 3190 2949 3295 3003; x_wconf 85' lang='lat' dir='ltr'>tibi</span> <span class='ocrx_word' id='word_1_653' title='bbox 3347 2948 3714 3002; x_wconf 89' lang='lat' dir='ltr'>succenseant.</span> <span class='ocrx_word' id='word_1_654' title='bbox 3760 2940 3858 3005; x_wconf 82' lang='lat' dir='ltr'>Quis</span> 
     </span>
    </p>
   </div>
   <div class='ocr_carea' id='block_1_87' title="bbox 2223 3029 3854 3109">
    <p class='ocr_par' dir='ltr' id='par_1_87' title="bbox 2223 3029 3854 3109">
     <span class='ocr_line' id='line_1_87' title="bbox 2223 3029 3854 3109; baseline -0.009 -13"><span class='ocrx_word' id='word_1_655' title='bbox 2223 3043 2378 3097; x_wconf 89' lang='lat' dir='ltr'>enim</span> <span class='ocrx_word' id='word_1_656' title='bbox 2407 3041 2653 3095; x_wconf 90' lang='lat' dir='ltr'>amantis</span> <span class='ocrx_word' id='word_1_657' title='bbox 2691 3039 2873 3093; x_wconf 91' lang='lat' dir='ltr'>errori</span> <span class='ocrx_word' id='word_1_658' title='bbox 2922 3039 2982 3092; x_wconf 93' lang='lat' dir='ltr'>in</span> <span class='ocrx_word' id='word_1_659' title='bbox 3010 3037 3319 3109; x_wconf 86' lang='lat' dir='ltr'>judicando</span> <span class='ocrx_word' id='word_1_660' title='bbox 3349 3053 3470 3090; x_wconf 90' lang='lat' dir='ltr'>non</span> <span class='ocrx_word' id='word_1_661' title='bbox 3504 3029 3854 3089; x_wconf 87' lang='lat' dir='ltr'>benevolentis-</span> 
     </span>
    </p>
   </div>
   <div class='ocr_carea' id='block_1_88' title="bbox 2224 3117 3854 3198">
    <p class='ocr_par' dir='ltr' id='par_1_88' title="bbox 2224 3117 3854 3198">
     <span class='ocr_line' id='line_1_88' title="bbox 2224 3117 3854 3198; baseline -0.007 -18"><span class='ocrx_word' id='word_1_662' title='bbox 2224 3127 2366 3181; x_wconf 90' lang='lat' dir='ltr'>sime</span> <span class='ocrx_word' id='word_1_663' title='bbox 2398 3127 2673 3198; x_wconf 89' lang='lat' dir='ltr'>ignoscatl</span> <span class='ocrx_word' id='word_1_664' title='bbox 2704 3127 2868 3191; x_wconf 91' lang='lat' dir='ltr'>Quod</span> <span class='ocrx_word' id='word_1_665' title='bbox 2893 3132 3084 3181; x_wconf 89' lang='lat' dir='ltr'>autem</span> <span class='ocrx_word' id='word_1_666' title='bbox 3109 3125 3450 3196; x_wconf 60' lang='lat' dir='ltr'>Pythagorea</span> <span class='ocrx_word' id='word_1_667' title='bbox 3475 3123 3784 3178; x_wconf 87' lang='lat' dir='ltr'>mentionem</span> <span class='ocrx_word' id='word_1_668' title='bbox 3802 3117 3854 3170; x_wconf 81' lang='lat' dir='ltr'>fe-</span> 
     </span>
    </p>
   </div>
   <div class='ocr_carea' id='block_1_89' title="bbox 2225 3204 3854 3286">
    <p class='ocr_par' dir='ltr' id='par_1_89' title="bbox 2225 3204 3854 3286">
     <span class='ocr_line' id='line_1_89' title="bbox 2225 3204 3854 3286; baseline -0.008 -16"><span class='ocrx_word' id='word_1_669' title='bbox 2225 3215 2368 3279; x_wconf 92' lang='lat' dir='ltr'>cisti,</span> <span class='ocrx_word' id='word_1_670' title='bbox 2421 3215 2610 3269; x_wconf 90' lang='lat' dir='ltr'>nescio</span> <span class='ocrx_word' id='word_1_671' title='bbox 2659 3231 2772 3286; x_wconf 91' lang='lat' dir='ltr'>quo</span> <span class='ocrx_word' id='word_1_672' title='bbox 2819 3215 2919 3270; x_wconf 93' lang='lat' dir='ltr'>illo</span> <span class='ocrx_word' id='word_1_673' title='bbox 2969 3215 3161 3270; x_wconf 88' lang='lat' dir='ltr'>divino</span> <span class='ocrx_word' id='word_1_674' title='bbox 3206 3213 3409 3267; x_wconf 91' lang='lat' dir='ltr'>ordine</span> <span class='ocrx_word' id='word_1_675' title='bbox 3461 3211 3668 3266; x_wconf 90' lang='lat' dir='ltr'>occulto</span> <span class='ocrx_word' id='word_1_676' title='bbox 3701 3208 3782 3262; x_wconf 83' lang='lat' dir='ltr'>tibi</span> <span class='ocrx_word' id='word_1_677' title='bbox 3813 3204 3854 3257; x_wconf 87' lang='lat' dir='ltr'>in</span> 
     </span>
    </p>
   </div>
   <div class='ocr_carea' id='block_1_90' title="bbox 2225 3292 3855 3358">
    <p class='ocr_par' dir='ltr' id='par_1_90' title="bbox 2225 3292 3855 3358">
     <span class='ocr_line' id='line_1_90' title="bbox 2225 3292 3855 3358; baseline -0.007 -2"><span class='ocrx_word' id='word_1_678' title='bbox 2225 3309 2480 3357; x_wconf 88' lang='lat' dir='ltr'>mentem</span> <span class='ocrx_word' id='word_1_679' title='bbox 2523 3303 2744 3358; x_wconf 91' lang='lat' dir='ltr'>venisse</span> <span class='ocrx_word' id='word_1_680' title='bbox 2775 3303 2964 3358; x_wconf 89' lang='lat' dir='ltr'>credo.</span> <span class='ocrx_word' id='word_1_681' title='bbox 2997 3303 3107 3358; x_wconf 85' lang='lat' dir='ltr'>Res</span> <span class='ocrx_word' id='word_1_682' title='bbox 3132 3302 3284 3356; x_wconf 88' lang='lat' dir='ltr'>enim</span> <span class='ocrx_word' id='word_1_683' title='bbox 3319 3301 3568 3356; x_wconf 88' lang='lat' dir='ltr'>multum</span> <span class='ocrx_word' id='word_1_684' title='bbox 3604 3292 3855 3353; x_wconf 82' lang='lat' dir='ltr'>necessaria</span> 
     </span>
    </p>
   </div>
   <div class='ocr_carea' id='block_1_91' title="bbox 2226 3381 3856 3462">
    <p class='ocr_par' dir='ltr' id='par_1_91' title="bbox 2226 3381 3856 3462">
     <span class='ocr_line' id='line_1_91' title="bbox 2226 3381 3856 3462; baseline -0.008 -15"><span class='ocrx_word' id='word_1_685' title='bbox 2226 3392 2370 3447; x_wconf 91' lang='lat' dir='ltr'>mihi</span> <span class='ocrx_word' id='word_1_686' title='bbox 2399 3408 2635 3462; x_wconf 91' lang='lat' dir='ltr'>prorsus</span> <span class='ocrx_word' id='word_1_687' title='bbox 2663 3391 2970 3458; x_wconf 85' lang='lat' dir='ltr'>exciderat,</span> <span class='ocrx_word' id='word_1_688' title='bbox 3005 3407 3179 3462; x_wconf 90' lang='lat' dir='ltr'>quam</span> <span class='ocrx_word' id='word_1_689' title='bbox 3207 3392 3267 3444; x_wconf 90' lang='lat' dir='ltr'>in</span> <span class='ocrx_word' id='word_1_690' title='bbox 3299 3391 3403 3445; x_wconf 92' lang='lat' dir='ltr'>illo</span> <span class='ocrx_word' id='word_1_691' title='bbox 3434 3391 3554 3445; x_wconf 91' lang='lat' dir='ltr'>viro</span> <span class='ocrx_word' id='word_1_692' title='bbox 3583 3389 3643 3457; x_wconf 83' lang='lat' dir='ltr'>(si</span> <span class='ocrx_word' id='word_1_693' title='bbox 3666 3385 3778 3458; x_wconf 89' lang='lat' dir='ltr'>quid</span> <span class='ocrx_word' id='word_1_694' title='bbox 3797 3381 3856 3435; x_wconf 88' lang='lat' dir='ltr'>lit-</span> 
     </span>
    </p>
   </div>
   <div class='ocr_carea' id='block_1_92' title="bbox 2225 3473 3854 3550">
    <p class='ocr_par' dir='ltr' id='par_1_92' title="bbox 2225 3473 3854 3550">
     <span class='ocr_line' id='line_1_92' title="bbox 2225 3473 3854 3550; baseline -0.008 -16"><span class='ocrx_word' id='word_1_695' title='bbox 2225 3479 2364 3535; x_wconf 86' lang='lat' dir='ltr'>teris</span> <span class='ocrx_word' id='word_1_696' title='bbox 2376 3479 2668 3534; x_wconf 60' lang='lat' dir='ltr'>memoria!</span> <span class='ocrx_word' id='word_1_697' title='bbox 2693 3479 2978 3533; x_wconf 89' lang='lat' dir='ltr'>mandatis</span> <span class='ocrx_word' id='word_1_698' title='bbox 3001 3480 3348 3533; x_wconf 91' lang='lat' dir='ltr'>credendum</span> <span class='ocrx_word' id='word_1_699' title='bbox 3370 3483 3482 3546; x_wconf 88' lang='lat' dir='ltr'>est;</span> <span class='ocrx_word' id='word_1_700' title='bbox 3503 3476 3738 3550; x_wconf 84' lang='lat' dir='ltr'>quamvis</span> <span class='ocrx_word' id='word_1_701' title='bbox 3757 3473 3854 3523; x_wconf 76' lang='lat' dir='ltr'>Var-</span> 
     </span>
    </p>
   </div>
   <div class='ocr_carea' id='block_1_93' title="bbox 2227 3559 3851 3639">
    <p class='ocr_par' dir='ltr' id='par_1_93' title="bbox 2227 3559 3851 3639">
     <span class='ocr_line' id='line_1_93' title="bbox 2227 3559 3851 3639; baseline -0.007 -16"><span class='ocrx_word' id='word_1_702' title='bbox 2227 3569 2355 3623; x_wconf 91' lang='lat' dir='ltr'>roni</span> <span class='ocrx_word' id='word_1_703' title='bbox 2391 3568 2519 3639; x_wconf 87' lang='lat' dir='ltr'>quis</span> <span class='ocrx_word' id='word_1_704' title='bbox 2567 3584 2682 3623; x_wconf 91' lang='lat' dir='ltr'>non</span> <span class='ocrx_word' id='word_1_705' title='bbox 2724 3569 2948 3624; x_wconf 81' lang='lat' dir='ltr'>credat?</span> <span class='ocrx_word' id='word_1_706' title='bbox 3000 3568 3199 3622; x_wconf 90' lang='lat' dir='ltr'>mirari</span> <span class='ocrx_word' id='word_1_707' title='bbox 3250 3572 3302 3622; x_wconf 90' lang='lat' dir='ltr'>el</span> <span class='ocrx_word' id='word_1_708' title='bbox 3334 3584 3489 3638; x_wconf 91' lang='lat' dir='ltr'>pene</span> <span class='ocrx_word' id='word_1_709' title='bbox 3545 3559 3851 3638; x_wconf 85' lang='lat' dir='ltr'>quotidianis,</span> 
     </span>
    </p>
   </div>
   <div class='ocr_carea' id='block_1_94' title="bbox 2227 3652 3854 3727">
    <p class='ocr_par' dir='ltr' id='par_1_94' title="bbox 2227 3652 3854 3727">
     <span class='ocr_line' id='line_1_94' title="bbox 2227 3652 3854 3727; baseline -0.006 -15"><span class='ocrx_word' id='word_1_710' title='bbox 2227 3664 2294 3713; x_wconf 90' lang='lat' dir='ltr'>ut</span> <span class='ocrx_word' id='word_1_711' title='bbox 2345 3657 2470 3722; x_wconf 90' lang='lat' dir='ltr'>scis,</span> <span class='ocrx_word' id='word_1_712' title='bbox 2541 3657 2743 3711; x_wconf 81' lang='lat' dir='ltr'>efferre</span> <span class='ocrx_word' id='word_1_713' title='bbox 2801 3656 3067 3711; x_wconf 91' lang='lat' dir='ltr'>laudibus</span> <span class='ocrx_word' id='word_1_714' title='bbox 3113 3658 3268 3711; x_wconf 92' lang='lat' dir='ltr'>soleo</span> <span class='ocrx_word' id='word_1_715' title='bbox 3346 3658 3556 3727; x_wconf 60' lang='lat' dir='ltr'>(Ibid).</span> <span class='ocrx_word' id='word_1_716' title='bbox 3610 3652 3743 3725; x_wconf 89' lang='lat' dir='ltr'>quod</span> <span class='ocrx_word' id='word_1_717' title='bbox 3787 3663 3854 3702; x_wconf 83' lang='lat' dir='ltr'>re-</span> 
     </span>
    </p>
   </div>
   <div class='ocr_carea' id='block_1_95' title="bbox 2230 3734 3852 3818">
    <p class='ocr_par' dir='ltr' id='par_1_95' title="bbox 2230 3734 3852 3818">
     <span class='ocr_line' id='line_1_95' title="bbox 2230 3734 3852 3818; baseline -0.007 -18"><span class='ocrx_word' id='word_1_718' title='bbox 2230 3747 2432 3818; x_wconf 72' lang='lat' dir='ltr'>gendae</span> <span class='ocrx_word' id='word_1_719' title='bbox 2464 3745 2794 3816; x_wconf 82' lang='lat' dir='ltr'>reipublicae</span> <span class='ocrx_word' id='word_1_720' title='bbox 2822 3746 3182 3816; x_wconf 90' lang='lat' dir='ltr'>disciplinam</span> <span class='ocrx_word' id='word_1_721' title='bbox 3239 3745 3356 3799; x_wconf 91' lang='lat' dir='ltr'>suis</span> <span class='ocrx_word' id='word_1_722' title='bbox 3401 3743 3733 3800; x_wconf 88' lang='lat' dir='ltr'>auditoribus</span> <span class='ocrx_word' id='word_1_723' title='bbox 3763 3734 3852 3791; x_wconf 88' lang='lat' dir='ltr'>ulti-</span> 
     </span>
    </p>
   </div>
   <div class='ocr_carea' id='block_1_96' title="bbox 2229 3831 3852 3905">
    <p class='ocr_par' dir='ltr' id='par_1_96' title="bbox 2229 3831 3852 3905">
     <span class='ocr_line' id='line_1_96' title="bbox 2229 3831 3852 3905; baseline -0.006 -15"><span class='ocrx_word' id='word_1_724' title='bbox 2229 3851 2383 3890; x_wconf 87' lang='lat' dir='ltr'>mam</span> <span class='ocrx_word' id='word_1_725' title='bbox 2426 3835 2686 3888; x_wconf 88' lang='lat' dir='ltr'>tradebat</span> <span class='ocrx_word' id='word_1_726' title='bbox 2729 3835 2852 3905; x_wconf 90' lang='lat' dir='ltr'>jam</span> <span class='ocrx_word' id='word_1_727' title='bbox 2900 3833 3096 3901; x_wconf 90' lang='lat' dir='ltr'>doctis,</span> <span class='ocrx_word' id='word_1_728' title='bbox 3147 3834 3267 3904; x_wconf 91' lang='lat' dir='ltr'>jam</span> <span class='ocrx_word' id='word_1_729' title='bbox 3324 3834 3608 3904; x_wconf 88' lang='lat' dir='ltr'>perfectis,</span> <span class='ocrx_word' id='word_1_730' title='bbox 3655 3831 3756 3900; x_wconf 88' lang='lat' dir='ltr'>jam</span> <span class='ocrx_word' id='word_1_731' title='bbox 3790 3840 3852 3876; x_wconf 80' lang='lat' dir='ltr'>sa-</span> 
     </span>
    </p>
   </div>
   <div class='ocr_carea' id='block_1_97' title="bbox 2229 3912 3851 3994">
    <p class='ocr_par' dir='ltr' id='par_1_97' title="bbox 2229 3912 3851 3994">
     <span class='ocr_line' id='line_1_97' title="bbox 2229 3912 3851 3994; baseline -0.006 -18"><span class='ocrx_word' id='word_1_732' title='bbox 2229 3923 2535 3994; x_wconf 88' lang='lat' dir='ltr'>pientibus,</span> <span class='ocrx_word' id='word_1_733' title='bbox 2576 3923 2698 3993; x_wconf 88' lang='lat' dir='ltr'>jam</span> <span class='ocrx_word' id='word_1_734' title='bbox 2741 3923 2944 3976; x_wconf 88' lang='lat' dir='ltr'>beatis.</span> <span class='ocrx_word' id='word_1_735' title='bbox 2984 3923 3190 3976; x_wconf 91' lang='lat' dir='ltr'>Tantos</span> <span class='ocrx_word' id='word_1_736' title='bbox 3232 3922 3312 3976; x_wconf 91' lang='lat' dir='ltr'>ibi</span> <span class='ocrx_word' id='word_1_737' title='bbox 3345 3923 3504 3976; x_wconf 91' lang='lat' dir='ltr'>enim</span> <span class='ocrx_word' id='word_1_738' title='bbox 3534 3922 3720 3976; x_wconf 89' lang='lat' dir='ltr'>ﬂuctus</span> <span class='ocrx_word' id='word_1_739' title='bbox 3741 3912 3851 3966; x_wconf 82' lang='lat' dir='ltr'>vide-</span> 
     </span>
    </p>
   </div>
   <div class='ocr_carea' id='block_1_98' title="bbox 2227 4004 3853 4081">
    <p class='ocr_par' dir='ltr' id='par_1_98' title="bbox 2227 4004 3853 4081">
     <span class='ocr_line' id='line_1_98' title="bbox 2227 4004 3853 4081; baseline -0.008 -15"><span class='ocrx_word' id='word_1_740' title='bbox 2227 4013 2346 4077; x_wconf 88' lang='lat' dir='ltr'>bat,</span> <span class='ocrx_word' id='word_1_741' title='bbox 2373 4016 2437 4065; x_wconf 92' lang='lat' dir='ltr'>ut</span> <span class='ocrx_word' id='word_1_742' title='bbox 2457 4011 2536 4066; x_wconf 90' lang='lat' dir='ltr'>eis</span> <span class='ocrx_word' id='word_1_743' title='bbox 2569 4012 2748 4065; x_wconf 90' lang='lat' dir='ltr'>nollet</span> <span class='ocrx_word' id='word_1_744' title='bbox 2777 4011 3136 4065; x_wconf 88' lang='lat' dir='ltr'>committere</span> <span class='ocrx_word' id='word_1_745' title='bbox 3167 4010 3278 4064; x_wconf 93' lang='lat' dir='ltr'>nisi</span> <span class='ocrx_word' id='word_1_746' title='bbox 3306 4011 3498 4066; x_wconf 89' lang='lat' dir='ltr'>virum</span> <span class='ocrx_word' id='word_1_747' title='bbox 3527 4009 3620 4081; x_wconf 90' lang='lat' dir='ltr'>qui</span> <span class='ocrx_word' id='word_1_748' title='bbox 3647 4013 3697 4061; x_wconf 91' lang='lat' dir='ltr'>et</span> <span class='ocrx_word' id='word_1_749' title='bbox 3721 4004 3766 4057; x_wconf 87' lang='lat' dir='ltr'>in</span> <span class='ocrx_word' id='word_1_750' title='bbox 3787 4017 3853 4053; x_wconf 73' lang='lat' dir='ltr'>re-</span> 
     </span>
    </p>
   </div>
   <div class='ocr_carea' id='block_1_99' title="bbox 2230 4085 3854 4170">
    <p class='ocr_par' dir='ltr' id='par_1_99' title="bbox 2230 4085 3854 4170">
     <span class='ocr_line' id='line_1_99' title="bbox 2230 4085 3854 4170; baseline -0.008 -16"><span class='ocrx_word' id='word_1_751' title='bbox 2230 4100 2417 4170; x_wconf 88' lang='lat' dir='ltr'>gendo</span> <span class='ocrx_word' id='word_1_752' title='bbox 2447 4115 2594 4170; x_wconf 89' lang='lat' dir='ltr'>pene</span> <span class='ocrx_word' id='word_1_753' title='bbox 2619 4099 2809 4154; x_wconf 86' lang='lat' dir='ltr'>divine</span> <span class='ocrx_word' id='word_1_754' title='bbox 2841 4100 3100 4169; x_wconf 88' lang='lat' dir='ltr'>scopulos</span> <span class='ocrx_word' id='word_1_755' title='bbox 3139 4085 3395 4165; x_wconf 88' lang='lat' dir='ltr'>evitaret,</span> <span class='ocrx_word' id='word_1_756' title='bbox 3430 4105 3504 4161; x_wconf 83' lang='lat' dir='ltr'>et,</span> <span class='ocrx_word' id='word_1_757' title='bbox 3537 4098 3582 4152; x_wconf 91' lang='lat' dir='ltr'>si</span> <span class='ocrx_word' id='word_1_758' title='bbox 3609 4093 3772 4150; x_wconf 87' lang='lat' dir='ltr'>omnia</span> <span class='ocrx_word' id='word_1_759' title='bbox 3792 4087 3854 4141; x_wconf 79' lang='lat' dir='ltr'>do-</span> 
     </span>
    </p>
   </div>
   <div class='ocr_carea' id='block_1_100' title="bbox 2229 4177 3853 4259">
    <p class='ocr_par' dir='ltr' id='par_1_100' title="bbox 2229 4177 3853 4259">
     <span class='ocr_line' id='line_1_100' title="bbox 2229 4177 3853 4259; baseline -0.008 -16"><span class='ocrx_word' id='word_1_760' title='bbox 2229 4189 2512 4257; x_wconf 85' lang='lat' dir='ltr'>fecissent,</span> <span class='ocrx_word' id='word_1_761' title='bbox 2536 4189 2656 4259; x_wconf 92' lang='lat' dir='ltr'>ipse</span> <span class='ocrx_word' id='word_1_762' title='bbox 2697 4189 2810 4242; x_wconf 92' lang='lat' dir='ltr'>illis</span> <span class='ocrx_word' id='word_1_763' title='bbox 2831 4188 3096 4242; x_wconf 87' lang='lat' dir='ltr'>ﬂuctibus</span> <span class='ocrx_word' id='word_1_764' title='bbox 3124 4188 3290 4258; x_wconf 90' lang='lat' dir='ltr'>quasi</span> <span class='ocrx_word' id='word_1_765' title='bbox 3334 4189 3598 4258; x_wconf 91' lang='lat' dir='ltr'>scopulus</span> <span class='ocrx_word' id='word_1_766' title='bbox 3626 4185 3776 4239; x_wconf 83' lang='lat' dir='ltr'>ﬁeret.</span> <span class='ocrx_word' id='word_1_767' title='bbox 3800 4177 3853 4230; x_wconf 78' lang='lat' dir='ltr'>De</span> 
     </span>
    </p>
   </div>
   <div class='ocr_carea' id='block_1_101' title="bbox 2230 4277 3524 4348">
    <p class='ocr_par' dir='ltr' id='par_1_101' title="bbox 2230 4277 3524 4348">
     <span class='ocr_line' id='line_1_101' title="bbox 2230 4277 3524 4348; baseline -0.002 -16"><span class='ocrx_word' id='word_1_768' title='bbox 2230 4279 2349 4332; x_wconf 90' lang='lat' dir='ltr'>solo</span> <span class='ocrx_word' id='word_1_769' title='bbox 2379 4277 2536 4332; x_wconf 87' lang='lat' dir='ltr'>enim</span> <span class='ocrx_word' id='word_1_770' title='bbox 2571 4277 2826 4348; x_wconf 86' lang='lat' dir='ltr'>sapiente</span> <span class='ocrx_word' id='word_1_771' title='bbox 2857 4277 3150 4331; x_wconf 90' lang='lat' dir='ltr'>verissime</span> <span class='ocrx_word' id='word_1_772' title='bbox 3181 4277 3292 4330; x_wconf 92' lang='lat' dir='ltr'>dici</span> <span class='ocrx_word' id='word_1_773' title='bbox 3315 4281 3524 4348; x_wconf 86' lang='lat' dir='ltr'>potest,</span> 
     </span>
    </p>
   </div>
   <div class='ocr_carea' id='block_1_102' title="bbox 2373 4364 3638 4437">
    <p class='ocr_par' dir='ltr' id='par_1_102' title="bbox 2373 4364 3638 4437">
     <span class='ocr_line' id='line_1_102' title="bbox 2373 4364 3638 4437; baseline -0.002 -16"><span class='ocrx_word' id='word_1_774' title='bbox 2373 4368 2475 4421; x_wconf 88' lang='lat' dir='ltr'>Ille</span> <span class='ocrx_word' id='word_1_775' title='bbox 2503 4369 2658 4420; x_wconf 90' lang='lat' dir='ltr'>velut</span> <span class='ocrx_word' id='word_1_776' title='bbox 2687 4366 2876 4437; x_wconf 84' lang='lat' dir='ltr'>pelagi</span> <span class='ocrx_word' id='word_1_777' title='bbox 2906 4381 3078 4435; x_wconf 91' lang='lat' dir='ltr'>rupes</span> <span class='ocrx_word' id='word_1_778' title='bbox 3107 4365 3370 4430; x_wconf 89' lang='lat' dir='ltr'>immota,</span> <span class='ocrx_word' id='word_1_779' title='bbox 3406 4364 3638 4429; x_wconf 89' lang='lat' dir='ltr'>resistit;</span> 
     </span>
    </p>
   </div>
   <div class='ocr_carea' id='block_1_103' title="bbox 2232 4441 3854 4526">
    <p class='ocr_par' dir='ltr' id='par_1_103' title="bbox 2232 4441 3854 4526">
     <span class='ocr_line' id='line_1_103' title="bbox 2232 4441 3854 4526; baseline -0.007 -17"><span class='ocrx_word' id='word_1_780' title='bbox 2232 4460 2287 4509; x_wconf 92' lang='lat' dir='ltr'>et</span> <span class='ocrx_word' id='word_1_781' title='bbox 2311 4460 2514 4509; x_wconf 67' lang='lat' dir='ltr'>caetera</span> <span class='ocrx_word' id='word_1_782' title='bbox 2544 4471 2671 4526; x_wconf 71' lang='lat' dir='ltr'>quae</span> <span class='ocrx_word' id='word_1_783' title='bbox 2701 4454 3006 4508; x_wconf 91' lang='lat' dir='ltr'>luculentis</span> <span class='ocrx_word' id='word_1_784' title='bbox 3038 4454 3099 4507; x_wconf 92' lang='lat' dir='ltr'>in</span> <span class='ocrx_word' id='word_1_785' title='bbox 3127 4455 3274 4507; x_wconf 90' lang='lat' dir='ltr'>hanc</span> <span class='ocrx_word' id='word_1_786' title='bbox 3305 4453 3634 4507; x_wconf 86' lang='lat' dir='ltr'>sententiam</span> <span class='ocrx_word' id='word_1_787' title='bbox 3662 4441 3854 4526; x_wconf 69' lang='lat' dir='ltr'>versibus</span> 
     </span>
    </p>
   </div>
   <div class='ocr_carea' id='block_1_104' title="bbox 2235 4525 3854 4620">
    <p class='ocr_par' dir='ltr' id='par_1_104' title="bbox 2235 4525 3854 4620">
     <span class='ocr_line' id='line_1_104' title="bbox 2235 4525 3854 4620; baseline -0.01 -22"><span class='ocrx_word' id='word_1_788' title='bbox 2235 4545 2386 4598; x_wconf 92' lang='lat' dir='ltr'>dicta</span> <span class='ocrx_word' id='word_1_789' title='bbox 2424 4525 2574 4597; x_wconf 70' lang='lat' dir='ltr'>sunt</span> <span class='ocrx_word' id='word_1_790' title='bbox 2605 4543 2856 4620; x_wconf 48' lang='lat' dir='ltr'>(Eneti,</span> <span class='ocrx_word' id='word_1_791' title='bbox 2891 4543 2984 4597; x_wconf 82' lang='lat' dir='ltr'>lib.</span> <span class='ocrx_word' id='word_1_792' title='bbox 3043 4546 3098 4608; x_wconf 87' lang='lat'>7,</span> <span class='ocrx_word' id='word_1_793' title='bbox 3129 4557 3268 4595; x_wconf 73' lang='lat' dir='ltr'>vers.</span> <span class='ocrx_word' id='word_1_794' title='bbox 3326 4541 3602 4605; x_wconf 79' lang='lat'>585-589).</span> <span class='ocrx_word' id='word_1_795' title='bbox 3644 4535 3726 4591; x_wconf 84' lang='lat' dir='ltr'>Hic</span> <span class='ocrx_word' id='word_1_796' title='bbox 3762 4525 3854 4583; x_wconf 85' lang='lat' dir='ltr'>ﬁnis</span> 
     </span>
    </p>
   </div>
   <div class='ocr_carea' id='block_1_105' title="bbox 2238 4620 3855 4701">
    <p class='ocr_par' dir='ltr' id='par_1_105' title="bbox 2238 4620 3855 4701">
     <span class='ocr_line' id='line_1_105' title="bbox 2238 4620 3855 4701; baseline -0.011 -14"><span class='ocrx_word' id='word_1_797' title='bbox 2238 4632 2643 4701; x_wconf 87' lang='lat' dir='ltr'>disputationis</span> <span class='ocrx_word' id='word_1_798' title='bbox 2672 4631 2853 4685; x_wconf 89' lang='lat' dir='ltr'>factus</span> <span class='ocrx_word' id='word_1_799' title='bbox 2877 4635 2981 4697; x_wconf 90' lang='lat' dir='ltr'>est,</span> <span class='ocrx_word' id='word_1_800' title='bbox 3014 4629 3274 4700; x_wconf 61' lang='lat' dir='ltr'>lmtisque</span> <span class='ocrx_word' id='word_1_801' title='bbox 3305 4630 3568 4683; x_wconf 89' lang='lat' dir='ltr'>omnibus</span> <span class='ocrx_word' id='word_1_802' title='bbox 3597 4630 3646 4680; x_wconf 87' lang='lat' dir='ltr'>et</span> <span class='ocrx_word' id='word_1_803' title='bbox 3668 4620 3855 4676; x_wconf 84' lang='lat' dir='ltr'>multum</span> 
     </span>
    </p>
   </div>
   <div class='ocr_carea' id='block_1_106' title="bbox 2235 4709 3854 4790">
    <p class='ocr_par' dir='ltr' id='par_1_106' title="bbox 2235 4709 3854 4790">
     <span class='ocr_line' id='line_1_106' title="bbox 2235 4709 3854 4790; baseline -0.008 -17"><span class='ocrx_word' id='word_1_804' title='bbox 2235 4719 2598 4790; x_wconf 90' lang='lat' dir='ltr'>sperantibus</span> <span class='ocrx_word' id='word_1_805' title='bbox 2625 4735 2950 4773; x_wconf 89' lang='lat' dir='ltr'>consessum</span> <span class='ocrx_word' id='word_1_806' title='bbox 2992 4718 3333 4782; x_wconf 88' lang='lat' dir='ltr'>dimisimus,</span> <span class='ocrx_word' id='word_1_807' title='bbox 3366 4733 3496 4772; x_wconf 90' lang='lat' dir='ltr'>cum</span> <span class='ocrx_word' id='word_1_808' title='bbox 3537 4716 3648 4787; x_wconf 84' lang='lat' dir='ltr'>jam</span> <span class='ocrx_word' id='word_1_809' title='bbox 3684 4709 3854 4764; x_wconf 80' lang='lat' dir='ltr'>noctur-</span> 
     </span>
    </p>
   </div>
   <div class='ocr_carea' id='block_1_107' title="bbox 2238 4807 3112 4862">
    <p class='ocr_par' dir='ltr' id='par_1_107' title="bbox 2238 4807 3112 4862">
     <span class='ocr_line' id='line_1_107' title="bbox 2238 4807 3112 4862; baseline -0.002 0"><span class='ocrx_word' id='word_1_810' title='bbox 2238 4824 2380 4862; x_wconf 91' lang='lat' dir='ltr'>num</span> <span class='ocrx_word' id='word_1_811' title='bbox 2408 4808 2608 4862; x_wconf 90' lang='lat' dir='ltr'>lumen</span> <span class='ocrx_word' id='word_1_812' title='bbox 2637 4808 2836 4862; x_wconf 91' lang='lat' dir='ltr'>fuisset</span> <span class='ocrx_word' id='word_1_813' title='bbox 2865 4807 3112 4862; x_wconf 90' lang='lat' dir='ltr'>illatum.</span> 
     </span>
    </p>
   </div>
   <div class='ocr_carea' id='block_1_108' title="bbox 2236 4898 3855 5025">
    <p class='ocr_par' dir='ltr' id='par_1_108' title="bbox 2236 4898 3855 5025">
     <span class='ocr_line' id='line_1_108' title="bbox 2236 4898 3855 5025; baseline -0.025 -43"><span class='ocrx_word' id='word_1_814' title='bbox 2236 4915 2314 5025; x_wconf 58' lang='lat' dir='ltr'>es;</span> <span class='ocrx_word' id='word_1_815' title='bbox 2438 4927 2449 4960; x_wconf 74' lang='grc' dir='ltr'>ε</span> <span class='ocrx_word' id='word_1_816' title='bbox 2477 4913 2611 4971; x_wconf 76' lang='lat' dir='ltr'>Quid</span> <span class='ocrx_word' id='word_1_817' title='bbox 2629 4915 2765 4963; x_wconf 74' lang='lat' dir='ltr'>enim</span> <span class='ocrx_word' id='word_1_818' title='bbox 2788 4912 2931 4962; x_wconf 77' lang='lat' dir='ltr'>nobis</span> <span class='ocrx_word' id='word_1_819' title='bbox 2945 4924 3054 4962; x_wconf 76' lang='lat' dir='ltr'>non</span> <span class='ocrx_word' id='word_1_820' title='bbox 3077 4909 3252 4962; x_wconf 79' lang='lat' dir='ltr'>deilla</span> <span class='ocrx_word' id='word_1_821' title='bbox 3269 4907 3605 4962; x_wconf 66' lang='lat' dir='ltr'>venerabili...</span> <span class='ocrx_word' id='word_1_822' title='bbox 3625 4898 3855 4956; x_wconf 70' lang='lat' dir='ltr'>reserat-ta</span> 
     </span>
    </p>
   </div>
   <div class='ocr_carea' id='block_1_109' title="bbox 439 5093 3843 5125">
    <p class='ocr_par' dir='ltr' id='par_1_109' title="bbox 439 5093 3843 5125">
     <span class='ocr_line' id='line_1_109' title="bbox 439 5093 3843 5125; baseline -0.005 -8"><span class='ocrx_word' id='word_1_823' title='bbox 439 5093 3843 5125; x_wconf 76' lang='lat'>_____________________________________________________.—</span> 
     </span>
    </p>
   </div>
   <div class='ocr_carea' id='block_1_110' title="bbox 1150 5220 3205 5302">
    <p class='ocr_par' dir='ltr' id='par_1_110' title="bbox 1150 5220 3205 5302">
     <span class='ocr_line' id='line_1_110' title="bbox 1150 5220 3205 5302; baseline 0.002 -19"><span class='ocrx_word' id='word_1_824' title='bbox 1150 5220 1256 5284; x_wconf 92' lang='lat' dir='ltr'>DE</span> <span class='ocrx_word' id='word_1_825' title='bbox 1306 5220 1718 5298; x_wconf 88' lang='lat' dir='ltr'>SEQUENTE</span> <span class='ocrx_word' id='word_1_826' title='bbox 1770 5222 2004 5288; x_wconf 83' lang='lat' dir='ltr'>LIBRO</span> <span class='ocrx_word' id='word_1_827' title='bbox 2052 5224 2158 5289; x_wconf 92' lang='lat' dir='ltr'>DE</span> <span class='ocrx_word' id='word_1_828' title='bbox 2204 5223 2479 5292; x_wconf 68' lang='lat' dir='ltr'><strong>ANIMIE</strong></span> <span class='ocrx_word' id='word_1_829' title='bbox 2526 5221 3205 5302; x_wconf 79' lang='lat' dir='ltr'>IMMORTALITATE,</span> 
     </span>
    </p>
   </div>
   <div class='ocr_carea' id='block_1_111' title="bbox 539 5361 3850 5456">
    <p class='ocr_par' dir='ltr' id='par_1_111' title="bbox 539 5361 3850 5456">
     <span class='ocr_line' id='line_1_111' title="bbox 539 5361 3850 5456; baseline -0.002 -26"><span class='ocrx_word' id='word_1_830' title='bbox 539 5361 694 5430; x_wconf 78' lang='lat' dir='ltr'>Vide</span> <span class='ocrx_word' id='word_1_831' title='bbox 735 5363 980 5431; x_wconf 74' lang='lat' dir='ltr'>librum</span> <span class='ocrx_word' id='word_1_832' title='bbox 1023 5372 1085 5447; x_wconf 84' lang='grc'><strong>1,</strong></span> <span class='ocrx_word' id='word_1_833' title='bbox 1138 5387 1284 5456; x_wconf 83' lang='lat' dir='ltr'>cap.</span> <span class='ocrx_word' id='word_1_834' title='bbox 1323 5375 1386 5448; x_wconf 85' lang='lat'>5,</span> <span class='ocrx_word' id='word_1_835' title='bbox 1434 5369 2031 5449; x_wconf 84' lang='lat' dir='ltr'>Retractationum,</span> <span class='ocrx_word' id='word_1_836' title='bbox 2064 5371 2187 5439; x_wconf 87' lang='lat' dir='ltr'>col.</span> <span class='ocrx_word' id='word_1_837' title='bbox 2219 5376 2536 5455; x_wconf 72' lang='lat'>590-591,</span> <span class='ocrx_word' id='word_1_838' title='bbox 2581 5397 2624 5440; x_wconf 90' lang='lat' dir='ltr'>a</span> <span class='ocrx_word' id='word_1_839' title='bbox 2660 5373 2896 5454; x_wconf 74' lang='lat' dir='ltr'>verbis,</span> <span class='ocrx_word' id='word_1_840' title='bbox 2928 5374 3089 5440; x_wconf 90' lang='lat' dir='ltr'>Post</span> <span class='ocrx_word' id='word_1_841' title='bbox 3125 5375 3334 5440; x_wconf 88' lang='lat' dir='ltr'>libros</span> <span class='ocrx_word' id='word_1_842' title='bbox 3373 5367 3850 5451; x_wconf 70' lang='lat' dir='ltr'>Soliloquiroum.</span> 
     </span>
    </p>
   </div>
   <div class='ocr_carea' id='block_1_112' title="bbox 434 5460 2960 5553">
    <p class='ocr_par' dir='ltr' id='par_1_112' title="bbox 434 5460 2960 5553">
     <span class='ocr_line' id='line_1_112' title="bbox 434 5460 2960 5553; baseline 0.004 -27"><span class='ocrx_word' id='word_1_843' title='bbox 434 5481 500 5526; x_wconf 77' lang='grc' dir='ltr'><strong>η.</strong></span> <span class='ocrx_word' id='word_1_844' title='bbox 541 5468 602 5540; x_wconf 80' lang='grc'><strong>1,</strong></span> <span class='ocrx_word' id='word_1_845' title='bbox 637 5483 842 5550; x_wconf 84' lang='lat' dir='ltr'>usque</span> <span class='ocrx_word' id='word_1_846' title='bbox 869 5460 962 5528; x_wconf 86' lang='lat' dir='ltr'>ad</span> <span class='ocrx_word' id='word_1_847' title='bbox 984 5462 1182 5529; x_wconf 74' lang='lat' dir='ltr'>verba</span> <span class='ocrx_word' id='word_1_848' title='bbox 1220 5487 1286 5530; x_wconf 86' lang='grc' dir='ltr'><strong>η.</strong></span> <span class='ocrx_word' id='word_1_849' title='bbox 1325 5472 1386 5529; x_wconf 92' lang='grc'><strong>3.</strong></span> <span class='ocrx_word' id='word_1_850' title='bbox 1424 5466 1684 5531; x_wconf 86' lang='lat' dir='ltr'>Alicubi</span> <span class='ocrx_word' id='word_1_851' title='bbox 1725 5475 1828 5534; x_wconf 90' lang='lat' dir='ltr'>est</span> <span class='ocrx_word' id='word_1_852' title='bbox 1865 5471 2239 5553; x_wconf 90' lang='lat' dir='ltr'>disciplina.</span> <span class='ocrx_word' id='word_1_853' title='bbox 2897 5471 2960 5535; x_wconf 93' lang='lat' dir='ltr'>M</span> 
     </span>
    </p>
   </div>
  </div>
