  <div class='ocr_page' id='page_1' title='image "/cluster/home/n/w/nwhite01/storage/ocr_20150623/32/hvd.32044096580550/530.png"; bbox 0 0 3996 6170; ppageno 0'>
   <div class='ocr_carea' id='block_1_1' title="bbox 1100 267 2851 446">
    <p class='ocr_par' dir='ltr' id='par_1_1' title="bbox 1100 267 2851 446">
     <span class='ocr_line' id='line_1_1' title="bbox 1100 267 2851 446; baseline 0.001 -4"><span class='ocrx_word' id='word_1_1' title='bbox 1100 267 1239 442; x_wconf 62' lang='grc' dir='ltr'>εξ</span> <span class='ocrx_word' id='word_1_2' title='bbox 1289 339 1937 444; x_wconf 82' lang='lat' dir='ltr'>AURELII</span> <span class='ocrx_word' id='word_1_3' title='bbox 2017 340 2851 446; x_wconf 88' lang='lat' dir='ltr'>AUGUSTINI</span> 
     </span>
    </p>
   </div>
   <div class='ocr_carea' id='block_1_2' title="bbox 1522 514 2427 565">
    <p class='ocr_par' dir='ltr' id='par_1_2' title="bbox 1522 514 2427 565">
     <span class='ocr_line' id='line_1_2' title="bbox 1522 514 2427 565; baseline 0.001 -3"><span class='ocrx_word' id='word_1_4' title='bbox 1522 514 2035 565; x_wconf 81' lang='lat' dir='ltr'>IlIPPONENSIS</span> <span class='ocrx_word' id='word_1_5' title='bbox 2070 515 2427 565; x_wconf 89' lang='lat' dir='ltr'>EPISCOPI</span> 
     </span>
    </p>
   </div>
   <div class='ocr_carea' id='block_1_3' title="bbox 326 646 3615 809">
    <p class='ocr_par' dir='ltr' id='par_1_3' title="bbox 326 646 3615 809">
     <span class='ocr_line' id='line_1_3' title="bbox 326 646 3615 809; baseline -0.001 0"><span class='ocrx_word' id='word_1_6' title='bbox 326 650 625 809; x_wconf 88' lang='lat' dir='ltr'><strong>DE</strong></span> <span class='ocrx_word' id='word_1_7' title='bbox 729 646 2703 809; x_wconf 78' lang='lat' dir='ltr'>IMMORTALITATE</span> <span class='ocrx_word' id='word_1_8' title='bbox 2806 650 3615 808; x_wconf 57' lang='lat' dir='ltr'>ANIMfE</span> 
     </span>
    </p>
   </div>
   <div class='ocr_carea' id='block_1_4' title="bbox 1475 878 2497 964">
    <p class='ocr_par' dir='ltr' id='par_1_4' title="bbox 1475 878 2497 964">
     <span class='ocr_line' id='line_1_4' title="bbox 1475 878 2497 964; baseline 0.002 -2"><span class='ocrx_word' id='word_1_9' title='bbox 1475 878 1909 963; x_wconf 85' lang='lat' dir='ltr'>LIBER</span> <span class='ocrx_word' id='word_1_10' title='bbox 1984 878 2497 964; x_wconf 44' lang='lat' dir='ltr'>UNUSU‘).</span> 
     </span>
    </p>
   </div>
   <div class='ocr_carea' id='block_1_5' title="bbox 283 1034 3724 1101">
    <p class='ocr_par' dir='ltr' id='par_1_5' title="bbox 283 1034 3724 1101">
     <span class='ocr_line' id='line_1_5' title="bbox 283 1034 3724 1101; baseline -0.002 -12"><span class='ocrx_word' id='word_1_11' title='bbox 283 1037 528 1089; x_wconf 89' lang='lat' dir='ltr'>Continet</span> <span class='ocrx_word' id='word_1_12' title='bbox 557 1035 640 1084; x_wconf 88' lang='lat' dir='ltr'>hic</span> <span class='ocrx_word' id='word_1_13' title='bbox 670 1035 804 1086; x_wconf 89' lang='lat' dir='ltr'>liber</span> <span class='ocrx_word' id='word_1_14' title='bbox 831 1034 1129 1101; x_wconf 81' lang='lat' dir='ltr'>congeriem</span> <span class='ocrx_word' id='word_1_15' title='bbox 1156 1034 1421 1086; x_wconf 75' lang='lat' dir='ltr'>rationum</span> <span class='ocrx_word' id='word_1_16' title='bbox 1448 1050 1540 1101; x_wconf 88' lang='lat' dir='ltr'>pro</span> <span class='ocrx_word' id='word_1_17' title='bbox 1566 1036 1759 1087; x_wconf 62' lang='lat' dir='ltr'>animas</span> <span class='ocrx_word' id='word_1_18' title='bbox 1802 1036 2213 1095; x_wconf 76' lang='lat' dir='ltr'>immortalitate,</span> <span class='ocrx_word' id='word_1_19' title='bbox 2246 1050 2454 1087; x_wconf 85' lang='lat' dir='ltr'>necnon</span> <span class='ocrx_word' id='word_1_20' title='bbox 2490 1037 2954 1087; x_wconf 88' lang='lat' dir='ltr'>intercurrentium</span> <span class='ocrx_word' id='word_1_21' title='bbox 2990 1036 3359 1087; x_wconf 86' lang='lat' dir='ltr'>difﬁcultatum</span> <span class='ocrx_word' id='word_1_22' title='bbox 3390 1035 3724 1084; x_wconf 74' lang='lat' dir='ltr'>solutionem.</span> 
     </span>
    </p>
   </div>
   <div class='ocr_carea' id='block_1_6' title="bbox 224 1260 1922 1329">
    <p class='ocr_par' dir='ltr' id='par_1_6' title="bbox 224 1260 1922 1329">
     <span class='ocr_line' id='line_1_6' title="bbox 224 1260 1922 1329; baseline -0.003 -11"><span class='ocrx_word' id='word_1_23' title='bbox 224 1260 451 1317; x_wconf 83' lang='lat' dir='ltr'>CAPUT</span> <span class='ocrx_word' id='word_1_24' title='bbox 482 1260 775 1314; x_wconf 82' lang='lat' dir='ltr'>PRIMUM.</span> <span class='ocrx_word' id='word_1_25' title='bbox 800 1289 867 1297; x_wconf 95' lang='lat'><em>—</em></span> <span class='ocrx_word' id='word_1_26' title='bbox 891 1261 1079 1313; x_wconf 88' lang='lat' dir='ltr'>Prima</span> <span class='ocrx_word' id='word_1_27' title='bbox 1124 1263 1286 1326; x_wconf 82' lang='lat' dir='ltr'>ratio,</span> <span class='ocrx_word' id='word_1_28' title='bbox 1328 1261 1471 1329; x_wconf 87' lang='lat' dir='ltr'>quod</span> <span class='ocrx_word' id='word_1_29' title='bbox 1510 1263 1695 1315; x_wconf 89' lang='lat' dir='ltr'>anima</span> <span class='ocrx_word' id='word_1_30' title='bbox 1720 1263 1793 1314; x_wconf 87' lang='lat' dir='ltr'>sit</span> <span class='ocrx_word' id='word_1_31' title='bbox 1820 1262 1922 1313; x_wconf 86' lang='lat' dir='ltr'>im-</span> 
     </span>
    </p>
   </div>
   <div class='ocr_carea' id='block_1_7' title="bbox 293 1347 1920 1417">
    <p class='ocr_par' dir='ltr' id='par_1_7' title="bbox 293 1347 1920 1417">
     <span class='ocr_line' id='line_1_7' title="bbox 293 1347 1920 1417; baseline -0.002 -15"><span class='ocrx_word' id='word_1_32' title='bbox 293 1349 559 1411; x_wconf 79' lang='lat' dir='ltr'>mortalis,</span> <span class='ocrx_word' id='word_1_33' title='bbox 575 1349 707 1416; x_wconf 88' lang='lat' dir='ltr'>quia</span> <span class='ocrx_word' id='word_1_34' title='bbox 721 1347 1020 1415; x_wconf 85' lang='lat' dir='ltr'>subjectum</span> <span class='ocrx_word' id='word_1_35' title='bbox 1032 1348 1424 1417; x_wconf 67' lang='lat' dir='ltr'>estdisciplinaa</span> <span class='ocrx_word' id='word_1_36' title='bbox 1442 1366 1560 1417; x_wconf 59' lang='lat' dir='ltr'>qua</span> <span class='ocrx_word' id='word_1_37' title='bbox 1588 1364 1793 1417; x_wconf 81' lang='lat' dir='ltr'>semper</span> <span class='ocrx_word' id='word_1_38' title='bbox 1823 1352 1920 1401; x_wconf 90' lang='lat' dir='ltr'>est.</span> 
     </span>
    </p>
   </div>
   <div class='ocr_carea' id='block_1_8' title="bbox 302 1434 1925 1506">
    <p class='ocr_par' dir='ltr' id='par_1_8' title="bbox 302 1434 1925 1506">
     <span class='ocr_line' id='line_1_8' title="bbox 302 1434 1925 1506; baseline -0.002 -16"><span class='ocrx_word' id='word_1_39' title='bbox 302 1440 347 1490; x_wconf 79' lang='lat' dir='ltr'>t.</span> <span class='ocrx_word' id='word_1_40' title='bbox 380 1437 438 1490; x_wconf 97' lang='lat' dir='ltr'>Si</span> <span class='ocrx_word' id='word_1_41' title='bbox 460 1434 669 1488; x_wconf 85' lang='lat' dir='ltr'>alicubi</span> <span class='ocrx_word' id='word_1_42' title='bbox 700 1440 785 1488; x_wconf 90' lang='lat' dir='ltr'>est</span> <span class='ocrx_word' id='word_1_43' title='bbox 810 1434 1133 1506; x_wconf 87' lang='lat' dir='ltr'>disciplina,</span> <span class='ocrx_word' id='word_1_44' title='bbox 1165 1452 1270 1489; x_wconf 91' lang='lat' dir='ltr'>nec</span> <span class='ocrx_word' id='word_1_45' title='bbox 1302 1453 1421 1490; x_wconf 89' lang='lat' dir='ltr'>esse</span> <span class='ocrx_word' id='word_1_46' title='bbox 1454 1437 1564 1489; x_wconf 89' lang='lat' dir='ltr'>nisi</span> <span class='ocrx_word' id='word_1_47' title='bbox 1591 1437 1649 1488; x_wconf 90' lang='lat' dir='ltr'>in</span> <span class='ocrx_word' id='word_1_48' title='bbox 1676 1453 1743 1489; x_wconf 93' lang='lat' dir='ltr'>eo</span> <span class='ocrx_word' id='word_1_49' title='bbox 1772 1435 1925 1506; x_wconf 89' lang='lat' dir='ltr'>quod</span> 
     </span>
    </p>
   </div>
   <div class='ocr_carea' id='block_1_9' title="bbox 223 1524 1925 1596">
    <p class='ocr_par' dir='ltr' id='par_1_9' title="bbox 223 1524 1925 1596">
     <span class='ocr_line' id='line_1_9' title="bbox 223 1524 1925 1596; baseline -0.001 -20"><span class='ocrx_word' id='word_1_50' title='bbox 223 1524 365 1578; x_wconf 95' lang='lat' dir='ltr'>vivit</span> <span class='ocrx_word' id='word_1_51' title='bbox 394 1528 597 1594; x_wconf 39' lang='lat' dir='ltr'>potest,</span> <span class='ocrx_word' id='word_1_52' title='bbox 629 1528 684 1576; x_wconf 90' lang='lat' dir='ltr'>et</span> <span class='ocrx_word' id='word_1_53' title='bbox 723 1539 948 1593; x_wconf 84' lang='lat' dir='ltr'>semper</span> <span class='ocrx_word' id='word_1_54' title='bbox 1000 1529 1105 1593; x_wconf 90' lang='lat' dir='ltr'>est,</span> <span class='ocrx_word' id='word_1_55' title='bbox 1157 1541 1341 1595; x_wconf 91' lang='lat' dir='ltr'>neque</span> <span class='ocrx_word' id='word_1_56' title='bbox 1381 1525 1693 1596; x_wconf 85' lang='lat' dir='ltr'>quidquam</span> <span class='ocrx_word' id='word_1_57' title='bbox 1723 1524 1781 1578; x_wconf 89' lang='lat' dir='ltr'>in</span> <span class='ocrx_word' id='word_1_58' title='bbox 1813 1539 1925 1593; x_wconf 88' lang='lat' dir='ltr'>quo</span> 
     </span>
    </p>
   </div>
   <div class='ocr_carea' id='block_1_10' title="bbox 221 1612 1929 1684">
    <p class='ocr_par' dir='ltr' id='par_1_10' title="bbox 221 1612 1929 1684">
     <span class='ocr_line' id='line_1_10' title="bbox 221 1612 1929 1684; baseline -0.001 -20"><span class='ocrx_word' id='word_1_59' title='bbox 221 1612 365 1683; x_wconf 86' lang='lat' dir='ltr'>quid</span> <span class='ocrx_word' id='word_1_60' title='bbox 396 1627 622 1680; x_wconf 88' lang='lat' dir='ltr'>semper</span> <span class='ocrx_word' id='word_1_61' title='bbox 652 1616 735 1664; x_wconf 91' lang='lat' dir='ltr'>est</span> <span class='ocrx_word' id='word_1_62' title='bbox 772 1617 957 1681; x_wconf 88' lang='lat' dir='ltr'>potest</span> <span class='ocrx_word' id='word_1_63' title='bbox 984 1629 1104 1665; x_wconf 85' lang='lat' dir='ltr'>esse</span> <span class='ocrx_word' id='word_1_64' title='bbox 1141 1629 1253 1666; x_wconf 92' lang='lat' dir='ltr'>non</span> <span class='ocrx_word' id='word_1_65' title='bbox 1285 1630 1511 1684; x_wconf 89' lang='lat' dir='ltr'>semper</span> <span class='ocrx_word' id='word_1_66' title='bbox 1540 1629 1553 1679; x_wconf 88' lang='lat'><strong>;</strong></span> <span class='ocrx_word' id='word_1_67' title='bbox 1588 1628 1815 1682; x_wconf 90' lang='lat' dir='ltr'>semper</span> <span class='ocrx_word' id='word_1_68' title='bbox 1845 1612 1929 1663; x_wconf 89' lang='lat' dir='ltr'>vi-</span> 
     </span>
    </p>
   </div>
   <div class='ocr_carea' id='block_1_11' title="bbox 220 1699 1929 1771">
    <p class='ocr_par' dir='ltr' id='par_1_11' title="bbox 220 1699 1929 1771">
     <span class='ocr_line' id='line_1_11' title="bbox 220 1699 1929 1771; baseline -0.001 -19"><span class='ocrx_word' id='word_1_69' title='bbox 220 1699 309 1752; x_wconf 91' lang='lat' dir='ltr'>vit</span> <span class='ocrx_word' id='word_1_70' title='bbox 336 1699 395 1752; x_wconf 93' lang='lat' dir='ltr'>in</span> <span class='ocrx_word' id='word_1_71' title='bbox 423 1714 537 1769; x_wconf 90' lang='lat' dir='ltr'>quo</span> <span class='ocrx_word' id='word_1_72' title='bbox 569 1703 653 1752; x_wconf 89' lang='lat' dir='ltr'>est</span> <span class='ocrx_word' id='word_1_73' title='bbox 681 1699 1000 1769; x_wconf 88' lang='lat' dir='ltr'>disciplina,</span> <span class='ocrx_word' id='word_1_74' title='bbox 1036 1700 1094 1753; x_wconf 90' lang='lat' dir='ltr'>Si</span> <span class='ocrx_word' id='word_1_75' title='bbox 1139 1717 1240 1753; x_wconf 94' lang='lat' dir='ltr'>nos</span> <span class='ocrx_word' id='word_1_76' title='bbox 1271 1717 1467 1755; x_wconf 89' lang='lat' dir='ltr'>sumus</span> <span class='ocrx_word' id='word_1_77' title='bbox 1499 1702 1596 1771; x_wconf 91' lang='lat' dir='ltr'>qui</span> <span class='ocrx_word' id='word_1_78' title='bbox 1634 1700 1929 1753; x_wconf 87' lang='lat' dir='ltr'>ratiocina-</span> 
     </span>
    </p>
   </div>
   <div class='ocr_carea' id='block_1_12' title="bbox 223 1786 1928 1857">
    <p class='ocr_par' dir='ltr' id='par_1_12' title="bbox 223 1786 1928 1857">
     <span class='ocr_line' id='line_1_12' title="bbox 223 1786 1928 1857; baseline -0.001 -16"><span class='ocrx_word' id='word_1_79' title='bbox 223 1802 381 1855; x_wconf 86' lang='lat' dir='ltr'>mur,</span> <span class='ocrx_word' id='word_1_80' title='bbox 446 1786 506 1840; x_wconf 91' lang='lat' dir='ltr'>id</span> <span class='ocrx_word' id='word_1_81' title='bbox 564 1791 647 1840; x_wconf 90' lang='lat' dir='ltr'>est</span> <span class='ocrx_word' id='word_1_82' title='bbox 698 1786 923 1840; x_wconf 90' lang='lat' dir='ltr'>animus</span> <span class='ocrx_word' id='word_1_83' title='bbox 972 1793 1187 1857; x_wconf 88' lang='lat' dir='ltr'>noster,</span> <span class='ocrx_word' id='word_1_84' title='bbox 1257 1804 1361 1843; x_wconf 90' lang='lat' dir='ltr'>nec</span> <span class='ocrx_word' id='word_1_85' title='bbox 1420 1788 1747 1843; x_wconf 83' lang='lat' dir='ltr'>ratiocinari</span> <span class='ocrx_word' id='word_1_86' title='bbox 1806 1787 1928 1840; x_wconf 85' lang='lat' dir='ltr'>sine</span> 
     </span>
    </p>
   </div>
   <div class='ocr_carea' id='block_1_13' title="bbox 226 1872 1931 1947">
    <p class='ocr_par' dir='ltr' id='par_1_13' title="bbox 226 1872 1931 1947">
     <span class='ocr_line' id='line_1_13' title="bbox 226 1872 1931 1947; baseline -0.002 -19"><span class='ocrx_word' id='word_1_87' title='bbox 226 1873 529 1944; x_wconf 89' lang='lat' dir='ltr'>disciplina</span> <span class='ocrx_word' id='word_1_88' title='bbox 566 1877 770 1943; x_wconf 88' lang='lat' dir='ltr'>potest,</span> <span class='ocrx_word' id='word_1_89' title='bbox 802 1890 906 1928; x_wconf 91' lang='lat' dir='ltr'>nec</span> <span class='ocrx_word' id='word_1_90' title='bbox 936 1875 1059 1929; x_wconf 87' lang='lat' dir='ltr'>sine</span> <span class='ocrx_word' id='word_1_91' title='bbox 1090 1876 1389 1947; x_wconf 88' lang='lat' dir='ltr'>disciplina</span> <span class='ocrx_word' id='word_1_92' title='bbox 1404 1892 1525 1930; x_wconf 90' lang='lat' dir='ltr'>esse</span> <span class='ocrx_word' id='word_1_93' title='bbox 1553 1876 1796 1939; x_wconf 90' lang='lat' dir='ltr'>animus,</span> <span class='ocrx_word' id='word_1_94' title='bbox 1821 1872 1931 1927; x_wconf 88' lang='lat' dir='ltr'>nisi</span> 
     </span>
    </p>
   </div>
   <div class='ocr_carea' id='block_1_14' title="bbox 225 1961 1929 2034">
    <p class='ocr_par' dir='ltr' id='par_1_14' title="bbox 225 1961 1929 2034">
     <span class='ocr_line' id='line_1_14' title="bbox 225 1961 1929 2034; baseline -0.001 -18"><span class='ocrx_word' id='word_1_95' title='bbox 225 1961 296 2016; x_wconf 90' lang='lat' dir='ltr'>in</span> <span class='ocrx_word' id='word_1_96' title='bbox 324 1978 435 2033; x_wconf 93' lang='lat' dir='ltr'>quo</span> <span class='ocrx_word' id='word_1_97' title='bbox 461 1962 765 2032; x_wconf 88' lang='lat' dir='ltr'>disciplina</span> <span class='ocrx_word' id='word_1_98' title='bbox 794 1978 910 2015; x_wconf 93' lang='lat' dir='ltr'>non</span> <span class='ocrx_word' id='word_1_99' title='bbox 942 1968 1046 2027; x_wconf 90' lang='lat' dir='ltr'>est,</span> <span class='ocrx_word' id='word_1_100' title='bbox 1082 1970 1296 2034; x_wconf 85' lang='lat' dir='ltr'>potest;</span> <span class='ocrx_word' id='word_1_101' title='bbox 1327 1970 1411 2019; x_wconf 90' lang='lat' dir='ltr'>est</span> <span class='ocrx_word' id='word_1_102' title='bbox 1440 1965 1501 2017; x_wconf 91' lang='lat' dir='ltr'>in</span> <span class='ocrx_word' id='word_1_103' title='bbox 1530 1963 1779 2018; x_wconf 86' lang='lat' dir='ltr'>hominis</span> <span class='ocrx_word' id='word_1_104' title='bbox 1807 1962 1929 2016; x_wconf 91' lang='lat' dir='ltr'>ani-</span> 
     </span>
    </p>
   </div>
   <div class='ocr_carea' id='block_1_15' title="bbox 227 2050 1930 2123">
    <p class='ocr_par' dir='ltr' id='par_1_15' title="bbox 227 2050 1930 2123">
     <span class='ocr_line' id='line_1_15' title="bbox 227 2050 1930 2123; baseline -0.001 -19"><span class='ocrx_word' id='word_1_105' title='bbox 227 2067 329 2104; x_wconf 90' lang='lat' dir='ltr'>mo</span> <span class='ocrx_word' id='word_1_106' title='bbox 358 2050 674 2119; x_wconf 87' lang='lat' dir='ltr'>disciplina.</span> <span class='ocrx_word' id='word_1_107' title='bbox 709 2051 801 2103; x_wconf 87' lang='lat' dir='ltr'>Est</span> <span class='ocrx_word' id='word_1_108' title='bbox 830 2056 1023 2105; x_wconf 89' lang='lat' dir='ltr'>autem</span> <span class='ocrx_word' id='word_1_109' title='bbox 1053 2052 1262 2107; x_wconf 87' lang='lat' dir='ltr'>alicubi</span> <span class='ocrx_word' id='word_1_110' title='bbox 1290 2053 1589 2123; x_wconf 89' lang='lat' dir='ltr'>disciplina</span> <span class='ocrx_word' id='word_1_111' title='bbox 1618 2070 1629 2106; x_wconf 92' lang='lat'>:</span> <span class='ocrx_word' id='word_1_112' title='bbox 1663 2067 1795 2104; x_wconf 89' lang='lat' dir='ltr'>nam</span> <span class='ocrx_word' id='word_1_113' title='bbox 1826 2054 1930 2115; x_wconf 91' lang='lat' dir='ltr'>est,</span> 
     </span>
    </p>
   </div>
   <div class='ocr_carea' id='block_1_16' title="bbox 229 2138 1934 2211">
    <p class='ocr_par' dir='ltr' id='par_1_16' title="bbox 229 2138 1934 2211">
     <span class='ocr_line' id='line_1_16' title="bbox 229 2138 1934 2211; baseline -0.001 -20"><span class='ocrx_word' id='word_1_114' title='bbox 229 2143 295 2191; x_wconf 89' lang='lat' dir='ltr'>et</span> <span class='ocrx_word' id='word_1_115' title='bbox 321 2138 598 2208; x_wconf 88' lang='lat' dir='ltr'>quidquid</span> <span class='ocrx_word' id='word_1_116' title='bbox 628 2142 710 2190; x_wconf 88' lang='lat' dir='ltr'>est</span> <span class='ocrx_word' id='word_1_117' title='bbox 740 2154 1024 2209; x_wconf 88' lang='lat' dir='ltr'>nusquam</span> <span class='ocrx_word' id='word_1_118' title='bbox 1056 2156 1175 2194; x_wconf 90' lang='lat' dir='ltr'>esse</span> <span class='ocrx_word' id='word_1_119' title='bbox 1205 2157 1323 2195; x_wconf 92' lang='lat' dir='ltr'>non</span> <span class='ocrx_word' id='word_1_120' title='bbox 1358 2146 1560 2211; x_wconf 86' lang='lat' dir='ltr'>potest.</span> <span class='ocrx_word' id='word_1_121' title='bbox 1601 2142 1741 2193; x_wconf 89' lang='lat' dir='ltr'>Item</span> <span class='ocrx_word' id='word_1_122' title='bbox 1772 2138 1934 2192; x_wconf 87' lang='lat' dir='ltr'>disci-</span> 
     </span>
    </p>
   </div>
   <div class='ocr_carea' id='block_1_17' title="bbox 226 2226 1935 2299">
    <p class='ocr_par' dir='ltr' id='par_1_17' title="bbox 226 2226 1935 2299">
     <span class='ocr_line' id='line_1_17' title="bbox 226 2226 1935 2299; baseline 0 -20"><span class='ocrx_word' id='word_1_123' title='bbox 226 2226 394 2297; x_wconf 90' lang='lat' dir='ltr'>plina</span> <span class='ocrx_word' id='word_1_124' title='bbox 440 2242 556 2279; x_wconf 91' lang='lat' dir='ltr'>non</span> <span class='ocrx_word' id='word_1_125' title='bbox 599 2232 785 2297; x_wconf 88' lang='lat' dir='ltr'>potest</span> <span class='ocrx_word' id='word_1_126' title='bbox 830 2244 971 2294; x_wconf 89' lang='lat' dir='ltr'>esse,</span> <span class='ocrx_word' id='word_1_127' title='bbox 1023 2228 1131 2282; x_wconf 89' lang='lat' dir='ltr'>nisi</span> <span class='ocrx_word' id='word_1_128' title='bbox 1180 2229 1237 2282; x_wconf 89' lang='lat' dir='ltr'>in</span> <span class='ocrx_word' id='word_1_129' title='bbox 1285 2245 1351 2282; x_wconf 93' lang='lat' dir='ltr'>eo</span> <span class='ocrx_word' id='word_1_130' title='bbox 1392 2229 1543 2299; x_wconf 87' lang='lat' dir='ltr'>quod</span> <span class='ocrx_word' id='word_1_131' title='bbox 1592 2228 1745 2281; x_wconf 84' lang='lat' dir='ltr'>vivit.</span> <span class='ocrx_word' id='word_1_132' title='bbox 1783 2226 1935 2279; x_wconf 74' lang='lat' dir='ltr'>Nihil</span> 
     </span>
    </p>
   </div>
   <div class='ocr_carea' id='block_1_18' title="bbox 230 2315 1931 2386">
    <p class='ocr_par' dir='ltr' id='par_1_18' title="bbox 230 2315 1931 2386">
     <span class='ocr_line' id='line_1_18' title="bbox 230 2315 1931 2386; baseline -0.002 -17"><span class='ocrx_word' id='word_1_133' title='bbox 230 2315 392 2369; x_wconf 84' lang='lat' dir='ltr'>enim</span> <span class='ocrx_word' id='word_1_134' title='bbox 426 2315 574 2385; x_wconf 86' lang='lat' dir='ltr'>quod</span> <span class='ocrx_word' id='word_1_135' title='bbox 606 2331 725 2367; x_wconf 94' lang='lat' dir='ltr'>non</span> <span class='ocrx_word' id='word_1_136' title='bbox 754 2315 909 2382; x_wconf 82' lang='lat' dir='ltr'>vivit,</span> <span class='ocrx_word' id='word_1_137' title='bbox 945 2316 1163 2386; x_wconf 89' lang='lat' dir='ltr'>aliquid</span> <span class='ocrx_word' id='word_1_138' title='bbox 1194 2318 1393 2384; x_wconf 90' lang='lat' dir='ltr'>discit;</span> <span class='ocrx_word' id='word_1_139' title='bbox 1440 2334 1544 2371; x_wconf 91' lang='lat' dir='ltr'>nec</span> <span class='ocrx_word' id='word_1_140' title='bbox 1597 2332 1717 2370; x_wconf 85' lang='lat' dir='ltr'>esse</span> <span class='ocrx_word' id='word_1_141' title='bbox 1762 2315 1823 2368; x_wconf 91' lang='lat' dir='ltr'>in</span> <span class='ocrx_word' id='word_1_142' title='bbox 1865 2329 1931 2366; x_wconf 91' lang='lat' dir='ltr'>eo</span> 
     </span>
    </p>
   </div>
   <div class='ocr_carea' id='block_1_19' title="bbox 230 2402 1932 2476">
    <p class='ocr_par' dir='ltr' id='par_1_19' title="bbox 230 2402 1932 2476">
     <span class='ocr_line' id='line_1_19' title="bbox 230 2402 1932 2476; baseline 0.001 -21"><span class='ocrx_word' id='word_1_143' title='bbox 230 2402 389 2473; x_wconf 89' lang='lat' dir='ltr'>quod</span> <span class='ocrx_word' id='word_1_144' title='bbox 438 2402 577 2455; x_wconf 88' lang='lat' dir='ltr'>nihil</span> <span class='ocrx_word' id='word_1_145' title='bbox 609 2402 792 2467; x_wconf 90' lang='lat' dir='ltr'>discit,</span> <span class='ocrx_word' id='word_1_146' title='bbox 828 2403 1125 2473; x_wconf 87' lang='lat' dir='ltr'>disciplina</span> <span class='ocrx_word' id='word_1_147' title='bbox 1172 2411 1359 2476; x_wconf 89' lang='lat' dir='ltr'>potest</span> <span class='ocrx_word' id='word_1_148' title='bbox 1394 2405 1488 2475; x_wconf 91' lang='lat' dir='ltr'>(b).</span> <span class='ocrx_word' id='word_1_149' title='bbox 1533 2407 1675 2459; x_wconf 89' lang='lat' dir='ltr'>Item</span> <span class='ocrx_word' id='word_1_150' title='bbox 1706 2420 1932 2473; x_wconf 87' lang='lat' dir='ltr'>semper</span> 
     </span>
    </p>
   </div>
   <div class='ocr_carea' id='block_1_20' title="bbox 224 2490 1927 2564">
    <p class='ocr_par' dir='ltr' id='par_1_20' title="bbox 224 2490 1927 2564">
     <span class='ocr_line' id='line_1_20' title="bbox 224 2490 1927 2564; baseline -0.001 -19"><span class='ocrx_word' id='word_1_151' title='bbox 224 2498 320 2545; x_wconf 85' lang='lat' dir='ltr'>est</span> <span class='ocrx_word' id='word_1_152' title='bbox 364 2490 676 2561; x_wconf 87' lang='lat' dir='ltr'>disciplina.</span> <span class='ocrx_word' id='word_1_153' title='bbox 726 2492 868 2544; x_wconf 84' lang='lat' dir='ltr'>Nam</span> <span class='ocrx_word' id='word_1_154' title='bbox 900 2493 1050 2562; x_wconf 91' lang='lat' dir='ltr'>quod</span> <span class='ocrx_word' id='word_1_155' title='bbox 1083 2499 1169 2547; x_wconf 90' lang='lat' dir='ltr'>est</span> <span class='ocrx_word' id='word_1_156' title='bbox 1214 2500 1386 2564; x_wconf 90' lang='lat' dir='ltr'>atque</span> <span class='ocrx_word' id='word_1_157' title='bbox 1436 2494 1794 2547; x_wconf 87' lang='lat' dir='ltr'>immutabile</span> <span class='ocrx_word' id='word_1_158' title='bbox 1824 2498 1927 2559; x_wconf 90' lang='lat' dir='ltr'>est,</span> 
     </span>
    </p>
   </div>
   <div class='ocr_carea' id='block_1_21' title="bbox 222 2579 1929 2652">
    <p class='ocr_par' dir='ltr' id='par_1_21' title="bbox 222 2579 1929 2652">
     <span class='ocr_line' id='line_1_21' title="bbox 222 2579 1929 2652; baseline 0 -18"><span class='ocrx_word' id='word_1_159' title='bbox 222 2595 458 2649; x_wconf 89' lang='lat' dir='ltr'>semper</span> <span class='ocrx_word' id='word_1_160' title='bbox 486 2579 559 2632; x_wconf 90' lang='lat' dir='ltr'>sit</span> <span class='ocrx_word' id='word_1_161' title='bbox 586 2593 811 2632; x_wconf 91' lang='lat' dir='ltr'>necesse</span> <span class='ocrx_word' id='word_1_162' title='bbox 842 2584 943 2633; x_wconf 92' lang='lat' dir='ltr'>est.</span> <span class='ocrx_word' id='word_1_163' title='bbox 979 2582 1106 2634; x_wconf 90' lang='lat' dir='ltr'>Esse</span> <span class='ocrx_word' id='word_1_164' title='bbox 1126 2586 1317 2635; x_wconf 88' lang='lat' dir='ltr'>autem</span> <span class='ocrx_word' id='word_1_165' title='bbox 1349 2582 1727 2652; x_wconf 90' lang='lat' dir='ltr'>disciplinam,</span> <span class='ocrx_word' id='word_1_166' title='bbox 1764 2598 1929 2634; x_wconf 90' lang='lat' dir='ltr'>nemo</span> 
     </span>
    </p>
   </div>
   <div class='ocr_carea' id='block_1_22' title="bbox 224 2667 1934 2740">
    <p class='ocr_par' dir='ltr' id='par_1_22' title="bbox 224 2667 1934 2740">
     <span class='ocr_line' id='line_1_22' title="bbox 224 2667 1934 2740; baseline 0.001 -17"><span class='ocrx_word' id='word_1_167' title='bbox 224 2672 423 2739; x_wconf 88' lang='lat' dir='ltr'>negat.</span> <span class='ocrx_word' id='word_1_168' title='bbox 458 2668 523 2721; x_wconf 87' lang='lat' dir='ltr'>Et</span> <span class='ocrx_word' id='word_1_169' title='bbox 560 2667 816 2738; x_wconf 87' lang='lat' dir='ltr'>quisquis</span> <span class='ocrx_word' id='word_1_170' title='bbox 868 2669 1078 2722; x_wconf 85' lang='lat' dir='ltr'>fatetur</span> <span class='ocrx_word' id='word_1_171' title='bbox 1121 2670 1246 2723; x_wconf 82' lang='lat' dir='ltr'>ﬁeri</span> <span class='ocrx_word' id='word_1_172' title='bbox 1290 2688 1405 2725; x_wconf 92' lang='lat' dir='ltr'>non</span> <span class='ocrx_word' id='word_1_173' title='bbox 1454 2687 1639 2740; x_wconf 88' lang='lat' dir='ltr'>posse,</span> <span class='ocrx_word' id='word_1_174' title='bbox 1672 2676 1735 2723; x_wconf 94' lang='lat' dir='ltr'>ut</span> <span class='ocrx_word' id='word_1_175' title='bbox 1765 2671 1934 2724; x_wconf 90' lang='lat' dir='ltr'>ducta</span> 
     </span>
    </p>
   </div>
   <div class='ocr_carea' id='block_1_23' title="bbox 226 2756 1930 2829">
    <p class='ocr_par' dir='ltr' id='par_1_23' title="bbox 226 2756 1930 2829">
     <span class='ocr_line' id='line_1_23' title="bbox 226 2756 1930 2829; baseline 0.001 -19"><span class='ocrx_word' id='word_1_176' title='bbox 226 2773 340 2827; x_wconf 90' lang='lat' dir='ltr'>per</span> <span class='ocrx_word' id='word_1_177' title='bbox 372 2756 624 2810; x_wconf 90' lang='lat' dir='ltr'>medium</span> <span class='ocrx_word' id='word_1_178' title='bbox 656 2756 931 2809; x_wconf 88' lang='lat' dir='ltr'>circulum</span> <span class='ocrx_word' id='word_1_179' title='bbox 954 2757 1105 2811; x_wconf 89' lang='lat' dir='ltr'>linea</span> <span class='ocrx_word' id='word_1_180' title='bbox 1131 2775 1243 2811; x_wconf 93' lang='lat' dir='ltr'>non</span> <span class='ocrx_word' id='word_1_181' title='bbox 1264 2759 1335 2812; x_wconf 89' lang='lat' dir='ltr'>sit</span> <span class='ocrx_word' id='word_1_182' title='bbox 1358 2759 1638 2825; x_wconf 91' lang='lat' dir='ltr'>omnium,</span> <span class='ocrx_word' id='word_1_183' title='bbox 1663 2775 1792 2829; x_wconf 56' lang='lat' dir='ltr'>quas</span> <span class='ocrx_word' id='word_1_184' title='bbox 1816 2774 1930 2812; x_wconf 92' lang='lat' dir='ltr'>non</span> 
     </span>
    </p>
   </div>
   <div class='ocr_carea' id='block_1_24' title="bbox 167 2842 1931 2928">
    <p class='ocr_par' dir='ltr' id='par_1_24' title="bbox 167 2842 1931 2928">
     <span class='ocr_line' id='line_1_24' title="bbox 167 2842 1931 2928; baseline 0.003 -33"><span class='ocrx_word' id='word_1_185' title='bbox 167 2912 187 2928; x_wconf 52' lang='lat'>.</span> <span class='ocrx_word' id='word_1_186' title='bbox 224 2858 335 2913; x_wconf 90' lang='lat' dir='ltr'>per</span> <span class='ocrx_word' id='word_1_187' title='bbox 367 2842 615 2896; x_wconf 91' lang='lat' dir='ltr'>medium</span> <span class='ocrx_word' id='word_1_188' title='bbox 658 2843 945 2897; x_wconf 91' lang='lat' dir='ltr'>ducuntur</span> <span class='ocrx_word' id='word_1_189' title='bbox 991 2846 1261 2912; x_wconf 81' lang='lat' dir='ltr'>maxima,</span> <span class='ocrx_word' id='word_1_190' title='bbox 1306 2846 1479 2916; x_wconf 90' lang='lat' dir='ltr'>idque</span> <span class='ocrx_word' id='word_1_191' title='bbox 1527 2864 1648 2900; x_wconf 90' lang='lat' dir='ltr'>esse</span> <span class='ocrx_word' id='word_1_192' title='bbox 1688 2846 1931 2916; x_wconf 85' lang='lat' dir='ltr'>alicujus</span> 
     </span>
    </p>
   </div>
   <div class='ocr_carea' id='block_1_25' title="bbox 225 2929 1929 3003">
    <p class='ocr_par' dir='ltr' id='par_1_25' title="bbox 225 2929 1929 3003">
     <span class='ocr_line' id='line_1_25' title="bbox 225 2929 1929 3003; baseline 0.003 -21"><span class='ocrx_word' id='word_1_193' title='bbox 225 2929 570 3001; x_wconf 66' lang='lat' dir='ltr'>disciplinae;</span> <span class='ocrx_word' id='word_1_194' title='bbox 602 2931 1022 2987; x_wconf 88' lang='lat' dir='ltr'>immutabilem</span> <span class='ocrx_word' id='word_1_195' title='bbox 1055 2934 1417 3003; x_wconf 88' lang='lat' dir='ltr'>disciplinam</span> <span class='ocrx_word' id='word_1_196' title='bbox 1439 2950 1558 2987; x_wconf 88' lang='lat' dir='ltr'>esse</span> <span class='ocrx_word' id='word_1_197' title='bbox 1591 2951 1706 2987; x_wconf 94' lang='lat' dir='ltr'>non</span> <span class='ocrx_word' id='word_1_198' title='bbox 1738 2940 1929 3003; x_wconf 89' lang='lat' dir='ltr'>negat.</span> 
     </span>
    </p>
   </div>
   <div class='ocr_carea' id='block_1_26' title="bbox 228 3019 1933 3092">
    <p class='ocr_par' dir='ltr' id='par_1_26' title="bbox 228 3019 1933 3092">
     <span class='ocr_line' id='line_1_26' title="bbox 228 3019 1933 3092; baseline 0.002 -20"><span class='ocrx_word' id='word_1_199' title='bbox 228 3020 379 3073; x_wconf 88' lang='lat' dir='ltr'>Item</span> <span class='ocrx_word' id='word_1_200' title='bbox 410 3019 549 3073; x_wconf 92' lang='lat' dir='ltr'>nihil</span> <span class='ocrx_word' id='word_1_201' title='bbox 602 3019 662 3073; x_wconf 90' lang='lat' dir='ltr'>in</span> <span class='ocrx_word' id='word_1_202' title='bbox 692 3035 806 3090; x_wconf 89' lang='lat' dir='ltr'>quo</span> <span class='ocrx_word' id='word_1_203' title='bbox 849 3021 986 3091; x_wconf 91' lang='lat' dir='ltr'>quid</span> <span class='ocrx_word' id='word_1_204' title='bbox 1032 3038 1258 3092; x_wconf 90' lang='lat' dir='ltr'>semper</span> <span class='ocrx_word' id='word_1_205' title='bbox 1288 3026 1391 3087; x_wconf 90' lang='lat' dir='ltr'>est,</span> <span class='ocrx_word' id='word_1_206' title='bbox 1446 3026 1635 3092; x_wconf 90' lang='lat' dir='ltr'>potest</span> <span class='ocrx_word' id='word_1_207' title='bbox 1664 3038 1786 3075; x_wconf 86' lang='lat' dir='ltr'>esse</span> <span class='ocrx_word' id='word_1_208' title='bbox 1819 3038 1933 3075; x_wconf 94' lang='lat' dir='ltr'>non</span> 
     </span>
    </p>
   </div>
   <div class='ocr_carea' id='block_1_27' title="bbox 228 3107 1934 3179">
    <p class='ocr_par' dir='ltr' id='par_1_27' title="bbox 228 3107 1934 3179">
     <span class='ocr_line' id='line_1_27' title="bbox 228 3107 1934 3179; baseline 0.002 -20"><span class='ocrx_word' id='word_1_209' title='bbox 228 3123 481 3176; x_wconf 87' lang='lat' dir='ltr'>semper.</span> <span class='ocrx_word' id='word_1_210' title='bbox 536 3107 686 3161; x_wconf 81' lang='lat' dir='ltr'>Nihil</span> <span class='ocrx_word' id='word_1_211' title='bbox 736 3108 889 3161; x_wconf 92' lang='lat' dir='ltr'>enim</span> <span class='ocrx_word' id='word_1_212' title='bbox 939 3109 1095 3179; x_wconf 91' lang='lat' dir='ltr'>quod</span> <span class='ocrx_word' id='word_1_213' title='bbox 1139 3126 1367 3179; x_wconf 88' lang='lat' dir='ltr'>semper</span> <span class='ocrx_word' id='word_1_214' title='bbox 1415 3115 1516 3175; x_wconf 90' lang='lat' dir='ltr'>est,</span> <span class='ocrx_word' id='word_1_215' title='bbox 1568 3110 1785 3179; x_wconf 90' lang='lat' dir='ltr'>patitur</span> <span class='ocrx_word' id='word_1_216' title='bbox 1826 3109 1934 3163; x_wconf 93' lang='lat' dir='ltr'>sibi</span> 
     </span>
    </p>
   </div>
   <div class='ocr_carea' id='block_1_28' title="bbox 230 3196 1934 3269">
    <p class='ocr_par' dir='ltr' id='par_1_28' title="bbox 230 3196 1934 3269">
     <span class='ocr_line' id='line_1_28' title="bbox 230 3196 1934 3269; baseline 0.001 -20"><span class='ocrx_word' id='word_1_217' title='bbox 230 3196 492 3249; x_wconf 86' lang='lat' dir='ltr'>subtrahi</span> <span class='ocrx_word' id='word_1_218' title='bbox 524 3196 832 3267; x_wconf 85' lang='lat' dir='ltr'>aliquando</span> <span class='ocrx_word' id='word_1_219' title='bbox 858 3197 915 3251; x_wconf 92' lang='lat' dir='ltr'>id</span> <span class='ocrx_word' id='word_1_220' title='bbox 936 3198 992 3251; x_wconf 92' lang='lat' dir='ltr'>in</span> <span class='ocrx_word' id='word_1_221' title='bbox 1016 3216 1129 3269; x_wconf 91' lang='lat' dir='ltr'>quo</span> <span class='ocrx_word' id='word_1_222' title='bbox 1142 3204 1487 3268; x_wconf 90' lang='lat' dir='ltr'>semperest.</span> <span class='ocrx_word' id='word_1_223' title='bbox 1526 3200 1785 3253; x_wconf 86' lang='lat' dir='ltr'>Jamvero</span> <span class='ocrx_word' id='word_1_224' title='bbox 1803 3214 1934 3252; x_wconf 89' lang='lat' dir='ltr'>cum</span> 
     </span>
    </p>
   </div>
   <div class='ocr_carea' id='block_1_29' title="bbox 230 3283 1934 3357">
    <p class='ocr_par' dir='ltr' id='par_1_29' title="bbox 230 3283 1934 3357">
     <span class='ocr_line' id='line_1_29' title="bbox 230 3283 1934 3357; baseline 0.002 -21"><span class='ocrx_word' id='word_1_225' title='bbox 230 3283 669 3352; x_wconf 87' lang='lat' dir='ltr'>ratiocinamur,</span> <span class='ocrx_word' id='word_1_226' title='bbox 703 3286 929 3339; x_wconf 90' lang='lat' dir='ltr'>animus</span> <span class='ocrx_word' id='word_1_227' title='bbox 962 3287 1018 3340; x_wconf 92' lang='lat' dir='ltr'>id</span> <span class='ocrx_word' id='word_1_228' title='bbox 1048 3288 1183 3357; x_wconf 86' lang='lat' dir='ltr'>agit.</span> <span class='ocrx_word' id='word_1_229' title='bbox 1219 3288 1342 3340; x_wconf 88' lang='lat' dir='ltr'>Non</span> <span class='ocrx_word' id='word_1_230' title='bbox 1382 3288 1538 3341; x_wconf 91' lang='lat' dir='ltr'>enim</span> <span class='ocrx_word' id='word_1_231' title='bbox 1567 3287 1625 3340; x_wconf 91' lang='lat' dir='ltr'>id</span> <span class='ocrx_word' id='word_1_232' title='bbox 1655 3287 1793 3356; x_wconf 92' lang='lat' dir='ltr'>agit,</span> <span class='ocrx_word' id='word_1_233' title='bbox 1826 3286 1934 3339; x_wconf 89' lang='lat' dir='ltr'>nisi</span> 
     </span>
    </p>
   </div>
   <div class='ocr_carea' id='block_1_30' title="bbox 232 3371 1937 3445">
    <p class='ocr_par' dir='ltr' id='par_1_30' title="bbox 232 3371 1937 3445">
     <span class='ocr_line' id='line_1_30' title="bbox 232 3371 1937 3445; baseline 0.002 -21"><span class='ocrx_word' id='word_1_234' title='bbox 232 3371 337 3442; x_wconf 88' lang='lat' dir='ltr'>qui</span> <span class='ocrx_word' id='word_1_235' title='bbox 367 3371 673 3441; x_wconf 84' lang='lat' dir='ltr'>intelligit:</span> <span class='ocrx_word' id='word_1_236' title='bbox 706 3390 810 3427; x_wconf 92' lang='lat' dir='ltr'>nec</span> <span class='ocrx_word' id='word_1_237' title='bbox 839 3390 1045 3445; x_wconf 91' lang='lat' dir='ltr'>corpus</span> <span class='ocrx_word' id='word_1_238' title='bbox 1076 3375 1368 3445; x_wconf 87' lang='lat' dir='ltr'>intelligit,</span> <span class='ocrx_word' id='word_1_239' title='bbox 1399 3392 1501 3429; x_wconf 91' lang='lat' dir='ltr'>nec</span> <span class='ocrx_word' id='word_1_240' title='bbox 1527 3376 1754 3429; x_wconf 91' lang='lat' dir='ltr'>animus</span> <span class='ocrx_word' id='word_1_241' title='bbox 1782 3374 1937 3428; x_wconf 83' lang='lat' dir='ltr'>auxi-</span> 
     </span>
    </p>
   </div>
   <div class='ocr_carea' id='block_1_31' title="bbox 236 3460 1936 3534">
    <p class='ocr_par' dir='ltr' id='par_1_31' title="bbox 236 3460 1936 3534">
     <span class='ocr_line' id='line_1_31' title="bbox 236 3460 1936 3534; baseline 0.001 -20"><span class='ocrx_word' id='word_1_242' title='bbox 236 3460 414 3515; x_wconf 88' lang='lat' dir='ltr'>liante</span> <span class='ocrx_word' id='word_1_243' title='bbox 444 3477 677 3531; x_wconf 90' lang='lat' dir='ltr'>corpore</span> <span class='ocrx_word' id='word_1_244' title='bbox 707 3462 1003 3533; x_wconf 84' lang='lat' dir='ltr'>intelligit;</span> <span class='ocrx_word' id='word_1_245' title='bbox 1038 3463 1174 3533; x_wconf 89' lang='lat' dir='ltr'>quia</span> <span class='ocrx_word' id='word_1_246' title='bbox 1203 3480 1332 3517; x_wconf 89' lang='lat' dir='ltr'>cum</span> <span class='ocrx_word' id='word_1_247' title='bbox 1363 3464 1686 3534; x_wconf 84' lang='lat' dir='ltr'>intelligere</span> <span class='ocrx_word' id='word_1_248' title='bbox 1732 3464 1871 3528; x_wconf 85' lang='lat' dir='ltr'>vult,</span> <span class='ocrx_word' id='word_1_249' title='bbox 1903 3479 1936 3515; x_wconf 94' lang='lat' dir='ltr'>a</span> 
     </span>
    </p>
   </div>
   <div class='ocr_carea' id='block_1_32' title="bbox 234 3549 1936 3623">
    <p class='ocr_par' dir='ltr' id='par_1_32' title="bbox 234 3549 1936 3623">
     <span class='ocr_line' id='line_1_32' title="bbox 234 3549 1936 3623; baseline 0.001 -20"><span class='ocrx_word' id='word_1_250' title='bbox 234 3565 474 3620; x_wconf 91' lang='lat' dir='ltr'>corpore</span> <span class='ocrx_word' id='word_1_251' title='bbox 506 3549 796 3604; x_wconf 88' lang='lat' dir='ltr'>avertitur.</span> <span class='ocrx_word' id='word_1_252' title='bbox 830 3552 990 3615; x_wconf 87' lang='lat' dir='ltr'>Quod</span> <span class='ocrx_word' id='word_1_253' title='bbox 1018 3552 1174 3606; x_wconf 91' lang='lat' dir='ltr'>enim</span> <span class='ocrx_word' id='word_1_254' title='bbox 1206 3552 1549 3623; x_wconf 88' lang='lat' dir='ltr'>intelligitur</span> <span class='ocrx_word' id='word_1_255' title='bbox 1582 3555 1621 3619; x_wconf 77' lang='grc' dir='ltr'>ί,</span> <span class='ocrx_word' id='word_1_256' title='bbox 1654 3551 1936 3621; x_wconf 89' lang='lat' dir='ltr'>ejusmodi</span> 
     </span>
    </p>
   </div>
   <div class='ocr_carea' id='block_1_33' title="bbox 232 3639 1937 3711">
    <p class='ocr_par' dir='ltr' id='par_1_33' title="bbox 232 3639 1937 3711">
     <span class='ocr_line' id='line_1_33' title="bbox 232 3639 1937 3711; baseline -0.001 -18"><span class='ocrx_word' id='word_1_257' title='bbox 232 3644 322 3693; x_wconf 88' lang='lat' dir='ltr'>est</span> <span class='ocrx_word' id='word_1_258' title='bbox 350 3654 575 3709; x_wconf 89' lang='lat' dir='ltr'>semper</span> <span class='ocrx_word' id='word_1_259' title='bbox 605 3639 667 3708; x_wconf 93' lang='lat' dir='ltr'>(c)</span> <span class='ocrx_word' id='word_1_260' title='bbox 696 3660 711 3705; x_wconf 84' lang='lat'><strong>;</strong></span> <span class='ocrx_word' id='word_1_261' title='bbox 744 3641 1004 3711; x_wconf 89' lang='lat' dir='ltr'>nihilque</span> <span class='ocrx_word' id='word_1_262' title='bbox 1035 3641 1292 3711; x_wconf 90' lang='lat' dir='ltr'>corporis</span> <span class='ocrx_word' id='word_1_263' title='bbox 1338 3642 1621 3711; x_wconf 89' lang='lat' dir='ltr'>ejusmodi</span> <span class='ocrx_word' id='word_1_264' title='bbox 1670 3645 1755 3694; x_wconf 88' lang='lat' dir='ltr'>est</span> <span class='ocrx_word' id='word_1_265' title='bbox 1786 3656 1937 3693; x_wconf 90' lang='lat' dir='ltr'>sem-</span> 
     </span>
    </p>
   </div>
   <div class='ocr_carea' id='block_1_34' title="bbox 240 3726 1939 3799">
    <p class='ocr_par' dir='ltr' id='par_1_34' title="bbox 240 3726 1939 3799">
     <span class='ocr_line' id='line_1_34' title="bbox 240 3726 1939 3799; baseline 0.001 -20"><span class='ocrx_word' id='word_1_266' title='bbox 240 3743 377 3797; x_wconf 87' lang='lat' dir='ltr'>per:</span> <span class='ocrx_word' id='word_1_267' title='bbox 410 3743 524 3781; x_wconf 90' lang='lat' dir='ltr'>non</span> <span class='ocrx_word' id='word_1_268' title='bbox 555 3726 729 3795; x_wconf 85' lang='lat' dir='ltr'>igitur</span> <span class='ocrx_word' id='word_1_269' title='bbox 757 3734 947 3797; x_wconf 90' lang='lat' dir='ltr'>potest</span> <span class='ocrx_word' id='word_1_270' title='bbox 972 3730 1243 3799; x_wconf 83' lang='lat' dir='ltr'>adjuvare</span> <span class='ocrx_word' id='word_1_271' title='bbox 1294 3730 1553 3783; x_wconf 90' lang='lat' dir='ltr'>animum</span> <span class='ocrx_word' id='word_1_272' title='bbox 1596 3730 1667 3783; x_wconf 90' lang='lat' dir='ltr'>ad</span> <span class='ocrx_word' id='word_1_273' title='bbox 1708 3729 1939 3782; x_wconf 87' lang='lat' dir='ltr'>intelle-</span> 
     </span>
    </p>
   </div>
   <div class='ocr_carea' id='block_1_35' title="bbox 234 3816 1940 3889">
    <p class='ocr_par' dir='ltr' id='par_1_35' title="bbox 234 3816 1940 3889">
     <span class='ocr_line' id='line_1_35' title="bbox 234 3816 1940 3889; baseline -0.002 -17"><span class='ocrx_word' id='word_1_274' title='bbox 234 3822 391 3872; x_wconf 91' lang='lat' dir='ltr'>ctum</span> <span class='ocrx_word' id='word_1_275' title='bbox 450 3816 747 3879; x_wconf 88' lang='lat' dir='ltr'>nitentem,</span> <span class='ocrx_word' id='word_1_276' title='bbox 770 3817 860 3871; x_wconf 92' lang='lat' dir='ltr'>cui</span> <span class='ocrx_word' id='word_1_277' title='bbox 888 3834 1005 3871; x_wconf 92' lang='lat' dir='ltr'>non</span> <span class='ocrx_word' id='word_1_278' title='bbox 1026 3818 1307 3889; x_wconf 90' lang='lat' dir='ltr'>impedire</span> <span class='ocrx_word' id='word_1_279' title='bbox 1328 3818 1459 3872; x_wconf 83' lang='lat' dir='ltr'>satis</span> <span class='ocrx_word' id='word_1_280' title='bbox 1478 3823 1579 3873; x_wconf 92' lang='lat' dir='ltr'>est.</span> <span class='ocrx_word' id='word_1_281' title='bbox 1603 3820 1743 3873; x_wconf 89' lang='lat' dir='ltr'>Item</span> <span class='ocrx_word' id='word_1_282' title='bbox 1770 3832 1940 3871; x_wconf 89' lang='lat' dir='ltr'>nemo</span> 
     </span>
    </p>
   </div>
   <div class='ocr_carea' id='block_1_36' title="bbox 236 3905 1941 3976">
    <p class='ocr_par' dir='ltr' id='par_1_36' title="bbox 236 3905 1941 3976">
     <span class='ocr_line' id='line_1_36' title="bbox 236 3905 1941 3976; baseline -0.001 -16"><span class='ocrx_word' id='word_1_283' title='bbox 236 3906 361 3961; x_wconf 90' lang='lat' dir='ltr'>sine</span> <span class='ocrx_word' id='word_1_284' title='bbox 410 3905 709 3976; x_wconf 85' lang='lat' dir='ltr'>disciplina</span> <span class='ocrx_word' id='word_1_285' title='bbox 739 3911 886 3960; x_wconf 90' lang='lat' dir='ltr'>recte</span> <span class='ocrx_word' id='word_1_286' title='bbox 918 3907 1311 3961; x_wconf 87' lang='lat' dir='ltr'>ratiocinatur.</span> <span class='ocrx_word' id='word_1_287' title='bbox 1346 3908 1441 3960; x_wconf 86' lang='lat' dir='ltr'>Est</span> <span class='ocrx_word' id='word_1_288' title='bbox 1474 3908 1627 3960; x_wconf 90' lang='lat' dir='ltr'>enim</span> <span class='ocrx_word' id='word_1_289' title='bbox 1667 3911 1822 3961; x_wconf 91' lang='lat' dir='ltr'>recta</span> <span class='ocrx_word' id='word_1_290' title='bbox 1850 3923 1941 3959; x_wconf 88' lang='lat' dir='ltr'>ra-</span> 
     </span>
    </p>
   </div>
   <div class='ocr_carea' id='block_1_37' title="bbox 234 3992 1942 4065">
    <p class='ocr_par' dir='ltr' id='par_1_37' title="bbox 234 3992 1942 4065">
     <span class='ocr_line' id='line_1_37' title="bbox 234 3992 1942 4065; baseline 0.002 -20"><span class='ocrx_word' id='word_1_291' title='bbox 234 3996 528 4052; x_wconf 82' lang='lat' dir='ltr'>tiocinatio</span> <span class='ocrx_word' id='word_1_292' title='bbox 560 4014 591 4050; x_wconf 72' lang='grc' dir='ltr'>ει</span> <span class='ocrx_word' id='word_1_293' title='bbox 613 3992 780 4051; x_wconf 84' lang='lat' dir='ltr'>certis</span> <span class='ocrx_word' id='word_1_294' title='bbox 811 3994 880 4047; x_wconf 91' lang='lat' dir='ltr'>ad</span> <span class='ocrx_word' id='word_1_295' title='bbox 912 3994 1263 4049; x_wconf 90' lang='lat' dir='ltr'>incertorum</span> <span class='ocrx_word' id='word_1_296' title='bbox 1290 3995 1721 4065; x_wconf 89' lang='lat' dir='ltr'>indagationem</span> <span class='ocrx_word' id='word_1_297' title='bbox 1751 3996 1942 4049; x_wconf 90' lang='lat' dir='ltr'>nitens</span> 
     </span>
    </p>
   </div>
   <div class='ocr_carea' id='block_1_38' title="bbox 235 4080 1936 4155">
    <p class='ocr_par' dir='ltr' id='par_1_38' title="bbox 235 4080 1936 4155">
     <span class='ocr_line' id='line_1_38' title="bbox 235 4080 1936 4155; baseline 0.001 -20"><span class='ocrx_word' id='word_1_298' title='bbox 235 4081 513 4153; x_wconf 87' lang='lat' dir='ltr'>cogitatio</span> <span class='ocrx_word' id='word_1_299' title='bbox 542 4084 593 4134; x_wconf 74' lang='grc' dir='ltr'>ιε</span> <span class='ocrx_word' id='word_1_300' title='bbox 625 4080 884 4151; x_wconf 88' lang='lat' dir='ltr'>nihilque</span> <span class='ocrx_word' id='word_1_301' title='bbox 911 4088 1131 4136; x_wconf 90' lang='lat' dir='ltr'>certum</span> <span class='ocrx_word' id='word_1_302' title='bbox 1162 4088 1247 4136; x_wconf 89' lang='lat' dir='ltr'>est</span> <span class='ocrx_word' id='word_1_303' title='bbox 1276 4083 1333 4136; x_wconf 91' lang='lat' dir='ltr'>in</span> <span class='ocrx_word' id='word_1_304' title='bbox 1357 4084 1549 4137; x_wconf 90' lang='lat' dir='ltr'>animo</span> <span class='ocrx_word' id='word_1_305' title='bbox 1582 4084 1731 4155; x_wconf 93' lang='lat' dir='ltr'>quod</span> <span class='ocrx_word' id='word_1_306' title='bbox 1766 4084 1936 4155; x_wconf 86' lang='lat' dir='ltr'>igno-</span> 
     </span>
    </p>
   </div>
   <div class='ocr_carea' id='block_1_39' title="bbox 245 4171 1939 4241">
    <p class='ocr_par' dir='ltr' id='par_1_39' title="bbox 245 4171 1939 4241">
     <span class='ocr_line' id='line_1_39' title="bbox 245 4171 1939 4241; baseline 0.001 -16"><span class='ocrx_word' id='word_1_307' title='bbox 245 4179 352 4225; x_wconf 87' lang='lat' dir='ltr'>rat.</span> <span class='ocrx_word' id='word_1_308' title='bbox 382 4171 561 4225; x_wconf 88' lang='lat' dir='ltr'>Omne</span> <span class='ocrx_word' id='word_1_309' title='bbox 593 4174 785 4223; x_wconf 85' lang='lat' dir='ltr'>autem</span> <span class='ocrx_word' id='word_1_310' title='bbox 820 4171 975 4241; x_wconf 91' lang='lat' dir='ltr'>quod</span> <span class='ocrx_word' id='word_1_311' title='bbox 1013 4171 1117 4223; x_wconf 88' lang='lat' dir='ltr'>scit</span> <span class='ocrx_word' id='word_1_312' title='bbox 1156 4171 1404 4237; x_wconf 90' lang='lat' dir='ltr'>animus,</span> <span class='ocrx_word' id='word_1_313' title='bbox 1448 4172 1509 4225; x_wconf 90' lang='lat' dir='ltr'>in</span> <span class='ocrx_word' id='word_1_314' title='bbox 1560 4189 1679 4225; x_wconf 85' lang='lat' dir='ltr'>sese</span> <span class='ocrx_word' id='word_1_315' title='bbox 1731 4172 1939 4237; x_wconf 86' lang='lat' dir='ltr'>habet;</span> 
     </span>
    </p>
   </div>
   <div class='ocr_carea' id='block_1_40' title="bbox 242 4258 1939 4330">
    <p class='ocr_par' dir='ltr' id='par_1_40' title="bbox 242 4258 1939 4330">
     <span class='ocr_line' id='line_1_40' title="bbox 242 4258 1939 4330; baseline -0.001 -14"><span class='ocrx_word' id='word_1_316' title='bbox 242 4276 348 4316; x_wconf 91' lang='lat' dir='ltr'>nec</span> <span class='ocrx_word' id='word_1_317' title='bbox 380 4261 551 4315; x_wconf 87' lang='lat' dir='ltr'>ullam</span> <span class='ocrx_word' id='word_1_318' title='bbox 579 4275 701 4314; x_wconf 88' lang='lat' dir='ltr'>rem</span> <span class='ocrx_word' id='word_1_319' title='bbox 729 4258 962 4313; x_wconf 88' lang='lat' dir='ltr'>scientia</span> <span class='ocrx_word' id='word_1_320' title='bbox 991 4260 1407 4329; x_wconf 88' lang='lat' dir='ltr'>complectitur,</span> <span class='ocrx_word' id='word_1_321' title='bbox 1434 4260 1541 4313; x_wconf 89' lang='lat' dir='ltr'>nisi</span> <span class='ocrx_word' id='word_1_322' title='bbox 1574 4277 1701 4330; x_wconf 78' lang='lat' dir='ltr'>quae</span> <span class='ocrx_word' id='word_1_323' title='bbox 1734 4262 1804 4315; x_wconf 91' lang='lat' dir='ltr'>ad</span> <span class='ocrx_word' id='word_1_324' title='bbox 1835 4261 1939 4315; x_wconf 88' lang='lat' dir='ltr'>ali-</span> 
     </span>
    </p>
   </div>
   <div class='ocr_carea' id='block_1_41' title="bbox 241 4346 1945 4422">
    <p class='ocr_par' dir='ltr' id='par_1_41' title="bbox 241 4346 1945 4422">
     <span class='ocr_line' id='line_1_41' title="bbox 241 4346 1945 4422; baseline -0.002 -18"><span class='ocrx_word' id='word_1_325' title='bbox 241 4365 421 4422; x_wconf 89' lang='lat' dir='ltr'>quam</span> <span class='ocrx_word' id='word_1_326' title='bbox 457 4350 742 4420; x_wconf 87' lang='lat' dir='ltr'>pertineat</span> <span class='ocrx_word' id='word_1_327' title='bbox 770 4347 1128 4417; x_wconf 90' lang='lat' dir='ltr'>disciplinam</span> <span class='ocrx_word' id='word_1_328' title='bbox 1159 4346 1257 4418; x_wconf 76' lang='grc' dir='ltr'>(ιι).</span> <span class='ocrx_word' id='word_1_329' title='bbox 1304 4349 1397 4402; x_wconf 87' lang='lat' dir='ltr'>Est</span> <span class='ocrx_word' id='word_1_330' title='bbox 1435 4348 1589 4402; x_wconf 90' lang='lat' dir='ltr'>enim</span> <span class='ocrx_word' id='word_1_331' title='bbox 1644 4348 1945 4418; x_wconf 87' lang='lat' dir='ltr'>disciplina</span> 
     </span>
    </p>
   </div>
   <div class='ocr_carea' id='block_1_42' title="bbox 241 4436 1945 4511">
    <p class='ocr_par' dir='ltr' id='par_1_42' title="bbox 241 4436 1945 4511">
     <span class='ocr_line' id='line_1_42' title="bbox 241 4436 1945 4511; baseline -0.002 -18"><span class='ocrx_word' id='word_1_332' title='bbox 241 4453 741 4511; x_wconf 88' lang='lat' dir='ltr'>quarumcumque</span> <span class='ocrx_word' id='word_1_333' title='bbox 763 4452 956 4491; x_wconf 91' lang='lat' dir='ltr'>rerum</span> <span class='ocrx_word' id='word_1_334' title='bbox 986 4436 1237 4491; x_wconf 87' lang='lat' dir='ltr'>scientia.</span> <span class='ocrx_word' id='word_1_335' title='bbox 1263 4437 1499 4507; x_wconf 89' lang='lat' dir='ltr'>Semper</span> <span class='ocrx_word' id='word_1_336' title='bbox 1523 4436 1701 4508; x_wconf 87' lang='lat' dir='ltr'>igitur</span> <span class='ocrx_word' id='word_1_337' title='bbox 1721 4437 1945 4491; x_wconf 90' lang='lat' dir='ltr'>animus</span> 
     </span>
    </p>
   </div>
   <div class='ocr_carea' id='block_1_43' title="bbox 242 4527 725 4584">
    <p class='ocr_par' dir='ltr' id='par_1_43' title="bbox 242 4527 725 4584">
     <span class='ocr_line' id='line_1_43' title="bbox 242 4527 725 4584; baseline -0.006 0"><span class='ocrx_word' id='word_1_338' title='bbox 242 4532 538 4584; x_wconf 87' lang='lat' dir='ltr'>humanus</span> <span class='ocrx_word' id='word_1_339' title='bbox 568 4527 725 4581; x_wconf 87' lang='lat' dir='ltr'>vivit.</span> 
     </span>
    </p>
   </div>
   <div class='ocr_carea' id='block_1_44' title="bbox 309 4614 1169 4744">
    <p class='ocr_par' dir='ltr' id='par_1_44' title="bbox 309 4614 1169 4744">
     <span class='ocr_line' id='line_1_44' title="bbox 309 4614 1169 4744; baseline -0.002 -78"><span class='ocrx_word' id='word_1_340' title='bbox 309 4618 389 4744; x_wconf 53' lang='grc' dir='ltr'>(αξ</span> <span class='ocrx_word' id='word_1_341' title='bbox 415 4617 649 4679; x_wconf 89' lang='lat' dir='ltr'>Scriptus</span> <span class='ocrx_word' id='word_1_342' title='bbox 679 4630 821 4664; x_wconf 92' lang='lat' dir='ltr'>anno</span> <span class='ocrx_word' id='word_1_343' title='bbox 847 4614 1036 4663; x_wconf 88' lang='lat' dir='ltr'>Christi</span> <span class='ocrx_word' id='word_1_344' title='bbox 1060 4616 1169 4664; x_wconf 83' lang='lat'>387.</span> 
     </span>
     <span class='ocr_line' id='line_1_45' title="bbox 310 4678 1106 4744; baseline -0.001 -17"><span class='ocrx_word' id='word_1_345' title='bbox 310 4680 360 4744; x_wconf 63' lang='grc' dir='ltr'>(ὁ</span> <span class='ocrx_word' id='word_1_346' title='bbox 416 4680 436 4744; x_wconf 83' lang='lat' dir='ltr'>l</span> <span class='ocrx_word' id='word_1_347' title='bbox 472 4680 717 4744; x_wconf 50' lang='grc' dir='ltr'>ἕζευ-αεὶ..</span> <span class='ocrx_word' id='word_1_348' title='bbox 749 4692 860 4741; x_wconf 88' lang='lat' dir='ltr'>cap.</span> <span class='ocrx_word' id='word_1_349' title='bbox 900 4679 946 4738; x_wconf 74' lang='grc'>4,</span> <span class='ocrx_word' id='word_1_350' title='bbox 973 4691 1027 4725; x_wconf 95' lang='lat' dir='ltr'>n.</span> <span class='ocrx_word' id='word_1_351' title='bbox 1060 4678 1106 4726; x_wconf 88' lang='lat'>2.</span> 
     </span>
    </p>
   </div>
   <div class='ocr_carea' id='block_1_45' title="bbox 332 4678 1106 4741">
    <p class='ocr_par' dir='ltr' id='par_1_45' title="bbox 332 4678 1106 4741">
     <span class='ocr_line' id='line_1_46' title="bbox 332 4678 1106 4741; baseline -0.001 -14"><span class='ocrx_word' id='word_1_352' title='bbox 332 4678 383 4741; x_wconf 78' lang='grc' dir='ltr'>ὸ)</span> <span class='ocrx_word' id='word_1_353' title='bbox 416 4680 436 4728; x_wconf 93' lang='lat' dir='ltr'>l</span> <span class='ocrx_word' id='word_1_354' title='bbox 472 4678 717 4736; x_wconf 63' lang='grc' dir='ltr'>Βόα-αεὶ..</span> <span class='ocrx_word' id='word_1_355' title='bbox 749 4692 860 4741; x_wconf 88' lang='lat' dir='ltr'>cap.</span> <span class='ocrx_word' id='word_1_356' title='bbox 900 4679 946 4738; x_wconf 74' lang='grc'>4,</span> <span class='ocrx_word' id='word_1_357' title='bbox 973 4691 1027 4725; x_wconf 95' lang='lat' dir='ltr'>n.</span> <span class='ocrx_word' id='word_1_358' title='bbox 1060 4678 1106 4726; x_wconf 88' lang='lat'>2.</span> 
     </span>
    </p>
   </div>
   <div class='ocr_carea' id='block_1_46' title="bbox 330 4741 545 4865">
    <p class='ocr_par' dir='ltr' id='par_1_46' title="bbox 330 4741 545 4865">
     <span class='ocr_line' id='line_1_47' title="bbox 330 4741 543 4803; baseline -0.009 -14"><span class='ocrx_word' id='word_1_359' title='bbox 330 4741 379 4803; x_wconf 79' lang='grc' dir='ltr'>ο)</span> <span class='ocrx_word' id='word_1_360' title='bbox 414 4741 543 4791; x_wconf 91' lang='lat' dir='ltr'>Ibid.</span> 
     </span>
     <span class='ocr_line' id='line_1_48' title="bbox 330 4803 545 4865; baseline -0.009 -12"><span class='ocrx_word' id='word_1_361' title='bbox 330 4805 384 4865; x_wconf 77' lang='grc' dir='ltr'>ά)</span> <span class='ocrx_word' id='word_1_362' title='bbox 413 4803 545 4853; x_wconf 88' lang='lat' dir='ltr'>Ibid.</span> 
     </span>
    </p>
   </div>
   <div class='ocr_carea' id='block_1_47' title="bbox 310 4692 327 4865">
    <p class='ocr_par' dir='ltr' id='par_1_47' title="bbox 310 4692 327 4865">
     <span class='ocr_line' id='line_1_49' title="bbox 310 4692 327 4865; baseline 0 0"><span class='ocrx_word' id='word_1_363' title='bbox 310 4692 327 4865; x_wconf 63' lang='grc' dir='ltr'>ἓ</span> 
     </span>
    </p>
   </div>
   <div class='ocr_carea' id='block_1_48' title="bbox 2106 1256 3730 1327">
    <p class='ocr_par' dir='ltr' id='par_1_48' title="bbox 2106 1256 3730 1327">
     <span class='ocr_line' id='line_1_50' title="bbox 2106 1256 3730 1327; baseline -0.004 -13"><span class='ocrx_word' id='word_1_364' title='bbox 2106 1260 2329 1314; x_wconf 83' lang='lat' dir='ltr'>CAPUT</span> <span class='ocrx_word' id='word_1_365' title='bbox 2359 1260 2429 1314; x_wconf 92' lang='lat' dir='ltr'>II.</span> <span class='ocrx_word' id='word_1_366' title='bbox 2454 1289 2522 1298; x_wconf 97' lang='lat'>—</span> <span class='ocrx_word' id='word_1_367' title='bbox 2550 1262 2687 1313; x_wconf 80' lang='lat' dir='ltr'>Alia</span> <span class='ocrx_word' id='word_1_368' title='bbox 2712 1262 2874 1324; x_wconf 81' lang='lat' dir='ltr'>ratio,</span> <span class='ocrx_word' id='word_1_369' title='bbox 2898 1262 3029 1327; x_wconf 85' lang='lat' dir='ltr'>quia</span> <span class='ocrx_word' id='word_1_370' title='bbox 3058 1260 3357 1327; x_wconf 81' lang='lat' dir='ltr'>subjectum</span> <span class='ocrx_word' id='word_1_371' title='bbox 3384 1262 3462 1311; x_wconf 87' lang='lat' dir='ltr'>est</span> <span class='ocrx_word' id='word_1_372' title='bbox 3500 1256 3730 1309; x_wconf 84' lang='lat' dir='ltr'>rationis</span> 
     </span>
    </p>
   </div>
   <div class='ocr_carea' id='block_1_49' title="bbox 2622 1352 3153 1416">
    <p class='ocr_par' dir='ltr' id='par_1_49' title="bbox 2622 1352 3153 1416">
     <span class='ocr_line' id='line_1_51' title="bbox 2622 1352 3153 1416; baseline -0.002 -16"><span class='ocrx_word' id='word_1_373' title='bbox 2622 1365 2739 1416; x_wconf 71' lang='lat' dir='ltr'>qua,u</span> <span class='ocrx_word' id='word_1_374' title='bbox 2762 1364 2867 1401; x_wconf 86' lang='lat' dir='ltr'>non</span> <span class='ocrx_word' id='word_1_375' title='bbox 2888 1352 3153 1400; x_wconf 85' lang='lat' dir='ltr'>mutatur.</span> 
     </span>
    </p>
   </div>
   <div class='ocr_carea' id='block_1_50' title="bbox 2105 1428 3726 1505">
    <p class='ocr_par' dir='ltr' id='par_1_50' title="bbox 2105 1428 3726 1505">
     <span class='ocr_line' id='line_1_52' title="bbox 2105 1428 3726 1505; baseline -0.007 -15"><span class='ocrx_word' id='word_1_376' title='bbox 2105 1439 2156 1489; x_wconf 82' lang='lat'>2.</span> <span class='ocrx_word' id='word_1_377' title='bbox 2189 1436 2348 1489; x_wconf 81' lang='lat' dir='ltr'>Ratio</span> <span class='ocrx_word' id='word_1_378' title='bbox 2388 1436 2642 1505; x_wconf 86' lang='lat' dir='ltr'>profecto</span> <span class='ocrx_word' id='word_1_379' title='bbox 2687 1441 2784 1488; x_wconf 92' lang='lat' dir='ltr'>aut</span> <span class='ocrx_word' id='word_1_380' title='bbox 2825 1435 3052 1487; x_wconf 90' lang='lat' dir='ltr'>animus</span> <span class='ocrx_word' id='word_1_381' title='bbox 3103 1436 3203 1490; x_wconf 88' lang='lat' dir='ltr'>est,</span> <span class='ocrx_word' id='word_1_382' title='bbox 3245 1436 3346 1483; x_wconf 91' lang='lat' dir='ltr'>aut</span> <span class='ocrx_word' id='word_1_383' title='bbox 3401 1431 3460 1482; x_wconf 92' lang='lat' dir='ltr'>in</span> <span class='ocrx_word' id='word_1_384' title='bbox 3510 1428 3726 1481; x_wconf 91' lang='lat' dir='ltr'>animo.</span> 
     </span>
    </p>
   </div>
   <div class='ocr_carea' id='block_1_51' title="bbox 2037 1518 3731 1592">
    <p class='ocr_par' dir='ltr' id='par_1_51' title="bbox 2037 1518 3731 1592">
     <span class='ocr_line' id='line_1_53' title="bbox 2037 1518 3731 1592; baseline -0.006 -15"><span class='ocrx_word' id='word_1_385' title='bbox 2037 1524 2234 1577; x_wconf 78' lang='lat' dir='ltr'>Melior</span> <span class='ocrx_word' id='word_1_386' title='bbox 2260 1531 2447 1578; x_wconf 90' lang='lat' dir='ltr'>autem</span> <span class='ocrx_word' id='word_1_387' title='bbox 2482 1524 2624 1578; x_wconf 89' lang='lat' dir='ltr'>ratio</span> <span class='ocrx_word' id='word_1_388' title='bbox 2658 1528 2871 1587; x_wconf 88' lang='lat' dir='ltr'>nostra,</span> <span class='ocrx_word' id='word_1_389' title='bbox 2906 1537 3080 1592; x_wconf 89' lang='lat' dir='ltr'>quam</span> <span class='ocrx_word' id='word_1_390' title='bbox 3114 1536 3319 1588; x_wconf 87' lang='lat' dir='ltr'>corpus</span> <span class='ocrx_word' id='word_1_391' title='bbox 3351 1521 3642 1570; x_wconf 88' lang='lat' dir='ltr'>nostrum:</span> <span class='ocrx_word' id='word_1_392' title='bbox 3675 1518 3731 1567; x_wconf 86' lang='lat' dir='ltr'>et</span> 
     </span>
    </p>
   </div>
   <div class='ocr_carea' id='block_1_52' title="bbox 2037 1604 3734 1684">
    <p class='ocr_par' dir='ltr' id='par_1_52' title="bbox 2037 1604 3734 1684">
     <span class='ocr_line' id='line_1_54' title="bbox 2037 1604 3734 1684; baseline -0.008 -17"><span class='ocrx_word' id='word_1_393' title='bbox 2037 1630 2242 1684; x_wconf 89' lang='lat' dir='ltr'>corpus</span> <span class='ocrx_word' id='word_1_394' title='bbox 2271 1618 2526 1667; x_wconf 90' lang='lat' dir='ltr'>nostrum</span> <span class='ocrx_word' id='word_1_395' title='bbox 2560 1613 2835 1666; x_wconf 89' lang='lat' dir='ltr'>nonnulla</span> <span class='ocrx_word' id='word_1_396' title='bbox 2864 1608 3181 1663; x_wconf 85' lang='lat' dir='ltr'>substantia</span> <span class='ocrx_word' id='word_1_397' title='bbox 3212 1612 3312 1670; x_wconf 91' lang='lat' dir='ltr'>est,</span> <span class='ocrx_word' id='word_1_398' title='bbox 3346 1611 3400 1659; x_wconf 92' lang='lat' dir='ltr'>et</span> <span class='ocrx_word' id='word_1_399' title='bbox 3422 1604 3623 1657; x_wconf 77' lang='lat' dir='ltr'>melius</span> <span class='ocrx_word' id='word_1_400' title='bbox 3649 1605 3734 1654; x_wconf 87' lang='lat' dir='ltr'>est</span> 
     </span>
    </p>
   </div>
   <div class='ocr_carea' id='block_1_53' title="bbox 2039 1689 3733 1769">
    <p class='ocr_par' dir='ltr' id='par_1_53' title="bbox 2039 1689 3733 1769">
     <span class='ocr_line' id='line_1_55' title="bbox 2039 1689 3733 1769; baseline -0.009 -13"><span class='ocrx_word' id='word_1_401' title='bbox 2039 1719 2159 1756; x_wconf 89' lang='lat' dir='ltr'>esse</span> <span class='ocrx_word' id='word_1_402' title='bbox 2190 1703 2584 1765; x_wconf 88' lang='lat' dir='ltr'>substantiam,</span> <span class='ocrx_word' id='word_1_403' title='bbox 2626 1716 2799 1769; x_wconf 88' lang='lat' dir='ltr'>quam</span> <span class='ocrx_word' id='word_1_404' title='bbox 2856 1699 3034 1752; x_wconf 90' lang='lat' dir='ltr'>nihil:</span> <span class='ocrx_word' id='word_1_405' title='bbox 3095 1713 3210 1749; x_wconf 79' lang='grc' dir='ltr'>ηοω</span> <span class='ocrx_word' id='word_1_406' title='bbox 3256 1700 3338 1747; x_wconf 86' lang='lat' dir='ltr'>est</span> <span class='ocrx_word' id='word_1_407' title='bbox 3378 1694 3556 1761; x_wconf 84' lang='lat' dir='ltr'>igitur</span> <span class='ocrx_word' id='word_1_408' title='bbox 3591 1689 3733 1743; x_wconf 87' lang='lat' dir='ltr'>ratio</span> 
     </span>
    </p>
   </div>
   <div class='ocr_carea' id='block_1_54' title="bbox 2033 1778 3733 1860">
    <p class='ocr_par' dir='ltr' id='par_1_54' title="bbox 2033 1778 3733 1860">
     <span class='ocr_line' id='line_1_56' title="bbox 2033 1778 3733 1860; baseline -0.01 -16"><span class='ocrx_word' id='word_1_409' title='bbox 2033 1783 2201 1845; x_wconf 85' lang='lat' dir='ltr'>nihil.</span> <span class='ocrx_word' id='word_1_410' title='bbox 2235 1794 2502 1854; x_wconf 78' lang='lat' dir='ltr'>Rursum,</span> <span class='ocrx_word' id='word_1_411' title='bbox 2551 1803 2926 1860; x_wconf 60' lang='lat' dir='ltr'>quaecumque</span> <span class='ocrx_word' id='word_1_412' title='bbox 2970 1782 3273 1839; x_wconf 86' lang='lat' dir='ltr'>harmonia</span> <span class='ocrx_word' id='word_1_413' title='bbox 3324 1778 3579 1850; x_wconf 89' lang='lat' dir='ltr'>corporis</span> <span class='ocrx_word' id='word_1_414' title='bbox 3629 1780 3733 1834; x_wconf 90' lang='lat' dir='ltr'>est,</span> 
     </span>
    </p>
   </div>
   <div class='ocr_carea' id='block_1_55' title="bbox 2041 1867 3733 1948">
    <p class='ocr_par' dir='ltr' id='par_1_55' title="bbox 2041 1867 3733 1948">
     <span class='ocr_line' id='line_1_57' title="bbox 2041 1867 3733 1948; baseline -0.01 -17"><span class='ocrx_word' id='word_1_415' title='bbox 2041 1878 2097 1931; x_wconf 91' lang='lat' dir='ltr'>in</span> <span class='ocrx_word' id='word_1_416' title='bbox 2127 1878 2377 1948; x_wconf 91' lang='lat' dir='ltr'>subjecto</span> <span class='ocrx_word' id='word_1_417' title='bbox 2404 1894 2639 1947; x_wconf 91' lang='lat' dir='ltr'>corpore</span> <span class='ocrx_word' id='word_1_418' title='bbox 2653 1877 2724 1929; x_wconf 90' lang='lat' dir='ltr'>sit</span> <span class='ocrx_word' id='word_1_419' title='bbox 2749 1890 2976 1929; x_wconf 90' lang='lat' dir='ltr'>necesse</span> <span class='ocrx_word' id='word_1_420' title='bbox 3009 1879 3065 1926; x_wconf 89' lang='lat' dir='ltr'>et</span> <span class='ocrx_word' id='word_1_421' title='bbox 3113 1867 3595 1940; x_wconf 89' lang='lat' dir='ltr'>inseparabiliter,</span> <span class='ocrx_word' id='word_1_422' title='bbox 3628 1879 3733 1916; x_wconf 92' lang='lat' dir='ltr'>nec</span> 
     </span>
    </p>
   </div>
   <div class='ocr_carea' id='block_1_56' title="bbox 2042 1950 3736 2036">
    <p class='ocr_par' dir='ltr' id='par_1_56' title="bbox 2042 1950 3736 2036">
     <span class='ocr_line' id='line_1_58' title="bbox 2042 1950 3736 2036; baseline -0.009 -17"><span class='ocrx_word' id='word_1_423' title='bbox 2042 1967 2194 2019; x_wconf 91' lang='lat' dir='ltr'>aliud</span> <span class='ocrx_word' id='word_1_424' title='bbox 2228 1966 2539 2036; x_wconf 89' lang='lat' dir='ltr'>quidquam</span> <span class='ocrx_word' id='word_1_425' title='bbox 2569 1965 2627 2017; x_wconf 93' lang='lat' dir='ltr'>in</span> <span class='ocrx_word' id='word_1_426' title='bbox 2657 1965 2755 2017; x_wconf 90' lang='lat' dir='ltr'>illa</span> <span class='ocrx_word' id='word_1_427' title='bbox 2784 1961 3084 2017; x_wconf 90' lang='lat' dir='ltr'>harmonia</span> <span class='ocrx_word' id='word_1_428' title='bbox 3114 1976 3234 2013; x_wconf 91' lang='lat' dir='ltr'>esse</span> <span class='ocrx_word' id='word_1_429' title='bbox 3265 1958 3549 2018; x_wconf 87' lang='lat' dir='ltr'>credatur,</span> <span class='ocrx_word' id='word_1_430' title='bbox 3582 1950 3736 2023; x_wconf 91' lang='lat' dir='ltr'>quod</span> 
     </span>
    </p>
   </div>
   <div class='ocr_carea' id='block_1_57' title="bbox 2042 2040 3737 2124">
    <p class='ocr_par' dir='ltr' id='par_1_57' title="bbox 2042 2040 3737 2124">
     <span class='ocr_line' id='line_1_59' title="bbox 2042 2040 3737 2124; baseline -0.009 -18"><span class='ocrx_word' id='word_1_431' title='bbox 2042 2069 2160 2106; x_wconf 91' lang='lat' dir='ltr'>non</span> <span class='ocrx_word' id='word_1_432' title='bbox 2199 2070 2361 2124; x_wconf 69' lang='lat' dir='ltr'>mque</span> <span class='ocrx_word' id='word_1_433' title='bbox 2394 2053 2710 2107; x_wconf 91' lang='lat' dir='ltr'>necessario</span> <span class='ocrx_word' id='word_1_434' title='bbox 2740 2052 2812 2105; x_wconf 88' lang='lat' dir='ltr'>sit</span> <span class='ocrx_word' id='word_1_435' title='bbox 2857 2051 2918 2104; x_wconf 91' lang='lat' dir='ltr'>in</span> <span class='ocrx_word' id='word_1_436' title='bbox 2950 2050 3203 2119; x_wconf 91' lang='lat' dir='ltr'>subjecto</span> <span class='ocrx_word' id='word_1_437' title='bbox 3235 2048 3332 2099; x_wconf 92' lang='lat' dir='ltr'>illo</span> <span class='ocrx_word' id='word_1_438' title='bbox 3371 2058 3629 2113; x_wconf 85' lang='lat' dir='ltr'>corpore,</span> <span class='ocrx_word' id='word_1_439' title='bbox 3677 2040 3737 2092; x_wconf 90' lang='lat' dir='ltr'>iu</span> 
     </span>
    </p>
   </div>
   <div class='ocr_carea' id='block_1_58' title="bbox 2043 2129 3736 2213">
    <p class='ocr_par' dir='ltr' id='par_1_58' title="bbox 2043 2129 3736 2213">
     <span class='ocr_line' id='line_1_60' title="bbox 2043 2129 3736 2213; baseline -0.008 -20"><span class='ocrx_word' id='word_1_440' title='bbox 2043 2158 2157 2211; x_wconf 89' lang='lat' dir='ltr'>quo</span> <span class='ocrx_word' id='word_1_441' title='bbox 2187 2147 2241 2195; x_wconf 88' lang='lat' dir='ltr'>et</span> <span class='ocrx_word' id='word_1_442' title='bbox 2260 2142 2384 2213; x_wconf 89' lang='lat' dir='ltr'>ipsa</span> <span class='ocrx_word' id='word_1_443' title='bbox 2413 2140 2714 2194; x_wconf 89' lang='lat' dir='ltr'>harmonia</span> <span class='ocrx_word' id='word_1_444' title='bbox 2743 2155 2855 2193; x_wconf 91' lang='lat' dir='ltr'>non</span> <span class='ocrx_word' id='word_1_445' title='bbox 2888 2138 3076 2191; x_wconf 90' lang='lat' dir='ltr'>minus</span> <span class='ocrx_word' id='word_1_446' title='bbox 3098 2133 3579 2204; x_wconf 88' lang='lat' dir='ltr'>inseparabiliter.</span> <span class='ocrx_word' id='word_1_447' title='bbox 3616 2129 3736 2182; x_wconf 80' lang='lat' dir='ltr'>Mu-</span> 
     </span>
    </p>
   </div>
   <div class='ocr_carea' id='block_1_59' title="bbox 2042 2217 3734 2298">
    <p class='ocr_par' dir='ltr' id='par_1_59' title="bbox 2042 2217 3734 2298">
     <span class='ocr_line' id='line_1_61' title="bbox 2042 2217 3734 2298; baseline -0.011 -14"><span class='ocrx_word' id='word_1_448' title='bbox 2042 2230 2213 2284; x_wconf 88' lang='lat' dir='ltr'>tabile</span> <span class='ocrx_word' id='word_1_449' title='bbox 2228 2234 2310 2284; x_wconf 88' lang='lat' dir='ltr'>est</span> <span class='ocrx_word' id='word_1_450' title='bbox 2336 2235 2524 2283; x_wconf 88' lang='lat' dir='ltr'>autem</span> <span class='ocrx_word' id='word_1_451' title='bbox 2541 2244 2746 2298; x_wconf 89' lang='lat' dir='ltr'>corpus</span> <span class='ocrx_word' id='word_1_452' title='bbox 2775 2228 3115 2290; x_wconf 90' lang='lat' dir='ltr'>humanum,</span> <span class='ocrx_word' id='word_1_453' title='bbox 3149 2229 3204 2277; x_wconf 88' lang='lat' dir='ltr'>et</span> <span class='ocrx_word' id='word_1_454' title='bbox 3234 2217 3611 2276; x_wconf 87' lang='lat' dir='ltr'>immutabilis</span> <span class='ocrx_word' id='word_1_455' title='bbox 3642 2230 3734 2267; x_wconf 89' lang='lat' dir='ltr'>ra—</span> 
     </span>
    </p>
   </div>
   <div class='ocr_carea' id='block_1_60' title="bbox 2042 2302 3737 2384">
    <p class='ocr_par' dir='ltr' id='par_1_60' title="bbox 2042 2302 3737 2384">
     <span class='ocr_line' id='line_1_62' title="bbox 2042 2302 3737 2384; baseline -0.009 -14"><span class='ocrx_word' id='word_1_456' title='bbox 2042 2318 2141 2371; x_wconf 91' lang='lat' dir='ltr'>tio.</span> <span class='ocrx_word' id='word_1_457' title='bbox 2172 2317 2699 2372; x_wconf 78' lang='lat' dir='ltr'>ltlutabileestenim</span> <span class='ocrx_word' id='word_1_458' title='bbox 2716 2331 2885 2368; x_wconf 90' lang='lat' dir='ltr'>omne</span> <span class='ocrx_word' id='word_1_459' title='bbox 2905 2315 3054 2384; x_wconf 89' lang='lat' dir='ltr'>quod</span> <span class='ocrx_word' id='word_1_460' title='bbox 3087 2327 3313 2381; x_wconf 85' lang='lat' dir='ltr'>semper</span> <span class='ocrx_word' id='word_1_461' title='bbox 3335 2309 3537 2362; x_wconf 88' lang='lat' dir='ltr'>eodem</span> <span class='ocrx_word' id='word_1_462' title='bbox 3566 2302 3737 2357; x_wconf 90' lang='lat' dir='ltr'>modo</span> 
     </span>
    </p>
   </div>
   <div class='ocr_carea' id='block_1_61' title="bbox 2040 2399 3735 2475">
    <p class='ocr_par' dir='ltr' id='par_1_61' title="bbox 2040 2399 3735 2475">
     <span class='ocr_line' id='line_1_63' title="bbox 2040 2399 3735 2475; baseline -0.008 -15"><span class='ocrx_word' id='word_1_463' title='bbox 2040 2422 2157 2459; x_wconf 91' lang='lat' dir='ltr'>non</span> <span class='ocrx_word' id='word_1_464' title='bbox 2189 2411 2289 2459; x_wconf 88' lang='lat' dir='ltr'>est.</span> <span class='ocrx_word' id='word_1_465' title='bbox 2327 2408 2390 2459; x_wconf 89' lang='lat' dir='ltr'>Et</span> <span class='ocrx_word' id='word_1_466' title='bbox 2416 2420 2641 2475; x_wconf 89' lang='lat' dir='ltr'>semper</span> <span class='ocrx_word' id='word_1_467' title='bbox 2668 2404 2868 2457; x_wconf 86' lang='lat' dir='ltr'>eodem</span> <span class='ocrx_word' id='word_1_468' title='bbox 2901 2402 3072 2456; x_wconf 90' lang='lat' dir='ltr'>modo</span> <span class='ocrx_word' id='word_1_469' title='bbox 3104 2406 3205 2454; x_wconf 89' lang='lat' dir='ltr'>est.</span> <span class='ocrx_word' id='word_1_470' title='bbox 3237 2402 3354 2453; x_wconf 91' lang='lat' dir='ltr'>Duo</span> <span class='ocrx_word' id='word_1_471' title='bbox 3383 2402 3440 2450; x_wconf 89' lang='lat' dir='ltr'>et</span> <span class='ocrx_word' id='word_1_472' title='bbox 3468 2399 3735 2465; x_wconf 90' lang='lat' dir='ltr'>quatuor,</span> 
     </span>
    </p>
   </div>
   <div class='ocr_carea' id='block_1_62' title="bbox 2042 2483 3742 2563">
    <p class='ocr_par' dir='ltr' id='par_1_62' title="bbox 2042 2483 3742 2563">
     <span class='ocr_line' id='line_1_64' title="bbox 2042 2483 3742 2563; baseline -0.008 -15"><span class='ocrx_word' id='word_1_473' title='bbox 2042 2512 2138 2548; x_wconf 82' lang='lat' dir='ltr'>sex</span> <span class='ocrx_word' id='word_1_474' title='bbox 2170 2495 2210 2548; x_wconf 78' lang='grc' dir='ltr'>ί.</span> <span class='ocrx_word' id='word_1_475' title='bbox 2259 2496 2396 2548; x_wconf 83' lang='lat' dir='ltr'>Item</span> <span class='ocrx_word' id='word_1_476' title='bbox 2426 2509 2653 2563; x_wconf 90' lang='lat' dir='ltr'>semper</span> <span class='ocrx_word' id='word_1_477' title='bbox 2682 2492 2884 2546; x_wconf 89' lang='lat' dir='ltr'>eodem</span> <span class='ocrx_word' id='word_1_478' title='bbox 2915 2490 3082 2544; x_wconf 90' lang='lat' dir='ltr'>modo</span> <span class='ocrx_word' id='word_1_479' title='bbox 3114 2494 3199 2543; x_wconf 87' lang='lat' dir='ltr'>est</span> <span class='ocrx_word' id='word_1_480' title='bbox 3243 2488 3394 2557; x_wconf 91' lang='lat' dir='ltr'>quod</span> <span class='ocrx_word' id='word_1_481' title='bbox 3435 2490 3538 2551; x_wconf 86' lang='lat' dir='ltr'>est,</span> <span class='ocrx_word' id='word_1_482' title='bbox 3589 2483 3742 2554; x_wconf 89' lang='lat' dir='ltr'>quod</span> 
     </span>
    </p>
   </div>
   <div class='ocr_carea' id='block_1_63' title="bbox 2042 2575 3745 2653">
    <p class='ocr_par' dir='ltr' id='par_1_63' title="bbox 2042 2575 3745 2653">
     <span class='ocr_line' id='line_1_65' title="bbox 2042 2575 3745 2653; baseline -0.007 -16"><span class='ocrx_word' id='word_1_483' title='bbox 2042 2586 2288 2653; x_wconf 90' lang='lat' dir='ltr'>quatuor</span> <span class='ocrx_word' id='word_1_484' title='bbox 2319 2583 2530 2636; x_wconf 90' lang='lat' dir='ltr'>habent</span> <span class='ocrx_word' id='word_1_485' title='bbox 2560 2582 2671 2635; x_wconf 82' lang='lat' dir='ltr'>duo</span> <span class='ocrx_word' id='word_1_486' title='bbox 2703 2586 2757 2633; x_wconf 91' lang='lat' dir='ltr'>et</span> <span class='ocrx_word' id='word_1_487' title='bbox 2777 2582 2888 2633; x_wconf 90' lang='lat' dir='ltr'>duo</span> <span class='ocrx_word' id='word_1_488' title='bbox 2914 2597 2926 2645; x_wconf 88' lang='lat'><strong>;</strong></span> <span class='ocrx_word' id='word_1_489' title='bbox 2960 2581 3071 2632; x_wconf 90' lang='lat' dir='ltr'>hoc</span> <span class='ocrx_word' id='word_1_490' title='bbox 3123 2582 3317 2631; x_wconf 87' lang='lat' dir='ltr'>autem</span> <span class='ocrx_word' id='word_1_491' title='bbox 3357 2591 3472 2629; x_wconf 93' lang='lat' dir='ltr'>non</span> <span class='ocrx_word' id='word_1_492' title='bbox 3531 2575 3745 2627; x_wconf 88' lang='lat' dir='ltr'>habent</span> 
     </span>
    </p>
   </div>
   <div class='ocr_carea' id='block_1_64' title="bbox 2043 2662 3744 2741">
    <p class='ocr_par' dir='ltr' id='par_1_64' title="bbox 2043 2662 3744 2741">
     <span class='ocr_line' id='line_1_66' title="bbox 2043 2662 3744 2741; baseline -0.008 -15"><span class='ocrx_word' id='word_1_493' title='bbox 2043 2672 2189 2726; x_wconf 90' lang='lat' dir='ltr'>duo:</span> <span class='ocrx_word' id='word_1_494' title='bbox 2225 2672 2336 2726; x_wconf 92' lang='lat' dir='ltr'>duo</span> <span class='ocrx_word' id='word_1_495' title='bbox 2368 2672 2545 2741; x_wconf 88' lang='lat' dir='ltr'>igitur</span> <span class='ocrx_word' id='word_1_496' title='bbox 2576 2675 2823 2739; x_wconf 89' lang='lat' dir='ltr'>quatuor</span> <span class='ocrx_word' id='word_1_497' title='bbox 2853 2684 2971 2721; x_wconf 91' lang='lat' dir='ltr'>non</span> <span class='ocrx_word' id='word_1_498' title='bbox 3002 2672 3151 2719; x_wconf 88' lang='lat' dir='ltr'>sunt.</span> <span class='ocrx_word' id='word_1_499' title='bbox 3199 2666 3291 2718; x_wconf 84' lang='lat' dir='ltr'>Est</span> <span class='ocrx_word' id='word_1_500' title='bbox 3309 2669 3499 2717; x_wconf 91' lang='lat' dir='ltr'>autem</span> <span class='ocrx_word' id='word_1_501' title='bbox 3526 2662 3633 2714; x_wconf 89' lang='lat' dir='ltr'>ista</span> <span class='ocrx_word' id='word_1_502' title='bbox 3662 2676 3744 2712; x_wconf 87' lang='lat' dir='ltr'>ra-</span> 
     </span>
    </p>
   </div>
   <div class='ocr_carea' id='block_1_65' title="bbox 2046 2750 3741 2827">
    <p class='ocr_par' dir='ltr' id='par_1_65' title="bbox 2046 2750 3741 2827">
     <span class='ocr_line' id='line_1_67' title="bbox 2046 2750 3741 2827; baseline -0.009 -13"><span class='ocrx_word' id='word_1_503' title='bbox 2046 2764 2121 2815; x_wconf 92' lang='lat' dir='ltr'>tio</span> <span class='ocrx_word' id='word_1_504' title='bbox 2152 2758 2561 2813; x_wconf 87' lang='lat' dir='ltr'>immutabilis:</span> <span class='ocrx_word' id='word_1_505' title='bbox 2596 2758 2769 2827; x_wconf 86' lang='lat' dir='ltr'>igitur</span> <span class='ocrx_word' id='word_1_506' title='bbox 2800 2756 2941 2809; x_wconf 89' lang='lat' dir='ltr'>ratio</span> <span class='ocrx_word' id='word_1_507' title='bbox 2977 2760 3077 2808; x_wconf 76' lang='lat' dir='ltr'>est.</span> <span class='ocrx_word' id='word_1_508' title='bbox 3129 2753 3293 2807; x_wconf 83' lang='lat' dir='ltr'>Nullo</span> <span class='ocrx_word' id='word_1_509' title='bbox 3334 2750 3502 2803; x_wconf 89' lang='lat' dir='ltr'>modo</span> <span class='ocrx_word' id='word_1_510' title='bbox 3551 2753 3741 2801; x_wconf 88' lang='lat' dir='ltr'>autem</span> 
     </span>
    </p>
   </div>
   <div class='ocr_carea' id='block_1_66' title="bbox 2042 2836 3741 2918">
    <p class='ocr_par' dir='ltr' id='par_1_66' title="bbox 2042 2836 3741 2918">
     <span class='ocr_line' id='line_1_68' title="bbox 2042 2836 3741 2918; baseline -0.011 -15"><span class='ocrx_word' id='word_1_511' title='bbox 2042 2854 2249 2918; x_wconf 88' lang='lat' dir='ltr'>potest,</span> <span class='ocrx_word' id='word_1_512' title='bbox 2284 2852 2500 2899; x_wconf 91' lang='lat' dir='ltr'>mutato</span> <span class='ocrx_word' id='word_1_513' title='bbox 2530 2846 2804 2914; x_wconf 87' lang='lat' dir='ltr'>subjecto,</span> <span class='ocrx_word' id='word_1_514' title='bbox 2828 2844 2883 2897; x_wconf 92' lang='lat' dir='ltr'>id</span> <span class='ocrx_word' id='word_1_515' title='bbox 2908 2843 3058 2910; x_wconf 81' lang='lat' dir='ltr'>quod</span> <span class='ocrx_word' id='word_1_516' title='bbox 3090 2841 3148 2893; x_wconf 92' lang='lat' dir='ltr'>in</span> <span class='ocrx_word' id='word_1_517' title='bbox 3178 2857 3243 2893; x_wconf 94' lang='lat' dir='ltr'>eo</span> <span class='ocrx_word' id='word_1_518' title='bbox 3274 2843 3357 2891; x_wconf 90' lang='lat' dir='ltr'>est</span> <span class='ocrx_word' id='word_1_519' title='bbox 3384 2836 3741 2905; x_wconf 86' lang='lat' dir='ltr'>inseparabi-</span> 
     </span>
    </p>
   </div>
   <div class='ocr_carea' id='block_1_67' title="bbox 2044 2922 3742 3000">
    <p class='ocr_par' dir='ltr' id='par_1_67' title="bbox 2044 2922 3742 3000">
     <span class='ocr_line' id='line_1_69' title="bbox 2044 2922 3742 3000; baseline -0.009 -11"><span class='ocrx_word' id='word_1_520' title='bbox 2044 2937 2171 2989; x_wconf 91' lang='lat' dir='ltr'>liter</span> <span class='ocrx_word' id='word_1_521' title='bbox 2198 2950 2315 2989; x_wconf 93' lang='lat' dir='ltr'>non</span> <span class='ocrx_word' id='word_1_522' title='bbox 2371 2932 2597 2987; x_wconf 89' lang='lat' dir='ltr'>mutari.</span> <span class='ocrx_word' id='word_1_523' title='bbox 2652 2934 2773 2986; x_wconf 87' lang='lat' dir='ltr'>Non</span> <span class='ocrx_word' id='word_1_524' title='bbox 2823 2936 2907 2984; x_wconf 89' lang='lat' dir='ltr'>est</span> <span class='ocrx_word' id='word_1_525' title='bbox 2936 2930 3112 3000; x_wconf 87' lang='lat' dir='ltr'>igitur</span> <span class='ocrx_word' id='word_1_526' title='bbox 3144 2926 3445 2981; x_wconf 88' lang='lat' dir='ltr'>harmonia</span> <span class='ocrx_word' id='word_1_527' title='bbox 3486 2922 3742 2993; x_wconf 88' lang='lat' dir='ltr'>corporis</span> 
     </span>
    </p>
   </div>
   <div class='ocr_carea' id='block_1_68' title="bbox 2044 3012 3739 3090">
    <p class='ocr_par' dir='ltr' id='par_1_68' title="bbox 2044 3012 3739 3090">
     <span class='ocr_line' id='line_1_70' title="bbox 2044 3012 3739 3090; baseline -0.009 -12"><span class='ocrx_word' id='word_1_528' title='bbox 2044 3025 2295 3079; x_wconf 90' lang='lat' dir='ltr'>animus.</span> <span class='ocrx_word' id='word_1_529' title='bbox 2329 3024 2440 3076; x_wconf 79' lang='lat' dir='ltr'>Nec</span> <span class='ocrx_word' id='word_1_530' title='bbox 2489 3038 2641 3075; x_wconf 87' lang='lat' dir='ltr'>mors</span> <span class='ocrx_word' id='word_1_531' title='bbox 2673 3025 2857 3090; x_wconf 88' lang='lat' dir='ltr'>potest</span> <span class='ocrx_word' id='word_1_532' title='bbox 2887 3018 3140 3072; x_wconf 89' lang='lat' dir='ltr'>accidere</span> <span class='ocrx_word' id='word_1_533' title='bbox 3168 3012 3626 3069; x_wconf 88' lang='lat' dir='ltr'>immutabilibus</span> <span class='ocrx_word' id='word_1_534' title='bbox 3651 3027 3739 3064; x_wconf 89' lang='lat' dir='ltr'>re-</span> 
     </span>
    </p>
   </div>
   <div class='ocr_carea' id='block_1_69' title="bbox 2040 3099 3733 3181">
    <p class='ocr_par' dir='ltr' id='par_1_69' title="bbox 2040 3099 3733 3181">
     <span class='ocr_line' id='line_1_71' title="bbox 2040 3099 3733 3181; baseline -0.008 -14"><span class='ocrx_word' id='word_1_535' title='bbox 2040 3113 2419 3181; x_wconf 91' lang='lat' dir='ltr'>bus.Semper</span> <span class='ocrx_word' id='word_1_536' title='bbox 2439 3126 2573 3179; x_wconf 91' lang='lat' dir='ltr'>ergo</span> <span class='ocrx_word' id='word_1_537' title='bbox 2598 3109 2819 3162; x_wconf 89' lang='lat' dir='ltr'>animus</span> <span class='ocrx_word' id='word_1_538' title='bbox 2841 3108 2994 3171; x_wconf 90' lang='lat' dir='ltr'>vivit,</span> <span class='ocrx_word' id='word_1_539' title='bbox 3020 3106 3134 3159; x_wconf 91' lang='lat' dir='ltr'>sive</span> <span class='ocrx_word' id='word_1_540' title='bbox 3166 3105 3288 3175; x_wconf 92' lang='lat' dir='ltr'>ipse</span> <span class='ocrx_word' id='word_1_541' title='bbox 3318 3103 3461 3155; x_wconf 87' lang='lat' dir='ltr'>ratio</span> <span class='ocrx_word' id='word_1_542' title='bbox 3490 3101 3583 3165; x_wconf 91' lang='lat' dir='ltr'>sit,</span> <span class='ocrx_word' id='word_1_543' title='bbox 3616 3099 3733 3153; x_wconf 89' lang='lat' dir='ltr'>sive</span> 
     </span>
    </p>
   </div>
   <div class='ocr_carea' id='block_1_70' title="bbox 2043 3197 2874 3268">
    <p class='ocr_par' dir='ltr' id='par_1_70' title="bbox 2043 3197 2874 3268">
     <span class='ocr_line' id='line_1_72' title="bbox 2043 3197 2874 3268; baseline -0.007 -13"><span class='ocrx_word' id='word_1_544' title='bbox 2043 3203 2103 3255; x_wconf 92' lang='lat' dir='ltr'>in</span> <span class='ocrx_word' id='word_1_545' title='bbox 2133 3218 2199 3254; x_wconf 92' lang='lat' dir='ltr'>eo</span> <span class='ocrx_word' id='word_1_546' title='bbox 2221 3201 2367 3253; x_wconf 90' lang='lat' dir='ltr'>ratio</span> <span class='ocrx_word' id='word_1_547' title='bbox 2399 3197 2874 3268; x_wconf 85' lang='lat' dir='ltr'>inseparabiliter.</span> 
     </span>
    </p>
   </div>
   <div class='ocr_carea' id='block_1_71' title="bbox 2045 3279 3743 3346">
    <p class='ocr_par' dir='ltr' id='par_1_71' title="bbox 2045 3279 3743 3346">
     <span class='ocr_line' id='line_1_73' title="bbox 2045 3279 3743 3346; baseline -0.009 -1"><span class='ocrx_word' id='word_1_548' title='bbox 2045 3291 2270 3346; x_wconf 84' lang='lat' dir='ltr'>CAPUT</span> <span class='ocrx_word' id='word_1_549' title='bbox 2296 3289 2389 3342; x_wconf 89' lang='lat' dir='ltr'>III.</span> <span class='ocrx_word' id='word_1_550' title='bbox 2423 3317 2491 3328; x_wconf 89' lang='lat'>—</span> <span class='ocrx_word' id='word_1_551' title='bbox 2530 3290 2667 3341; x_wconf 74' lang='lat' dir='ltr'>Vica</span> <span class='ocrx_word' id='word_1_552' title='bbox 2696 3286 3004 3340; x_wconf 83' lang='lat' dir='ltr'>substantia</span> <span class='ocrx_word' id='word_1_553' title='bbox 3033 3287 3082 3337; x_wconf 93' lang='lat' dir='ltr'>et</span> <span class='ocrx_word' id='word_1_554' title='bbox 3116 3280 3469 3336; x_wconf 85' lang='lat' dir='ltr'>immutabilis</span> <span class='ocrx_word' id='word_1_555' title='bbox 3508 3279 3743 3342; x_wconf 85' lang='lat' dir='ltr'>animus,</span> 
     </span>
    </p>
   </div>
   <div class='ocr_carea' id='block_1_72' title="bbox 2113 3369 3665 3445">
    <p class='ocr_par' dir='ltr' id='par_1_72' title="bbox 2113 3369 3665 3445">
     <span class='ocr_line' id='line_1_74' title="bbox 2113 3369 3665 3445; baseline -0.008 -13"><span class='ocrx_word' id='word_1_556' title='bbox 2113 3395 2206 3432; x_wconf 90' lang='lat' dir='ltr'>nec</span> <span class='ocrx_word' id='word_1_557' title='bbox 2232 3381 2282 3432; x_wconf 87' lang='lat' dir='ltr'>si</span> <span class='ocrx_word' id='word_1_558' title='bbox 2292 3379 2474 3445; x_wconf 84' lang='lat' dir='ltr'>aliqua</span> <span class='ocrx_word' id='word_1_559' title='bbox 2499 3376 2653 3429; x_wconf 87' lang='lat' dir='ltr'>modo</span> <span class='ocrx_word' id='word_1_560' title='bbox 2674 3375 2971 3434; x_wconf 84' lang='lat' dir='ltr'>mutabilis,</span> <span class='ocrx_word' id='word_1_561' title='bbox 2996 3379 3281 3441; x_wconf 76' lang='lat' dir='ltr'>propterea</span> <span class='ocrx_word' id='word_1_562' title='bbox 3310 3369 3557 3423; x_wconf 85' lang='lat' dir='ltr'>mortalis</span> <span class='ocrx_word' id='word_1_563' title='bbox 3584 3370 3665 3434; x_wconf 77' lang='lat' dir='ltr'>ﬁt.</span> 
     </span>
    </p>
   </div>
   <div class='ocr_carea' id='block_1_73' title="bbox 2116 3456 3745 3531">
    <p class='ocr_par' dir='ltr' id='par_1_73' title="bbox 2116 3456 3745 3531">
     <span class='ocr_line' id='line_1_75' title="bbox 2116 3456 3745 3531; baseline -0.01 -9"><span class='ocrx_word' id='word_1_564' title='bbox 2116 3471 2166 3522; x_wconf 83' lang='lat'>3.</span> <span class='ocrx_word' id='word_1_565' title='bbox 2203 3467 2473 3531; x_wconf 59' lang='lat' dir='ltr'>Quadam</span> <span class='ocrx_word' id='word_1_566' title='bbox 2512 3464 2843 3518; x_wconf 64' lang='lat' dir='ltr'>constantiae</span> <span class='ocrx_word' id='word_1_567' title='bbox 2891 3462 3069 3515; x_wconf 91' lang='lat' dir='ltr'>virtus</span> <span class='ocrx_word' id='word_1_568' title='bbox 3112 3463 3215 3523; x_wconf 89' lang='lat' dir='ltr'>est,</span> <span class='ocrx_word' id='word_1_569' title='bbox 3276 3463 3331 3511; x_wconf 89' lang='lat' dir='ltr'>et</span> <span class='ocrx_word' id='word_1_570' title='bbox 3371 3456 3556 3509; x_wconf 91' lang='lat' dir='ltr'>omnis</span> <span class='ocrx_word' id='word_1_571' title='bbox 3609 3470 3745 3506; x_wconf 91' lang='lat' dir='ltr'>con-</span> 
     </span>
    </p>
   </div>
   <div class='ocr_carea' id='block_1_74' title="bbox 2049 3542 3743 3617">
    <p class='ocr_par' dir='ltr' id='par_1_74' title="bbox 2049 3542 3743 3617">
     <span class='ocr_line' id='line_1_76' title="bbox 2049 3542 3743 3617; baseline -0.01 -7"><span class='ocrx_word' id='word_1_572' title='bbox 2049 3556 2256 3610; x_wconf 89' lang='lat' dir='ltr'>stantia</span> <span class='ocrx_word' id='word_1_573' title='bbox 2282 3553 2656 3607; x_wconf 90' lang='lat' dir='ltr'>immutabilis</span> <span class='ocrx_word' id='word_1_574' title='bbox 2688 3557 2790 3617; x_wconf 91' lang='lat' dir='ltr'>est,</span> <span class='ocrx_word' id='word_1_575' title='bbox 2816 3556 2872 3605; x_wconf 91' lang='lat' dir='ltr'>et</span> <span class='ocrx_word' id='word_1_576' title='bbox 2894 3549 3079 3603; x_wconf 89' lang='lat' dir='ltr'>omnis</span> <span class='ocrx_word' id='word_1_577' title='bbox 3104 3548 3280 3600; x_wconf 89' lang='lat' dir='ltr'>virtus</span> <span class='ocrx_word' id='word_1_578' title='bbox 3310 3549 3496 3614; x_wconf 92' lang='lat' dir='ltr'>potest</span> <span class='ocrx_word' id='word_1_579' title='bbox 3526 3542 3743 3611; x_wconf 90' lang='lat' dir='ltr'>aliquid</span> 
     </span>
    </p>
   </div>
   <div class='ocr_carea' id='block_1_75' title="bbox 2050 3628 3747 3714">
    <p class='ocr_par' dir='ltr' id='par_1_75' title="bbox 2050 3628 3747 3714">
     <span class='ocr_line' id='line_1_77' title="bbox 2050 3628 3747 3714; baseline -0.01 -17"><span class='ocrx_word' id='word_1_580' title='bbox 2050 3660 2238 3714; x_wconf 88' lang='lat' dir='ltr'>agere,</span> <span class='ocrx_word' id='word_1_581' title='bbox 2271 3659 2374 3695; x_wconf 91' lang='lat' dir='ltr'>nec</span> <span class='ocrx_word' id='word_1_582' title='bbox 2400 3658 2528 3695; x_wconf 91' lang='lat' dir='ltr'>cum</span> <span class='ocrx_word' id='word_1_583' title='bbox 2556 3641 2672 3711; x_wconf 90' lang='lat' dir='ltr'>agit</span> <span class='ocrx_word' id='word_1_584' title='bbox 2692 3639 2904 3710; x_wconf 91' lang='lat' dir='ltr'>aliquid</span> <span class='ocrx_word' id='word_1_585' title='bbox 2952 3641 2993 3701; x_wconf 71' lang='grc'>³,</span> <span class='ocrx_word' id='word_1_586' title='bbox 3026 3637 3203 3689; x_wconf 89' lang='lat' dir='ltr'>virtus</span> <span class='ocrx_word' id='word_1_587' title='bbox 3232 3649 3346 3686; x_wconf 90' lang='lat' dir='ltr'>non</span> <span class='ocrx_word' id='word_1_588' title='bbox 3393 3635 3498 3685; x_wconf 90' lang='lat' dir='ltr'>est.</span> <span class='ocrx_word' id='word_1_589' title='bbox 3549 3628 3747 3684; x_wconf 92' lang='lat' dir='ltr'>Omnis</span> 
     </span>
    </p>
   </div>
   <div class='ocr_carea' id='block_1_76' title="bbox 2048 3722 3747 3802">
    <p class='ocr_par' dir='ltr' id='par_1_76' title="bbox 2048 3722 3747 3802">
     <span class='ocr_line' id='line_1_78' title="bbox 2048 3722 3747 3802; baseline -0.011 -16"><span class='ocrx_word' id='word_1_590' title='bbox 2048 3748 2218 3802; x_wconf 90' lang='lat' dir='ltr'>porro</span> <span class='ocrx_word' id='word_1_591' title='bbox 2248 3731 2391 3785; x_wconf 90' lang='lat' dir='ltr'>actio</span> <span class='ocrx_word' id='word_1_592' title='bbox 2426 3735 2707 3797; x_wconf 89' lang='lat' dir='ltr'>movetur,</span> <span class='ocrx_word' id='word_1_593' title='bbox 2740 3730 3063 3793; x_wconf 60' lang='lat' dir='ltr'>autgmovet.</span> <span class='ocrx_word' id='word_1_594' title='bbox 3096 3728 3208 3777; x_wconf 86' lang='lat' dir='ltr'>Aut</span> <span class='ocrx_word' id='word_1_595' title='bbox 3236 3722 3411 3791; x_wconf 90' lang='lat' dir='ltr'>igitur</span> <span class='ocrx_word' id='word_1_596' title='bbox 3438 3735 3553 3772; x_wconf 91' lang='lat' dir='ltr'>non</span> <span class='ocrx_word' id='word_1_597' title='bbox 3578 3732 3747 3770; x_wconf 91' lang='lat' dir='ltr'>omne</span> 
     </span>
    </p>
   </div>
   <div class='ocr_carea' id='block_1_77' title="bbox 2050 3811 3750 3891">
    <p class='ocr_par' dir='ltr' id='par_1_77' title="bbox 2050 3811 3750 3891">
     <span class='ocr_line' id='line_1_79' title="bbox 2050 3811 3750 3891; baseline -0.009 -17"><span class='ocrx_word' id='word_1_598' title='bbox 2050 3821 2202 3891; x_wconf 91' lang='lat' dir='ltr'>quod</span> <span class='ocrx_word' id='word_1_599' title='bbox 2234 3822 2512 3883; x_wconf 90' lang='lat' dir='ltr'>movetur,</span> <span class='ocrx_word' id='word_1_600' title='bbox 2536 3823 2635 3871; x_wconf 90' lang='lat' dir='ltr'>aut</span> <span class='ocrx_word' id='word_1_601' title='bbox 2656 3822 2805 3870; x_wconf 87' lang='lat' dir='ltr'>certe</span> <span class='ocrx_word' id='word_1_602' title='bbox 2846 3832 2961 3869; x_wconf 89' lang='lat' dir='ltr'>non</span> <span class='ocrx_word' id='word_1_603' title='bbox 2993 3829 3163 3867; x_wconf 70' lang='lat' dir='ltr'>orrne</span> <span class='ocrx_word' id='word_1_604' title='bbox 3193 3811 3344 3883; x_wconf 89' lang='lat' dir='ltr'>quod</span> <span class='ocrx_word' id='word_1_605' title='bbox 3375 3812 3584 3874; x_wconf 90' lang='lat' dir='ltr'>movet,</span> <span class='ocrx_word' id='word_1_606' title='bbox 3627 3822 3750 3859; x_wconf 90' lang='lat' dir='ltr'>mu-</span> 
     </span>
    </p>
   </div>
   <div class='ocr_carea' id='block_1_78' title="bbox 2048 3899 3744 3976">
    <p class='ocr_par' dir='ltr' id='par_1_78' title="bbox 2048 3899 3744 3976">
     <span class='ocr_line' id='line_1_80' title="bbox 2048 3899 3744 3976; baseline -0.009 -13"><span class='ocrx_word' id='word_1_607' title='bbox 2048 3909 2220 3963; x_wconf 89' lang='lat' dir='ltr'>tabile</span> <span class='ocrx_word' id='word_1_608' title='bbox 2242 3913 2343 3961; x_wconf 86' lang='lat' dir='ltr'>est.</span> <span class='ocrx_word' id='word_1_609' title='bbox 2378 3910 2449 3961; x_wconf 83' lang='lat' dir='ltr'>At</span> <span class='ocrx_word' id='word_1_610' title='bbox 2478 3922 2646 3961; x_wconf 90' lang='lat' dir='ltr'>omne</span> <span class='ocrx_word' id='word_1_611' title='bbox 2677 3905 2829 3976; x_wconf 90' lang='lat' dir='ltr'>quod</span> <span class='ocrx_word' id='word_1_612' title='bbox 2856 3905 2925 3957; x_wconf 91' lang='lat' dir='ltr'>ab</span> <span class='ocrx_word' id='word_1_613' title='bbox 2950 3903 3060 3957; x_wconf 90' lang='lat' dir='ltr'>alio</span> <span class='ocrx_word' id='word_1_614' title='bbox 3088 3906 3366 3963; x_wconf 88' lang='lat' dir='ltr'>movetur,</span> <span class='ocrx_word' id='word_1_615' title='bbox 3402 3914 3506 3952; x_wconf 93' lang='lat' dir='ltr'>nec</span> <span class='ocrx_word' id='word_1_616' title='bbox 3553 3899 3744 3949; x_wconf 89' lang='lat' dir='ltr'>movet</span> 
     </span>
    </p>
   </div>
   <div class='ocr_carea' id='block_1_79' title="bbox 2049 3986 3749 4068">
    <p class='ocr_par' dir='ltr' id='par_1_79' title="bbox 2049 3986 3749 4068">
     <span class='ocr_line' id='line_1_81' title="bbox 2049 3986 3749 4068; baseline -0.009 -17"><span class='ocrx_word' id='word_1_617' title='bbox 2049 3998 2259 4068; x_wconf 90' lang='lat' dir='ltr'>ipsum,</span> <span class='ocrx_word' id='word_1_618' title='bbox 2288 3996 2503 4067; x_wconf 92' lang='lat' dir='ltr'>aliquid</span> <span class='ocrx_word' id='word_1_619' title='bbox 2535 3996 2771 4048; x_wconf 87' lang='lat' dir='ltr'>mortale</span> <span class='ocrx_word' id='word_1_620' title='bbox 2803 3998 2903 4047; x_wconf 90' lang='lat' dir='ltr'>est.</span> <span class='ocrx_word' id='word_1_621' title='bbox 2941 3993 3134 4062; x_wconf 88' lang='lat' dir='ltr'>Neque</span> <span class='ocrx_word' id='word_1_622' title='bbox 3166 3989 3405 4043; x_wconf 84' lang='lat' dir='ltr'>mortale</span> <span class='ocrx_word' id='word_1_623' title='bbox 3433 3986 3749 4057; x_wconf 83' lang='lat' dir='ltr'>quidquam</span> 
     </span>
    </p>
   </div>
   <div class='ocr_carea' id='block_1_80' title="bbox 2050 4074 3748 4149">
    <p class='ocr_par' dir='ltr' id='par_1_80' title="bbox 2050 4074 3748 4149">
     <span class='ocr_line' id='line_1_82' title="bbox 2050 4074 3748 4149; baseline -0.009 -9"><span class='ocrx_word' id='word_1_624' title='bbox 2050 4086 2425 4140; x_wconf 89' lang='lat' dir='ltr'>immutabile.</span> <span class='ocrx_word' id='word_1_625' title='bbox 2461 4084 2645 4148; x_wconf 86' lang='lat' dir='ltr'>Quare</span> <span class='ocrx_word' id='word_1_626' title='bbox 2688 4083 2756 4138; x_wconf 88' lang='lat' dir='ltr'>de</span> <span class='ocrx_word' id='word_1_627' title='bbox 2789 4086 2939 4135; x_wconf 91' lang='lat' dir='ltr'>certo</span> <span class='ocrx_word' id='word_1_628' title='bbox 2986 4081 3106 4149; x_wconf 90' lang='lat' dir='ltr'>jam</span> <span class='ocrx_word' id='word_1_629' title='bbox 3138 4083 3193 4131; x_wconf 88' lang='lat' dir='ltr'>et</span> <span class='ocrx_word' id='word_1_630' title='bbox 3225 4078 3347 4130; x_wconf 91' lang='lat' dir='ltr'>sine</span> <span class='ocrx_word' id='word_1_631' title='bbox 3379 4077 3495 4128; x_wconf 90' lang='lat' dir='ltr'>ulla</span> <span class='ocrx_word' id='word_1_632' title='bbox 3524 4074 3748 4143; x_wconf 87' lang='lat' dir='ltr'>disjun-</span> 
     </span>
    </p>
   </div>
   <div class='ocr_carea' id='block_1_81' title="bbox 2052 4160 3745 4237">
    <p class='ocr_par' dir='ltr' id='par_1_81' title="bbox 2052 4160 3745 4237">
     <span class='ocr_line' id='line_1_83' title="bbox 2052 4160 3745 4237; baseline -0.011 -8"><span class='ocrx_word' id='word_1_633' title='bbox 2052 4176 2235 4228; x_wconf 90' lang='lat' dir='ltr'>ctione</span> <span class='ocrx_word' id='word_1_634' title='bbox 2263 4173 2638 4235; x_wconf 90' lang='lat' dir='ltr'>concluditur,</span> <span class='ocrx_word' id='word_1_635' title='bbox 2691 4186 2806 4223; x_wconf 90' lang='lat' dir='ltr'>non</span> <span class='ocrx_word' id='word_1_636' title='bbox 2859 4184 3027 4222; x_wconf 89' lang='lat' dir='ltr'>omne</span> <span class='ocrx_word' id='word_1_637' title='bbox 3073 4166 3222 4237; x_wconf 89' lang='lat' dir='ltr'>quod</span> <span class='ocrx_word' id='word_1_638' title='bbox 3275 4168 3463 4216; x_wconf 84' lang='lat' dir='ltr'>movet</span> <span class='ocrx_word' id='word_1_639' title='bbox 3515 4160 3745 4213; x_wconf 89' lang='lat' dir='ltr'>mutari.</span> 
     </span>
    </p>
   </div>
   <div class='ocr_carea' id='block_1_82' title="bbox 2055 4248 3749 4318">
    <p class='ocr_par' dir='ltr' id='par_1_82' title="bbox 2055 4248 3749 4318">
     <span class='ocr_line' id='line_1_84' title="bbox 2055 4248 3749 4318; baseline -0.009 -1"><span class='ocrx_word' id='word_1_640' title='bbox 2055 4265 2253 4318; x_wconf 86' lang='lat' dir='ltr'>Nullus</span> <span class='ocrx_word' id='word_1_641' title='bbox 2302 4268 2493 4315; x_wconf 91' lang='lat' dir='ltr'>autem</span> <span class='ocrx_word' id='word_1_642' title='bbox 2539 4265 2725 4312; x_wconf 89' lang='lat' dir='ltr'>motus</span> <span class='ocrx_word' id='word_1_643' title='bbox 2762 4257 2883 4309; x_wconf 90' lang='lat' dir='ltr'>sine</span> <span class='ocrx_word' id='word_1_644' title='bbox 2918 4253 3265 4309; x_wconf 86' lang='lat' dir='ltr'>substantia:</span> <span class='ocrx_word' id='word_1_645' title='bbox 3300 4255 3355 4305; x_wconf 87' lang='lat' dir='ltr'>et</span> <span class='ocrx_word' id='word_1_646' title='bbox 3384 4249 3571 4303; x_wconf 90' lang='lat' dir='ltr'>omnis</span> <span class='ocrx_word' id='word_1_647' title='bbox 3616 4248 3749 4301; x_wconf 92' lang='lat' dir='ltr'>sub-</span> 
     </span>
    </p>
   </div>
   <div class='ocr_carea' id='block_1_83' title="bbox 2052 4336 3750 4412">
    <p class='ocr_par' dir='ltr' id='par_1_83' title="bbox 2052 4336 3750 4412">
     <span class='ocr_line' id='line_1_85' title="bbox 2052 4336 3750 4412; baseline -0.011 -6"><span class='ocrx_word' id='word_1_648' title='bbox 2052 4351 2262 4405; x_wconf 90' lang='lat' dir='ltr'>stantia</span> <span class='ocrx_word' id='word_1_649' title='bbox 2291 4354 2388 4402; x_wconf 85' lang='lat' dir='ltr'>aut</span> <span class='ocrx_word' id='word_1_650' title='bbox 2417 4348 2571 4412; x_wconf 87' lang='lat' dir='ltr'>vivit,</span> <span class='ocrx_word' id='word_1_651' title='bbox 2600 4351 2700 4400; x_wconf 91' lang='lat' dir='ltr'>aut</span> <span class='ocrx_word' id='word_1_652' title='bbox 2726 4361 2841 4398; x_wconf 94' lang='lat' dir='ltr'>non</span> <span class='ocrx_word' id='word_1_653' title='bbox 2871 4344 3038 4397; x_wconf 90' lang='lat' dir='ltr'>vivit:</span> <span class='ocrx_word' id='word_1_654' title='bbox 3069 4347 3238 4412; x_wconf 88' lang='lat' dir='ltr'>atque</span> <span class='ocrx_word' id='word_1_655' title='bbox 3262 4355 3431 4393; x_wconf 89' lang='lat' dir='ltr'>omne</span> <span class='ocrx_word' id='word_1_656' title='bbox 3454 4336 3605 4407; x_wconf 91' lang='lat' dir='ltr'>quod</span> <span class='ocrx_word' id='word_1_657' title='bbox 3633 4352 3750 4388; x_wconf 92' lang='lat' dir='ltr'>non</span> 
     </span>
    </p>
   </div>
   <div class='ocr_carea' id='block_1_84' title="bbox 2052 4424 3746 4503">
    <p class='ocr_par' dir='ltr' id='par_1_84' title="bbox 2052 4424 3746 4503">
     <span class='ocr_line' id='line_1_86' title="bbox 2052 4424 3746 4503; baseline -0.01 -11"><span class='ocrx_word' id='word_1_658' title='bbox 2052 4441 2210 4503; x_wconf 87' lang='lat' dir='ltr'>vivit,</span> <span class='ocrx_word' id='word_1_659' title='bbox 2243 4437 2501 4492; x_wconf 89' lang='lat' dir='ltr'>exanime</span> <span class='ocrx_word' id='word_1_660' title='bbox 2533 4440 2652 4501; x_wconf 89' lang='lat' dir='ltr'>est;</span> <span class='ocrx_word' id='word_1_661' title='bbox 2686 4451 2788 4487; x_wconf 90' lang='lat' dir='ltr'>nec</span> <span class='ocrx_word' id='word_1_662' title='bbox 2814 4437 2899 4488; x_wconf 90' lang='lat' dir='ltr'>est</span> <span class='ocrx_word' id='word_1_663' title='bbox 2922 4433 3040 4485; x_wconf 92' lang='lat' dir='ltr'>ulla</span> <span class='ocrx_word' id='word_1_664' title='bbox 3070 4428 3344 4483; x_wconf 82' lang='lat' dir='ltr'>exanimis</span> <span class='ocrx_word' id='word_1_665' title='bbox 3376 4426 3548 4479; x_wconf 90' lang='lat' dir='ltr'>actio.</span> <span class='ocrx_word' id='word_1_666' title='bbox 3601 4424 3746 4477; x_wconf 93' lang='lat' dir='ltr'>Illud</span> 
     </span>
    </p>
   </div>
   <div class='ocr_carea' id='block_1_85' title="bbox 2053 4518 3751 4599">
    <p class='ocr_par' dir='ltr' id='par_1_85' title="bbox 2053 4518 3751 4599">
     <span class='ocr_line' id='line_1_87' title="bbox 2053 4518 3751 4599; baseline -0.011 -17"><span class='ocrx_word' id='word_1_667' title='bbox 2053 4530 2230 4599; x_wconf 91' lang='lat' dir='ltr'>igitur</span> <span class='ocrx_word' id='word_1_668' title='bbox 2258 4526 2409 4597; x_wconf 91' lang='lat' dir='ltr'>quod</span> <span class='ocrx_word' id='word_1_669' title='bbox 2432 4526 2510 4578; x_wconf 90' lang='lat' dir='ltr'>ita</span> <span class='ocrx_word' id='word_1_670' title='bbox 2530 4529 2717 4578; x_wconf 89' lang='lat' dir='ltr'>movet</span> <span class='ocrx_word' id='word_1_671' title='bbox 2749 4528 2811 4577; x_wconf 92' lang='lat' dir='ltr'>ut</span> <span class='ocrx_word' id='word_1_672' title='bbox 2839 4537 2953 4575; x_wconf 92' lang='lat' dir='ltr'>non</span> <span class='ocrx_word' id='word_1_673' title='bbox 2986 4523 3256 4579; x_wconf 89' lang='lat' dir='ltr'>mutetur,</span> <span class='ocrx_word' id='word_1_674' title='bbox 3284 4531 3401 4568; x_wconf 93' lang='lat' dir='ltr'>non</span> <span class='ocrx_word' id='word_1_675' title='bbox 3428 4518 3613 4584; x_wconf 91' lang='lat' dir='ltr'>potest</span> <span class='ocrx_word' id='word_1_676' title='bbox 3630 4528 3751 4564; x_wconf 90' lang='lat' dir='ltr'>esse</span> 
     </span>
    </p>
   </div>
   <div class='ocr_carea' id='block_1_86' title="bbox 2054 4600 3753 4673">
    <p class='ocr_par' dir='ltr' id='par_1_86' title="bbox 2054 4600 3753 4673">
     <span class='ocr_line' id='line_1_88' title="bbox 2054 4600 3753 4673; baseline -0.011 -3"><span class='ocrx_word' id='word_1_677' title='bbox 2054 4616 2165 4670; x_wconf 93' lang='lat' dir='ltr'>nisi</span> <span class='ocrx_word' id='word_1_678' title='bbox 2196 4616 2319 4669; x_wconf 89' lang='lat' dir='ltr'>viva</span> <span class='ocrx_word' id='word_1_679' title='bbox 2348 4614 2690 4668; x_wconf 88' lang='lat' dir='ltr'>substantia.</span> <span class='ocrx_word' id='word_1_680' title='bbox 2732 4614 2858 4665; x_wconf 67' lang='lat' dir='ltr'>Hinc</span> <span class='ocrx_word' id='word_1_681' title='bbox 2890 4612 3080 4662; x_wconf 90' lang='lat' dir='ltr'>autem</span> <span class='ocrx_word' id='word_1_682' title='bbox 3110 4603 3295 4658; x_wconf 91' lang='lat' dir='ltr'>omnis</span> <span class='ocrx_word' id='word_1_683' title='bbox 3324 4618 3427 4673; x_wconf 90' lang='lat' dir='ltr'>per</span> <span class='ocrx_word' id='word_1_684' title='bbox 3465 4600 3753 4672; x_wconf 89' lang='lat' dir='ltr'>quoslibet</span> 
     </span>
    </p>
   </div>
   <div class='ocr_carea' id='block_1_87' title="bbox 2056 4691 3747 4777">
    <p class='ocr_par' dir='ltr' id='par_1_87' title="bbox 2056 4691 3747 4777">
     <span class='ocr_line' id='line_1_89' title="bbox 2056 4691 3747 4777; baseline -0.011 -18"><span class='ocrx_word' id='word_1_685' title='bbox 2056 4705 2264 4777; x_wconf 90' lang='lat' dir='ltr'>gradus</span> <span class='ocrx_word' id='word_1_686' title='bbox 2292 4720 2495 4774; x_wconf 89' lang='lat' dir='ltr'>corpus</span> <span class='ocrx_word' id='word_1_687' title='bbox 2526 4706 2731 4756; x_wconf 89' lang='lat' dir='ltr'>movet.</span> <span class='ocrx_word' id='word_1_688' title='bbox 2766 4701 2887 4753; x_wconf 85' lang='lat' dir='ltr'>Non</span> <span class='ocrx_word' id='word_1_689' title='bbox 2917 4696 3094 4766; x_wconf 90' lang='lat' dir='ltr'>igitur</span> <span class='ocrx_word' id='word_1_690' title='bbox 3123 4709 3293 4746; x_wconf 92' lang='lat' dir='ltr'>omne</span> <span class='ocrx_word' id='word_1_691' title='bbox 3339 4691 3491 4762; x_wconf 91' lang='lat' dir='ltr'>quod</span> <span class='ocrx_word' id='word_1_692' title='bbox 3541 4706 3747 4758; x_wconf 91' lang='lat' dir='ltr'>corpus</span> 
     </span>
    </p>
   </div>
   <div class='ocr_carea' id='block_1_88' title="bbox 2055 4778 3749 4859">
    <p class='ocr_par' dir='ltr' id='par_1_88' title="bbox 2055 4778 3749 4859">
     <span class='ocr_line' id='line_1_90' title="bbox 2055 4778 3749 4859; baseline -0.01 -12"><span class='ocrx_word' id='word_1_693' title='bbox 2055 4797 2261 4859; x_wconf 89' lang='lat' dir='ltr'>movet,</span> <span class='ocrx_word' id='word_1_694' title='bbox 2280 4792 2550 4846; x_wconf 87' lang='lat' dir='ltr'>mutabile</span> <span class='ocrx_word' id='word_1_695' title='bbox 2564 4794 2664 4844; x_wconf 91' lang='lat' dir='ltr'>est.</span> <span class='ocrx_word' id='word_1_696' title='bbox 2691 4788 2907 4859; x_wconf 90' lang='lat' dir='ltr'>Corpus</span> <span class='ocrx_word' id='word_1_697' title='bbox 2926 4789 3119 4839; x_wconf 90' lang='lat' dir='ltr'>autem</span> <span class='ocrx_word' id='word_1_698' title='bbox 3139 4798 3255 4836; x_wconf 93' lang='lat' dir='ltr'>non</span> <span class='ocrx_word' id='word_1_699' title='bbox 3284 4780 3395 4835; x_wconf 92' lang='lat' dir='ltr'>nisi</span> <span class='ocrx_word' id='word_1_700' title='bbox 3434 4778 3749 4833; x_wconf 90' lang='lat' dir='ltr'>secundum</span> 
     </span>
    </p>
   </div>
   <div class='ocr_carea' id='block_1_89' title="bbox 1552 4903 2411 4939">
    <p class='ocr_par' dir='ltr' id='par_1_89' title="bbox 1552 4903 2411 4939">
     <span class='ocr_line' id='line_1_91' title="bbox 1552 4903 2411 4939; baseline -0.002 0"><span class='ocrx_word' id='word_1_701' title='bbox 1552 4904 1825 4939; x_wconf 73' lang='lat' dir='ltr'>ADIONI‘I&#39;IO</span> <span class='ocrx_word' id='word_1_702' title='bbox 1864 4905 1935 4939; x_wconf 84' lang='lat' dir='ltr'>PP.</span> <span class='ocrx_word' id='word_1_703' title='bbox 1964 4903 2411 4939; x_wconf 65' lang='lat' dir='ltr'>BBNEDICTINORUI.</span> 
     </span>
    </p>
   </div>
   <div class='ocr_carea' id='block_1_90' title="bbox 308 4962 3753 5044">
    <p class='ocr_par' dir='ltr' id='par_1_90' title="bbox 308 4962 3753 5044">
     <span class='ocr_line' id='line_1_92' title="bbox 308 4962 3753 5044; baseline -0.006 -14"><span class='ocrx_word' id='word_1_704' title='bbox 308 4982 631 5044; x_wconf 81' lang='lat' dir='ltr'>Recognitus</span> <span class='ocrx_word' id='word_1_705' title='bbox 650 4986 727 5029; x_wconf 89' lang='lat' dir='ltr'>est</span> <span class='ocrx_word' id='word_1_706' title='bbox 740 4980 802 5028; x_wconf 91' lang='lat' dir='ltr'>ad</span> <span class='ocrx_word' id='word_1_707' title='bbox 822 4981 943 5028; x_wconf 82' lang='lat' dir='ltr'>Mss.</span> <span class='ocrx_word' id='word_1_708' title='bbox 959 4979 1349 5044; x_wconf 86' lang='lat' dir='ltr'>Corneliensem</span> <span class='ocrx_word' id='word_1_709' title='bbox 1370 4981 1751 5044; x_wconf 65' lang='lat' dir='ltr'>pervetustum,</span> <span class='ocrx_word' id='word_1_710' title='bbox 1767 4980 2152 5044; x_wconf 67' lang='lat' dir='ltr'>Corbeiensem,</span> <span class='ocrx_word' id='word_1_711' title='bbox 2173 4978 2562 5044; x_wconf 36' lang='lat' dir='ltr'>Michaeli-num,</span> <span class='ocrx_word' id='word_1_712' title='bbox 2582 4968 3383 5044; x_wconf 53' lang='lat' dir='ltr'>Sergiensemﬁbrulphensem,</span> <span class='ocrx_word' id='word_1_713' title='bbox 3399 4962 3753 5044; x_wconf 37' lang='lat' dir='ltr'>\A&#39;in‘docinen-</span> 
     </span>
    </p>
   </div>
   <div class='ocr_carea' id='block_1_91' title="bbox 246 5025 3755 5106">
    <p class='ocr_par' dir='ltr' id='par_1_91' title="bbox 246 5025 3755 5106">
     <span class='ocr_line' id='line_1_93' title="bbox 246 5025 3755 5106; baseline -0.006 -14"><span class='ocrx_word' id='word_1_714' title='bbox 246 5058 379 5102; x_wconf 85' lang='lat' dir='ltr'>sem,</span> <span class='ocrx_word' id='word_1_715' title='bbox 406 5025 943 5106; x_wconf 57' lang='lat' dir='ltr'>Rggio-Montensem,</span> <span class='ocrx_word' id='word_1_716' title='bbox 957 5025 1256 5106; x_wconf 43' lang='lat' dir='ltr'>Victor—inda</span> <span class='ocrx_word' id='word_1_717' title='bbox 1267 5025 1423 5095; x_wconf 70' lang='lat' dir='ltr'>duos,</span> <span class='ocrx_word' id='word_1_718' title='bbox 1439 5025 1754 5106; x_wconf 48' lang='lat' dir='ltr'>Sorbonicos&#39;</span> <span class='ocrx_word' id='word_1_719' title='bbox 1772 5025 2393 5106; x_wconf 28' lang='lat' dir='ltr'>itoti—dver‘niliigotianum,</span> <span class='ocrx_word' id='word_1_720' title='bbox 2408 5025 2767 5106; x_wconf 44' lang='lat' dir='ltr'>t’edaﬂinu/m,</span> <span class='ocrx_word' id='word_1_721' title='bbox 2783 5025 3091 5083; x_wconf 81' lang='lat' dir='ltr'>Vaticanum</span> <span class='ocrx_word' id='word_1_722' title='bbox 3111 5025 3126 5091; x_wconf 77' lang='grc' dir='ltr'><em>ξ</em></span> <span class='ocrx_word' id='word_1_723' title='bbox 3143 5031 3209 5079; x_wconf 87' lang='lat' dir='ltr'>ad</span> <span class='ocrx_word' id='word_1_724' title='bbox 3226 5030 3489 5079; x_wconf 87' lang='lat' dir='ltr'>variantes</span> <span class='ocrx_word' id='word_1_725' title='bbox 3504 5025 3755 5073; x_wconf 88' lang='lat' dir='ltr'>lectiones</span> 
     </span>
    </p>
   </div>
   <div class='ocr_carea' id='block_1_92' title="bbox 244 5098 2855 5168">
    <p class='ocr_par' dir='ltr' id='par_1_92' title="bbox 244 5098 2855 5168">
     <span class='ocr_line' id='line_1_94' title="bbox 244 5098 2855 5168; baseline -0.005 -12"><span class='ocrx_word' id='word_1_726' title='bbox 244 5121 309 5157; x_wconf 77' lang='lat' dir='ltr'>ex</span> <span class='ocrx_word' id='word_1_727' title='bbox 341 5098 514 5154; x_wconf 64' lang='lat' dir='ltr'>tribus</span> <span class='ocrx_word' id='word_1_728' title='bbox 545 5106 766 5167; x_wconf 85' lang='lat' dir='ltr'>Belgicis</span> <span class='ocrx_word' id='word_1_729' title='bbox 790 5118 883 5168; x_wconf 89' lang='lat' dir='ltr'>per</span> <span class='ocrx_word' id='word_1_730' title='bbox 904 5098 1255 5153; x_wconf 82' lang='lat' dir='ltr'>Lovanienses</span> <span class='ocrx_word' id='word_1_731' title='bbox 1289 5105 1559 5163; x_wconf 81' lang='lat' dir='ltr'>excerptas</span> <span class='ocrx_word' id='word_1_732' title='bbox 1585 5116 1595 5147; x_wconf 93' lang='lat'>:</span> <span class='ocrx_word' id='word_1_733' title='bbox 1629 5102 1691 5149; x_wconf 90' lang='lat' dir='ltr'>ad</span> <span class='ocrx_word' id='word_1_734' title='bbox 1723 5102 1982 5152; x_wconf 88' lang='lat' dir='ltr'>editiones</span> <span class='ocrx_word' id='word_1_735' title='bbox 2007 5098 2218 5152; x_wconf 80' lang='lat' dir='ltr'>demum</span> <span class='ocrx_word' id='word_1_736' title='bbox 2252 5102 2376 5150; x_wconf 87' lang='lat' dir='ltr'>Bad.</span> <span class='ocrx_word' id='word_1_737' title='bbox 2408 5102 2522 5149; x_wconf 78' lang='lat' dir='ltr'>Am.</span> <span class='ocrx_word' id='word_1_738' title='bbox 2555 5100 2638 5146; x_wconf 86' lang='lat' dir='ltr'>Er.</span> <span class='ocrx_word' id='word_1_739' title='bbox 2662 5103 2713 5146; x_wconf 91' lang='lat' dir='ltr'>et</span> <span class='ocrx_word' id='word_1_740' title='bbox 2736 5098 2855 5145; x_wconf 87' lang='lat' dir='ltr'>Lov.</span> 
     </span>
    </p>
   </div>
   <div class='ocr_carea' id='block_1_93' title="bbox 311 5177 3190 5248">
    <p class='ocr_par' dir='ltr' id='par_1_93' title="bbox 311 5177 3190 5248">
     <span class='ocr_line' id='line_1_95' title="bbox 311 5177 3190 5248; baseline -0.005 -13"><span class='ocrx_word' id='word_1_741' title='bbox 311 5189 752 5248; x_wconf 82' lang='lat' dir='ltr'>Comparavimus</span> <span class='ocrx_word' id='word_1_742' title='bbox 774 5190 1035 5248; x_wconf 64' lang='lat' dir='ltr'>pratterea</span> <span class='ocrx_word' id='word_1_743' title='bbox 1058 5197 1143 5233; x_wconf 86' lang='lat' dir='ltr'>eas</span> <span class='ocrx_word' id='word_1_744' title='bbox 1173 5194 1355 5232; x_wconf 83' lang='lat' dir='ltr'>omnes</span> <span class='ocrx_word' id='word_1_745' title='bbox 1386 5180 1642 5231; x_wconf 83' lang='lat' dir='ltr'>editiones</span> <span class='ocrx_word' id='word_1_746' title='bbox 1674 5184 1823 5230; x_wconf 76' lang='lat' dir='ltr'>initio</span> <span class='ocrx_word' id='word_1_747' title='bbox 1849 5183 2297 5232; x_wconf 83' lang='lat' dir='ltr'>Retractationum</span> <span class='ocrx_word' id='word_1_748' title='bbox 2328 5183 2379 5227; x_wconf 92' lang='lat' dir='ltr'>et</span> <span class='ocrx_word' id='word_1_749' title='bbox 2411 5179 2808 5227; x_wconf 79' lang='lat' dir='ltr'>Confessionum</span> <span class='ocrx_word' id='word_1_750' title='bbox 2844 5177 3190 5225; x_wconf 81' lang='lat' dir='ltr'>memoratas.</span> 
     </span>
    </p>
   </div>
   <div class='ocr_carea' id='block_1_94' title="bbox 312 5280 819 5338">
    <p class='ocr_par' dir='ltr' id='par_1_94' title="bbox 312 5280 819 5338">
     <span class='ocr_line' id='line_1_96' title="bbox 312 5280 819 5338; baseline -0.004 -7"><span class='ocrx_word' id='word_1_751' title='bbox 312 5285 328 5317; x_wconf 80' lang='grc'>¹</span> <span class='ocrx_word' id='word_1_752' title='bbox 352 5283 471 5331; x_wconf 79' lang='lat' dir='ltr'>Am.</span> <span class='ocrx_word' id='word_1_753' title='bbox 511 5280 663 5331; x_wconf 87' lang='lat' dir='ltr'>Er.et</span> <span class='ocrx_word' id='word_1_754' title='bbox 676 5282 819 5338; x_wconf 86' lang='lat' dir='ltr'>Lov.,</span> 
     </span>
    </p>
   </div>
   <div class='ocr_carea' id='block_1_95' title="bbox 315 5406 927 5467">
    <p class='ocr_par' dir='ltr' id='par_1_95' title="bbox 315 5406 927 5467">
     <span class='ocr_line' id='line_1_97' title="bbox 315 5406 927 5467; baseline -0.002 -13"><span class='ocrx_word' id='word_1_755' title='bbox 315 5408 336 5442; x_wconf 76' lang='grc'>³</span> <span class='ocrx_word' id='word_1_756' title='bbox 366 5407 468 5455; x_wconf 85' lang='lat' dir='ltr'>Sex</span> <span class='ocrx_word' id='word_1_757' title='bbox 496 5406 649 5461; x_wconf 85' lang='lat' dir='ltr'>Mss.,</span> <span class='ocrx_word' id='word_1_758' title='bbox 680 5409 927 5467; x_wconf 81' lang='lat' dir='ltr'>cognitio.</span> 
     </span>
    </p>
   </div>
   <div class='ocr_carea' id='block_1_96' title="bbox 856 5276 1955 5344">
    <p class='ocr_par' dir='ltr' id='par_1_96' title="bbox 856 5276 1955 5344">
     <span class='ocr_line' id='line_1_98' title="bbox 856 5276 1955 5344; baseline -0.004 -14"><span class='ocrx_word' id='word_1_759' title='bbox 856 5281 1001 5344; x_wconf 82' lang='lat' dir='ltr'>quod</span> <span class='ocrx_word' id='word_1_760' title='bbox 1022 5280 1161 5329; x_wconf 86' lang='lat' dir='ltr'>enim</span> <span class='ocrx_word' id='word_1_761' title='bbox 1180 5276 1571 5344; x_wconf 79' lang='lat' dir='ltr'>intellig_it._Sed</span> <span class='ocrx_word' id='word_1_762' title='bbox 1594 5277 1718 5344; x_wconf 86' lang='lat' dir='ltr'>Bad.</span> <span class='ocrx_word' id='word_1_763' title='bbox 1732 5282 1788 5344; x_wconf 71' lang='lat' dir='ltr'>et</span> <span class='ocrx_word' id='word_1_764' title='bbox 1812 5279 1856 5326; x_wconf 83' lang='grc' dir='ltr'><strong>Μ</strong></span> <span class='ocrx_word' id='word_1_765' title='bbox 1864 5294 1955 5334; x_wconf 77' lang='lat'>55.,</span> 
     </span>
    </p>
   </div>
   <div class='ocr_carea' id='block_1_97' title="bbox 247 5339 1955 5403">
    <p class='ocr_par' dir='ltr' id='par_1_97' title="bbox 247 5339 1955 5403">
     <span class='ocr_line' id='line_1_99' title="bbox 247 5339 1955 5403; baseline -0.003 -10"><span class='ocrx_word' id='word_1_766' title='bbox 247 5350 361 5393; x_wconf 91' lang='lat' dir='ltr'>tum</span> <span class='ocrx_word' id='word_1_767' title='bbox 390 5344 494 5401; x_wconf 85' lang='lat' dir='ltr'>hic,</span> <span class='ocrx_word' id='word_1_768' title='bbox 528 5349 639 5392; x_wconf 90' lang='lat' dir='ltr'>tum</span> <span class='ocrx_word' id='word_1_769' title='bbox 668 5344 721 5391; x_wconf 93' lang='lat' dir='ltr'>in</span> <span class='ocrx_word' id='word_1_770' title='bbox 753 5339 891 5393; x_wconf 50' lang='lat' dir='ltr'>libfl</span> <span class='ocrx_word' id='word_1_771' title='bbox 925 5344 1150 5392; x_wconf 84' lang='lat' dir='ltr'>Retract.</span> <span class='ocrx_word' id='word_1_772' title='bbox 1177 5354 1291 5403; x_wconf 92' lang='lat' dir='ltr'>cap.</span> <span class='ocrx_word' id='word_1_773' title='bbox 1318 5343 1363 5399; x_wconf 81' lang='lat'>5,</span> <span class='ocrx_word' id='word_1_774' title='bbox 1386 5339 1583 5388; x_wconf 89' lang='lat' dir='ltr'>habent</span> <span class='ocrx_word' id='word_1_775' title='bbox 1611 5340 1955 5403; x_wconf 75' lang='lat' dir='ltr'>intelligitur.</span> 
     </span>
    </p>
   </div>
   <div class='ocr_carea' id='block_1_98' title="bbox 2132 5263 3759 5334">
    <p class='ocr_par' dir='ltr' id='par_1_98' title="bbox 2132 5263 3759 5334">
     <span class='ocr_line' id='line_1_100' title="bbox 2132 5263 3759 5334; baseline -0.009 -9"><span class='ocrx_word' id='word_1_776' title='bbox 2132 5280 2145 5312; x_wconf 80' lang='grc' dir='ltr'><strong>ι</strong></span> <span class='ocrx_word' id='word_1_777' title='bbox 2180 5279 2237 5325; x_wconf 89' lang='lat' dir='ltr'>In</span> <span class='ocrx_word' id='word_1_778' title='bbox 2270 5279 2346 5334; x_wconf 91' lang='grc' dir='ltr'>Β.,</span> <span class='ocrx_word' id='word_1_779' title='bbox 2379 5279 2431 5327; x_wconf 80' lang='lat' dir='ltr'>et</span> <span class='ocrx_word' id='word_1_780' title='bbox 2460 5290 2569 5324; x_wconf 71' lang='lat' dir='ltr'>ser.</span> <span class='ocrx_word' id='word_1_781' title='bbox 2606 5276 2739 5333; x_wconf 69' lang='lat' dir='ltr'>Pan,</span> <span class='ocrx_word' id='word_1_782' title='bbox 2765 5290 2871 5333; x_wconf 74' lang='lat' dir='ltr'>sex,</span> <span class='ocrx_word' id='word_1_783' title='bbox 2908 5275 3019 5322; x_wconf 89' lang='lat' dir='ltr'>sine</span> <span class='ocrx_word' id='word_1_784' title='bbox 3046 5271 3235 5321; x_wconf 87' lang='lat' dir='ltr'>vocula</span> <span class='ocrx_word' id='word_1_785' title='bbox 3257 5270 3326 5319; x_wconf 86' lang='lat' dir='ltr'>et.</span> <span class='ocrx_word' id='word_1_786' title='bbox 3355 5265 3617 5317; x_wconf 90' lang='lat' dir='ltr'>Posterior</span> <span class='ocrx_word' id='word_1_787' title='bbox 3644 5263 3759 5312; x_wconf 66' lang='lat' dir='ltr'>haec</span> 
     </span>
    </p>
   </div>
   <div class='ocr_carea' id='block_1_99' title="bbox 2066 5334 3224 5400">
    <p class='ocr_par' dir='ltr' id='par_1_99' title="bbox 2066 5334 3224 5400">
     <span class='ocr_line' id='line_1_101' title="bbox 2066 5334 3224 5400; baseline -0.009 -11"><span class='ocrx_word' id='word_1_788' title='bbox 2066 5340 2219 5389; x_wconf 89' lang='lat' dir='ltr'>lectio</span> <span class='ocrx_word' id='word_1_789' title='bbox 2254 5340 2406 5388; x_wconf 85' lang='lat' dir='ltr'>nobis</span> <span class='ocrx_word' id='word_1_790' title='bbox 2435 5339 2548 5386; x_wconf 85' lang='lat' dir='ltr'>visa</span> <span class='ocrx_word' id='word_1_791' title='bbox 2576 5342 2654 5386; x_wconf 89' lang='lat' dir='ltr'>est</span> <span class='ocrx_word' id='word_1_792' title='bbox 2682 5337 3043 5400; x_wconf 67' lang='lat' dir='ltr'>praeferenda._</span> <span class='ocrx_word' id='word_1_793' title='bbox 3089 5397 3111 5400; x_wconf 86' lang='lat'><strong><em>_</em></strong></span> <span class='ocrx_word' id='word_1_794' title='bbox 3153 5334 3224 5400; x_wconf 73' lang='grc' dir='ltr'>Μ.</span> 
     </span>
    </p>
   </div>
   <div class='ocr_carea' id='block_1_100' title="bbox 2066 5388 3761 5515">
    <p class='ocr_par' dir='ltr' id='par_1_100' title="bbox 2066 5388 3761 5515">
     <span class='ocr_line' id='line_1_102' title="bbox 2098 5388 3761 5467; baseline -0.01 -16"><span class='ocrx_word' id='word_1_795' title='bbox 2098 5388 2103 5389; x_wconf 18' lang='grc' dir='ltr'>ί</span> <span class='ocrx_word' id='word_1_796' title='bbox 2128 5404 2148 5436; x_wconf 68' lang='grc'><strong>2</strong></span> <span class='ocrx_word' id='word_1_797' title='bbox 2176 5402 2320 5457; x_wconf 91' lang='lat' dir='ltr'>Lov.,</span> <span class='ocrx_word' id='word_1_798' title='bbox 2342 5414 2437 5449; x_wconf 81' lang='lat' dir='ltr'>nec</span> <span class='ocrx_word' id='word_1_799' title='bbox 2450 5414 2569 5451; x_wconf 90' lang='lat' dir='ltr'>cum</span> <span class='ocrx_word' id='word_1_800' title='bbox 2588 5388 2817 5462; x_wconf 69' lang='lat' dir='ltr'>noviagit</span> <span class='ocrx_word' id='word_1_801' title='bbox 2837 5397 3061 5467; x_wconf 82' lang='lat' dir='ltr'>aliquid.</span> <span class='ocrx_word' id='word_1_802' title='bbox 3083 5396 3181 5445; x_wconf 89' lang='lat' dir='ltr'>Sed</span> <span class='ocrx_word' id='word_1_803' title='bbox 3210 5394 3357 5442; x_wconf 86' lang='lat' dir='ltr'>abest</span> <span class='ocrx_word' id='word_1_804' title='bbox 3370 5402 3473 5439; x_wconf 85' lang='lat' dir='ltr'>non</span> <span class='ocrx_word' id='word_1_805' title='bbox 3505 5403 3534 5437; x_wconf 91' lang='lat' dir='ltr'>a</span> <span class='ocrx_word' id='word_1_806' title='bbox 3552 5388 3761 5447; x_wconf 79' lang='lat' dir='ltr'>Mss.,e,t</span> 
     </span>
     <span class='ocr_line' id='line_1_103' title="bbox 2066 5463 2455 5515; baseline -0.005 -2"><span class='ocrx_word' id='word_1_807' title='bbox 2066 5465 2249 5515; x_wconf 86' lang='lat' dir='ltr'>abesse</span> <span class='ocrx_word' id='word_1_808' title='bbox 2286 5463 2455 5513; x_wconf 89' lang='lat' dir='ltr'>debet.</span> 
     </span>
    </p>
   </div>
  </div>
