3996 6170
390 254 523 308 1023

389 384 618 450 tempus
647 381 943 433 movetur:
981 375 1053 430 ad
1082 377 1189 429 hoc
1213 375 1367 430 enim
1395 372 1644 444 pertinet
1674 371 1888 425 tardius
1908 375 1963 424 et
1991 385 2082 423 ce-

390 467 564 522 lerius
588 466 836 520 moveri:
877 465 1173 519 conﬁcitur
1202 480 1320 517 esse
1347 461 1622 532 quiddam
1648 459 1801 530 quod
1825 464 2081 530 tempore

391 559 634 617 moveat,
690 570 793 607 nec
831 558 1022 607 tamen
1047 555 1318 606 mutetur.
1346 550 1525 603 Omne
1548 553 1739 602 autem
1763 548 1912 619 quod
1942 553 2077 600 tem-

389 659 527 714 pore
566 647 754 696 movet
781 657 1006 710 corpus,
1047 639 1270 694 tametsi
1316 638 1385 691 ad
1427 653 1607 690 unum
1655 636 1831 690 ﬁnem
1862 635 2074 697 tendat,

387 736 581 785 tamen
613 747 716 784 nec
744 730 914 782 simul
943 732 1128 797 potest
1156 726 1349 780 omnia
1376 725 1581 791 facere,
1614 740 1717 778 nec
1745 728 1930 795 potest
1964 740 2078 778 non

387 822 553 891 plura
583 820 761 872 facere
786 834 799 870 :
826 833 1010 886 neque
1033 815 1187 868 enim
1219 816 1366 868 valet
1387 813 1584 884 quavis
1605 829 1713 882 ope
1735 817 1950 883 agatur,
1975 815 2074 865 aut

388 909 632 979 perfecte
661 921 842 959 unum
871 920 1013 972 esse,
1040 904 1195 974 quod
1226 903 1282 956 in
1315 908 1502 972 partes
1529 901 1704 954 secari
1735 904 1939 970 potest,
1986 902 2086 953 aut

391 997 574 1049 ullum
605 999 691 1048 est
717 993 839 1047 sine
872 993 1126 1064 partibus
1157 1007 1380 1060 corpus,
1419 989 1659 1043 autsine
1683 1004 1972 1042 morarum
1997 987 2085 1040 in-

389 1085 621 1138 tervallo
652 1089 900 1152 tempus,
932 1086 1028 1134 aut
1049 1097 1180 1133 vero
1209 1080 1292 1132 vel
1322 1077 1880 1146 brevissimasyllaba
1902 1091 2079 1130 enun-

387 1171 579 1237 tietur,
613 1171 772 1240 cujus
804 1186 919 1222 non
977 1175 1113 1222 tunc
1157 1168 1329 1221 finem
1369 1166 1586 1230 audias,
1636 1181 1766 1218 cum
1800 1165 1917 1234 jam
1967 1178 2082 1216 non

389 1258 550 1312 audis
590 1258 834 1312 initium.
867 1259 1036 1311 Porro
1063 1255 1216 1326 quod
1247 1254 1326 1308 sic
1352 1253 1558 1323 agitur,
1587 1257 1642 1306 et
1667 1251 2084 1321 exspectatione

393 1363 536 1415 opus
575 1350 659 1399 est
679 1350 739 1398 ut
767 1345 986 1415 peragi,
1009 1349 1066 1398 et
1095 1343 1370 1396 memoria
1402 1346 1466 1394 ut
1493 1339 1897 1410 comprehendi
1917 1341 2092 1409 queat

392 1438 670 1504 quantum
702 1437 914 1503 potest.
957 1434 1018 1485 Et
1038 1431 1378 1501 exspectatio
1409 1430 1730 1483 futurarum
1756 1443 1951 1480 rerum
1982 1429 2086 1491 est,

392 1523 813 1593 praeteritarum
852 1537 983 1574 vero
1013 1519 1310 1574 memoria.
1338 1521 1407 1572 At
1436 1517 1673 1572 intentio
1705 1517 1772 1570 ad
1804 1515 2090 1586 agendum

397 1609 690 1680 praesentis
721 1615 807 1662 est
833 1609 1128 1678 temporis,
1161 1624 1261 1678 per
1283 1607 1435 1677 quod
1460 1607 1715 1660 futurum
1747 1605 1806 1658 in
1836 1603 2090 1674 praeteri

393 1703 514 1752 tum
546 1698 767 1762 transit,
795 1713 899 1750 nec
921 1696 1088 1765 empti
1116 1700 1299 1748 motus
1329 1694 1584 1764 corporis
1615 1691 1932 1762 exspectari
1958 1690 2088 1744 linis

393 1789 579 1857 potest
603 1785 723 1838 sine
753 1785 871 1838 ulla
903 1784 1198 1838 memoria.
1228 1783 1524 1846 Quomodo
1556 1782 1708 1836 enim
1736 1783 2091 1851 exspectatur

393 1877 458 1928 ut
488 1873 723 1937 desinat,
754 1873 903 1942 quod
938 1876 1036 1926 aut
1065 1871 1302 1941 coepisse
1325 1871 1551 1936 excidit,
1586 1874 1685 1924 aut
1705 1868 1941 1922 omnino
1968 1883 2088 1920 mo-

393 1967 515 2016 tum
548 1963 717 2016 esse?
766 1962 980 2015 Rursus
1023 1960 1264 2014 intentio
1316 1959 1626 2030 peragendi
1667 1974 1795 2029 quae
1844 1971 2096 2027 praesens

397 2055 501 2119 est,
532 2050 652 2103 sine
683 2049 1101 2120 exspectatione
1131 2049 1260 2102 ﬁnis
1281 2048 1380 2118 qui
1402 2049 1627 2102 futurus
1647 2051 1750 2114 est,
1773 2061 1887 2099 non
1909 2047 2096 2114 potest

399 2153 555 2193 esse:
589 2153 693 2190 nec
749 2141 832 2190 est
869 2136 1184 2207 quidquam
1226 2135 1383 2206 quod
1431 2139 1528 2189 aut
1567 2135 1824 2188 nondum
1855 2136 1956 2198 est,
1998 2134 2098 2184 aut

396 2228 513 2298 jam
554 2242 670 2279 non
691 2231 794 2281 est.
829 2227 1020 2278 Potest
1061 2224 1237 2294 igitur
1279 2223 1339 2277 in
1376 2223 1597 2293 agendo
1643 2221 1912 2291 quiddam
1952 2235 2094 2287 esse,

403 2312 556 2383 quod
584 2312 652 2365 ad
698 2327 765 2365 ea
812 2328 939 2381 quae
970 2311 1223 2364 nondum
1255 2313 1386 2363 sunt
1414 2308 1715 2378 pertineat.
1751 2309 1992 2361 Possunt
2021 2307 2094 2358 si-

402 2401 521 2454 mul
551 2399 608 2452 in
641 2402 845 2469 agente
876 2400 1042 2469 plura
1073 2414 1214 2462 esse,
1238 2413 1368 2450 cum
1396 2414 1460 2451 ea
1493 2398 1657 2467 plura
1689 2413 1815 2466 quin
1849 2399 2096 2466 aguntur

405 2487 577 2541 simul
607 2503 727 2542 esse
769 2503 882 2540 non
930 2486 1170 2557 possint.
1227 2488 1465 2539 Possunt
1495 2501 1629 2555 ergo
1663 2485 1834 2538 etiam
1886 2483 1945 2536 in
1978 2499 2099 2536 mo-

407 2579 592 2634 vente,
626 2591 755 2628 cum
787 2575 846 2628 in
876 2591 943 2628 eo
973 2574 1123 2644 quod
1155 2577 1415 2627 movetur
1436 2589 1552 2626 non
1582 2572 1822 2642 possint.
1857 2575 1927 2624 At
1948 2587 2096 2640 quae;

409 2680 654 2734 cumque
684 2664 742 2717 in
760 2668 1018 2734 tempore
1039 2663 1206 2717 simul
1239 2678 1359 2716 esse
1393 2679 1506 2715 non
1537 2666 1798 2733 possunt,
1825 2666 1881 2714 et
1907 2665 2100 2714 tamen

408 2770 441 2807 a
469 2753 658 2806 futuro
682 2753 742 2806 in
763 2751 1116 2824 praeteritum
1153 2750 1640 2819 transmittuntur,
1665 2749 1959 2804 mutabilia
1991 2748 2104 2802 sint

413 2858 637 2896 necesse
675 2845 782 2895 est.

483 2932 533 2984 4.
573 2929 713 2984 Hinc
735 2929 855 2999 jam
886 2927 1228 2998 colligimus,
1273 2942 1440 2997 posse
1475 2942 1594 2980 esse
1631 2925 1904 2996 quiddam
1949 2923 2103 2994 quod

409 3035 537 3072 cum
571 3021 761 3070 movet
803 3016 1121 3081 mutabilia,
1171 3031 1286 3069 non
1314 3019 1587 3068 mutatur.
1623 3014 1760 3067 Cum
1794 3012 1945 3066 enim
1981 3027 2099 3064 non

408 3111 662 3160 mutatur
686 3104 962 3158 moventis
979 3104 1222 3157 intentio
1253 3101 1598 3174 perducendi
1627 3101 1700 3155 ad
1727 3102 1903 3155 tinem
1933 3114 2104 3170 quem

410 3193 557 3246 volet
584 3207 788 3261 corpus
817 3191 966 3261 quod
1000 3194 1209 3259 movet,
1240 3190 1498 3260 illudque
1523 3205 1728 3260 corpus
1754 3189 1824 3242 de
1855 3204 1969 3258 quo
2002 3187 2104 3240 ali-

410 3279 544 3350 quid
577 3279 642 3333 ﬁt
671 3279 872 3332 eodem
905 3283 1066 3332 motu
1087 3294 1188 3348 per
1203 3282 1494 3331 momenta
1521 3282 1794 3345 mutetur,
1816 3282 1988 3346 atque
2011 3275 2108 3329 illa

411 3365 652 3421 intentio
683 3365 1015 3437 perﬁciendi
1044 3382 1217 3438 quam
1247 3366 1607 3419 immutatam
1641 3381 1871 3418 manere
1915 3363 2104 3417 mani-

407 3455 611 3510 festum
645 3459 752 3522 est,
785 3459 840 3509 et
876 3455 1001 3524 ipsa
1030 3454 1291 3508 membra
1343 3453 1594 3519 artiﬁcis,
1645 3459 1699 3507 et
1755 3452 1980 3522 lignum
2011 3456 2109 3505 aut

400 3544 655 3615 lapidem
695 3543 893 3598 artiﬁci
920 3544 1238 3615 subjectum
1281 3547 1527 3609 moveat,
1559 3541 1686 3614 quis
1718 3541 1936 3596 dubitet
1966 3556 2104 3594 con-

406 3649 654 3704 sequens
685 3649 804 3687 esse
836 3633 985 3704 quod
1015 3633 1228 3686 dictum
1260 3633 1388 3687 est?
1418 3633 1542 3686 Non
1572 3631 1748 3701 igitur
1777 3629 1822 3682 si
1845 3645 1958 3700 qua
1989 3643 2106 3682 mu-

409 3721 548 3776 tatio
584 3737 890 3792 corporum
937 3725 1200 3774 movente
1233 3720 1426 3774 animo
1457 3720 1543 3786 ﬁt,
1594 3720 1852 3789 quamvis
1890 3718 1948 3771 in
1981 3732 2107 3770 eam

408 3811 482 3864 sit
508 3811 785 3876 intentus,
831 3810 965 3864 hinc
1006 3826 1138 3864 eum
1192 3811 1508 3864 necessario
1539 3809 1771 3876 mutari,
1805 3813 1862 3862 et
1901 3808 1972 3862 ob
2001 3809 2108 3862 hoc

410 3898 582 3953 etiam
610 3898 757 3951 mori
799 3897 1192 3951 arbitrandum
1224 3903 1330 3951 est.
1372 3899 1564 3951 Potest
1592 3897 1744 3950 enim
1791 3897 1851 3950 in
1882 3897 1987 3950 hac
2016 3895 2109 3948 in-

412 3985 668 4041 tentione
691 3985 859 4038 simul
912 3989 969 4038 et
1016 3984 1348 4038 memoriam
1378 3984 1800 4055 praeteritorum
1825 3989 1888 4038 et
1916 4001 2109 4054 exspe-

411 4073 723 4129 ctationem
763 4073 1089 4128 futurorum
1145 4073 1376 4141 habere,
1436 4090 1563 4144 qua:
1609 4074 1802 4127 omnia
1845 4072 1965 4127 sine
1996 4073 2108 4126 vita

413 4179 533 4219 esse
570 4179 686 4216 non
718 4167 975 4233 possunt.
1001 4162 1339 4232 Quanquam
1361 4163 1466 4216 etsi
1488 4164 1678 4217 nullus
1699 4162 1961 4216 interitus
1989 4163 2109 4216 sine

415 4251 728 4306 mutatione
749 4251 840 4317 sit,
866 4255 922 4304 et
937 4251 1095 4305 nulla
1123 4251 1360 4305 mutatio
1388 4251 1508 4305 sine
1542 4255 1730 4316 motu;
1762 4267 1880 4305 non
1916 4256 2107 4304 tamen

413 4340 601 4394 omnis
649 4339 890 4393 mutatio
920 4339 1236 4405 interitum,
1289 4340 1590 4412 omnisque
1624 4343 1811 4394 motus
1842 4339 2106 4392 mutatio-

415 4444 545 4482 nem
577 4431 866 4498 operatur.
905 4427 1058 4482 Licet
1105 4427 1256 4482 enim
1290 4428 1479 4497 ipsum
1510 4443 1716 4498 corpus
1741 4433 2023 4492 nostrum,
2057 4432 2112 4480 et

421 4521 636 4571 motum
667 4517 1008 4587 plerumque
1041 4515 1298 4586 qualibet
1317 4515 1552 4577 actione,
1579 4521 1632 4569 et
1661 4520 1942 4569 mutatum
1964 4519 2112 4569 certe

415 4605 502 4657 vel
535 4609 701 4658 aetate
733 4605 941 4672 dicere,
972 4608 1166 4658 tamen
1195 4605 1448 4657 nondum
1482 4602 1762 4669 interisse,
1795 4603 1852 4657 id
1882 4608 1965 4658 est
1991 4620 2106 4658 non

417 4709 537 4746 esse
569 4692 687 4745 sine
718 4693 848 4747 vita.
881 4693 1067 4748 Liceat
1093 4694 1269 4765 igitur
1313 4697 1366 4746 et
1398 4691 1652 4746 animum
1685 4707 1800 4746 non
1839 4692 2112 4747 continuo

421 4785 620 4851 putare
642 4780 855 4848 privari
884 4781 1016 4847 vita,
1050 4798 1383 4853 quanquam
1412 4781 1466 4836 ei
1494 4781 1730 4835 fortasse
1759 4796 1864 4850 per
1892 4785 2115 4836 motum

423 4866 662 4924 mutatio
694 4870 970 4921 nonnulla
1008 4871 1321 4940 contingat.

490 4955 716 5010 CAPUT
769 4956 856 5010 IV.
891 4984 961 4994 —-
1006 4957 1114 5011 Ars
1144 4963 1193 5013 et
1220 4961 1364 5013 ratio
1385 4973 1724 5014 numerorum
1763 4957 2116 5013 immutabilis

737 5059 855 5111 quae
883 5045 1062 5097 animo
1090 5061 1193 5100 non
1220 5049 1334 5101 sine
1375 5050 1489 5101 vita
1519 5047 1797 5100 inhaerent.

492 5137 542 5189 5.
577 5133 633 5188 Si
661 5132 816 5187 enim
871 5136 1063 5186 manet
1127 5134 1338 5206 aliquid
1385 5134 1741 5190 immutabile
1787 5132 1848 5186 in
1901 5131 2116 5198 animo,

425 5223 580 5295 quod
605 5222 726 5276 sine
756 5221 867 5276 vita
894 5237 1013 5275 esse
1044 5238 1160 5276 non
1180 5225 1393 5294 possit;
1417 5224 1605 5278 animo
1633 5223 1802 5277 etiam
1834 5222 1947 5275 vita
1978 5237 2121 5274 sem-

426 5313 652 5382 piterna
683 5313 908 5366 maneat
957 5327 1180 5365 necesse
1211 5298 1333 5366 est.
1359 5313 1500 5366 Nam
1547 5313 1655 5366 hoc
1696 5327 1931 5382 prorsus
1958 5309 2035 5363 ita
2063 5327 2120 5364 se

425 5401 617 5468 habet,
661 5405 726 5455 ut
754 5401 801 5454 si
831 5399 1084 5470 primum
1137 5403 1237 5465 est,
1289 5399 1360 5453 sit
1407 5400 1737 5454 secundum.
1783 5401 1876 5453 Est
1931 5403 2120 5453 autem

428 5489 702 5560 primum.
757 5489 893 5554 Quis
923 5489 1100 5556 enim,
1145 5493 1208 5542 ut
1257 5487 1658 5556 aliaomittam,
1703 5492 1802 5543 aut
1843 5487 2119 5542 rationem

1356 247 1450 302 DE
1492 245 2082 303 IMMORTALITATE
2122 243 2394 312 ANIMIE,
2439 245 2491 299 S.
2537 242 2917 300 AUGUSTINI
3697 259 3784 310 luti

2193 387 2566 426 numerorum
2600 359 2934 425 mutabilem
2965 385 3084 426 esse
3110 371 3312 426 audeat
3339 372 3530 440 dicere,
3559 379 3640 429 aut
3664 384 3787 433 artem

2193 460 2508 531 quamlibet
2537 476 2653 513 non
2697 460 2809 512 ista
2839 459 3057 513 ratione
3087 465 3343 514 constare
3371 481 3386 528 ;
3430 467 3518 515 aut
3541 469 3689 518 artem
3715 483 3792 520 non

2194 564 2315 602 esse
2372 549 2430 601 in
2457 549 2691 616 artiﬁce,
2715 548 2886 601 etiam
2915 565 3045 602 cum
3068 565 3194 602 eam
3223 565 3338 602 non
3367 557 3593 618 exercet;
3614 557 3692 606 aut
3712 557 3793 624 eius

2193 653 2336 701 esse,
2372 637 2482 690 nisi
2511 637 2571 690 in
2604 637 2835 703 animo;
2867 643 2967 690 aut
2993 637 3092 690 ubi
3132 638 3241 691 vita
3273 655 3384 692 non
3408 639 3492 704 sit,
3523 656 3624 692 esse
3648 658 3793 710 posse;

2195 730 2293 778 aut
2322 725 2472 794 quod
2504 724 2864 780 immutabile
2892 730 2996 792 est,
3027 743 3148 780 esse
3182 727 3484 797 aliquando
3513 743 3613 782 non
3646 745 3794 799 posse;

2195 817 2291 868 aut
2323 813 2477 868 aliud
2509 830 2630 867 esse
2661 817 2862 880 artem,
2894 814 3048 869 aliud
3081 816 3405 870 rationem?
3432 816 3663 880 Quamvis
3693 819 3797 872 enim

2193 919 2286 956 ars
2315 918 2426 955 una
2458 903 2773 956 multarum
2803 903 2962 973 quasi
2995 903 3228 974 quidam
3255 910 3432 958 coetus
3459 904 3703 958 rationum
3718 923 3797 959 esse

2197 991 2435 1057 dicatur,
2467 997 2660 1045 tamen
2691 1008 2782 1045 ars
2813 993 2981 1046 etiam
3012 1009 3126 1046 una
3154 993 3297 1046 ratio
3328 992 3436 1046 dici
3478 994 3720 1046 verissime
3743 1002 3798 1046 at-

2197 1097 2307 1150 que
2339 1080 2580 1149 intelligi
2608 1085 2814 1150 potest.
2850 1081 2958 1135 Sed
2987 1081 3103 1135 sive
3143 1083 3269 1143 hoc,
3304 1082 3418 1134 sive
3454 1081 3582 1134 illud
3617 1082 3689 1144 sit,
3726 1098 3798 1134 non

2196 1169 2388 1222 minus
2443 1169 2862 1222 immutabilem
2914 1175 3094 1223 artem
3146 1187 3264 1224 esse
3319 1170 3636 1224 coniicitur:
3677 1175 3798 1223 artem

2197 1263 2390 1312 autem
2432 1273 2550 1311 non
2582 1259 2765 1312 solum
2800 1275 2920 1312 esse
2951 1258 3009 1311 in
3053 1258 3245 1312 animo
3297 1258 3539 1321 artiﬁcis,
3579 1258 3660 1311 sed
3683 1258 3801 1310 etiam

2199 1361 2479 1416 nusquam
2543 1362 2665 1399 esse
2713 1346 2820 1399 nisi
2851 1346 2910 1400 in
2969 1348 3159 1401 animo
3191 1347 3547 1400 manifestum
3575 1350 3660 1409 est,
3683 1345 3800 1414 idque

2198 1434 2671 1504 inseparabiliter.
2703 1436 2843 1488 Nam
2867 1435 2916 1488 si
2935 1451 3026 1488 ars
3057 1436 3126 1490 ab
3153 1436 3347 1489 animo
3370 1433 3716 1504 separabitur;
3743 1440 3804 1484 aut

2199 1523 2308 1576 erit
2345 1527 2726 1594 praeterquam
2758 1525 2817 1578 in
2854 1525 3064 1584 animo,
3099 1530 3196 1579 aut
3227 1541 3505 1595 nusquam
3532 1524 3643 1590 erit,
3670 1532 3741 1576 aut
3761 1522 3803 1576 de

2199 1611 2392 1680 animo
2423 1611 2482 1664 in
2509 1611 2767 1665 animum
2797 1613 3067 1666 continuo
3098 1614 3384 1666 transibit.
3418 1616 3486 1666 At
3512 1616 3569 1664 ut
3583 1612 3713 1664 sedes
3735 1611 3805 1662 arti

2203 1700 2359 1754 nulla
2388 1699 2510 1752 sine
2540 1701 2654 1754 vita
2703 1705 2807 1764 est,
2840 1701 2918 1754 ita
2948 1717 3052 1755 nec
3083 1702 3195 1755 vita
3223 1717 3357 1755 cum
3390 1699 3595 1752 ratione
3624 1698 3705 1751 ulli
3737 1697 3804 1749 nisi

2202 1787 2411 1841 animai
2462 1788 2552 1857 (a).
2597 1790 2887 1859 Nusquam
2929 1805 3100 1860 porro
3150 1805 3272 1843 esse
3303 1787 3454 1858 quod
3483 1791 3576 1848 est,
3614 1785 3682 1838 vel
3704 1783 3804 1852 quod

2202 1876 2559 1930 immutabile
2592 1881 2678 1931 est
2708 1894 2823 1930 non
2853 1895 2971 1931 esse
2993 1878 3300 1948 aliquando
3329 1892 3441 1930 non
3455 1878 3634 1946 potest.
3653 1872 3698 1927 Si
3719 1887 3805 1924 vero

2205 1981 2296 2018 ars
2319 1965 2386 2018 de
2416 1965 2610 2019 animo
2636 1965 2694 2018 in
2726 1966 2983 2020 animum
3013 1967 3236 2032 transit,
3271 1965 3330 2019 in
3361 1965 3455 2018 illo
3500 1976 3724 2016 mansura
3746 1959 3806 2012 de-

2205 2068 2398 2105 serens
2428 2051 2636 2118 istum;
2669 2068 2837 2106 nemo
2880 2058 3058 2106 artem
3094 2054 3256 2106 docet
3288 2052 3397 2106 nisi
3436 2048 3722 2111 amittendo,
3746 2048 3806 2097 aut

2206 2140 2377 2194 etiam
2419 2156 2532 2194 non
2561 2141 2670 2194 nisi
2701 2141 2956 2195 docentis
2983 2141 3270 2196 oblivione
3308 2142 3373 2195 ﬁt
3426 2139 3612 2210 aliquis
3636 2135 3804 2206 peritus,

2206 2228 2320 2281 sive
2348 2234 2528 2282 morte
2558 2228 2600 2283 ¹.
2633 2230 2768 2293 Quia
2801 2230 2847 2283 si
2884 2231 3292 2285 absurdissima
3341 2235 3397 2283 et
3417 2226 3682 2283 falsissima
3705 2225 3804 2284 sunt,

2208 2317 2370 2370 sicuti
2396 2322 2550 2383 sunt,
2578 2318 2922 2372 immortalis
2951 2324 3036 2373 est
3065 2319 3294 2373 animus
3325 2319 3610 2372 humanus.

2283 2409 2334 2460 6.
2365 2408 2438 2460 At
2469 2405 2621 2459 enim
2651 2406 2698 2459 si
2737 2423 2828 2460 ars
2871 2407 3181 2478 aliquando
3209 2411 3317 2473 est,
3350 2404 3629 2475 aliquando
3652 2401 3809 2454 nonest

2209 2495 2268 2548 in
2299 2494 2512 2560 animo,
2539 2496 2690 2565 quod
2713 2511 2816 2565 per
2841 2496 3189 2550 oblivionem
3210 2501 3384 2566 atque
3409 2491 3708 2565 imperitiam
3721 2485 3806 2540 satis

2210 2587 2415 2636 notum
2446 2589 2556 2648 est;
2592 2584 2734 2637 nihil
2757 2585 2826 2638 ad
2859 2586 2982 2655 ejus
3013 2585 3501 2638 immortalitatem
3533 2582 3668 2635 affert
3689 2592 3806 2643 argu-

2211 2671 2391 2724 menti
2419 2672 2589 2740 bujus
2621 2673 2920 2738 connexio,
2966 2673 3076 2726 nisi
3126 2679 3375 2744 negetur
3421 2669 3710 2725 antecedens
3740 2666 3807 2718 hoc

2210 2758 2397 2812 modo.
2431 2762 2542 2811 Aut
2569 2763 2652 2812 est
2679 2759 2898 2829 aliquid
2920 2759 2976 2812 in
3003 2760 3214 2824 animo,
3249 2760 3404 2832 quod
3429 2759 3488 2812 in
3515 2754 3731 2828 praesenti
3749 2767 3807 2804 co-

2211 2847 2483 2917 gitatione
2532 2863 2649 2900 non
2707 2853 2820 2914 est;
2853 2854 2951 2902 aut
2984 2865 3097 2902 non
3146 2853 3229 2902 est
3259 2849 3321 2902 in
3351 2847 3558 2902 erudito
3584 2844 3734 2897 animo
3754 2852 3833 2896 an.

2215 2935 2452 3003 musica,
2501 2951 2631 2988 cum
2666 2935 2734 2989 de
2763 2937 2882 2990 sola
2929 2936 3279 3007 geometrica
3309 2936 3542 3006 cogitat:
3571 2934 3659 2986 hoc
3680 2936 3805 2983 autem

2213 3024 2417 3078 falsum
2452 3029 2564 3089 est;
2601 3024 2739 3078 illud
2767 3025 2942 3095 igitur
2961 3042 3179 3080 verum.
3216 3028 3346 3080 Non
3368 3030 3548 3079 autem
3583 3019 3807 3091 quidquam

2215 3129 2274 3166 se
2304 3112 2514 3166 habere
2545 3112 2771 3166 animus
2815 3114 3003 3175 sentit,
3053 3114 3164 3168 nisi
3203 3114 3362 3184 quod
3407 3113 3464 3166 in
3501 3107 3806 3180 cogitationem

2215 3200 2452 3254 venerit.
2472 3202 2664 3254 Potest
2686 3201 2862 3271 igitur
2877 3202 3090 3273 aliquid
3114 3219 3236 3256 esse
3270 3203 3330 3256 in
3361 3201 3563 3264 animo,
3591 3194 3712 3267 quod
3731 3205 3806 3244 esse

2213 3287 2272 3341 in
2303 3304 2360 3341 se
2393 3287 2749 3359 animusipse
2778 3305 2894 3343 non
2924 3291 3159 3345 sentiat.
3188 3291 3251 3344 Id
3287 3294 3473 3344 autem
3493 3283 3717 3359 quamdiu
3749 3279 3802 3338 sit

2215 3377 2359 3431 nihil
2387 3377 2644 3430 interest.
2675 3378 2930 3448 Namque
2952 3377 2998 3431 si
3024 3378 3238 3432 diutius
3260 3377 3431 3432 fuerit
3454 3377 3510 3430 in
3533 3373 3639 3428 aliis
3655 3369 3805 3422 animus

2216 3470 2544 3536 occupatus,
2560 3481 2733 3535 quam
2753 3466 3206 3520 utintentionem
3236 3483 3400 3520 suam
3431 3466 3485 3519 in
3506 3467 3619 3517 ante
3636 3455 3804 3526 cogitat3

2217 3554 2378 3608 facile
2408 3553 2583 3623 possit
2612 3553 2922 3619 reﬂectere,
2968 3554 3177 3608 oblivio
3208 3555 3294 3607 vel
3327 3551 3594 3623 imperitia
3620 3543 3802 3601 nomina-

2215 3645 2328 3695 tur.
2355 3641 2461 3694 Sed
2495 3656 2621 3694 cum
2655 3641 2741 3693 vel
2774 3657 2878 3695 nos
2907 3641 3017 3711 ipsi
3043 3641 3343 3696 nobiscum
3369 3639 3731 3695 ratiocinantes,
3751 3626 3802 3679 γει

2215 3730 2285 3784 ab
2318 3729 2428 3782 alio
2459 3729 2604 3783 bene
2628 3729 2963 3799 interrogati
2991 3730 3060 3784 de
3089 3731 3431 3801 quibusdam
3463 3724 3730 3782 liberalibus
3749 3732 3802 3768 ar-

2218 3818 2369 3872 tibus
2398 3834 2464 3871 ea
2485 3834 2612 3888 quae
2643 3817 2986 3883 invenimus,
3006 3835 3123 3871 non
3146 3819 3284 3872 alibi
3312 3833 3480 3890 quam
3499 3816 3550 3869 in
3573 3812 3722 3867 animo
3740 3821 3802 3858 no~

2218 3911 2332 3960 stro
2378 3906 2739 3960 invenimus:
2792 3922 2979 3977 neque
3012 3906 3069 3960 id
3101 3911 3183 3960 est
3213 3907 3486 3970 invenire,
3524 3901 3650 3972 quod
3688 3897 3803 3949 facere

2219 4000 2315 4050 aut
2345 3995 2579 4067 gignere
2606 4011 2618 4060 ;
2651 3995 2905 4065 alioquin
2935 4000 3146 4050 aeterna
3175 3996 3435 4066 gigneret
3463 3992 3658 4047 animus
3679 3987 3804 4067 inven-

2216 4085 2370 4140 tione
2423 4083 2726 4154 temporali
2785 4083 2954 4153 (nam
3004 4089 3218 4138 interna
3267 4101 3416 4154 saepe
3462 4077 3689 4141 invenit;
3721 4066 3803 4141 quid

2219 4174 2374 4228 enim
2405 4178 2523 4227 tam
2577 4179 2856 4226 aeternum
2906 4189 3079 4244 quam
3123 4173 3322 4227 circuli
3367 4171 3522 4235 ratio,
3567 4165 3638 4220 V81
3669 4153 3804 4244 Siquid

2218 4262 2375 4317 aliud
2436 4262 2495 4315 in
2544 4262 2945 4332 hujuscemodi
3000 4261 3237 4328 artibus,
3290 4278 3393 4315 nec
3448 4274 3552 4313 non
3590 4252 3722 4310 fuisse
3743 4242 3805 4298 ali-

2220 4351 2467 4422 quando,
2498 4367 2604 4404 nec
2634 4367 2748 4404 non
2762 4351 2879 4404 fore
2911 4350 3449 4420 comprehenditur?
3471 4339 3805 4422 ):manifestuni

2221 4440 2391 4493 etiam
2429 4443 2532 4505 est,
2583 4439 2964 4492 immortalem
3016 4455 3137 4493 esse
3167 4439 3423 4492 animum
3472 4420 3804 4514 humanumdft

2221 4545 2419 4583 omnes
2452 4544 2610 4581 veras
2643 4527 2893 4581 rationes
2932 4527 2988 4582 in
3035 4527 3265 4582 secretis
3310 4528 3427 4598 ejus
3455 4539 3582 4588 esse,
3625 4520 3805 4587 quamvis

2221 4634 2315 4672 eas
2347 4617 2463 4670 sive
2496 4615 2853 4686 ignoratione
2904 4616 3021 4670 sive
3074 4616 3378 4678 oblivione,
3409 4618 3499 4666 aut
3521 4624 3620 4664 non
3645 4600 3802 4658 habere.

2220 4709 2319 4760 aut
2348 4705 2603 4758 amisisse
2629 4705 2905 4759 videatur.

2294 4795 2518 4849 CAPUT
2550 4795 2610 4848 V.
2635 4824 2701 4833 —
2728 4795 3098 4848 Animus‘non
3135 4797 3376 4848 mutatur
3403 4795 3460 4845 ut
3487 4785 3666 4842 desinat
3686 4787 3762 4830 βεδε

2955 4885 3188 4938 animus.

2292 4975 2346 5025 7.
2383 4972 2542 5024 Nunc
2573 4975 2765 5026 autem
2795 4977 3078 5042 quatenus
3115 4969 3439 5041 accipienda
3466 4964 3531 5018 sit
3561 4953 3703 5014 animi
3729 4961 3806 5040 ωξι·

2222 5059 2361 5112 tatio
2389 5060 2700 5114 videamus.
2736 5061 2795 5115 Si
2821 5060 2973 5114 enim
3003 5060 3322 5129 subjectum
3351 5060 3431 5110 est
3449 5053 3642 5108 animus
3666 5043 3751 5095 arte
3769 5046 3805 5129 in

2227 5149 2477 5218 subjecto
2507 5149 2800 5214 existente,
2823 5165 3009 5218 neque
3051 5122 3370 5217 subjectum
3394 5133 3650 5198 immutari
3684 5122 3807 5198 Ρ⁰ί⁸⁵ι

2227 5236 2368 5307 quin
2397 5242 2454 5292 et
2489 5237 2544 5291 id
2566 5237 2719 5308 quod
2748 5236 2810 5290 in
2835 5237 3086 5308 subjecto
3110 5241 3193 5290 est
3215 5236 3557 5294 immutetur;
3575 5221 3655 5296 qui
3673 5223 3804 5288 P05”

2291 5372 2305 5405 1
2345 5372 2403 5418 In
2428 5370 2573 5433 prius
2591 5369 2840 5432 vulgatis,
2858 5371 2970 5419 sine
2991 5373 3178 5421 morie.
3198 5369 3296 5419 Sed
3340 5365 3513 5416 melius
3544 5360 3589 5408 in
3614 5343 3808 5404 Mss..sirt

2228 5436 2415 5482 morie.

2295 5495 2366 5556 (a)
2398 5496 2418 5544 Ι
2444 5495 2693 5554 Retract,
2724 5507 2838 5557 cap.
2861 5495 2908 5554 5,
2933 5507 2986 5542 n.
3013 5496 3058 5542 2.
