3996 6170
222 281 356 332 1025

220 414 347 451 mus
375 396 632 451 obtinere
670 396 1089 452 immutabilem
1140 414 1260 453 esse
1308 404 1487 455 artem
1541 404 1709 473 atque
1744 402 1917 456 ratio-

216 503 371 551 nem,
398 488 443 539 si
478 487 767 540 mutabilis
794 487 1021 541 animus
1042 488 1101 541 in
1128 504 1241 558 quo
1268 489 1365 542 illa
1383 494 1513 544 sunt
1533 507 1654 544 esse
1682 491 1915 545 convin-

216 576 407 628 citur?
438 576 574 638 Quae
606 581 795 628 autem
828 579 1008 645 major
1025 593 1196 646 quam
1229 577 1286 630 in
1309 579 1591 633 contraria
1620 581 1763 633 solet
1794 596 1914 633 esse

217 663 458 716 mutatio
480 664 508 715 ?
538 668 591 717 et
625 663 752 733 quis
785 669 951 733 negat
984 664 1228 731 animus,
1261 670 1326 719 ut
1369 667 1630 720 omittam
1686 674 1912 728 caetera,

217 754 457 805 stultum
488 753 645 818 alias,
679 752 818 805 alias
848 769 979 805 vero
1014 768 1134 806 esse
1174 754 1537 824 sapientem?
1566 756 1729 809 Prius
1778 772 1914 826 ergo

215 843 355 909 quot
395 840 578 893 modis
608 839 936 910 accipiatur,
973 856 1101 911 quas
1158 842 1364 895 dicitur
1393 843 1599 896 animze
1650 844 1914 911 mutatio,

214 929 546 995 videamus;
599 929 717 999 qui,
775 933 839 982 ut
885 929 1106 999 opinor,
1171 931 1586 984 manifestiores
1644 933 1917 986 duntaxat

213 1017 595 1088 clarioresque
622 1017 787 1071 nobis
811 1018 921 1071 duo
948 1022 1076 1070 sunt
1108 1033 1337 1087 genere,
1369 1020 1555 1089 specie
1596 1036 1694 1073 vos
1725 1022 1916 1090 plures

213 1105 604 1158 inveniuntur.
645 1106 898 1175 Namque
930 1110 1029 1159 aut
1067 1108 1378 1161 secundum
1410 1109 1667 1178 corporis
1697 1108 1911 1180 passio-

214 1209 338 1257 nes,
373 1197 470 1246 aut
499 1194 809 1246 secundum
842 1210 991 1258 suas,
1025 1195 1217 1248 anima
1247 1196 1455 1250 dicitur
1474 1197 1787 1250 immutari.
1819 1197 1915 1250 Se-

213 1281 470 1335 cundum
500 1280 770 1350 corporis,
801 1285 865 1334 ut
896 1298 997 1352 per
1027 1287 1241 1348 aetates,
1273 1300 1376 1353 per
1406 1284 1651 1351 morbos,
1684 1300 1787 1354 per
1813 1284 1915 1337 do-

213 1370 385 1435 lores,
410 1370 656 1435 labores,
683 1369 1047 1435 offensiones,
1084 1387 1186 1441 per
1218 1372 1557 1441 voluptates.
1592 1371 1917 1425 Secundum

215 1474 349 1511 suas
378 1463 588 1524 autem,
621 1463 684 1511 ut
711 1458 1011 1527 cupiendo,
1042 1459 1312 1526 lmtando,
1359 1460 1687 1530 metuendo,
1737 1475 1916 1530 aegre-

215 1547 421 1611 cendo,
457 1546 754 1612 studendo,
796 1547 1090 1603 discendo.

292 1640 343 1691 8.
378 1638 472 1690 Hae
505 1653 702 1690 omnes
759 1637 1127 1704 mutationes,
1161 1637 1207 1691 si
1235 1653 1353 1691 non
1385 1638 1705 1692 necessario
1740 1653 1916 1708 argu-

218 1729 413 1779 mento
444 1730 577 1779 sunt
633 1726 779 1779 mori
807 1726 1080 1793 animam,
1123 1726 1267 1779 nihii
1315 1726 1545 1796 quidem
1596 1728 1918 1780 metuendae

215 1819 354 1867 sunt
379 1830 484 1883 per
532 1831 591 1868 se
619 1815 759 1884 ipsae
810 1815 1117 1885 separatim
1152 1832 1164 1869 :
1221 1815 1317 1868 sed
1348 1831 1419 1869 ne
1451 1815 1657 1869 rationi
1708 1820 1918 1869 nostra:

216 1902 611 1970 adversentur,
646 1920 756 1973 qua
790 1903 1000 1957 dictum
1035 1908 1134 1969 est,
1181 1908 1401 1957 mutato
1443 1904 1699 1974 subjecto
1748 1919 1917 1957 omne

216 1990 463 2061 quodin
494 1991 747 2061 subjecto
807 1996 891 2045 est
937 1993 1256 2045 necessario
1315 1992 1546 2058 mutari,
1607 1992 1919 2046 videndum

217 2083 324 2132 est.
358 2079 463 2132 Sed
497 2096 612 2132 non
644 2081 1033 2134 adversantur.
1072 2081 1213 2134 Nam
1243 2081 1384 2135 illud
1415 2080 1731 2134 secundum
1774 2081 1921 2133 hanc

220 2167 601 2221 mutationem
625 2169 865 2237 subjecti
886 2168 1110 2235 dicitur,
1143 2185 1430 2239 perquam
1445 2169 1678 2222 omnino
1699 2173 1920 2222 mutare

216 2254 441 2324 cogitur
464 2272 696 2309 nomen.
734 2257 875 2309 Nam
907 2257 949 2309 si
986 2272 1050 2310 ex
1083 2258 1208 2310 albo
1235 2273 1364 2310 cera
1402 2258 1633 2327 nigrum
1666 2258 1920 2311 colorem

225 2344 397 2397 ducat
423 2343 700 2409 alicunde,
736 2360 851 2396 non
871 2343 1061 2397 minus
1081 2360 1210 2397 cera
1243 2349 1327 2398 est
1351 2362 1364 2410 ;
1394 2349 1445 2397 et
1477 2344 1520 2397 si
1549 2360 1616 2397 ex
1642 2343 1923 2415 quadrata

218 2432 531 2485 rotundam
561 2432 806 2485 formam
846 2438 1055 2498 sumat,
1107 2436 1161 2485 et
1210 2449 1276 2485 ex
1308 2432 1467 2487 molli
1508 2433 1787 2498 durescat,
1821 2432 1920 2485 fri-

220 2526 524 2591 gescatque
556 2537 620 2574 ex
652 2520 834 2575 calida
863 2538 874 2575 :
910 2524 966 2574 at
996 2521 1105 2574 ista
1134 2521 1195 2574 in
1224 2522 1479 2591 subjecto
1521 2526 1671 2587 sunt,
1702 2526 1756 2574 et
1795 2537 1923 2574 cera

221 2609 543 2679 subjectum
619 2611 804 2666 Manet
850 2615 1039 2663 autem
1090 2625 1217 2663 cera
1264 2626 1381 2663 non
1430 2610 1609 2679 magis
1664 2610 1922 2663 minusve

221 2714 371 2763 cera,
406 2714 534 2750 cum
564 2697 660 2751 illa
692 2703 1010 2753 mutentur.
1042 2700 1233 2752 Potest
1262 2698 1438 2769 igitur
1466 2699 1659 2769 aliqua
1684 2698 1922 2751 mutatio

216 2786 345 2839 ﬁeri
366 2802 566 2843 eorum
597 2803 725 2857 quas
757 2786 816 2839 in
848 2787 1098 2856 subjecto
1135 2791 1289 2853 sunt,
1317 2803 1446 2840 cum
1492 2786 1681 2857 ipsum
1730 2790 1923 2839 tamen

212 2875 375 2944 juxta
408 2875 465 2929 id
496 2876 646 2945 quod
678 2876 783 2929 hoc
839 2880 922 2929 est
952 2891 1015 2928 ac
1044 2875 1267 2941 dicitur,
1300 2892 1419 2928 non
1450 2880 1721 2929 mutetur.
1755 2878 1825 2928 At
1878 2874 1924 2927 si

222 2979 425 3018 eorum
458 2980 584 3034 quae
606 2964 665 3016 in
697 2964 951 3034 subjecto
979 2969 1133 3028 sunt,
1162 2969 1319 3017 tanta
1341 2963 1714 3016 commutatio
1738 2962 1921 3030 fieret,

223 3057 288 3107 ut
310 3052 451 3106 illud
485 3052 640 3123 quod
663 3053 893 3105 subesse
925 3052 1231 3113 dicebatur,
1269 3052 1377 3105 dici
1401 3053 1522 3121 jam
1558 3051 1923 3104 omninonon

223 3147 413 3212 posset
438 3157 450 3207 ;
484 3141 660 3194 veluti
693 3157 822 3195 cum
851 3142 1039 3195 calore
1073 3140 1224 3211 ignis
1252 3156 1380 3194 cera
1403 3141 1461 3193 in
1478 3156 1644 3192 auras
1667 3139 1924 3207 discedit,

226 3246 466 3300 eamque
498 3230 876 3284 mutationem
917 3230 1131 3299 patitur
1163 3234 1226 3283 ut
1255 3233 1404 3282 recte
1430 3228 1782 3298 intelligatur
1804 3243 1927 3280 mu-

226 3324 407 3374 tatum
422 3335 539 3372 esse
554 3319 894 3388 subjectum,
924 3318 1073 3388 quod
1100 3334 1228 3371 cera
1257 3323 1398 3386 erat,
1440 3322 1493 3371 et
1508 3333 1635 3370 cera
1653 3317 1773 3386 jam
1809 3332 1925 3368 non

228 3411 311 3459 est
335 3421 346 3458 :
366 3406 522 3458 nullo
553 3406 721 3459 modo
754 3406 943 3475 aliqua
966 3406 1187 3459 ratione
1205 3405 1519 3475 quidquam
1551 3421 1771 3467 eorum,
1798 3419 1925 3475 qute

226 3493 286 3547 in
316 3494 411 3546 illo
441 3494 694 3564 subjecto
725 3494 852 3547 ideo
896 3498 1059 3547 erant
1109 3492 1242 3563 quia
1275 3494 1382 3547 hoc
1429 3496 1568 3555 erat,
1624 3509 1925 3547 remanere

228 3587 529 3652 putaretur
542 3623 554 3635 .
1138 3649 1143 3652 _

300 3674 351 3725 9.
377 3671 758 3736 Quamobrem
786 3671 831 3725 si
858 3671 1053 3725 anima
1102 3671 1423 3740 subjectum
1474 3674 1577 3737 est,
1638 3674 1701 3725 ut
1757 3687 1926 3742 supra

225 3760 490 3827 diximus,
531 3761 590 3814 in
622 3777 733 3831 quo
763 3761 907 3814 ratio
950 3760 1428 3830 inseparabiliter,
1482 3776 1548 3813 ea
1594 3760 1926 3814 necessitate

226 3865 458 3920 quoque
491 3850 692 3920 quain
746 3850 997 3919 subjecto
1048 3865 1166 3902 esse
1216 3852 1571 3903 monstratur
1610 3847 1643 3912 ‘,
1680 3866 1783 3902 nec
1815 3850 1927 3902 nisi

224 3938 354 3990 viva
382 3937 574 3990 anima
602 3940 785 4006 potest
812 3953 931 3990 esse
982 3937 1193 4003 anima,
1226 3953 1331 3990 nec
1384 3936 1444 3989 in
1471 3953 1537 3989 ea
1568 3936 1710 3990 ratio
1741 3942 1929 4006 potest

225 4041 349 4079 ese
381 4025 501 4079 sine
532 4025 666 4091 vita,
708 4030 763 4077 et
811 4024 1151 4078 immortalis
1206 4029 1289 4078 est
1343 4024 1527 4090 ratio;
1585 4024 1929 4078 immortalis

225 4118 311 4166 est
340 4114 549 4167 anima.
586 4115 818 4167 Prorsus
850 4114 1003 4166 enim
1044 4114 1198 4167 nullo
1254 4118 1421 4183 pacto
1484 4130 1601 4166 non
1650 4114 1928 4167 existente

223 4202 479 4272 subjecto
540 4219 643 4256 suo
696 4202 1073 4256 immutabilis
1128 4202 1272 4255 ratio
1334 4206 1717 4271 permaneret.
1770 4202 1928 4265 Quod

225 4292 497 4359 eveniret,
529 4292 574 4343 si
622 4296 780 4343 tanta
828 4291 1106 4344 accideret
1159 4290 1364 4343 animae
1398 4289 1659 4355 mutatio,
1696 4294 1759 4342 ut
1802 4305 1929 4343 eam

223 4396 341 4433 non
373 4380 624 4432 animam
655 4380 880 4440 faceret,
913 4380 971 4433 id
999 4382 1082 4432 est
1113 4378 1257 4431 mori
1289 4382 1531 4448 cogeret.
1558 4378 1721 4431 Nulla
1741 4382 1930 4431 autem

225 4470 459 4523 illarum
490 4469 891 4536 mutationum,
924 4484 1052 4538 qua:
1083 4467 1198 4521 sive
1253 4483 1355 4537 per
1411 4482 1641 4537 corpus,
1683 4466 1797 4519 sive
1827 4482 1932 4535 per

226 4558 412 4629 ipsam
443 4557 695 4610 animam
727 4556 1165 4628 fiunt(quamvis
1187 4562 1379 4611 utrum
1402 4556 1607 4627 aliquae
1628 4556 1929 4627 peripsam

228 4647 392 4715 fiant,
424 4646 482 4700 id
516 4650 598 4699 est
630 4661 873 4716 quarum
928 4646 1053 4716 ipsa
1103 4645 1175 4699 sit
1222 4661 1409 4711 causa,
1456 4662 1572 4698 non
1632 4661 1804 4715 parva
1859 4644 1931 4697 sit

226 4734 514 4805 quaestio),
548 4734 606 4787 id
636 4734 755 4805 agit
782 4738 845 4787 ut
874 4733 1129 4787 animam
1160 4750 1271 4786 non
1294 4732 1546 4786 animam
1577 4732 1769 4787 faciat.
1806 4734 1931 4786 Jam

226 4823 408 4894 igitur
438 4839 552 4875 non
583 4823 768 4875 solum
796 4837 898 4892 per
925 4838 1002 4889 se,
1038 4836 1236 4875 verum
1255 4838 1357 4876 nec
1377 4821 1583 4875 nostris
1612 4820 1932 4875 rationibus

227 4910 610 4965 formidandae
638 4916 788 4964 sunt.

222 5001 451 5055 CAPUT
488 5001 572 5053 Vl.
604 5029 672 5038 -—
705 5001 864 5054 Ratio
894 5014 1012 5066 qua
1050 4997 1504 5052 incommutabilis
1572 5001 1671 5065 est,
1711 4998 1823 5051 sive
1874 5000 1932 5051 in

298 5092 479 5143 animo
500 5091 612 5142 sive
641 5104 759 5141 cum
785 5090 970 5141 animo
999 5089 1092 5153 sit,
1116 5089 1227 5141 sive
1256 5088 1469 5139 animus
1500 5088 1555 5139 in
1586 5101 1670 5155 ca,
1701 5085 1769 5138 ab
1814 5086 1931 5154 ipso

299 5177 477 5231 eodem
510 5179 690 5230 animo
723 5178 974 5245 separari
1002 5177 1205 5243 nequit.

188 5324 210 5345 .
306 5269 387 5320 iO.
421 5267 563 5335 Ergo
596 5264 1042 5319 incumbendum
1092 5262 1360 5317 omnibus
1390 5260 1766 5315 ratiocinandi
1795 5259 1927 5313 viri-

227 5354 332 5409 bus
362 5354 547 5423 video,
578 5359 644 5408 ut
673 5354 820 5408 ratio
853 5351 991 5422 quid
1032 5351 1124 5419 sit,
1156 5356 1213 5403 et
1242 5349 1463 5421 quoties
1491 5349 1719 5403 definiri
1750 5349 1931 5419 possit

292 5480 305 5511 ¹
346 5477 585 5535 Quatuor
618 5477 764 5537 Mss,
794 5490 858 5526 ea
876 5473 1177 5526 necessitate
1214 5486 1321 5536 qua
1349 5486 1571 5537 qua’que
1600 5474 1654 5523 in
1684 5471 1925 5533 subjecto

229 5543 613 5590 monstrantur.

1742 281 1952 336 LIBER
1994 280 2199 336 UNUS.

3590 294 3723 347 1026

2025 403 2255 473 sciatur,
2286 408 2348 458 ut
2376 405 2688 459 secundum
2720 421 2918 459 omnes
2949 408 3147 461 modos
3179 412 3234 462 et
3274 410 3342 464 de
3376 411 3581 465 animae
3613 414 3721 467 im-

2028 494 2369 547 mortalitate
2400 499 2635 548 constet.
2675 496 2834 549 Ratio
2866 501 2949 550 est
2977 503 3234 568 aspectus
3266 502 3466 570 animi,
3486 519 3598 572 quo
3618 520 3721 572 per

2025 583 2297 650 seipsum,
2328 600 2441 637 non
2482 600 2580 653 per
2636 601 2839 653 corpus
2893 602 3089 640 verum
3141 588 3435 643 intuetur:
3472 596 3569 644 aut
3602 592 3721 661 ipsa

2025 671 2142 723 veri
2171 672 2593 741 contemplatio,
2624 688 2735 725 non
2768 688 2869 741 per
2900 690 3130 743 corpus,
3166 682 3260 728 aut
3292 677 3483 745 ipsum
3522 696 3720 733 verum

2026 757 2174 827 quod
2207 759 2643 828 contemplatur.
2682 760 2935 813 Primum
2962 762 3173 815 illudin
3191 764 3381 817 animo
3404 783 3523 819 esse
3548 783 3716 820 nemo

2026 847 2268 916 ambigit
2301 863 2313 900 :
2350 848 2417 901 de
2451 848 2696 901 secundo
2729 854 2785 901 et
2816 849 2981 902 tertio
3014 851 3192 919 quaeri
3227 856 3414 920 potest
3451 874 3464 918 ;
3512 855 3613 907 sed
3667 858 3721 909 et

2023 936 2338 988 secundum
2386 936 2506 989 sine
2559 937 2750 989 animo
2799 953 2920 991 esse
2980 954 3094 991 non
3152 945 3356 1008 potest.
3413 942 3491 994 De
3550 944 3717 996 tertio

2026 1037 2234 1092 magna
2265 1023 2503 1092 quaestio
2537 1029 2622 1076 est
2652 1028 2844 1076 utrum
2876 1041 3072 1078 verum
3102 1026 3237 1079 illud
3269 1027 3421 1097 quod
3451 1028 3573 1081 sine
3631 1029 3720 1081 in-

2026 1114 2339 1163 strumento
2372 1111 2627 1180 corporis
2650 1112 2874 1164 animus
2902 1112 3158 1166 intuetur
3187 1114 3260 1165 sit
3289 1131 3391 1184 per
3442 1117 3719 1186 seipsum,

2027 1202 2082 1251 et
2110 1214 2226 1251 non
2255 1199 2327 1251 sit
2356 1198 2416 1251 in
2443 1199 2654 1265 animo,
2687 1205 2785 1252 aut
2815 1200 2991 1269 possit
3022 1217 3141 1254 esse
3174 1202 3294 1255 sine
3326 1203 3539 1258 animo.
3578 1206 3718 1269 Quo-

2026 1284 2465 1353 quolibetmodo
2495 1292 2685 1340 autem
2713 1304 2769 1339 se
2784 1288 3005 1353 habeat,
3042 1305 3153 1342 non
3184 1290 3240 1343 id
3268 1298 3457 1359 posset
3476 1297 3722 1347 contem-

2026 1373 2174 1443 plari
2205 1374 2426 1426 animus
2465 1390 2568 1444 per
2611 1375 2880 1443 seipsum,
2937 1376 3045 1428 nisi
3088 1377 3281 1446 aliqua
3326 1380 3726 1448 conjunctione

2027 1478 2157 1514 cum
2188 1478 2271 1515 eo.
2308 1463 2449 1515 Nam
2482 1478 2651 1515 omne
2683 1463 2840 1533 quod
2871 1466 3351 1533 contemplemur,
3385 1468 3499 1521 sive
3521 1470 3727 1537 cogita-

2026 1549 2184 1603 tione
2215 1550 2493 1620 capimus,
2524 1555 2622 1603 aut
2654 1567 2825 1604 sensu
2852 1555 2949 1605 aut
2978 1551 3267 1605 intellectu
3295 1554 3574 1625 capimus.
3620 1557 3726 1611 Sed

2027 1651 2093 1688 ea
2128 1652 2254 1707 quae
2283 1652 2452 1689 sensu
2480 1636 2802 1705 capiuntur,
2824 1643 2984 1691 extra
3014 1640 3185 1692 etiam
3211 1657 3313 1693 nos
3327 1657 3445 1694 esse
3478 1642 3728 1695 sentiun-

2027 1727 2137 1788 tur,
2169 1729 2224 1778 et
2254 1725 2390 1777 locis
2440 1726 2826 1795 continentur,
2877 1727 3028 1780 unde
3076 1743 3179 1780 nec
3231 1729 3450 1799 percipi
3493 1731 3724 1800 quidem

2029 1828 2195 1882 posse
2243 1812 2603 1869 afirmantur.
2667 1814 2741 1867 Ea
2786 1830 2918 1866 vero
2962 1830 3088 1885 quae
3139 1815 3564 1885 intelliguntur,
3612 1835 3727 1872 non

2030 1900 2191 1971 quasi
2220 1900 2357 1954 alibi
2385 1901 2566 1971 posita
2599 1901 3015 1972 intelliguntur,
3041 1918 3214 1972 quam
3246 1903 3365 1972 ipse
3397 1905 3495 1973 qui
3518 1906 3727 1960 intelli-

2030 1988 2114 2058 git
2142 1989 2367 2042 animus
2400 2006 2412 2043 :
2441 1988 2610 2043 simul
2635 1990 2787 2043 enim
2817 1991 2986 2053 etiam
3016 1991 3417 2061 intelliguntur
3448 2010 3563 2048 non
3594 2011 3727 2049 con-

2030 2078 2200 2131 tineri
2229 2078 2373 2131 loco.

2109 2170 2189 2222 H.
2222 2167 2404 2230 Quare
2433 2166 2541 2221 ista
2588 2166 2909 2237 conjunctio
2948 2167 3221 2222 intuentis
3276 2169 3472 2236 animi,
3524 2176 3580 2225 et
3607 2173 3731 2242 ejus

2031 2254 2149 2308 veri
2175 2255 2329 2327 quod
2353 2242 2637 2321 intuetur,
2672 2261 2770 2309 aut
2800 2256 2877 2309 ita
2909 2260 2991 2310 est
3045 2262 3110 2310 ut
3143 2258 3463 2327 subjectum
3512 2260 3584 2314 sit
3614 2261 3733 2314 ani-

2031 2359 2176 2411 mus,
2210 2360 2409 2397 verum
2442 2349 2632 2397 autem
2665 2343 2805 2397 illud
2836 2344 2894 2397 in
2918 2344 3169 2413 subjecto
3195 2362 3207 2409 ;
3244 2351 3341 2399 aut
3365 2352 3561 2401 contra
3592 2349 3729 2403 sub-

2025 2431 2241 2502 jectum
2272 2448 2493 2499 verum,
2525 2435 2580 2485 et
2610 2431 2669 2484 in
2702 2431 2954 2501 subjecto
2998 2432 3260 2499 animus;
3295 2439 3394 2488 aut
3422 2439 3733 2506 utrumque

2032 2521 2363 2575 substantia.
2399 2522 2614 2574 Horum
2665 2524 2855 2573 autem
2885 2520 3059 2575 trium
3093 2521 3138 2573 si
3191 2522 3441 2591 primum
3476 2528 3578 2591 est,
3614 2530 3730 2579 tam

2033 2614 2116 2663 est
2146 2610 2483 2663 immortalis
2510 2610 2735 2663 animus
2766 2626 2935 2680 quam
2957 2610 3450 2675 ratio,secundum
3474 2614 3730 2683 superio-

2034 2715 2154 2752 rem
2186 2699 2654 2769 disputationem,
2690 2698 2842 2769 quod
2871 2699 3054 2751 inesse
3086 2698 3184 2750 illa
3211 2698 3584 2755 nisivivonon
3605 2707 3732 2771 pot-

2035 2792 2133 2840 est.
2167 2787 2375 2840 Eadem
2404 2786 2708 2841 necessitas
2738 2786 2797 2839 in
2827 2786 3075 2839 secundo
3122 2791 3233 2840 est.
3273 2787 3414 2841 Nam
3439 2788 3485 2841 si
3535 2806 3731 2844 verum

2032 2873 2173 2927 illud
2200 2874 2353 2944 quod
2382 2875 2526 2927 ratio
2559 2874 2783 2939 dicitur,
2811 2874 2952 2926 nihil
2980 2874 3151 2927 habet
3171 2876 3570 2930 commutabile
3593 2877 3737 2931 sicut

2034 2970 2306 3035 apparet;
2334 2965 2475 3019 nihil
2504 2967 2843 3019 commutari
2870 2967 3216 3037 potestquod
3240 2968 3300 3020 in
3345 2984 3411 3021 eo
3458 2974 3733 3041 tanquam

2034 3052 2093 3105 in
2127 3054 2379 3124 subjecto
2402 3059 2503 3108 est.
2529 3055 2809 3109 Remanet
2828 3054 3004 3126 igitur
3027 3056 3213 3109 omnis
3232 3072 3426 3127 pugna
3440 3058 3510 3111 de
3540 3061 3731 3123 tertio,

2038 3142 2179 3195 Nam
2211 3142 2257 3195 si
2287 3143 2516 3197 animus
2548 3144 2867 3198 substantia
2900 3149 3004 3210 est,
3034 3149 3090 3199 et
3119 3144 3434 3201 substantia
3462 3147 3606 3202 ratio
3644 3149 3734 3203 cui

2036 3231 2406 3302 conjungitur
2431 3230 2446 3262 ¹
2474 3252 2489 3299 ;
2520 3248 2635 3285 non
2666 3232 2908 3286 absurde
2937 3232 3063 3303 quis
3077 3234 3362 3302 putaverit
3390 3234 3517 3289 fieri
3547 3254 3734 3307 posse,

2035 3323 2099 3372 ut
2128 3325 2392 3373 manente
2424 3321 2522 3373 illa
2553 3320 2645 3373 hic
2674 3337 2795 3374 esse
2823 3320 3066 3375 desinat.
3101 3322 3211 3376 Sed
3244 3322 3614 3378 manifestum
3656 3330 3738 3379 est

2038 3407 2312 3476 quamdiu
2343 3408 2566 3461 animus
2596 3425 2629 3460 a
2658 3407 2876 3461 ratione
2904 3425 3023 3461 non
3038 3414 3335 3478 separatur
3358 3411 3523 3481 eique
3548 3413 3733 3465 cohae-

2037 3499 2145 3563 ret,
2175 3496 2489 3549 necessario
2523 3512 2655 3549 eum
2714 3512 2946 3550 manere
3003 3502 3173 3567 atque
3209 3497 3418 3569 vivere.
3470 3500 3733 3569 Separari

2039 3588 2231 3636 autem
2261 3600 2373 3654 qua
2402 3585 2634 3638 tandem
2656 3584 2707 3637 vi
2738 3586 2969 3654 potest?
2996 3586 3144 3638 Num
3174 3602 3466 3655 corporea,
3498 3589 3659 3657 cujus
3682 3592 3737 3641 et

2038 3671 2291 3741 potentia
2320 3672 2623 3737 infirmior,
2664 3677 2719 3724 et
2741 3672 2900 3741 origo
2929 3671 3189 3737 inferior,
3222 3678 3279 3726 et
3336 3674 3474 3728 ordo
3507 3691 3733 3745 sapara-

2040 3758 2189 3812 tier?
2219 3758 2385 3812 Nullo
2416 3759 2609 3813 modo.
2644 3759 2891 3812 Animali
2923 3759 3104 3829 ergo?
3135 3760 3246 3813 Sed
3300 3760 3472 3814 etiam
3512 3762 3573 3815 in
3620 3779 3734 3833 quo

2038 3847 2247 3901 modo?
2274 3850 2360 3900 An
2403 3848 2549 3901 alter
2574 3847 2800 3901 animus
2832 3847 3118 3918 potentior
3161 3848 3419 3920 quisquis
3461 3855 3563 3916 est,
3604 3868 3737 3905 con-

2038 3935 2305 4004 templari
2325 3935 2607 3988 rationem
2640 3952 2758 3988 non
2784 3940 2993 4006 potest,
3021 3936 3131 3989 nisi
3162 3937 3406 3992 alterum
3427 3938 3559 3992 inde
3583 3956 3736 4010 sepa-

2039 4024 2287 4078 raverit‘?
2316 4027 2387 4077 At
2412 4040 2597 4095 neque
2631 4024 2773 4077 ratio
2804 4024 3071 4095 cuiquam
3103 4028 3512 4097 contemplanti
3543 4028 3735 4081 defue-

1982 4130 1999 4148 ο
2038 4112 2134 4176 rit,
2183 4112 2229 4165 si
2268 4128 2465 4166 omnes
2514 4113 2979 4182 contemplentur
3026 4118 3081 4167 et
3122 4130 3253 4166 cum
3297 4114 3441 4167 nihil
3495 4116 3568 4167 sit
3613 4116 3737 4185 ipsa

2038 4200 2259 4254 ratione
2286 4199 2596 4270 potentius,
2622 4217 2733 4270 qua
2747 4200 3526 4254 nihilestincommutabilius
3546 4219 3558 4267 ;
3576 4204 3735 4257 nullo

2039 4294 2202 4358 pacto
2234 4288 2339 4340 erit
2369 4287 2595 4340 animus
2625 4288 2884 4341 nondum
2926 4288 3134 4341 rationi
3166 4289 3520 4358 conjunctus,
3547 4306 3611 4343 eo
3638 4290 3737 4360 qui

2040 4380 2125 4430 est
2153 4373 2488 4444 conjunctus
2518 4374 2827 4444 potentior.
2862 4376 3054 4428 Restat
3083 4379 3143 4427 ut
3174 4379 3274 4428 aut
3302 4374 3426 4443 ipsa
3456 4376 3596 4430 ratio
3619 4394 3649 4430 a
3677 4395 3735 4432 se

2039 4463 2229 4533 ipsum
2260 4466 2505 4532 separet,
2535 4467 2633 4516 aut
2658 4462 2778 4531 ipse
2801 4463 3025 4515 animus
3056 4462 3125 4515 ab
3156 4478 3222 4514 ea
3253 4462 3541 4516 voluntate
3573 4480 3734 4533 sepa-

2040 4558 2214 4606 retur.
2257 4552 2363 4607 Sed
2394 4551 2537 4605 nihil
2568 4556 2652 4605 est
2681 4551 2741 4604 in
2770 4551 2868 4604 illa
2898 4555 3100 4603 natura
3115 4549 3467 4619 invidentiae,
3506 4554 3737 4622 quomi-

2039 4657 2147 4693 nus
2196 4640 2493 4693 fruendam
2536 4656 2594 4692 se
2640 4639 2832 4691 animo
2879 4637 3141 4708 praebeat.
3177 4637 3387 4691 Deinde
3413 4655 3527 4709 quo
3555 4641 3737 4712 magis

2039 4734 2139 4795 est,
2181 4745 2247 4782 eo
2280 4729 2558 4799 quidquid
2591 4728 2697 4782 sibi
2728 4726 3095 4798 conjungitur
3120 4727 3255 4781 facit
3299 4733 3364 4782 ut
3395 4728 3486 4795 sit,
3531 4732 3621 4784 cui
3654 4732 3736 4785 rei

2037 4818 2356 4871 contrarius
2392 4824 2477 4871 est
2506 4817 2790 4871 interitus.
2826 4817 3126 4870 Voluntate
3148 4822 3339 4871 autem
3363 4818 3619 4874 animum
3652 4837 3733 4874 se-

2038 4907 2229 4975 parari
2260 4923 2290 4958 a
2321 4906 2540 4958 ratione
2571 4921 2685 4957 non
2702 4904 2872 4957 nimis
2898 4903 3141 4958 absurde
3156 4905 3284 4975 quis
3298 4905 3529 4973 diceret,
3550 4908 3596 4960 si
3613 4909 3729 4962 ulla

2040 4994 2110 5048 ab
2139 4993 2382 5047 invicem
2413 4992 2690 5063 separatio
2713 4996 2905 5061 posset
2925 5008 3045 5045 esse
3072 5008 3265 5046 rerum
3296 5010 3436 5063 quas
3466 5012 3581 5049 non
3601 5013 3737 5050 con-

2037 5081 2179 5136 tinet
2200 5082 2355 5136 locus
2390 5082 2478 5149 (a).
2513 5080 2674 5144 Quod
2701 5079 2935 5151 quidem
2966 5080 3075 5134 dici
3128 5082 3396 5135 adversus
3425 5083 3619 5136 omnia
3648 5100 3738 5137 su-

2035 5170 2265 5241 periora
2293 5174 2479 5240 potest
2506 5169 2713 5240 quibus
2740 5169 2878 5223 alias
2929 5169 3402 5224 contradictiones
3457 5173 3731 5241 opposui-

2039 5276 2187 5313 mus.
2216 5260 2362 5322 Quid
2395 5257 2575 5328 ergo?
2604 5259 2803 5312 Jamne
2856 5258 3309 5313 concludendum
3341 5261 3444 5325 est,
3477 5258 3736 5313 animum

2102 5412 2117 5444 ι
2152 5411 2257 5458 ista
2286 5410 2429 5467 Mss.,
2460 5412 2513 5473 et
2539 5408 2854 5458 conciunius
2877 5422 3037 5473 quam
3067 5409 3110 5456 si
3149 5420 3270 5457 cum
3299 5406 3554 5457 hactenus
3586 5408 3741 5459 editis

2036 5470 2493 5535 legatur,fationi
2511 5473 2867 5535 conjungitur.

2121 5534 2175 5594 α)
2206 5536 2225 5582 1
2262 5534 2509 5593 Rectrat.,
2540 5548 2653 5597 cap.
2687 5537 2733 5594 5,
2764 5546 2819 5583 n.
2852 5536 2897 5583 2.
