3996 6170
367 364 497 416 10⁵27

363 501 483 539 esse
512 479 942 536 immortalem?
995 493 1067 532 an
1098 476 1320 530 etiamsi
1378 475 1627 546 separari
1672 491 1790 529 non
1845 480 2051 545 potest,

364 570 649 641 exstingui
680 569 911 640 potest?
941 569 1012 620 At
1035 566 1080 619 si
1110 567 1205 619 illa
1228 564 1462 618 rationis
1479 564 1695 634 visipsa
1713 581 1814 617 sua
1828 565 2056 634 conjun-

361 662 547 714 ctione
579 657 754 712 afficit
780 656 1036 709 animum
1064 672 1077 719 ;
1105 671 1290 724 neque
1323 653 1476 706 enim
1524 670 1639 706 non
1671 652 1899 706 afﬁcere
1930 661 2055 722 pot-

364 755 483 814 est;
517 749 594 801 ita
619 747 873 817 profecto
905 744 1078 797 aflicit
1125 747 1188 796 ut
1235 742 1286 795 ei
1339 759 1458 795 esse
1496 742 1722 795 tribuat.
1788 743 1880 795 Est
1905 741 2059 794 enim

361 839 608 893 maxime
640 837 760 906 ipsa
788 834 952 898 ratio,
980 833 1079 887 ubi
1109 849 1334 886 summa
1373 832 1546 886 etiam
1577 831 2058 885 incommutabili-

361 931 446 980 tas
475 924 834 992 intelligitur.
865 923 1060 992 Itaque
1093 937 1225 974 eum
1249 937 1422 991 quem
1454 937 1519 973 ex
1548 937 1605 973 se
1637 919 1813 973 afficit
1843 921 1883 985 ¹,
1907 919 2062 989 cogit

363 1031 482 1068 esse
514 1011 961 1083 quodammodo.
993 1011 1114 1063 Non
1147 1026 1282 1079 ergo
1299 1009 1580 1078 exstingui
1610 1009 1832 1062 animus
1850 1012 2057 1078 potest,

360 1099 748 1155 nisiaratione
772 1102 1092 1168 separatus;
1115 1097 1365 1166 separari
1387 1103 1574 1149 autem
1592 1101 1913 1150 autemnon
1938 1101 2064 1166 pot-

363 1195 469 1257 est,
503 1194 566 1243 ut
618 1203 791 1258 supra
849 1186 1172 1240 ratiocinati
1215 1202 1414 1238 sumus
1449 1202 1460 1238 :
1493 1201 1612 1238 non
1664 1191 1847 1256 potest
1886 1185 2062 1254 igitur

361 1277 614 1331 interire.
1877 1323 1882 1328 .

367 1366 590 1420 CAPUT
621 1364 731 1417 VII.
761 1392 829 1402 --
862 1364 987 1429 Nec,
1019 1363 1068 1415 si
1117 1377 1215 1430 per
1259 1362 1621 1416 substantiam
1665 1361 1740 1415 ad
1796 1361 2061 1427 defectum

793 1451 965 1504 tendit
997 1453 1231 1516 animus,
1262 1451 1325 1503 ob
1353 1451 1411 1502 id
1436 1452 1636 1504 interit.

438 1544 522 1596 12.
552 1543 622 1594 At
653 1539 805 1593 enim
860 1537 1077 1590 aversio
1107 1537 1230 1606 ipsa
1259 1555 1287 1590 a
1319 1537 1539 1591 ratione
1582 1553 1684 1607 per
1713 1552 1888 1607 quam
1920 1535 2060 1589 stul-

367 1630 496 1684 titia
541 1627 825 1697 contingit
871 1626 1084 1691 animo,
1144 1626 1264 1678 sine
1316 1626 1532 1679 defectu
1591 1626 1712 1694 ejus
1767 1624 1893 1678 fieri
1946 1639 2061 1677 non

365 1721 587 1788 potest:
624 1716 669 1768 si
727 1715 880 1768 enim
924 1713 1108 1782 magis
1163 1718 1246 1766 est
1306 1713 1376 1766 ad
1427 1713 1708 1766 rationem
1759 1727 2060 1764 conversus

361 1807 529 1876 eique
571 1804 876 1867 inhaerens,
925 1801 1054 1855 ideo
1113 1801 1266 1870 quod
1325 1801 1568 1854 inhaaret
1597 1797 2062 1853 incommutabili

363 1894 450 1947 rei
504 1909 631 1963 quae
689 1895 774 1944 est
823 1889 1052 1953 veritas,
1100 1905 1226 1958 quae
1276 1892 1332 1941 et
1384 1887 1628 1940 maxime
1685 1892 1742 1940 et
1798 1886 2063 1957 primitus

369 1986 486 2047 est;
548 1997 676 2034 cum
735 1979 804 2032 ab
867 1995 934 2031 ea
997 1982 1081 2030 est
1145 1994 1394 2044 aversus,
1469 1976 1721 2046 idipsum
1779 1991 1898 2028 esse
1960 1975 2062 2028 mi-

368 2087 477 2123 nus
500 2069 694 2135 habet,
719 2066 870 2137 quod
928 2070 1011 2118 est
1039 2064 1300 2118 deficere.
1342 2064 1539 2118 Omnis
1570 2070 1760 2116 autem
1812 2063 2062 2116 defectus

366 2158 552 2212 tendit
582 2157 650 2209 ad
685 2155 958 2219 nihilum;
993 2158 1049 2206 et
1079 2153 1371 2206 interitum
1389 2153 1611 2206 nullum
1642 2150 2062 2221 magisproprie

371 2248 595 2316 oportet
621 2242 824 2312 accipi,
857 2257 1030 2312 quam
1052 2256 1181 2294 cum
1213 2240 1292 2306 id,
1323 2241 1474 2312 quod
1501 2239 1715 2309 aliquid
1743 2244 1884 2307 erat,
1920 2237 2062 2291 nihil

369 2333 453 2386 ﬁt.
487 2332 670 2395 Quare
699 2331 929 2384 tendere
959 2329 1027 2383 ad
1073 2329 1340 2393 nihilum,
1374 2333 1457 2381 est
1493 2328 1563 2381 ad
1611 2326 1908 2380 interitum
1937 2331 2061 2380 ten-

370 2419 522 2474 dere.
557 2418 666 2482 Qui
697 2433 797 2470 cur
826 2431 943 2469 non
973 2415 1136 2468 cadat
1167 2415 1225 2467 in
1256 2415 1532 2479 animum,
1589 2413 1677 2467 vix
1731 2419 1815 2467 est
1853 2414 2059 2479 dicere,

365 2507 423 2562 in
457 2523 629 2578 quem
673 2504 922 2558 defectus
969 2503 1140 2557 cadit.
1190 2504 1405 2556 Dantur
1425 2502 1516 2556 hic
1557 2509 1757 2555 caetera
1789 2517 1802 2555 :
1833 2501 1928 2555 sed
1961 2518 2061 2554 ne-

366 2600 535 2665 gatur
565 2610 683 2648 esse
715 2607 1066 2662 consequens
1097 2590 1330 2644 interire
1358 2591 1410 2644 id
1441 2591 1593 2661 quod
1610 2589 1790 2643 tendit
1819 2590 1886 2644 ad
1911 2589 2062 2643 nihi-

367 2685 512 2746 lum,
543 2683 601 2737 id
633 2685 714 2735 est
767 2681 835 2735 ad
869 2679 1112 2734 nihilum
1164 2679 1482 2749 pervenire.
1517 2678 1681 2743 Quod
1736 2677 1796 2731 in
1825 2694 2060 2747 corpore

367 2788 600 2843 quoque
633 2768 1007 2823 animadverti
1037 2773 1244 2838 potest.
1300 2769 1438 2821 Nam
1469 2767 1741 2838 quoniam
1773 2767 2064 2837 quodlibet

365 2877 573 2930 corpus
599 2875 728 2930 pars
749 2864 832 2911 est
862 2856 1381 2925 mundisensihilis,
1405 2862 1458 2910 et
1484 2856 1610 2909 ideo
1637 2862 1852 2926 quanto
1877 2855 2062 2924 majus

365 2954 450 3004 est
479 2947 702 3017 locique
733 2947 859 3017 plus
889 2949 1320 3015 occupat,tanto
1352 2944 1534 3014 magis
1563 2943 1912 3014 propinquat
1939 2943 2064 2997 uni-

363 3051 524 3088 verso
559 3051 570 3088 :
605 3038 936 3104 quantoque
966 3034 1024 3087 id
1057 3033 1240 3103 magis
1279 3032 1429 3097 facit,
1493 3037 1650 3086 tanto
1708 3033 1888 3102 magis
1943 3037 2052 3087 est.

364 3122 540 3192 Magis
571 3121 726 3174 enim
757 3124 778 3156 ²
802 3127 887 3174 est
914 3125 1099 3174 totum
1129 3138 1300 3191 quam
1330 3137 1481 3192 pars.
1517 3122 1699 3185 Quare
1741 3121 1913 3174 etiam
1952 3120 2059 3174 mi-

361 3227 472 3264 nus
501 3209 590 3274 sit,
625 3225 754 3262 cum
807 3209 1108 3274 minuitur,
1141 3226 1369 3263 necesse
1427 3214 1528 3263 est.
1580 3209 1865 3263 Defectum
1923 3225 2060 3280 ergo

361 3299 579 3370 patitur
605 3316 732 3353 cum
767 3299 1065 3352 minuitur.
1096 3301 1272 3353 Porro
1303 3304 1491 3352 autem
1523 3299 1825 3367 minuitur,
1849 3315 1978 3352 cum
1995 3316 2061 3353 ex

365 3406 434 3442 eo
463 3387 679 3458 aliquid
711 3386 1044 3458 praecisione
1077 3387 1411 3441 detrahitur.
1473 3389 1547 3440 Ex
1601 3403 1714 3456 quo
1770 3387 2063 3440 conficitur

364 3482 424 3531 ut
455 3476 555 3531 tali
584 3475 932 3530 detractione
963 3475 1160 3529 tendat
1189 3475 1256 3528 ad
1300 3474 1566 3528 nihilum.
1623 3477 1696 3528 At
1726 3475 1883 3529 nulla
1913 3491 2060 3544 prae-

361 3566 497 3620 cisio
528 3564 786 3636 perducit
816 3567 885 3618 ad
919 3563 1190 3618 nihilum.
1219 3562 1416 3617 Omnis
1448 3563 1600 3616 enim
1628 3580 1758 3633 pars
1807 3579 1934 3634 qua:
1975 3580 2060 3616 re-

362 3658 582 3718 manet,
616 3669 820 3723 corpus
867 3657 968 3717 est,
1003 3658 1058 3706 et
1111 3651 1389 3722 quidquid
1422 3651 1530 3705 hoc
1559 3657 1663 3717 est,
1707 3651 2064 3721 quantolibet

362 3742 548 3813 spatio
579 3742 767 3795 locum
800 3746 1055 3811 occupat.
1110 3727 1304 3808 Neque
1359 3739 1415 3793 id
1448 3744 1659 3810 posset,
1692 3739 1799 3793 nisi
1830 3739 2063 3799 haberet

363 3833 552 3901 partes
582 3829 641 3882 in
672 3845 811 3898 quas
842 3827 1153 3882 identidem
1187 3829 1520 3882 caederetur.
1552 3829 1741 3881 Potest
1766 3827 1942 3896 igitur
1969 3827 2062 3879 in-

363 3917 528 3970 finite
557 3916 827 3969 caedendo
860 3915 1083 3969 inﬁnite
1116 3915 1321 3968 minui.
1356 3919 1412 3968 et
1460 3914 1586 3968 ideo
1635 3915 1914 3968 defectum
1945 3914 2066 3984 pati

367 4009 538 4076 atque
569 4003 638 4058 ad
669 4002 916 4056 nihilum
949 4003 1205 4068 tendere,
1253 4002 1513 4072 quamvis
1562 4003 1860 4073 pervenire
1911 4019 2058 4056 nun-

365 4110 539 4165 quam
571 4095 760 4164 queat.
795 4091 957 4156 Quod
988 4091 1124 4145 item
1153 4092 1222 4146 de.
1247 4091 1370 4162 ipso
1400 4091 1582 4162 spatio
1609 4096 1665 4144 et
1692 4091 1948 4161 quolibet
1976 4091 2064 4145 in-

365 4182 600 4237 tervallo
630 4179 742 4235 dici
783 4186 954 4252 atque
1008 4180 1256 4249 intelligi
1311 4185 1516 4250 potest.
1571 4180 1710 4233 Nam
1760 4184 1815 4232 et
1866 4180 1933 4234 de
1977 4181 2066 4234 his

365 4271 538 4326 etiam
602 4269 943 4336 terminatis,
1003 4268 1324 4334 dimidiam,
1378 4269 1536 4323 verbi
1593 4268 1796 4340 gratia,
1844 4274 2064 4340 partem

369 4360 748 4426 detrahendo,
784 4366 840 4413 et
868 4375 931 4412 ex
963 4374 1030 4412 eo
1059 4358 1210 4428 quod
1260 4362 1455 4424 restat,
1489 4373 1714 4428 semper
1743 4358 2063 4424 dimidiam,

377 4448 661 4502 minuitur
690 4447 1078 4514 intervallum,
1103 4451 1273 4517 atque
1289 4447 1357 4500 ad
1385 4446 1560 4500 finem
1585 4447 1970 4516 progreditur,
1995 4447 2064 4500 ad

378 4551 550 4606 quem
579 4540 772 4589 tamen
802 4535 961 4589 nullo
992 4535 1324 4605 pervenitur
1364 4534 1555 4587 modo.
1589 4535 1711 4597 Quo
1744 4534 1934 4588 minus
1963 4535 2068 4589 hoc

369 4623 439 4677 de
473 4623 664 4676 animo
696 4623 1126 4677 formidandum
1159 4627 1267 4676 est.
1309 4622 1402 4675 Est
1433 4620 1586 4674 enim
1633 4621 1886 4690 profecto
1943 4638 2066 4677 cor-

367 4726 507 4782 pore
539 4709 746 4762 melior
777 4715 833 4763 et
861 4710 1130 4774 vivacior,
1161 4728 1190 4762 a
1219 4726 1332 4780 quo
1363 4708 1496 4762 huic
1526 4707 1639 4761 vita
1669 4708 1956 4764 tribuitur.

376 4797 599 4851 CAPUT
648 4798 788 4850 Vlll.
834 4827 902 4838 —
949 4801 1015 4852 Ut
1054 4800 1269 4867 corpori
1316 4814 1420 4852 non
1468 4802 1644 4867 potest
1699 4799 1914 4862 auferri
1965 4815 2068 4868 quo

571 4882 766 4934 corpus
791 4873 888 4934 est,
920 4871 1001 4921 ita
1030 4885 1123 4922 nec
1155 4873 1336 4923 animo
1372 4885 1474 4937 quo
1513 4871 1726 4922 animus
1757 4874 1858 4922 est.

446 4959 534 5012 t3.
569 4955 730 5019 Quod
783 4955 828 5008 si
877 4971 991 5008 non
1048 4957 1104 5010 id
1161 4958 1315 5027 quod
1370 4963 1455 5011 est
1503 4957 1562 5010 in
1616 4958 1766 5011 mole
1823 4958 2067 5028 coporis,

372 5046 470 5101 sed
510 5045 568 5100 id
614 5043 770 5116 quod
819 5043 879 5096 in
925 5044 1112 5114 specie
1156 5045 1290 5099 facit
1338 5063 1541 5116 corpus
1591 5063 1732 5109 esse,
1767 5063 1896 5117 qua:
1940 5063 2069 5100 sen-

372 5134 552 5191 tentia
583 5132 880 5188 invictiore
909 5132 1126 5185 ratione
1159 5133 1509 5203 approbatur
1538 5151 1550 5190 :
1582 5139 1741 5189 tanto
1773 5135 1925 5188 enim
1956 5151 2072 5190 ma-

368 5226 456 5296 gis
487 5227 572 5280 est
602 5238 830 5294 corpus,
863 5224 1079 5293 quanto
1109 5222 1416 5292 speciosius
1446 5229 1530 5278 est
1557 5228 1728 5295 atque
1752 5224 2069 5296 pulchrius;

419 5401 433 5434 1
462 5399 767 5465 lta_in_Mss.
792 5398 857 5448 At
874 5395 1217 5465 _in_Edd.:_lIu
1241 5410 1573 5464 quaecumque
1601 5416 1667 5454 ea:
1685 5416 1735 5452 se
1755 5404 1950 5465 afﬁcit;
1981 5419 2072 5455 ex—

361 5466 514 5556 cepto
541 5461 660 5509 Bad.
672 5462 744 5516 ,in
760 5475 862 5524 quo
874 5460 1208 5533 habeturtlla
1224 5460 1758 5530 quocumque—Par.
1777 5468 1852 5516 uti
1871 5460 1973 5516 Bad
1985 5469 2071 5516 .M.

479 5522 589 5556 F1111
665 5526 817 5556 Inmln
845 5536 1020 5556 manu:
1047 5527 1131 5556 ac!
1171 5525 1349 5556 Μηηιο
1369 5527 1596 5556 paler-ien-
1638 5527 1733 5556 Cori
1759 5531 2071 5556 ηηηηῖηηξη..

478 5522 633 5594 Εράτ1
664 5522 817 5574 tanta
845 5523 1029 5594 majus.
1047 5534 1099 5593 es
1111 5527 1146 5570 ί.
1164 5524 1349 5583 Maius
1369 5522 1618 5575 estcnhn.
1638 5527 1737 5578 Sed
1759 5531 2073 5579 concinnior

357 5584 486 5633 Mss.
515 5583 670 5634 lectio
699 5598 859 5647 quam
887 5583 1232 5635 réstituimus.

1339 352 1433 406 DE
1472 351 2056 406 IMMORTALITATE
2094 349 2364 417 ANIMi‘E,
2408 351 2461 405 S.
2505 349 2887 407 AUGUSTINI
3698 364 3788 416 “1'28

2168 479 2439 546 tantoque
2468 475 2659 529 minus
2686 479 2791 541 est,
2823 479 3036 546 quanto
3059 475 3339 531 foediusac
3371 477 3677 546 deformius;
3697 500 3787 554 quae

2167 565 2404 618 defectio
2437 581 2550 618 non
2581 564 2914 634 prmcisione
2943 566 3131 627 molis,
3161 568 3227 620 de
3250 583 3366 637 qua
3387 567 3502 637 jam
3524 570 3640 622 satis
3655 577 3791 628 actum

2168 657 2273 717 est,
2307 653 2406 706 sed
2436 653 2642 722 speciei
2667 653 3014 722 privatione‘
3049 654 3328 724 contingit
3359 672 3372 710 :
3408 659 3735 726 quaerendum
3751 662 3794 714 de

2166 741 2269 795 hac
2301 758 2359 794 re
2389 741 2696 808 diligenter
2727 759 2789 795 ac
2820 743 3240 796 discutiendum
3259 749 3366 812 est,
3381 761 3450 798 ne
3471 745 3590 815 quis
3609 747 3795 804 aflirmet

2167 829 2425 883 animum
2455 829 2554 883 tali
2581 829 2805 883 defectu
2827 830 3062 884 interire
3079 847 3092 896 ;
3108 836 3172 884 ut
3187 832 3459 900 quoniam
3480 834 3796 906 speciealiqua

2168 934 2268 970 sua
2298 918 2552 988 privatur
2570 919 2706 971 dum
2720 919 2926 972 stultus
2940 923 3042 982 est,
3062 920 3327 973 credatur
3348 919 3407 973 in
3431 925 3635 975 tantum
3653 927 3795 994 augeri

2167 1023 2328 1078 posse
2359 1006 2503 1060 hanc
2533 1006 2933 1076 privationem,
2963 1008 3199 1061 utomni
3222 1008 3396 1062 modo
3430 1010 3604 1079 specie
3642 1013 3794 1080 spoliet

2168 1095 2448 1158 animum,
2477 1100 2533 1148 et
2553 1112 2619 1148 ea
2649 1095 2774 1148 labe
2802 1095 2870 1149 ad
2906 1095 3150 1149 nihilum
3201 1097 3426 1166 redigat
3472 1101 3713 1168 cogatque
3736 1101 3794 1152 in-

2168 1183 2366 1236 terire.
2406 1182 2790 1246 Quamobrem
2817 1183 2861 1235 si
2892 1184 3250 1252 potuerimus
3265 1184 3568 1254 impetrare
3582 1191 3636 1238 ut
3661 1193 3795 1240 osten-

2169 1269 2358 1335 datur,
2391 1287 2462 1323 ne
2486 1271 2963 1340 corporiquidem
2990 1271 3273 1340 hocposse
3296 1271 3568 1338 accidere,
3597 1278 3652 1326 ut
3676 1275 3798 1328 etiam

2168 1375 2234 1412 ea
2263 1357 2449 1427 specie
2480 1359 2734 1428 privetur
2767 1375 2881 1428 qua
2905 1375 3112 1429 corpus
3156 1365 3276 1425 est;
3304 1361 3440 1430 jure
3456 1359 3669 1413 fortasse
3691 1361 3796 1414 obti-

2167 1445 2432 1500 nebimus
2463 1447 2641 1500 multo
2673 1447 2864 1500 minus
2885 1447 3095 1500 auferri
3123 1464 3288 1517 posse
3305 1448 3497 1502 animo
3510 1464 3614 1518 quo
3631 1449 3802 1502 animus

2169 1539 2271 1588 est.
2307 1534 2597 1604 Siquidem
2624 1550 2795 1588 nemo
2828 1551 2885 1589 se
2917 1536 3061 1589 bene
3119 1535 3394 1606 inspexit,
3439 1536 3535 1606 qui
3564 1553 3664 1590 non
3686 1540 3800 1590 omni

2169 1622 2394 1692 corpori
2434 1623 2809 1692 qualemlibet
2840 1623 3098 1678 animum
3149 1624 3599 1694 praeponendum
3628 1641 3724 1679 esse
3747 1626 3802 1678 fa-

2169 1715 2320 1764 teatu
2331 1727 2375 1765 r.

2245 1801 2327 1854 14.
2359 1798 2635 1869 Sitigitur
2659 1804 2866 1854 nostra?
2884 1799 3337 1854 ratiocinationis
3371 1801 3668 1866 exordium,
3688 1804 3797 1870 quod

2170 1889 2327 1941 nulla
2374 1904 2463 1941 res
2489 1904 2546 1940 se
2578 1887 2712 1942 facit
2739 1895 2839 1942 aut
2867 1887 3074 1959 gignit,
3107 1888 3369 1959 alioquin
3400 1894 3520 1942 erat
3560 1894 3798 1959 antequam

2170 1981 2315 2030 esset
2347 1992 2358 2027 :
2391 1977 2544 2047 quod
2572 1976 2618 2030 si
2649 1976 2853 2030 falsum
2884 1982 2988 2042 est,
3014 1977 3154 2031 illud
3184 1981 3267 2030 est
3296 1992 3514 2030 verum.
3552 1978 3670 2029 Item
3694 1977 3798 2044 quod

2168 2066 2378 2119 factum
2411 2070 2668 2118 ortumve
2700 2082 2814 2118 non
2839 2071 2943 2134 est,
2976 2070 3031 2119 et
3069 2070 3261 2119 tamen
3313 2070 3418 2128 est,
3455 2065 3798 2134 sempiternum

2170 2153 2241 2206 sit
2263 2170 2490 2207 necesse
2513 2159 2614 2226 est.
2643 2155 2825 2218 Quam
2838 2158 3098 2208 naturam
3115 2159 3172 2207 et
3191 2154 3581 2208 excellentiam
3602 2152 3798 2222 quisquis

2171 2241 2272 2295 ulli
2301 2243 2522 2312 corpori
2553 2243 2667 2308 dat,
2701 2246 2853 2295 errat
2882 2243 3250 2297 vehementer
3289 2242 3543 2312 quidem.
3591 2240 3681 2294 Sed
3705 2239 3799 2309 quid

2169 2346 2494 2400 pugnamus
2521 2333 2550 2385 ?
2578 2332 2755 2384 multo
2785 2331 2938 2384 enim
2971 2330 3153 2400 magis
3175 2347 3302 2384 eam
3336 2331 3470 2384 dare
3498 2329 3672 2382 animo
3691 2328 3799 2396 cogi-

2171 2434 2319 2472 mur.
2356 2420 2440 2472 lta
2477 2418 2523 2471 si
2573 2435 2779 2489 corpus
2831 2420 3014 2472 ullum
3071 2424 3156 2473 est
3195 2419 3623 2489 sempiternum,
3662 2416 3800 2469 nullus

2172 2506 2395 2559 animus
2426 2523 2540 2561 non
2569 2507 2950 2576 sempiternus
2981 2511 3082 2561 est.
3137 2507 3427 2571 Quoniam
3476 2505 3690 2577 quilibet
3719 2502 3798 2556 ani-

2171 2609 2297 2647 mus
2329 2594 2562 2648 cuilibet
2591 2594 2814 2664 corpori
2843 2595 3234 2665 prmferendus
3259 2600 3370 2663 est,
3401 2599 3456 2648 et
3484 2594 3659 2647 omnia
3689 2607 3799 2644 sem-

2170 2682 2394 2752 piterna
2422 2699 2538 2736 non
2569 2682 2955 2754 sempiternis.
2988 2685 3060 2736 At
3111 2682 3158 2735 si
3183 2683 3339 2753 quod
3373 2698 3500 2736 vere
3526 2681 3717 2741 dicitur,
3741 2678 3796 2732 fa-

2169 2774 2322 2823 ctum
2352 2775 2436 2824 est
2464 2787 2671 2840 corpus
2698 2787 2711 2838 ;
2746 2771 2936 2841 aliquo
2994 2770 3235 2824 faciente
3278 2769 3494 2824 factum
3523 2773 3616 2833 est,
3654 2784 3735 2820 nec
3756 2781 3800 2818 eo

2170 2858 2455 2913 inferiore.
2493 2860 2686 2929 Neque
2719 2859 2873 2913 enim
2902 2875 3022 2913 esse
3044 2863 3247 2929 potens
3261 2859 3330 2912 ad
3362 2858 3605 2912 dandum
3630 2856 3671 2909 ei
3689 2853 3798 2926 quod

2169 2945 2396 3012 faceret,
2429 2947 2710 3017 quidquid
2744 2946 2882 3000 illud
2915 2951 2998 3000 est
3023 2947 3174 3017 quod
3205 2951 3307 3010 est,
3346 2946 3402 2999 id
3425 2945 3572 3016 quod
3599 2943 3796 2998 faciebat.

2170 3034 2275 3089 Sed
2306 3051 2376 3088 ne
2407 3035 2531 3104 pari
2560 3034 2792 3105 quidem
2829 3051 2842 3088 :
2872 3039 3098 3105 Oportet
3125 3034 3278 3088 enim
3308 3034 3606 3089 facientem
3647 3031 3797 3085 melius

2171 3123 2384 3194 aliquid
2416 3123 2624 3176 habere
2655 3123 2724 3176 ad
2755 3123 3103 3191 faciendum,
3134 3139 3307 3194 quam
3339 3127 3424 3177 est
3449 3123 3505 3177 id
3536 3122 3670 3192 quod
3686 3119 3792 3173 facit.

2173 3214 2312 3266 Nam
2343 3212 2411 3266 de
2441 3211 2710 3281 gignente
2738 3228 2851 3264 non
2878 3212 3120 3266 absurde
3160 3212 3389 3275 dicitur,
3424 3212 3530 3264 hoc
3559 3224 3672 3262 eum
3697 3219 3793 3262 e558.

2170 3299 2323 3370 quod
2351 3305 2437 3353 est
2467 3300 2604 3353 illud
2635 3301 2790 3370 quod
2820 3300 2888 3352 ab
2911 3317 2978 3354 eo
3006 3300 3279 3370 gignitur.
3313 3300 3640 3355 Universum
3670 3295 3796 3364 igitur

2169 3403 2377 3456 corpus
2408 3388 2478 3441 ab
2502 3389 2693 3458 aliqua
2711 3389 2764 3441 vi
2796 3393 2851 3442 et
2871 3394 3074 3443 natura
3091 3389 3415 3459 potentiore
3446 3393 3607 3457 atque
3624 3383 3796 3438 meliore

2170 3476 2381 3529 factum
2416 3481 2520 3542 est,
2551 3493 2669 3530 non
2698 3477 2898 3547 utique
2951 3493 3242 3546 corporea.
3302 3478 3448 3530 Nam
3501 3475 3542 3528 si
3586 3486 3793 3541 corpusa

2170 3581 2403 3634 corpore
2435 3566 2644 3619 factum
2675 3570 2780 3630 est,
2825 3580 2942 3618 non
2975 3565 3164 3636 potuit
3212 3565 3542 3619 universum
3572 3562 3691 3616 ﬁeri.
3717 3558 3791 3609 Ve-

2171 3653 2461 3706 rissimum
2511 3658 2595 3707 est
2645 3652 2800 3706 enim
2839 3653 2994 3723 quod
3045 3653 3104 3706 in
3161 3653 3392 3706 exordio
3422 3643 3795 3706 ratiocinationis

2172 3741 2340 3811 hujus
2371 3742 2692 3811 posuimus,
2724 3742 2942 3794 nullam
2987 3757 3108 3794 rem
3155 3759 3187 3795 a
3239 3758 3297 3794 se
3329 3757 3496 3811 posse
3544 3737 3670 3793 fieri.
3712 3735 3796 3788 Hart

2171 3831 2364 3880 autem
2394 3826 2476 3879 vis
2508 3832 2563 3880 et
2589 3833 2791 3882 natura
2821 3828 3161 3899 incorporea
3180 3828 3430 3882 effectrix
3462 3824 3692 3896 corporis
3714 3816 3793 3874 uni-

2169 3915 2318 3968 versi
2343 3920 2624 3986 przesente
2665 3917 2923 3986 potentia
2950 3921 3106 3972 tenet
3136 3917 3488 3972 universum.
3531 3915 3644 3969 Non
3688 3907 3794 3962 enim

2171 4001 2323 4064 fecit,
2353 4007 2522 4073 atque
2549 4003 2804 4059 discessit
2835 4005 3216 4076 effectumque
3239 4005 3512 4059 deseruit.
3550 4003 3618 4056 Ea
3644 3997 3796 4070 quippe

2171 4091 2488 4144 substantia
2518 4109 2646 4162 qua:
2677 4109 2883 4164 corpus
2913 4110 3027 4148 non
3067 4099 3170 4160 est,
3198 4110 3411 4164 neque,
3445 4097 3507 4146 ut
3550 4091 3621 4144 ita
3645 4087 3794 4140 dicam.

2172 4178 2430 4232 localiter
2483 4185 2764 4248 movetur,
2813 4186 2876 4235 ut
2913 4183 2984 4237 ab
3033 4198 3100 4236 ea
3140 4182 3459 4236 substantia
3501 4194 3619 4250 qua).
3660 4177 3795 4229 locnm

2174 4267 2415 4333 obtinet,
2447 4268 2698 4338 separari
2728 4274 2938 4340 queat;
2982 4274 3038 4324 et
3082 4270 3181 4323 illa
3225 4269 3510 4324 effectoria
3548 4267 3622 4320 vis
3653 4273 3794 4316 vacare

2173 4371 2288 4408 non
2319 4359 2526 4425 potest,
2559 4356 2699 4426 quin
2735 4357 2792 4411 id
2821 4358 2974 4427 quod
3006 4357 3075 4411 ab
3122 4374 3187 4410 ea
3225 4357 3438 4411 factum
3489 4359 3586 4418 est,
3613 4351 3798 4407 tueatur,

2173 4449 2231 4496 et
2259 4443 2446 4513 specie
2475 4459 2668 4499 carere
2695 4461 2811 4499 non
2841 4445 3009 4512 sinat,
3027 4462 3140 4516 qua
3160 4449 3244 4500 est
3271 4445 3329 4498 in
3345 4447 3798 4516 quantumcumque

2174 4536 2279 4586 est.
2312 4532 2472 4595 Quod
2505 4533 2656 4588 enim
2684 4551 2789 4605 per
2819 4550 2876 4588 se
2906 4550 3024 4588 non
3055 4538 3160 4603 est,
3218 4534 3265 4587 si
3313 4533 3641 4588 destituatur
3673 4524 3726 4580 ab
3753 4534 3798 4572 eo

2173 4635 2277 4690 per
2306 4621 2460 4691 quod
2513 4626 2614 4687 est,
2665 4623 2921 4692 profecto
2964 4639 3080 4677 non
3110 4622 3254 4676 erit:
3287 4626 3343 4675 et
3393 4637 3506 4676 non
3561 4621 3797 4688 possumus

2176 4707 2362 4762 dicere
2412 4708 2468 4762 id
2529 4709 2806 4780 accepisse
2857 4727 3060 4782 corpus
3099 4726 3231 4766 cum
3275 4709 3487 4764 factum
3525 4710 3618 4770 est,
3663 4697 3798 4767 δείρδο

2169 4795 2291 4866 jam
2325 4801 2658 4851 contentum
2691 4814 2811 4852 esse
2840 4805 3048 4869 posset,
3082 4798 3304 4854 etiamsi
3334 4815 3368 4853 a
3398 4795 3662 4853 conditore
3685 4787 3798 4842 dese‘

2177 4901 2236 4939 re
2245 4890 2418 4938 retur.

2254 4977 2333 5027 t5.
2371 4973 2710 5046 Quanquam
2759 4974 2832 5030 sit
2862 4974 2942 5028 ita
2969 4978 3069 5039 est,
3103 4974 3285 5047 magis
3315 4975 3374 5030 id
3405 4973 3566 5028 habet
3609 4963 3796 5047 animus,

2178 5075 2348 5129 quem
2384 5045 2609 5131 corpori
2639 5067 2914 5132 prtestare
2948 5045 3314 5117 manifestum
3343 5066 3443 5116 est.
3475 5063 3642 5128 Atque
3663 5052 3725 5105 ita
3747 5045 3794 5099 de

2177 5147 2437 5218 proximo
2496 5149 2838 5204 immortalis
2894 5152 3190 5222 probatur,
3252 5150 3298 5204 si
3352 5152 3531 5222 potest
3581 5156 3682 5198 esse

2181 5236 2448 5306 seipsum.
2481 5237 2774 5308 Quidquid
2810 5239 2963 5293 enim
3018 5239 3130 5293 tale
3183 5244 3285 5306 est,
3327 5228 3712 5304 incorruptibile
3745 5223 3816 5315 5.“.

2181 5340 2407 5378 necesse
2435 5330 2539 5391 est,
2573 5342 2636 5378 ac
2665 5343 2769 5397 per
2798 5327 2907 5380 hoc
2956 5326 3192 5381 interire
3227 5343 3339 5381 non
3395 5323 3575 5396 possit,
3603 5315 3711 5388 quia
3733 5324 3794 5362 ω’

2180 5411 2265 5466 hil
2297 5429 2356 5466 se
2406 5413 2636 5469 deserit.
2691 5414 2803 5469 Sed
2858 5416 3111 5486 corporis
3143 5415 3481 5470 mutabilitas
3506 5410 3559 5464 in
3586 5399 3790 5478 prompt“

2247 5594 2264 5629 ¹
2298 5594 2383 5645 Sic
2400 5596 2524 5647 Mss.
2537 5610 2658 5647 cum
2683 5595 2809 5648 Bad.
2824 5597 2891 5648 At
2911 5598 3118 5649 Am.Er.
3133 5600 3186 5648 et
3212 5598 3337 5648 Lov.
3355 5595 3555 5650 habent,
3567 5582 3786 5652 ραίαίὲοίκ·
