4098 6182
239 279 377 332 1029

232 406 339 466 est,
373 401 526 471 quod
571 400 751 471 ipsius
796 398 1048 452 universi
1094 397 1351 467 corporis
1397 397 1694 452 universus
1742 402 1933 451 motus

231 490 368 543 satis
395 490 628 542 indicat.
670 488 822 541 Unde
852 487 1155 557 diligenter
1192 486 1626 555 inspicientibus
1653 492 1934 557 quantum

230 579 359 631 talis
385 584 590 631 natura
640 577 840 647 inspici
887 580 1091 645 potest,
1144 575 1405 628 ordinata
1454 576 1829 628 mutabilitate
1875 574 1933 628 id

230 667 383 737 quod
415 666 773 719 immutabile
805 670 888 717 est
929 663 1140 717 imitari
1180 663 1464 732 reperitur
1482 665 1520 715 ί.
1547 664 1708 727 Quod
1739 668 1931 716 autem

227 770 335 824 per
364 770 423 807 se
453 760 556 821 est,
592 770 663 807 ne
714 758 875 807 motu
920 752 1149 823 quidem
1182 768 1326 821 opus
1370 752 1545 805 habet
1590 752 1727 817 ullo,
1774 751 1931 804 omni

230 843 393 912 copia
442 842 553 895 sibi
596 842 779 911 seipse
835 840 1142 905 existente;
1189 839 1326 909 quia
1376 843 1563 893 motus
1619 839 1806 891 omnis
1859 840 1926 892 ad

228 931 386 985 aliud
426 935 528 996 est,
570 931 731 999 cujus
770 929 988 999 indiget
1035 929 1188 998 quod
1224 932 1505 981 movetur.
1542 928 1713 981 Adest
1756 927 1932 997 igitur

229 1019 445 1089 species
489 1018 752 1071 universo
801 1017 1050 1087 corpori,
1100 1016 1334 1069 meliore
1374 1020 1577 1069 natura
1617 1016 1929 1069 sufﬁciente

228 1112 400 1175 atque
421 1106 712 1158 obtinente
745 1120 874 1173 quae
904 1104 1068 1156 fecit:
1104 1119 1278 1172 quare
1307 1103 1405 1155 illa
1435 1104 1783 1157 mutabilitas
1814 1120 1929 1157 non

228 1194 433 1247 adimit
460 1194 688 1262 corpori
717 1208 923 1262 corpus
954 1207 1097 1255 esse,
1131 1192 1224 1244 sed
1267 1191 1335 1244 de
1368 1192 1552 1260 specie
1591 1192 1651 1244 in
1682 1192 1928 1260 speciem

229 1282 471 1335 transire
500 1282 632 1335 facit
658 1285 819 1334 motu
840 1279 1285 1333 ordinatissimo.
1312 1280 1433 1332 Non
1458 1279 1612 1331 enim
1640 1280 1927 1349 quapiam

228 1371 352 1441 ejus
382 1388 513 1441 pars
540 1371 608 1424 ad
632 1369 877 1423 nihilum
898 1368 1083 1438 redigi
1114 1368 1339 1430 sinitur,
1370 1384 1499 1421 cum
1526 1372 1711 1421 totum
1741 1384 1929 1438 capes-

227 1465 315 1513 sat
342 1460 426 1512 vis
456 1460 553 1512 illa
596 1458 883 1513 effectoria
916 1473 1021 1509 nec
1053 1457 1345 1509 laborante
1376 1472 1478 1509 nec
1508 1456 1696 1509 deside
1725 1462 1926 1525 poten-

226 1548 325 1611 tia,
355 1548 495 1600 dans
525 1552 588 1600 ut
617 1547 689 1599 sit
717 1562 886 1599 omne
926 1545 1077 1615 quod
1110 1560 1213 1613 per
1243 1544 1398 1597 illam
1426 1548 1523 1605 est,
1558 1544 1617 1597 in
1646 1550 1927 1614 quantum

226 1642 345 1690 est:
398 1636 774 1707 quamobrem
816 1650 984 1688 nemo
1028 1639 1148 1686 tam
1196 1633 1391 1686 devius
1422 1649 1453 1685 a
1502 1634 1723 1686 ratione
1762 1632 1928 1687 debet

227 1740 371 1786 esse,
424 1725 515 1777 cui
563 1730 663 1779 aut
706 1739 819 1777 non
866 1722 939 1776 sit
984 1726 1203 1775 certum
1246 1736 1483 1791 corpore
1516 1720 1776 1774 animum
1806 1737 1926 1775 esse

226 1812 546 1876 meliorem,
591 1816 689 1866 aut
738 1811 837 1883 qui
883 1812 990 1864 hoc
1037 1826 1300 1864 concesso
1354 1810 1660 1863 arbitretur
1706 1810 1926 1880 corpori

224 1917 344 1955 non
368 1901 618 1955 accidere
640 1906 703 1955 ut
722 1916 923 1971 corpus
945 1915 1063 1953 non
1093 1900 1185 1964 sit,
1216 1898 1406 1951 animo
1438 1898 1690 1951 accidere
1710 1902 1775 1952 ut
1802 1898 1925 1951 ani-

224 2006 354 2044 mus
384 2006 499 2044 non
526 1990 617 2044 sit.
648 1989 807 2053 Quod
840 1989 886 2040 si
916 2004 1032 2041 non
1069 1987 1288 2051 accidit,
1331 2002 1518 2055 neque
1549 1986 1775 2039 animus
1805 2002 1926 2040 esse

225 2078 337 2131 nisi
366 2078 535 2139 vivat,
559 2081 764 2148 potest,
797 2092 1095 2145 nunquam
1128 2075 1378 2145 profecto
1410 2074 1633 2127 animus
1663 2074 1922 2128 moritur.

298 2167 523 2220 CAPUT
554 2167 640 2219 ΙΧ.
672 2196 741 2205 -
769 2165 1001 2219 Animus
1030 2179 1136 2217 non
1164 2167 1258 2227 est,
1293 2165 1369 2217 sic
1399 2165 1515 2216 vita
1544 2178 1725 2217 carere
1751 2178 1857 2217 non

981 2256 1173 2323 potest.

302 2345 387 2396 16.
411 2341 571 2405 Quod
601 2341 646 2394 si
677 2340 982 2411 quisquam
1016 2356 1130 2393 non
1160 2355 1292 2392 eum
1322 2339 1620 2393 interitum
1656 2340 1788 2394 dicit
1817 2340 1928 2394 for-

226 2431 569 2485 midandum
603 2431 817 2495 animo,
855 2446 968 2499 quo
999 2428 1245 2482 efﬁcitur
1274 2434 1336 2481 ut
1365 2429 1507 2481 nihil
1536 2429 1607 2481 sit
1637 2430 1791 2499 quod
1823 2430 1924 2483 ali-

221 2520 360 2589 quid
402 2519 529 2579 fuit,
566 2519 663 2571 sed
694 2533 826 2571 eum
860 2533 973 2587 quo
1007 2516 1248 2570 dicimus
1289 2533 1351 2570 ea
1395 2522 1623 2569 mortua
1652 2533 1781 2587 quae
1812 2518 1925 2570 vita

220 2611 449 2671 carent;
484 2606 741 2660 attendat
785 2605 937 2675 quod
970 2605 1126 2657 nulla
1158 2620 1244 2656 res
1275 2604 1457 2673 seipsa
1487 2610 1658 2658 caret.
1699 2606 1789 2658 Est
1816 2622 1923 2658 au-

217 2700 338 2749 tem
370 2695 595 2747 animus
628 2694 739 2747 vita
778 2693 1081 2763 quaedam:
1115 2692 1266 2745 unde
1308 2708 1479 2745 omne
1521 2694 1672 2762 quod
1704 2693 1921 2747 anima-

217 2787 344 2837 tum
377 2787 481 2847 est,
514 2783 733 2849 vivere;
776 2797 946 2834 omne
976 2785 1169 2833 autem
1202 2780 1454 2832 inanime
1494 2781 1649 2849 quod
1679 2782 1922 2834 animari

216 2876 427 2941 potest,
474 2875 787 2932 mortuum,
840 2870 897 2923 id
944 2874 1030 2922 est
1068 2868 1182 2921 vita
1228 2868 1511 2938 privatum
1557 2868 1917 2938 intelligitur.

221 2961 348 3013 Non
396 2975 530 3028 ergo
576 2963 764 3029 potest
807 2957 1033 3011 animus
1076 2956 1244 3010 mori.
1286 2958 1425 3009 Nam
1462 2956 1507 3008 si
1549 2972 1740 3010 carere
1792 2963 1920 3027 pot-

217 3048 328 3101 erit
378 3048 510 3113 vita,
565 3064 679 3100 non
729 3048 955 3101 animus
1008 3046 1105 3100 sed
1164 3045 1482 3099 animatum
1541 3046 1759 3115 aliquid
1816 3052 1916 3101 est.

215 3136 382 3201 Quod
407 3136 453 3188 si
484 3135 795 3189 absurdum
826 3140 928 3200 est,
954 3136 1134 3187 multo
1167 3134 1357 3187 minus
1380 3134 1487 3187 hoc
1510 3150 1691 3203 genus
1720 3134 1919 3188 interi-

212 3230 309 3278 tus
354 3224 677 3278 timendum
725 3228 809 3277 est
842 3223 1053 3287 animo,
1114 3224 1266 3293 quod
1313 3222 1444 3275 vitae
1497 3228 1646 3276 certe
1689 3239 1806 3276 non
1838 3228 1923 3277 est

215 3313 558 3366 timendum.
586 3314 724 3365 Nam
748 3328 980 3382 prorsus
1011 3312 1058 3364 si
1078 3316 1214 3365 tunc
1240 3311 1482 3364 moritur
1511 3311 1757 3380 animus,
1790 3328 1920 3366 cum

214 3417 350 3455 eum
403 3401 614 3454 deserit
663 3401 775 3453 vita
822 3401 949 3466 illa;
998 3400 1122 3469 ipsa
1167 3400 1280 3452 vita
1327 3416 1453 3469 quae
1506 3400 1658 3452 hunc
1713 3400 1921 3454 deserit

214 3491 397 3543 multo
429 3490 632 3543 melius
663 3489 1004 3557 intelligitur
1034 3488 1279 3553 animus,
1312 3493 1375 3541 ut
1397 3488 1517 3557 jam
1546 3504 1662 3541 non
1693 3488 1765 3541 sit
1796 3490 1917 3543 ani-

212 3594 346 3631 mus
378 3576 656 3659 quidquid
688 3594 722 3629 a
751 3577 867 3629 vita
908 3576 1207 3639 deseritur,
1252 3576 1349 3630 sed
1383 3592 1449 3629 ea
1485 3576 1605 3645 ipsa
1635 3577 1752 3630 vita
1791 3594 1918 3647 qum

210 3665 445 3720 deserit.
480 3664 765 3733 Quidquid
807 3664 962 3717 enim
991 3664 1105 3716 vita
1136 3664 1421 3717 desertum
1457 3669 1748 3718 mortuum
1779 3666 1917 3719 dici—

208 3758 332 3820 tur,
376 3753 434 3806 id
474 3754 543 3806 ab
593 3752 784 3805 anima
820 3752 1109 3806 desertum
1151 3752 1523 3823 intelligitur:
1565 3754 1684 3807 hzec
1725 3761 1917 3808 autem

208 3842 351 3906 vita,
385 3857 513 3911 quae
564 3841 771 3895 deserit
820 3857 885 3894 ea
919 3857 1045 3912 quae
1090 3841 1436 3911 moriuntur,
1488 3842 1621 3912 quia
1666 3842 1790 3912 ipsa
1836 3850 1920 3897 est

210 3929 463 3995 animus,
505 3933 561 3982 et
612 3929 858 3999 seipsam
896 3946 1012 3983 non
1063 3929 1299 3995 deserit;
1345 3947 1461 3984 non
1503 3931 1747 3985 moritur
1794 3932 1916 3985 ani-

207 4033 367 4071 mus.

283 4104 513 4159 CAPUT
543 4106 600 4159 X.
637 4135 705 4146 —
734 4106 967 4160 Animus
996 4121 1101 4159 non
1134 4111 1212 4160 est
1237 4109 1552 4176 temperatio
1582 4110 1840 4176 corporis.

286 4196 371 4245 17.
406 4192 521 4246 Nisi
552 4193 697 4247 forte
730 4194 904 4246 vitam
935 4194 1407 4263 temperationem
1434 4194 1685 4265 aliquam
1717 4212 1916 4264 corpo-

206 4278 313 4345 ris,
332 4284 393 4333 ut
422 4280 687 4334 nonnulli
709 4280 927 4349 opinati
956 4286 1107 4346 sunt,
1132 4281 1403 4333 debemus
1429 4281 1676 4333 credere.
1703 4281 1918 4344 Quibus

203 4368 466 4439 profecto
517 4384 813 4439 nunquam
865 4370 969 4422 hoc
1018 4370 1202 4422 visum
1254 4372 1419 4434 esset,
1454 4368 1499 4421 si
1532 4384 1597 4420 ea
1627 4384 1756 4438 qum
1787 4386 1917 4423 vere

203 4460 347 4509 sunt
374 4460 432 4510 et
471 4456 964 4511 incommutabilia
1007 4461 1366 4526 permanent,
1418 4456 1619 4510 eodem
1666 4457 1857 4511 animo
1886 4474 1917 4511 a

202 4562 519 4616 corporum
548 4547 959 4600 consuetudine
983 4547 1230 4600 alienato
1253 4551 1424 4616 atque
1454 4551 1695 4616 purgato
1725 4546 1915 4600 videre

200 4635 533 4689 valuissent.
568 4634 705 4698 Quis
744 4635 898 4689 enim
930 4635 1076 4688 bene
1114 4650 1172 4687 se
1202 4634 1532 4703 inspiciens,
1568 4650 1683 4687 non
1714 4650 1913 4704 exper-

201 4728 299 4777 tus
328 4727 413 4776 est
440 4727 594 4776 tanto
635 4740 692 4776 se
725 4724 939 4794 aliquid
980 4723 1320 4776 intellexisse
1361 4722 1653 4788 sincerius,
1699 4728 1911 4794 quanto

200 4827 501 4865 removere
533 4816 701 4882 atque
736 4812 1052 4865 subducere
1080 4811 1459 4864 intentionem
1492 4811 1698 4865 mentis
1728 4828 1760 4864 a
1790 4828 1911 4865 cor-

198 4899 363 4969 poris
414 4900 673 4952 sensibus
720 4899 949 4969 potuit‘?
996 4899 1156 4963 Quod
1188 4899 1232 4951 si
1271 4900 1611 4967 temperatio
1659 4901 1911 4969 corporis

198 4992 358 5042 esset
403 4988 649 5054 animus,
701 5004 816 5041 non
865 4988 1059 5058 utique
1112 4987 1167 5040 id
1214 4993 1405 5057 posset
1452 4987 1727 5042 accidere.
1790 4989 1911 5042 Non

197 5076 361 5129 enim
392 5093 458 5130 ea
489 5094 577 5130 res
604 5093 732 5146 quae
764 5082 1026 5130 naturam
1057 5076 1347 5147 propriam
1380 5092 1493 5128 non
1523 5077 1777 5141 haberet,
1810 5092 1909 5130 ne-

197 5181 317 5235 que
369 5164 687 5219 substantia
731 5170 897 5231 esset,
943 5165 1043 5219 sed
1092 5166 1151 5218 in
1203 5165 1455 5235 subjecto
1504 5181 1741 5235 corpore
1783 5169 1910 5219 tan-

268 5270 282 5302 ¹
316 5268 430 5317 Am.
460 5269 556 5333 Er.
575 5273 627 5318 et
656 5270 799 5333 Lov.,
828 5268 882 5333 id
910 5268 1049 5333 quod
1078 5268 1339 5333 mutabile
1367 5271 1445 5317 est
1474 5271 1674 5319 mutari
1704 5273 1905 5333 reperi-

200 5334 317 5381 tur.
348 5331 683 5379 Praetulimus
726 5332 810 5379 hic
844 5331 1119 5393 lectionem
1161 5332 1303 5387 Mss,
1332 5344 1449 5393 qua:
1480 5334 1559 5378 est
1592 5333 1745 5380 etiam
1769 5331 1904 5381 'Bad.

197 5393 368 5441 Paulo
402 5398 518 5454 post
542 5393 731 5455 legitur
758 5394 809 5441 in
841 5392 993 5447 Edd.,
1026 5392 1363 5455 necqmotum’
1401 5393 1607 5455 quidem
1635 5393 1785 5444 habet
1822 5397 1907 5445 ul-

196 5456 335 5503 lum.
366 5453 433 5503 At
456 5456 512 5503 in
532 5453 676 5519 Mss.
706 5468 773 5505 ne
792 5458 1001 5519 motum
1016 5453 1227 5519 quidem
1249 5467 1381 5517 Opus
1402 5453 1552 5507 habet
1571 5456 1781 5519 ultum;
1802 5457 1906 5517 vel,

196 5529 270 5567 ne
294 5521 440 5567 motu
466 5517 684 5579 quidem
703 5530 833 5580 opus
852 5515 1006 5567 habet
1034 5516 1161 5572 ullo.

1756 274 1968 330 LIBER
2010 274 2214 331 UNUS.

3610 288 3745 339 1030

2047 414 2219 468 quam
2269 398 2426 452 color
2488 402 2545 452 et
2590 399 2774 453 forma
2819 400 3280 471 inseparabiliter
3336 403 3572 475 inesset,
3623 409 3739 463 ullo

2043 488 2212 541 modo
2244 504 2301 541 se
2345 488 2414 540 ab
2459 488 2661 541 eodem
2712 504 2947 558 corpore
2997 491 3065 543 ad
3113 491 3502 562 intelligibilia
3562 498 3737 565 perci-

2043 576 2253 644 pienda
2293 580 2596 629 conaretur
2634 581 2905 641 avertere,
2946 583 3001 630 et
3035 578 3094 631 in
3124 587 3402 649 quantum
3434 582 3487 636 id
3522 592 3736 655 posset,

2041 664 2101 717 in
2132 670 2355 718 tantum
2385 666 2481 717 illa
2512 670 2701 734 posset
2734 666 2959 732 intueri,
2994 683 3171 736 eaque
3203 670 3417 724 visione
3450 676 3653 727 melior
3683 683 3740 730 et

2040 754 2405 823 priestantior
2434 753 2579 806 fieri.
2615 754 2779 806 Nullo
2827 754 3040 823 quippe
3082 756 3253 809 modo
3297 759 3483 813 forma
3524 766 3609 817 vel
3642 782 3737 819 co-

2041 841 2146 905 lor,
2188 841 2274 893 vel
2332 841 2455 909 ipsa
2500 841 2670 894 etiam
2717 846 2971 910 corporis
3009 845 3365 913 temperatio,
3407 864 3534 917 quae
3586 862 3736 910 certa

2040 929 2366 982 commixtio
2397 934 2482 982 est
2510 945 2706 983 earum
2728 935 2971 999 quatuor
2994 936 3328 985 naturarum
3354 937 3561 1003 quibus
3584 941 3734 997 idem

2039 1033 2246 1086 corpus
2293 1018 2564 1083 subsistit,
2615 1025 2867 1071 avertere
2915 1035 2973 1071 se
3029 1019 3097 1071 ab
3142 1036 3208 1072 eo
3254 1028 3462 1091 potest,
3514 1026 3571 1079 in
3621 1047 3733 1098 quo

2040 1105 2290 1175 subjecto
2329 1112 2413 1158 est
2460 1106 2931 1175 inseparabiliter.
2966 1107 3051 1160 Ah
3082 1108 3222 1173 haec,
3257 1125 3323 1161 ea
3352 1128 3480 1180 qua:
3521 1115 3730 1171 intelli-

2039 1192 2121 1262 git
2164 1193 2389 1247 animus
2428 1209 2556 1246 cum
2590 1210 2646 1246 se
2692 1194 2894 1247 avertit
2923 1212 2955 1247 a
2984 1212 3232 1265 corpore,
3280 1214 3395 1252 non
3434 1209 3567 1256 sunt
3596 1221 3729 1273 pro-

2037 1282 2181 1334 fecto
2227 1298 2540 1351 corporea;
2593 1288 2649 1335 et
2697 1287 2889 1335 tamen
2944 1289 3096 1349 sunt,
3149 1285 3510 1357 maximeque
3579 1300 3729 1360 sunt,

2038 1385 2172 1422 nam
2206 1370 2405 1423 eodem
2457 1371 2630 1423 modo
2684 1387 2912 1439 semper
2949 1387 3068 1424 sese
3115 1373 3347 1428 habent.
3400 1378 3540 1432 Nam
3588 1383 3733 1437 nihil

2037 1458 2338 1511 absurdius
2368 1458 2479 1511 dici
2517 1463 2706 1527 potest
2735 1474 2908 1527 quam
2940 1475 3005 1512 ea
3044 1476 3164 1512 esse
3202 1477 3329 1530 quae
3361 1466 3539 1517 oculis
3576 1469 3733 1524 vide-

2036 1562 2185 1610 mus,
2219 1562 2283 1599 ea
2328 1562 2447 1599 non
2486 1563 2605 1600 esse
2644 1562 2773 1616 quae
2812 1546 3190 1616 intelligentia
3228 1551 3552 1619 cernimus;
3604 1573 3729 1611 cum

2036 1634 2294 1687 dubitare
2314 1635 2597 1688 dementis
2628 1635 2715 1695 sit.
2744 1634 3182 1704 intelligentiam
3208 1637 3736 1709 incomparabiliter

2038 1722 2213 1774 oculis
2243 1722 2536 1776 anteferri.
2570 1724 2697 1775 Haec
2727 1727 2919 1775 autem
2951 1739 3079 1793 quae
3108 1724 3509 1794 intelliguntur
3530 1734 3729 1788 eodem

2036 1810 2209 1863 modo
2241 1826 2364 1863 sese
2415 1810 2704 1875 habentia,
2748 1825 2877 1863 cum
2917 1826 2983 1863 ea
3022 1810 3277 1865 intuetur
3304 1815 3552 1883 animus,
3600 1823 3733 1876 satis

2036 1898 2285 1951 ostendit
2320 1914 2377 1951 se
2419 1898 2532 1951 illis
2570 1914 2689 1951 esse
2732 1898 3121 1966 conjunctum,
3168 1899 3312 1953 miro
3356 1905 3606 1972 quodam
3636 1926 3730 1964 eo-

2037 1986 2283 2056 demque
2346 1986 2692 2050 incorporali
2758 1986 2952 2054 modo,
3022 1987 3231 2041 scilicet
3286 2005 3399 2043 non
3456 1993 3731 2052 localiter.

2036 2073 2292 2142 Namque
2322 2078 2419 2125 aut
2464 2073 2523 2125 in
2554 2073 2651 2125 illo
2688 2077 2840 2141 sunt,
2872 2077 2969 2125 aut
2998 2072 3117 2142 ipse
3154 2072 3211 2125 in
3241 2074 3372 2129 illis.
3408 2078 3473 2131 Et
3500 2085 3729 2138 utrum-

2035 2162 2174 2215 libet
2201 2163 2407 2215 horum
2439 2162 2527 2228 sit,
2564 2163 2740 2215 autin
2766 2163 3021 2231 subjecto
3052 2164 3297 2217 alterum
3330 2165 3386 2218 in
3416 2168 3594 2224 altero
3623 2177 3729 2242 est,

2036 2256 2133 2303 aut
2164 2255 2470 2318 utrumque
2504 2250 2818 2303 substantia
2849 2254 2949 2303 est.
2975 2250 3082 2303 Sed
3114 2251 3160 2303 si
3178 2251 3319 2306 illud
3337 2255 3589 2323 primum
3612 2264 3730 2325 'est,

2034 2354 2151 2390 non
2181 2342 2263 2391 est
2300 2338 2358 2390 in
2399 2338 2651 2407 subjecto
2680 2352 2923 2406 corpore
2953 2338 3199 2401 animus,
3235 2344 3297 2392 ut
3340 2343 3501 2397 color
3530 2350 3587 2399 et
3617 2349 3729 2401 for-

2035 2435 2159 2473 ma:
2195 2420 2331 2489 quia
2368 2421 2455 2472 vel
2488 2420 2608 2488 ipse
2640 2419 2957 2472 substantia
2994 2425 3096 2486 est,
3139 2422 3227 2473 vel
3270 2424 3433 2476 alteri
3465 2428 3732 2483 substan-

2033 2507 2128 2561 tia:
2160 2524 2288 2579 quae
2318 2524 2524 2577 corpus
2560 2524 2677 2560 non
2722 2513 2825 2572 est,
2868 2508 2927 2560 in
2965 2509 3217 2578 subjecto
3246 2511 3413 2566 inest.
3450 2514 3505 2568 Si
3538 2522 3730 2572 autem

2033 2596 2139 2650 hoc
2181 2598 2497 2650 secundum
2528 2612 2723 2649 verum
2770 2601 2875 2660 est,
2917 2612 3032 2649 non
3072 2603 3154 2650 est
3199 2598 3257 2651 in
3298 2601 3568 2671 {subjecto
3608 2622 3731 2659 cor-

2032 2701 2168 2755 pore
2212 2690 2485 2755 tanquam
2546 2686 2701 2737 color
2755 2684 2999 2749 animus,
3059 2686 3191 2755 quia
3249 2687 3561 2744 substantia
3621 2699 3726 2749 est.

2033 2775 2391 2843 Temperatio
2426 2777 2616 2826 autem
2661 2772 2913 2842 corporis
2954 2774 3013 2825 in
3062 2774 3313 2842 subjecto
3360 2792 3594 2848 corpore
3644 2789 3730 2835 est

2032 2865 2306 2931 tanquam
2359 2862 2552 2913 color:
2602 2865 2858 2915 non.est
2899 2876 3034 2929 ergo
3090 2864 3426 2931 temperatio
3477 2870 3730 2937 corporis

2033 2949 2277 3014 animus,
2310 2948 2408 3002 sed
2437 2948 2554 3001 vita
2582 2954 2667 3002 est
2693 2948 2957 3002 animus:
2991 2955 3047 3003 et
3074 2965 3131 3003 se
3171 2952 3329 3004 nulla
3360 2969 3449 3007 res
3483 2955 3724 3026 deserit;

2034 3042 2092 3091 et
2133 3038 2191 3091 id
2237 3037 2481 3091 moritur
2522 3039 2671 3108 quod
2713 3037 2827 3091 vita
2871 3038 3112 3092 deserit:
3146 3055 3262 3093 non
3295 3040 3472 3111 igitur
3499 3045 3728 3100 animus

2032 3127 2177 3180 mori
2204 3130 2406 3196 potest.

2030 3216 2254 3269 CAPUT
2285 3216 2372 3269 XI.
2394 3245 2467 3255 —
2495 3216 2728 3269 Animus
2756 3232 2847 3271 nec
2874 3232 2972 3285 per
2997 3219 3299 3283 falsitatem
3336 3224 3481 3290 perit
3502 3228 3729 3280 veritati

2258 3305 2610 3367 contrariam,
2638 3305 2739 3356 etsi
2766 3306 2939 3357 animi
2966 3309 3043 3357 est
3070 3320 3237 3358 causa
3265 3311 3493 3363 veritas.

2104 3393 2188 3445 18.
2225 3391 2441 3445 Rursus
2474 3391 2652 3461 igitur
2701 3393 2747 3444 si
2791 3393 2929 3463 quid
2977 3395 3350 3448 metuendum
3391 3403 3493 3464 est,
3536 3399 3592 3453 id
3646 3409 3729 3456 est

2029 3477 2401 3530 metuendum
2464 3494 2536 3531 ne
2591 3477 2907 3531 deficiendo
2946 3479 3171 3532 animus
3222 3481 3485 3551 intereat,
3537 3486 3596 3539 id
3646 3495 3725 3543 est

2030 3566 2168 3617 dum
2204 3565 2327 3634 ipsa
2356 3566 2633 3619 existendi
2662 3567 2846 3635 specie
2874 3567 3156 3636 privatur.
3198 3570 3274 3622 De
3305 3586 3419 3640 qua
3453 3588 3511 3625 re
3542 3590 3726 3643 quan-

2027 3670 2200 3723 quam
2224 3654 2359 3706 satis
2382 3669 2500 3706 esse
2530 3654 2746 3707 dictum
2771 3655 3030 3719 arbitrer,
3064 3660 3119 3708 et
3138 3673 3311 3725 quam
3334 3660 3438 3713 hoc
3457 3660 3582 3715 fieri
3607 3680 3724 3716 non

2028 3742 2207 3812 possit
2257 3747 2409 3794 certa
2452 3742 2675 3796 ratione
2732 3748 3113 3797 monstratum
3160 3745 3269 3811 sit;
3316 3751 3509 3802 tamen
3552 3751 3726 3806 etiam

2026 3831 2135 3883 hoc
2181 3831 2587 3885 attendendum
2632 3835 2733 3896 est,
2766 3847 2882 3884 non
2914 3848 3035 3885 esse
3074 3833 3244 3886 aliam
3284 3850 3512 3890 causam
3552 3838 3725 3908 hujus

2026 3918 2369 3984 formidinis,
2403 3918 2515 3971 nisi
2545 3918 2681 3988 quia
2709 3919 3002 3973 fatendum
3034 3926 3119 3974 est
3145 3921 3204 3974 in
3232 3922 3455 3977 defectu
3478 3927 3725 3995 quodam

2026 4023 2148 4060 esse
2198 4007 2455 4060 animum
2502 4009 2758 4073 stultum,
2800 4013 2857 4061 et
2905 4008 2965 4061 in
2998 4010 3244 4063 essentia
3285 4013 3523 4066 certiore
3553 4019 3724 4084 atque

2024 4096 2279 4165 pleniore
2311 4095 2648 4166 sapientem.
2683 4096 2791 4149 Sed
2822 4096 2890 4164 si,
2914 4098 3066 4167 quod
3097 4099 3312 4151 nemini
3343 4101 3581 4155 dubium
3613 4110 3721 4171 est,

2023 4188 2159 4237 tunc
2189 4188 2274 4238 est
2306 4184 2531 4237 animus
2563 4184 3041 4253 sapientissimus,
3076 4202 3206 4239 cum
3236 4188 3556 4254 veritatem,
3590 4207 3722 4259 quae

2026 4288 2253 4341 semper
2292 4273 2493 4325 eodem
2542 4273 2717 4325 modo
2756 4277 2858 4339 est,
2902 4273 3177 4339 intuetur,
3212 4275 3378 4345 eique
3410 4275 3721 4331 immobilis

2026 4358 2268 4413 inhaeret
2296 4359 2487 4413 divino
2530 4375 2722 4413 amore
2753 4362 3088 4431 conjunctus
3111 4382 3125 4429 ;
3152 4367 3206 4415 et
3234 4362 3331 4415 illa
3370 4365 3561 4418 omnia
3593 4383 3721 4436 qua:

2024 4464 2256 4518 quoquo
2290 4448 2460 4501 modo
2499 4453 2633 4502 sunt
2660 4450 2731 4503 ab
2763 4466 2829 4503 ea
2855 4450 3100 4504 essentia
3138 4456 3292 4515 sunt,
3325 4467 3453 4522 quae
3499 4470 3720 4510 summe

2023 4536 2386 4607 maximeque
2420 4541 2503 4590 est
2531 4539 2546 4572 ¹
2572 4553 2584 4590 :
2620 4543 2719 4591 aut
2757 4537 2825 4591 ab
2857 4538 2952 4592 illa
2979 4543 3063 4591 est
3090 4538 3316 4591 animus
3345 4541 3404 4593 in
3438 4548 3718 4610 quantum

2023 4630 2125 4691 est,
2159 4630 2257 4680 aut
2282 4642 2386 4696 per
2414 4626 2665 4696 seipsum
2694 4632 2794 4680 est.
2826 4627 2932 4681 Sed
2963 4627 3008 4679 si
3035 4643 3137 4695 per
3159 4627 3409 4698 seipsum
3441 4636 3543 4699 est,
3580 4650 3719 4704 quo-

2020 4714 2175 4785 niam
2209 4716 2327 4785 ipse
2357 4715 2463 4769 sibi
2486 4733 2653 4769 causa
2683 4715 2958 4769 existendi
2988 4719 3088 4781 est,
3122 4720 3177 4770 et
3203 4733 3500 4790 nunquam
3534 4739 3592 4776 se
3625 4724 3719 4779 de-

2020 4803 2189 4869 serit;
2218 4820 2531 4873 numquam
2551 4804 2764 4868 interit,
2790 4808 2853 4857 ut
2880 4820 3052 4873 supra
3082 4805 3252 4858 etiam
3278 4806 3713 4878 disputavimus.

2019 4892 2076 4945 Si
2110 4908 2240 4945 vero
2271 4908 2334 4945 ex
2382 4893 2499 4960 illa,
2531 4892 2835 4961 diligenter
2878 4908 3019 4961 opus
3068 4898 3151 4947 est
3182 4910 3437 4964 quierere
3470 4916 3597 4968 qua:
3626 4917 3716 4954 res

2019 4980 2071 5033 ei
2103 4981 2280 5050 possit
2325 4997 2443 5033 esse
2484 4979 2781 5041 contraria.
2828 4996 2956 5050 qua:
2989 4981 3181 5035 animo
3208 4984 3427 5039 auferat
3457 4988 3715 5042 animum

2019 5084 2138 5121 esse
2182 5068 2339 5138 quod
2368 5068 2464 5120 illa
2497 5067 2741 5137 prmbet.’
2764 5067 2905 5130 Quid
2937 5073 3020 5121 est
3048 5054 3271 5140 igitur"?
3298 5074 3385 5126 An
3432 5075 3578 5128 forte
3608 5076 3713 5130 fal-

2018 5156 2171 5221 sitas,
2207 5156 2341 5226 quia
2372 5156 2470 5209 illa
2502 5156 2705 5209 veritas
2728 5155 2755 5209 ?
2785 5156 2893 5210 Sed
2926 5159 3287 5214 manifestum
3320 5166 3423 5227 est,
3456 5167 3626 5232 atque
3652 5162 3713 5216 in

2017 5251 2288 5316 promptu
2318 5244 2509 5308 situm,
2554 5248 2834 5313 quantum
2880 5261 3084 5300 nocere
3114 5247 3306 5301 animo
3337 5249 3550 5301 falsitas
3580 5267 3710 5320 pos-

2017 5334 2108 5387 sit.
2145 5335 2293 5388 Num
2326 5332 2480 5385 enim
2530 5332 2776 5402 amplius
2821 5338 3008 5403 potest
3036 5352 3207 5406 quam
3241 5336 3483 5389 fallere?
3511 5343 3570 5392 at
3602 5339 3712 5393 nisi

2079 5457 2115 5503 ι.
2156 5456 2241 5504 Er.
2285 5458 2337 5503 et
2370 5456 2521 5521 Lov.,
2563 5457 2610 5503 et
2642 5456 2741 5505 illa
2774 5459 3016 5508 omnium
3044 5469 3157 5520 quae
3198 5459 3555 5521 quoquomodo
3591 5464 3712 5512 sunt

2014 5530 2213 5567 summe
2232 5519 2559 5581 maximeque
2585 5522 2685 5569 est.
