4098 6182
448 323 574 376 1031

445 440 546 514 qui
572 438 726 504 vivit,
753 434 970 490 fallitur
1000 446 1192 486 nemo.
1228 429 1348 484 Non
1370 426 1547 497 igitur
1576 423 1788 478 falsitas
1817 419 2143 474 interimere

449 513 705 584 animum
734 527 940 595 potest.
973 521 1135 585 Quod
1178 519 1225 571 si
1249 518 1371 571 haec
1396 530 1514 567 non
1538 515 1726 584 potest
1754 526 1883 581 qua:
1913 513 2144 563 contra—

445 618 530 673 ria
573 613 796 669 veritati
831 615 934 676 est,
985 608 1206 662 auferre
1261 603 1450 657 animo
1496 601 1755 655 animum
1802 614 1942 662 esse,
1989 597 2142 667 qnud

448 707 500 760 ei
528 704 734 756 veritas
775 699 931 754 dedit
969 697 1064 763 (ita
1121 693 1278 746 enim
1335 695 1417 743 est
1468 686 1837 741 invictissima
1868 683 2140 749 veritas);

449 793 585 865 quid
608 789 764 844 aliud
789 784 1130 846 invenietur,
1158 780 1312 850 quod
1339 778 1559 831 auferat
1584 776 1777 829 animo
1807 773 1862 827 id
1884 771 2036 842 quod
2059 774 2146 823 est

452 857 712 935 animus?
768 873 918 928 Nihil
971 869 1264 941 profecto:
1318 882 1450 919 nam
1509 863 1654 917 nihil
1713 866 1800 915 est
1853 857 2138 913 contrario

453 966 730 1022 valentius
755 963 823 1017 ad
845 962 900 1014 id
925 957 1327 1021 auferendum,
1349 953 1503 1024 quod
1527 952 1592 1005 ﬁt
1611 951 1682 1004 ab
1696 950 1818 1019 ejus
1838 945 2142 1002 contrario.

450 1055 675 1111 CAPUT
706 1052 827 1106 XII.
868 1079 936 1088 —
985 1046 1221 1102 Veritati
1265 1059 1299 1096 a
1347 1058 1458 1111 qua
1485 1045 1562 1094 est
1609 1041 1824 1092 animus
1872 1035 2015 1105 quod
2043 1038 2141 1097 est,

747 1143 1012 1208 quatenus
1043 1138 1169 1203 ipsa
1197 1137 1276 1186 est
1306 1132 1446 1185 nihil
1485 1129 1836 1183 contrarinm.

525 1234 611 1287 19.
643 1231 713 1284 At
741 1229 787 1281 si
818 1224 1038 1280 veritati
1067 1221 1420 1276 contrarium
1448 1217 1526 1270 ita
1557 1230 1901 1287 quaeramus,
1937 1227 2055 1265 non
2087 1211 2149 1263 in

453 1324 731 1392 quantum
757 1315 966 1369 veritas
988 1315 1090 1375 est,
1121 1309 1219 1364 sed
1241 1308 1301 1362 in
1323 1311 1600 1377 quantum
1631 1318 1852 1357 summe
1875 1299 2148 1354 maxime-

455 1389 566 1478 que
583 1409 687 1468 est,
713 1414 1044 1473 quanquam
1065 1396 1123 1448 in
1145 1399 1369 1448 tantum
1390 1397 1473 1445 est
1499 1391 1750 1460 idipsum
1783 1389 1840 1442 in
1871 1391 2149 1457 quantum

459 1477 543 1548 est
567 1492 773 1546 veritas
802 1505 816 1543 :
843 1485 1126 1557 siquidem
1150 1483 1444 1535 veritatem
1473 1495 1600 1532 eam
1622 1477 1861 1531 dicimus
1883 1492 1996 1545 qua
2019 1488 2152 1527 vera

459 1586 591 1636 sunt
617 1577 812 1633 omnia
837 1577 899 1629 in
920 1577 1449 1644 quantumcumque
1471 1571 1621 1631 sunt,
1641 1565 1700 1618 in
1716 1570 1941 1618 tantum
1960 1565 2150 1615 autem

460 1674 595 1724 sunt
624 1669 685 1721 in
715 1669 992 1736 quantum
1014 1676 1146 1713 vera
1173 1663 1333 1712 sunt:
1367 1662 1557 1709 tamen
1589 1654 1746 1707 nullo
1777 1652 1947 1705 modo
1971 1649 2030 1703 id
2053 1649 2149 1702 de-

461 1755 731 1827 fugerim,
781 1751 931 1823 quod
979 1747 1123 1802 mihi
1164 1744 1484 1800 evidentius
1524 1741 1888 1810 suffragatur.
1935 1739 2074 1791 Nam
2103 1736 2154 1788 si

460 1825 622 1899 nulla
653 1838 895 1896 essentia
924 1837 984 1890 in
1010 1838 1287 1906 quantum
1319 1831 1564 1886 essentia
1593 1833 1696 1892 est,
1727 1825 1946 1897 aliquid
1975 1825 2157 1893 ‘hahet

461 1929 830 1989 contrarium,
874 1925 1056 1979 multo
1109 1921 1298 1975 minus
1346 1920 1519 1973 habet
1566 1914 1912 1970 contrarium
1968 1913 2157 1982 prima

462 2019 562 2071 illa
589 2012 850 2076 essentia,
875 2025 1004 2081 quas
1034 2007 1244 2061 dicitur
1271 2006 1494 2068 veritas,
1519 2002 1577 2056 in
1602 2005 1881 2072 quantum
1915 1997 2158 2052 essentia

465 2111 572 2160 est.
611 2102 867 2158 Primum
898 2102 1088 2152 autem
1117 2110 1317 2148 verum
1356 2096 1458 2146 est.
1499 2089 1696 2145 Omnis
1725 2087 1877 2142 enim
1911 2084 2158 2139 essentia

462 2209 581 2249 non
623 2191 694 2245 ob
740 2187 894 2244 aliud
937 2183 1181 2240 essentia
1218 2186 1320 2247 est,
1354 2180 1461 2234 nisi
1492 2178 1628 2249 quia
1667 2182 1769 2230 est.
1808 2177 1935 2228 Esse
1965 2178 2158 2226 autem

465 2299 581 2338 non
623 2279 795 2334 habet
824 2273 1192 2338 contrarium,
1227 2270 1338 2324 nisi
1377 2285 1491 2322 non
1525 2282 1682 2320 esse:
1717 2263 1871 2318 unde
1901 2261 2042 2316 nihil
2074 2264 2160 2313 est

466 2369 726 2426 essentia:
789 2362 1155 2419 contrarium.
1217 2357 1383 2412 Nullo
1449 2354 1620 2408 modo
1676 2352 1852 2422 igitur
1907 2365 1996 2402 res
2047 2349 2161 2401 ulla

467 2473 588 2513 esse
618 2458 805 2526 potest
831 2449 1118 2505 contraria
1157 2445 1238 2500 illi
1271 2442 1622 2508 substantiae,
1667 2455 1795 2510 quae
1825 2437 2069 2491 maxime
2097 2452 2161 2489 ac

467 2523 734 2618 primitus
763 2545 865 2595 est.
899 2541 975 2593 Ex
1005 2552 1119 2608 qua
1162 2534 1208 2587 si
1248 2533 1418 2586 habet
1465 2529 1692 2584 animus
1721 2527 1975 2596 idipsum
2007 2523 2162 2595 quod

467 2614 552 2691 est
579 2636 718 2701 (non
749 2629 902 2684 enim
952 2624 1182 2680 aliunde
1229 2623 1335 2676 hoc
1378 2619 1587 2673 habere
1617 2619 1820 2688 potest,
1857 2614 1956 2685 qui
1997 2629 2060 2667 ex
2103 2627 2161 2666 se

467 2741 585 2780 non
614 2721 804 2787 habet,
827 2716 940 2772 nisi
969 2715 1040 2768 ab
1070 2714 1166 2767 illa
1197 2727 1255 2765 re
1277 2725 1406 2780 quae
1427 2707 1524 2761 illo
1551 2706 1675 2776 ipso
1696 2709 1780 2758 est
1797 2703 1990 2756 animo
2011 2718 2164 2772 prse-

471 2811 757 2878 stantior),
783 2807 940 2861 nulla
967 2819 1056 2856 res
1085 2805 1172 2855 est
1215 2815 1330 2870 qua
1357 2798 1413 2851 id
1445 2794 1688 2860 amittat,
1716 2792 1850 2863 quia
1881 2789 2039 2843 nulla
2074 2802 2162 2841 res

467 2901 521 2956 ei
551 2899 634 2954 rei
665 2902 748 2952 est
776 2892 1054 2949 contraria
1106 2905 1217 2961 qua
1257 2887 1314 2941 id
1345 2886 1554 2950 habet;
1600 2887 1657 2937 et
1695 2885 2000 2951 propterea
2041 2892 2162 2930 esse

467 3005 585 3044 non
612 2985 837 3042 desinit.
869 2979 1218 3051 Sapientiam
1250 2992 1404 3039 vero,
1437 2973 1573 3044 quia
1599 2969 1962 3025 conversione
1991 2965 2166 3019 habet

466 3079 534 3132 ad
568 3077 625 3130 id
669 3090 736 3128 ex
791 3088 904 3142 quo
953 3073 1054 3135 est,
1105 3064 1393 3120 aversione
1438 3062 1596 3115 illam
1645 3063 1835 3130 potest
1878 3055 2160 3132 amittere.

467 3160 835 3221 Conversioni
863 3173 1114 3228 namque
1157 3153 1374 3208 aversio
1409 3148 1690 3205 contraria
1721 3150 1819 3200 est.
1856 3145 2003 3199 Illud
2030 3158 2163 3198 vero

469 3253 619 3324 quod
651 3267 720 3304 ex
749 3265 816 3303 eo
846 3247 1016 3301 habet
1046 3243 1137 3298 cui
1179 3243 1336 3296 nulla
1366 3257 1453 3295 res
1483 3243 1568 3293 est
1595 3234 1902 3299 contraria,
1936 3248 2051 3286 non
2082 3248 2166 3299 est

469 3321 620 3396 unde
655 3337 830 3411 possit
859 3334 1140 3390 amittere.
1168 3333 1291 3385 Non
1318 3329 1496 3400 igitur
1524 3329 1708 3398 potest
1739 3321 1994 3376 interire.

543 3428 769 3485 CAPUT
799 3425 940 3479 XIII.
967 3453 1036 3464 —
1067 3422 1302 3474 Animus
1328 3433 1420 3471 nec
1447 3419 1505 3470 in
1529 3429 1720 3483 corpus
1745 3411 2090 3466 convertitur.

538 3520 628 3574 20.
664 3515 762 3571 Hic
800 3515 943 3568 forte
1004 3508 1298 3564 oboriatur
1344 3504 1623 3560 nonnulla
1663 3498 1920 3572 quaestio,
1971 3500 2166 3550 utrum

469 3606 615 3660 sicut
652 3621 767 3659 non
799 3600 995 3656 interit
1023 3598 1270 3662 animus,
1302 3595 1382 3648 ita
1412 3609 1516 3647 nec
1549 3592 1610 3644 in
1636 3589 1982 3644 deteriorem
2011 3599 2166 3638 com-

468 3697 722 3749 mutetur
752 3689 1079 3745 essentiam.
1112 3683 1300 3739 Videri
1336 3682 1488 3736 enim
1537 3677 1784 3749 cuipiam
1825 3677 2034 3746 potest,
2067 3687 2166 3725 ne-

469 3799 581 3854 que
613 3779 846 3849 injuria,
893 3778 946 3831 id
990 3776 1254 3829 effectum
1300 3788 1419 3825 esse
1467 3765 1901 3823 ratiocinatione
1937 3763 2057 3822 hac,
2106 3764 2170 3814 ut

470 3870 700 3924 animus
724 3867 797 3921 ad
824 3864 1073 3918 nihilum
1105 3877 1223 3915 non
1251 3859 1432 3930 possit
1455 3855 1774 3928 pervenire,
1802 3849 2054 3906 converti
2074 3865 2170 3902 au-

472 3962 589 4012 tem
619 3955 678 4008 in
708 3968 916 4022 corpus
949 3949 1186 4004 forsitan
1213 3947 1408 4017 possit.
1437 3944 1493 3998 Si
1525 3943 1680 3996 enim
1711 3940 1863 4012 quod
1890 3942 2011 3992 erat
2036 3941 2167 3990 ante

473 4044 725 4108 animus,
758 4055 962 4110 corpus
998 4035 1170 4091 fuerit
1199 4034 1482 4100 effectum,
1530 4046 1649 4085 non
1690 4028 1888 4098 utique
1933 4025 2168 4080 omnino

470 4149 586 4188 non
618 4130 744 4186 erit.
792 4129 896 4184 Sed
946 4127 1055 4180 hoc
1093 4123 1217 4178 ﬁeri
1255 4138 1373 4176 non
1411 4124 1616 4191 potest,
1656 4117 1766 4171 nisi
1814 4120 1912 4169 aut
1949 4114 2071 4184 ipse
2109 4111 2170 4166 id

468 4222 624 4288 velit,
649 4223 746 4275 aut
767 4218 835 4272 ab
857 4216 967 4272 alio
990 4217 1245 4285 cogatur.
1277 4212 1386 4265 Nec
1416 4207 1686 4263 continuo
1705 4209 1897 4258 tamen
1922 4201 2168 4262 animus,

470 4312 588 4366 sive
637 4310 758 4380 ipse
801 4305 860 4360 id
912 4301 1237 4374 appetierit,
1281 4299 1396 4353 sive
1441 4300 1666 4351 coactus
1716 4292 1910 4358 fuerit,
1964 4289 2172 4362 poterit

473 4378 678 4470 corpus
729 4411 870 4450 esse.
928 4391 1072 4447 Illud
1121 4389 1274 4444 enim
1329 4387 1589 4458 sequitur
1645 4387 1728 4451 ut,
1781 4382 1828 4436 si
1884 4381 1979 4446 sit,
2036 4378 2174 4432 velit

476 4467 858 4556 autvcogatur.
909 4483 980 4535 At
1022 4479 1164 4534 illud
1209 4493 1324 4531 non
1374 4474 1633 4545 sequitur
1675 4476 1758 4536 ut,
1812 4470 1860 4524 si
1903 4467 2039 4522 velit
2075 4468 2174 4520 aut

478 4555 733 4645 cogatur,
766 4573 859 4626 sit.
894 4572 1202 4640 Nunquam
1231 4569 1422 4619 autem
1441 4563 1628 4617 volet:
1660 4575 1796 4614 nam
1826 4556 2013 4612 omnis
2051 4555 2174 4624 ejus

485 4661 772 4732 appetitus
803 4661 872 4713 ad
918 4674 1141 4729 corpus,
1185 4658 1284 4709 aut
1306 4659 1373 4708 ut
1414 4652 1468 4706 id
1507 4649 1816 4720 possideat,
1847 4650 1951 4712 est,
1985 4648 2084 4698 aut
2114 4646 2176 4697 ut

483 4731 731 4801 viviﬁcet
759 4750 856 4800 aut
884 4751 947 4799 ut
976 4741 1403 4815 quodammodo
1435 4738 1760 4800 fabricetur,
1794 4738 1893 4788 aut
1921 4731 2176 4814 quolibet

482 4839 650 4908 pacto
681 4833 734 4888 ei
765 4832 1038 4886 consulat.
1076 4830 1224 4884 Nihil
1259 4833 1449 4883 autem
1494 4826 1700 4879 horum
1727 4821 1852 4876 ﬁeri
1890 4823 2092 4891 potest,
2127 4817 2176 4872 si

482 4940 602 4982 non
631 4921 703 4976 sit
733 4936 969 4991 corpore
997 4918 1217 4973 melior.
1251 4921 1324 4972 At
1352 4916 1397 4970 si
1427 4914 1542 4969 erit
1567 4927 1790 4982 corpus,
1826 4909 2032 4963 melior
2057 4921 2176 4960 cor-

484 5026 625 5082 pore
656 5007 906 5079 prol‘ecto
938 5023 1052 5060 non
1085 5006 1210 5060 erit.
1253 5006 1378 5059 Non
1416 5003 1593 5074 igitur
1621 5016 1826 5069 corpus
1855 5013 1976 5052 esse
2004 4996 2173 5048 volet.

486 5100 684 5170 Neque
703 5096 880 5151 ullam
901 5093 984 5147 rei
1006 5094 1179 5164 hujus
1209 5093 1414 5148 certius
1444 5092 1848 5162 argumentum
1875 5088 1978 5150 est,
2005 5097 2179 5154 quam

481 5201 615 5241 cum
649 5183 904 5254 seipsum
933 5179 1067 5235 hinc
1104 5181 1420 5250 interrogat
1449 5179 1690 5233 animus.
1725 5177 1807 5230 Ita
1833 5173 1986 5227 enim
2017 5171 2180 5225 facile

479 5273 761 5345 comperit
790 5269 1110 5342 appetitum
1149 5285 1207 5321 se
1254 5284 1370 5322 non
1416 5267 1646 5333 habere,
1687 5263 1796 5318 nisi
1835 5260 2039 5334 agendi
2077 5258 2182 5313 ali-

483 5363 644 5433 quid,
697 5365 798 5415 aut
843 5355 1079 5423 sciendi,
1127 5358 1226 5409 aut
1281 5353 1580 5421 sentiendi,
1626 5358 1724 5407 aut
1782 5347 2180 5407 tantummodo

488 5449 714 5504 vivendi
745 5448 805 5502 in
833 5450 1115 5519 quantum
1145 5458 1248 5497 sua
1273 5441 1356 5496 illi
1385 5447 1633 5512 potestas
1663 5444 1759 5496 est.

555 5540 645 5592 2l.
690 5537 750 5592 Si
800 5540 994 5591 autem
1041 5531 1267 5604 cogitur
1306 5546 1514 5601 corpus
1542 5546 1684 5598 esse,
1733 5545 1766 5584 a
1808 5545 1922 5600 quo
1951 5527 2183 5583 tandem

1410 305 1504 359 DE
1546 296 2140 358 IMMORTALITATE
2179 293 2454 360 ANIMIE,
2494 291 2552 347 S.
2595 287 2980 346 AUGUSTINI

3786 292 3801 341 l
3811 291 3888 343 032

2253 415 2518 487 cogitur?
2548 417 2592 469 A
2627 412 2900 485 quolibet,
2941 413 3092 465 certe
3121 428 3154 465 a
3179 409 3520 481 potentiore.
3553 409 3673 464 Non
3700 426 3818 480 ergo
3841 411 3893 465 ab

2253 507 2381 576 ipso
2409 519 2648 574 corpore
2669 501 2795 572 cogi
2820 504 3030 570 potest.
3055 500 3224 554 Nullo
3247 500 3402 553 enim
3426 498 3592 553 modo
3613 499 3724 552 ullo
3745 499 3895 552 animo

2252 595 2435 649 ullum
2467 601 2672 662 corpus
2701 589 3006 660 potentius.
3041 587 3332 642 Potentior
3358 592 3544 641 autem
3576 586 3783 640 animus
3808 603 3894 640 non

2253 682 2404 752 cogit
2431 681 2488 734 in
2511 679 2749 750 aliquid,
2773 678 2883 731 nisi
2903 676 3058 748 quod
3080 693 3197 730 suae
3229 675 3491 746 potestati
3522 675 3794 728 subditum
3809 680 3890 726 est.

2256 773 2366 826 Nec
2397 770 2513 823 ullo
2555 767 2725 821 modo
2775 765 2998 820 animus
3032 765 3301 835 potestati
3343 763 3571 817 alterius
3612 763 3790 827 animi,
3816 763 3899 816 nisi

2255 858 2370 913 suis
2417 854 2818 927 cupiditatibus
2862 852 3145 907 subditur.
3195 851 3360 922 Cogit
3405 868 3541 921 ergo
3579 851 3672 904 ille
3717 850 3896 903 animus

2254 963 2370 1000 non
2392 944 2638 1014 amplius
2658 957 2832 1012 quam
2853 946 3133 1011 quantum
3161 941 3284 1010 ejus
3310 956 3480 1010 quem
3503 940 3653 1008 cogit
3672 938 3898 1009 cupidita-

2254 1039 2338 1088 tes
2367 1033 2580 1086 sinunt.
2641 1030 2865 1084 Dictum
2895 1033 2980 1083 est
3007 1033 3198 1083 autem
3239 1029 3612 1098 cupiditatem
3643 1043 3750 1080 non
3774 1042 3897 1096 posse

2257 1124 2511 1178 animum
2559 1119 2793 1185 habere,
2825 1122 2888 1172 ut
2927 1133 3134 1188 corpus
3181 1117 3312 1170 sit‘.
3365 1117 3508 1170 Illud
3557 1116 3720 1170 etiam
3755 1115 3898 1169 mani-

2256 1213 2466 1266 festum
2509 1213 2594 1262 est
2641 1207 2711 1262 ad
2757 1207 2978 1260 nullam
3027 1221 3144 1259 sua:
3196 1204 3525 1275 cupiditatis
3573 1203 3899 1274 expiationem

2258 1299 2574 1371 pervenire,
2603 1298 2741 1352 dum
2772 1295 2985 1349 amittit
3010 1311 3240 1348 omnem
3267 1293 3675 1364 cupiditatem:
3707 1299 3758 1347 et
3782 1292 3901 1346 amit-

2257 1390 2328 1443 tit
2356 1389 2492 1442 dum
2515 1401 2719 1455 corpus
2741 1384 2822 1438 ﬁt.
2851 1385 2975 1438 Non
2997 1383 3174 1454 igitur
3201 1386 3393 1453 potest
3413 1383 3483 1436 ab
3505 1399 3572 1436 eo
3595 1381 3713 1451 cogi
3741 1385 3794 1434 ut
3814 1380 3900 1444 ﬁat,

2259 1478 2358 1549 qui
2387 1474 2625 1547 cogendi
2643 1474 2736 1543 jus
2757 1472 2866 1526 nisi
2888 1487 2992 1542 per
3011 1471 3226 1525 subditi
3255 1470 3598 1541 cupiditates
3625 1485 3731 1523 non
3758 1468 3899 1522 habet.

2265 1566 2480 1622 Deinde
2521 1561 2780 1634 quisquis
2829 1560 3057 1614 animus
3103 1561 3352 1614 alterum
3396 1559 3656 1614 animum
3687 1557 3832 1612 habet
3862 1557 3902 1609 in

2262 1655 2558 1724 potestate,
2610 1649 2793 1720 magis
2844 1664 2978 1702 eum
3033 1664 3260 1702 necesse
3290 1653 3375 1701 est
3417 1647 3557 1700 velit
3600 1647 3657 1700 in
3685 1649 3902 1715 potestate

2264 1740 2474 1795 habere
2522 1753 2694 1808 quam
2741 1752 2965 1806 corpus,
2998 1739 3055 1789 et
3083 1735 3136 1789 ei
3163 1735 3304 1789 velit
3343 1735 3600 1788 bonitate
3645 1732 3902 1794 consulere,

2264 1828 2349 1882 vel
2380 1826 2597 1880 malitia
2637 1824 2984 1895 imperitare.
3031 1825 3155 1877 Non
3191 1839 3328 1894 ergo
3353 1824 3509 1876 volet
3539 1826 3601 1875 ut
3637 1837 3812 1890 corpus
3835 1819 3900 1871 sit.

2335 1919 2422 1970 22.
2451 1917 2743 1969 Postremo
2767 1913 2872 1967 iste
2892 1911 3117 1965 animus
3140 1927 3348 1982 cogens
3378 1915 3479 1964 aut
3508 1910 3711 1964 animal
3733 1913 3817 1973 est,
3837 1911 3903 1960 aut

2267 2007 2418 2058 caret
2455 2017 2689 2071 corpore
2724 2001 2762 2070 (Ι
2792 2003 3051 2064 Retract.,
3082 2015 3128 2054 c.
3161 2003 3213 2061 5,
3247 2015 3303 2053 η.
3335 1999 3413 2068 3).
3445 1998 3558 2053 Sed
3588 1999 3634 2050 si
3662 2001 3795 2051 caret
3817 2010 3902 2048 cor-

2267 2107 2426 2162 pore,
2446 2089 2504 2143 in
2526 2091 2635 2143 hoc
2661 2087 2880 2142 mundo
2911 2103 3029 2140 non
3058 2091 3159 2140 est.
3200 2088 3264 2140 Et
3289 2086 3336 2140 si
3364 2086 3444 2140 ita
3475 2091 3582 2153 est,
3611 2099 3808 2140 summe
3829 2082 3900 2135 bo-

2267 2196 2376 2233 nus
2393 2182 2498 2245 est,
2520 2192 2622 2230 nec
2641 2179 2832 2246 potest
2851 2174 2992 2228 velle
3006 2174 3169 2228 alteri
3190 2177 3307 2227 tam
3328 2178 3560 2244 turpem
3583 2169 3904 2226 commutatio-

2268 2283 2423 2320 nem.
2451 2265 2507 2320 Si
2540 2269 2731 2318 autem
2772 2262 2982 2317 animal
3015 2267 3117 2328 est,
3163 2266 3263 2315 aut
3299 2262 3513 2316 animal
3555 2266 3637 2314 est
3672 2259 3818 2314 etiam
3837 2256 3902 2309 ille

2271 2371 2440 2426 quem
2463 2353 2636 2424 cogit,
2657 2358 2758 2406 aut
2777 2367 2892 2405 non
2910 2355 3012 2405 est.
3036 2351 3146 2405 Sed
3172 2351 3218 2404 si
3239 2365 3354 2404 non
3380 2354 3489 2411 est,
3509 2349 3579 2403 ad
3596 2347 3727 2402 nihil
3746 2345 3844 2416 cogi
3855 2343 3902 2396 ab

2270 2443 2382 2497 alio
2398 2446 2601 2513 potest.
2631 2442 2754 2494 Non
2777 2439 2932 2493 enim
2953 2438 3126 2492 habet
3146 2437 3530 2508 potentiorem
3550 2436 3644 2507 qui
3665 2435 3718 2488 in
3734 2445 3902 2486 summo

2271 2536 2372 2587 est.
2399 2531 2458 2586 Si
2487 2534 2675 2584 autem
2709 2528 2766 2582 in
2796 2543 3032 2598 corpore
3064 2533 3166 2589 est,
3200 2527 3272 2581 ab
3301 2542 3369 2580 eo
3401 2542 3600 2580 rursus
3628 2523 3720 2595 qui
3745 2523 3792 2576 in
3817 2535 3903 2572 cor-

2272 2636 2410 2691 pore
2441 2623 2526 2672 est
2555 2634 2656 2690 per
2679 2633 2885 2687 corpus
2913 2616 3158 2686 cogitur,
3191 2615 3263 2669 ad
3293 2614 3693 2686 quodcumque
3719 2609 3901 2680 cogitur.

2273 2707 2612 2772 Quisautem
2635 2704 2856 2759 dubitet
2875 2704 3033 2757 nullo
3057 2702 3230 2757 modo
3251 2718 3356 2773 per
3370 2718 3601 2772 corpus,
3617 2700 3729 2754 ﬁeri
3744 2701 3903 2750 tantam

2272 2793 2776 2849 commutationem
2805 2791 3037 2846 animo?
3067 2790 3253 2846 Fieret
3277 2789 3435 2844 enim
3466 2789 3512 2843 si
3543 2791 3683 2842 esset
3710 2784 3792 2838 illo
3816 2795 3904 2834 cor-

2271 2899 2381 2954 pus
2408 2881 2731 2952 potentius:
2771 2878 3030 2950 quamvis
3068 2877 3348 2949 quidquid
3388 2875 3536 2930 illud
3578 2880 3677 2940 est,
3708 2871 3768 2926 ad
3794 2864 3903 2940 quod

2273 2987 2378 3042 per
2414 2985 2620 3041 corpus
2658 2967 2902 3038 cogitur,
2944 2983 3175 3038 prorsus
3204 2981 3320 3018 non
3351 2980 3459 3034 per
3487 2979 3704 3034 corpus,
3731 2957 3808 3012 sed
3830 2969 3902 3026 per

2274 3059 2611 3130 cupiditates
2641 3072 2770 3110 suas
2811 3055 3050 3125 cogitur,
3082 3055 3152 3109 de
3199 3053 3406 3124 quibus
3459 3052 3594 3106 satis
3629 3049 3811 3104 dictum
3830 3047 3899 3096 est.

2275 3148 2439 3214 Quod
2460 3152 2650 3201 autem
2679 3144 2948 3199 rationali
2972 3143 3164 3198 anima
3185 3143 3386 3196 melius
3417 3145 3526 3200 est,
3554 3137 3789 3194 omnibus
3808 3147 3900 3185 cou-

2275 3235 2670 3300 sentientibus,
2721 3234 2866 3286 Deus
2896 3237 2998 3286 est.
3032 3231 3139 3296 Qui
3166 3230 3423 3302 profecto
3462 3227 3698 3283 consulit
3731 3221 3901 3278 anima.

2275 3329 2332 3380 et
2363 3325 2489 3379 ideo
2511 3339 2630 3377 non
2650 3321 2720 3376 ab
2742 3338 2809 3376 eo
2831 3322 2958 3392 cogi
2985 3319 3178 3375 anima
3207 3322 3409 3390 potest,
3448 3323 3516 3373 ut
3542 3308 3899 3372 convertaturin

2275 3428 2504 3482 corpus.

2278 3502 2502 3559 CAPUT
2541 3499 2676 3554 XIV.
2725 3528 2795 3539 —
2842 3500 2947 3554 Nec
2993 3513 3195 3563 somno,
3243 3512 3336 3550 nec
3386 3493 3694 3565 hujusmodi
3728 3485 3900 3557 corporis

2692 3569 2973 3639 affectione
3000 3571 3196 3622 animae
3226 3570 3334 3622 vim
3363 3570 3559 3622 minui.

2347 3663 2435 3714 23.
2465 3660 2523 3714 Si
2573 3658 2749 3729 igitur
2794 3673 2898 3712 nec
2943 3656 3182 3727 propria
3227 3656 3546 3720 voluntate,
3586 3649 3683 3708 ne'c
3714 3649 3805 3704 alio
3836 3658 3900 3696 c0-

2278 3752 2445 3820 gente
2474 3747 2529 3802 id
2555 3728 2781 3801 animus
2805 3745 3048 3816 patitur;
3075 3743 3224 3798 unde
3251 3743 3309 3797 id
3332 3743 3456 3814 pati
3477 3747 3657 3814 potest
3673 3740 3783 3793 ?An
3808 3728 3899 3801 quia

2277 3837 2484 3891 invitos
2514 3853 2619 3889 nos
2649 3835 2989 3906 plerumque
3011 3831 3289 3903 opprimit
3317 3848 3578 3899 somnus,
3607 3819 3898 3883 metuendum

2278 3931 2364 3979 est
2387 3941 2460 3978 ne
2490 3941 2605 3995 quo
2632 3923 2729 3977 tali
2757 3922 2978 3978 defectu
3000 3921 3228 3974 animus
3255 3924 3624 3974 convertatur
3650 3917 3700 3970 in
3725 3902 3898 3978 corpus?

2279 4013 2451 4078 Quasi
2497 4029 2629 4066 vero
2677 4010 2949 4082 quoniam
3000 4025 3201 4064 somno
3235 4008 3500 4063 membra
3533 4011 3713 4062 nostra
3736 4008 3896 4055 marce-

2277 4107 2464 4168 scunt,
2494 4101 2702 4156 idcirco
2736 4099 2961 4154 animus
2986 4098 3087 4152 ﬁat
3115 4097 3232 4151 ulla
3259 4113 3328 4150 ex
3358 4101 3522 4167 parte
3549 4092 3777 4150 debilior.
3801 4084 3894 4168 Sen:

2280 4163 2469 4245 sibilia
2494 4194 2720 4244 tantum
2742 4203 2856 4242 non
2877 4187 3066 4253 sentit,
3095 4185 3232 4257 quia
3261 4163 3543 4256 quidquid
3567 4181 3694 4237 illud
3714 4163 3896 4243 estquod

2280 4295 2547 4334 somnum
2590 4277 2748 4344 facit,
2783 4293 2813 4330 e
2844 4291 3080 4346 corpore
3107 4279 3192 4328 est
3223 4278 3398 4344 atque
3430 4275 3490 4327 in
3521 4283 3733 4340 corpore
3755 4270 3895 4331 opeﬂ'

2280 4373 2394 4423 tur.
2432 4367 2750 4436 Corporeos
2780 4365 2934 4418 enim
2977 4379 3173 4417 sensus
3202 4361 3351 4432 sopit
3381 4366 3440 4416 et
3464 4358 3670 4415 claudit
3697 4348 3897 4436 quodan

2281 4455 2472 4519 modo,
2509 4455 2588 4508 ita
2631 4470 2763 4508 sane
2813 4457 2874 4506 ut
2915 4452 3018 4506 tali
3069 4449 3509 4505 commutatioui
3539 4440 3764 4516 corporis
3787 4432 3897 4489 cedat

2284 4543 2476 4598 anima
2505 4558 2634 4595 cum
2665 4541 2997 4611 voluptate:
3051 4539 3185 4610 quia
3231 4538 3546 4592 secundum
3584 4538 3808 4588 naturam
3843 4519 3897 4571 εδ(

2283 4630 2412 4685 talis
2441 4628 2816 4683 commutatio
2848 4643 2978 4697 quae.
3008 4625 3190 4680 reiicit
3217 4641 3427 4694 corpus
3446 4640 3480 4677 a
3510 4617 3796 4676 laboribus:
3820 4617 3897 4697 util1

2283 4724 2476 4774 tamen
2510 4718 2632 4771 haec
2672 4715 2874 4770 adimit
2903 4714 3098 4769 animo
3125 4713 3213 4766 vel
3250 4691 3532 4766 sentiendi
3555 4709 3657 4761 vim
3683 4703 3756 4756 vel
3788 4691 3899 4750 intel'

2286 4804 2520 4876 ligendi.
2572 4805 2714 4858 Nam
2758 4807 2814 4857 et
2850 4801 3131 4871 imagines
3172 4799 3528 4853 sensibilium
3554 4797 3740 4866 praesto
3763 4782 3897 4876 haltth

2284 4899 2444 4948 tanta
2474 4909 2536 4947 ex
2546 4891 2835 4963 pressione
2856 4888 3268 4957 similitudinis,
3289 4891 3354 4941 ut
3371 4904 3436 4941 eo
3452 4886 3573 4956 ipso
3593 4888 3810 4947 tempore
3823 4866 3897 4921 dis-

2287 4982 2436 5036 cerni
2471 4985 2760 5052 nequeant
2800 4980 2870 5034 ab
2911 4979 3002 5033 his
3031 4978 3200 5032 rebus
3235 4991 3478 5047 quarum
3507 4969 3755 5041 imagines
3778 4957 3896 5014 sunt;

2289 5076 2347 5125 et
2384 5071 2430 5124 si
2474 5046 2611 5140 quid
2654 5066 2948 5137 intelligit,
2988 5081 3152 5137 reque
3181 5046 3485 5119 dormienti
3514 5077 3573 5114 ac
3599 5046 3816 5126 vigilanti
3834 5055 3898 5092 γε’

2288 5175 2418 5213 rum
2449 5137 2554 5214 est.
2590 5158 2730 5212 Nam
2761 5155 2919 5210 verbi
2957 5153 3141 5226 gratia
3170 5152 3217 5206 si
3247 5168 3350 5222 per
3380 5148 3653 5205 somnium
3682 5137 3898 5207 disputa”

2297 5247 2406 5302 sibi
2433 5246 2587 5300 visus
2613 5245 2804 5311 fuerit,
2844 5258 3121 5313 verasque
3156 5240 3408 5295 rationes
3437 5240 3648 5291 secutus
3683 5230 3734 5282 in
3759 5222 3897 5312 disp?

2293 5335 2467 5392 tando
2487 5333 2746 5390 didicerit
2774 5304 2988 5403 aliquid
3011 5304 3221 5397 {etiam
3253 5325 3630 5399 expergefacto
3653 5304 3900 5403 eadem

2358 5427 2373 5460 1
2395 5423 2480 5473 Sic
2499 5424 2556 5472 in
2582 5423 2706 5471 Mss.
2728 5421 2799 5470 At
2817 5397 2886 5468 in.
2899 5419 3046 5483 prius
3066 5417 3218 5483 editis
3234 5397 3424 5483 legitur
3450 5397 3898 5483 :_Dicl‘um_55_l

2297 5462 2556 5598 ί)οαῖξῖδῆ
2579 5462 2744 5549 ﬁsse
2754 5462 3452 5542 hi'é’o'rioﬁsu;
3480 5471 3613 5522 haud
3643 5464 3750 5516 satis
3773 5462 3898 5506 coast."

2292 5562 2432 5613 quen
2459 5561 2533 5596 er.
