4080 6178
194 267 331 320 1033

188 386 628 443 commutabiles
653 392 908 455 manent,
944 390 1202 459 quamvis
1226 392 1367 447 falsa
1394 394 1755 464 reperiantur
1777 411 1884 448 caa-

187 480 336 544 tera,
382 476 556 529 veluti
602 477 759 530 locus
805 477 905 531 ubi
963 478 1294 548 disputatio,
1358 486 1416 535 et
1461 498 1705 552 persona
1760 499 1889 536 cum

190 580 308 634 qua
331 563 643 634 disputatio
666 564 837 618 fuisse
866 565 985 618 visa
1011 571 1151 632 erat,
1180 572 1235 621 et
1268 570 1443 623 verba
1461 569 1605 639 ipsa,
1638 571 1788 640 quod
1822 572 1890 624 ad

187 670 398 707 sonum
446 653 670 716 attinet,
719 654 931 725 quibus
982 656 1257 726 disputari
1310 658 1626 726 videbatur,
1681 664 1736 713 et
1783 661 1895 714 alia

188 742 617 811 hujuscemodi;
638 758 767 813 quae
788 742 960 796 etiam
981 759 1112 797 cum
1132 744 1268 815 ipsis
1290 747 1550 800 sensibus
1571 748 1897 801 sentiuntur

190 834 562 901 agunturque
611 846 645 884 a
692 830 1079 901 vigilantibus,
1135 836 1486 903 praetereunt
1529 838 1741 901 tamen,
1795 851 1896 889 nec

197 919 316 971 ulla
350 934 414 971 ex
452 922 615 987 parte
655 919 1067 988 sempiternam
1101 922 1467 991 praesentiam
1494 931 1760 977 'Verarum
1805 940 1895 977 ra-

194 1004 423 1059 tionum
447 1012 849 1076 assequuntur.
876 1009 954 1061 Ex
979 1024 1095 1078 quo
1116 1009 1424 1080 colligitur,
1456 1011 1557 1065 tali
1587 1017 1897 1066 commutas

194 1093 355 1148 tione
404 1094 683 1164 corporis,
742 1094 929 1164 qualis
980 1112 1217 1150 somnus
1265 1102 1365 1163 est,
1413 1115 1583 1153 usum
1640 1099 1896 1168 ejusdem

192 1182 452 1252 corporis
488 1182 715 1249 animae,
748 1199 865 1236 non
894 1182 1069 1237 vitam
1091 1187 1107 1220 ¹
1137 1186 1448 1256 propriam,
1480 1203 1642 1256 posse
1681 1186 1887 1241 minui.

193 1270 422 1325 CAPUT
452 1273 558 1325 XV.
590 1301 659 1311 —
704 1276 942 1326 Rursum
984 1275 1223 1327 animum
1260 1289 1368 1328 non
1401 1291 1559 1343 posse
1600 1278 1659 1329 in
1707 1290 1897 1345 corpus

934 1364 1157 1415 mutari.

264 1450 353 1501 ‘24.
390 1450 681 1501 Postremo
711 1447 758 1501 si
800 1450 1061 1518 quamvis
1098 1450 1288 1503 locum
1331 1449 1628 1520 occupanti
1670 1450 1901 1519 corpori

192 1534 393 1589 anima
412 1539 608 1589 tamen
630 1552 749 1589 non
766 1536 1021 1590 localiter
1033 1537 1321 1606 jungitur,
1343 1538 1583 1591 summis
1609 1538 1721 1591 illis
1742 1542 1903 1591 mter-

188 1623 400 1694 nisque
428 1623 763 1687 rationibus,
790 1640 920 1694 quae
950 1624 1497 1679 incommutabiliter
1521 1628 1774 1689 manent,
1798 1641 1902 1677 nec

191 1712 399 1782 utique
430 1713 553 1765 loco
600 1712 988 1781 continentur,
1029 1712 1189 1782 prior
1217 1713 1463 1767 afficitur
1506 1713 1697 1766 anima
1728 1727 1899 1782 quam

190 1817 433 1870 corpus;
453 1816 557 1854 nec
571 1800 731 1870 prior
750 1804 996 1863 tantum,
1017 1802 1117 1855 sed
1135 1801 1307 1854 etiam
1328 1801 1529 1872 magis.
1547 1802 1725 1854 Tanto
1748 1799 1900 1854 enim

192 1888 380 1959 prior,
406 1894 620 1959 quanto
646 1888 1057 1959 propinquior;
1082 1889 1353 1943 eteadem
1367 1906 1535 1943 causa
1550 1892 1708 1942 tanto
1730 1889 1902 1941 etiam

192 1976 407 2046 magis,
428 1980 641 2046 quanto
664 1976 835 2030 etiam
867 1993 1104 2046 corpore
1136 1976 1354 2031 melior.
1390 1978 1501 2031 Nec
1528 1976 1637 2030 ista
1665 1976 1905 2046 propin—

193 2064 392 2134 quitas
444 2064 588 2129 loco,
620 2064 715 2117 sed
764 2070 987 2118 naturae
1034 2064 1233 2119 ordine
1264 2066 1412 2120 dicta
1441 2065 1531 2119 sit.
1566 2066 1679 2118 Hoc
1712 2069 1904 2119 autem

193 2152 406 2206 ordine
448 2153 792 2221 intelligitur
838 2170 869 2207 a
916 2170 1141 2207 summa
1190 2153 1433 2207 essentia
1478 2152 1725 2224 speciem
1781 2168 1901 2206 cor-

189 2241 332 2311 pori
351 2257 453 2310 per
469 2242 721 2294 animam
736 2241 933 2307 tribui,
950 2258 1063 2312 qua
1075 2246 1159 2295 est
1171 2242 1229 2295 in
1252 2245 1782 2312 quantumcumque
1798 2245 1900 2294 est.

195 2330 314 2382 Per
343 2329 592 2382 animam
624 2345 760 2399 ergo
791 2344 995 2398 corpus
1026 2329 1297 2396 subsistit,
1334 2334 1391 2383 et
1420 2346 1485 2383 eo
1525 2328 1649 2399 ipso
1680 2334 1766 2382 est
1792 2345 1904 2398 quo

192 2416 513 2483 animatur,
556 2416 671 2470 sive
713 2417 1128 2487 universaliter,
1160 2422 1221 2471 ut
1262 2418 1547 2484 mundus;
1579 2418 1693 2471 sive
1722 2417 1905 2487 parti-

192 2504 491 2571 culariter,
526 2510 590 2559 ut
644 2506 1097 2576 unumquodque
1142 2506 1355 2559 animal
1400 2506 1553 2559 intra
1602 2505 1901 2559 mundum.

191 2592 564 2663 Quapropter
609 2609 962 2663 consequens
1004 2598 1126 2648 erat
1170 2599 1233 2648 ut
1273 2593 1463 2648 anima
1509 2610 1612 2664 per
1653 2592 1903 2646 animam

194 2697 415 2750 corpus
464 2680 648 2747 ﬁeret,
696 2696 799 2735 nec
847 2681 1082 2735 omnino
1133 2681 1297 2735 aliter
1341 2686 1551 2751 posset.
1587 2680 1747 2744 Quod
1773 2680 1907 2750 quia

196 2784 327 2821 non
359 2767 443 2833 ﬁt,
475 2772 743 2821 manente
780 2768 994 2838 quippe
1035 2768 1228 2821 anima
1257 2769 1315 2822 in
1347 2785 1412 2822 eo
1438 2784 1551 2838 quo
1581 2767 1772 2821 anima
1801 2770 1899 2832 est,

198 2872 417 2926 corpus
446 2872 547 2925 per
585 2856 745 2911 illam
775 2856 1046 2922 subsistit,
1081 2857 1312 2910 dantem
1342 2856 1609 2925 speciem,
1640 2871 1755 2908 non
1785 2854 1903 2908 adi-

196 2949 494 3009 mentem;
526 2944 867 2997 commutari
907 2944 967 2997 in
996 2960 1200 3014 corpus
1231 2944 1421 2997 anima
1450 2960 1566 2997 non
1595 2947 1809 3012 potest.
1848 2942 1906 2995 Si

200 3032 366 3087 enim
393 3049 509 3086 non
540 3033 711 3085 tradit
740 3032 987 3103 speciem
1014 3048 1187 3103 quam
1214 3032 1387 3086 sumit
1416 3047 1449 3084 a
1478 3047 1703 3084 summo
1730 3030 1904 3091 bono,

198 3138 325 3176 non
370 3137 475 3191 per
512 3121 674 3175 illam
722 3122 785 3173 ﬁt
829 3136 1068 3191 corpus:
1118 3125 1175 3174 et
1220 3119 1266 3173 si
1310 3136 1429 3173 non
1479 3134 1582 3190 per
1627 3118 1786 3171 illam
1822 3118 1903 3183 lit,

199 3212 313 3261 aut
340 3223 456 3260 non
489 3207 553 3260 fit
594 3208 851 3273 omnino,
893 3213 991 3261 aut
1028 3213 1141 3262 tam
1183 3208 1506 3278 prepinque
1536 3205 1783 3275 speciem
1813 3222 1908 3258 su-

202 3295 318 3349 mit
361 3311 532 3365 quam
582 3296 810 3349 anima:
845 3297 940 3349 sed
972 3300 1030 3350 et
1078 3297 1145 3350 ﬁt
1190 3312 1416 3366 corpus,
1449 3299 1507 3349 et
1542 3294 1590 3347 si
1616 3298 1734 3347 tam
1775 3310 1907 3363 pro-

199 3383 428 3456 pinque
463 3389 714 3437 sumeret
752 3385 1020 3454 speciem,
1054 3384 1111 3437 id
1151 3389 1296 3438 esset
1325 3384 1477 3454 quod
1516 3382 1742 3435 anima:
1775 3396 1909 3433 nam

201 3474 321 3527 hoc
350 3472 615 3539 interest;
643 3489 826 3543 eoque
859 3473 1049 3526 anima
1069 3472 1293 3537 melior,
1326 3488 1440 3542 quo
1471 3470 1645 3525 sumit
1672 3470 1909 3540 propin-

204 3562 406 3633 quius.
439 3562 577 3615 Tam
608 3562 932 3631 propinque
974 3566 1167 3615 autem
1207 3561 1380 3614 etiam
1412 3576 1617 3629 corpus
1639 3561 1908 3626 sumeret,

203 3650 407 3704 sinon
447 3666 548 3719 per
592 3650 846 3703 animam
880 3655 1150 3703 sumeret.
1188 3649 1411 3703 Etenim
1449 3649 1611 3702 nullo
1652 3646 1909 3716 interpo-

203 3738 323 3792 sito
362 3742 478 3791 tam
528 3738 850 3808 propinque
893 3738 1091 3807 utique
1138 3740 1409 3792 sumeret.
1465 3738 1576 3790 Nec
1624 3734 1913 3788 invenitur

206 3826 435 3897 aliquid
466 3827 619 3897 quod
652 3826 725 3880 sit
756 3826 905 3879 inter
933 3842 1215 3879 summam
1245 3825 1441 3891 vitam,
1474 3840 1603 3894 quae
1633 3822 1914 3893 sapientia

202 3920 267 3970 et
295 3914 505 3967 veritas
536 3919 621 3968 est
651 3914 1159 3978 incommutabilis,
1192 3918 1248 3967 et
1270 3913 1325 3967 id
1359 3914 1510 3983 quod
1536 3912 1803 3966 ultimum
1830 3910 1913 3963 vi-

199 4002 493 4069 viﬁcatur,
525 4002 582 4057 id
611 4006 696 4056 est
724 4019 949 4072 corpus,
981 4002 1091 4055 nisi
1117 4000 1405 4055 viviﬁcans
1434 4001 1641 4055 anima.
1677 4000 1838 4064 Quod
1868 3999 1914 4053 si

200 4090 389 4145 tradit
413 4089 660 4160 speciem
687 4090 883 4143 anima
913 4089 1159 4158 corpori,
1196 4094 1260 4143 ut
1290 4089 1359 4143 sit
1398 4105 1603 4157 corpus
1642 4088 1701 4141 in
1730 4103 1917 4158 quan-

203 4184 338 4233 tum
372 4182 477 4247 est,
508 4194 625 4231 non
659 4178 859 4248 utique
891 4177 1136 4248 speciem
1159 4176 1437 4230 tradendo
1457 4174 1678 4230 adimit.
1704 4175 1919 4229 Adimit

203 4271 409 4321 autem
440 4266 501 4319 in
544 4282 752 4337 corpus
791 4265 1046 4319 animam
1090 4264 1548 4319 transmutando.
1588 4266 1713 4318 Non
1742 4264 1919 4333 igitur

206 4356 411 4411 anima
456 4354 573 4409 sive
622 4371 725 4425 per
769 4354 1014 4424 seipsam
1067 4370 1273 4424 corpus
1320 4353 1405 4419 fit,
1456 4352 1591 4423 quia
1642 4368 1759 4406 non
1807 4352 1918 4405 nisi

207 4443 411 4499 anima
450 4446 721 4496 manente
761 4458 968 4512 corpus
1007 4457 1111 4511 per
1152 4458 1279 4495 eam
1313 4441 1414 4507 ﬁt;
1447 4440 1561 4494 sive
1592 4455 1695 4510 per
1725 4438 1915 4505 aliam,

206 4532 354 4603 quia
378 4546 496 4584 non
517 4530 625 4583 nisi
648 4530 950 4584 traditione
968 4528 1179 4599 speciei
1206 4529 1273 4583 tit
1299 4545 1499 4600 corpus
1518 4544 1623 4599 per
1642 4527 1916 4590 animam,

205 4624 267 4673 et
297 4618 665 4688 ademptione
698 4617 908 4689 speciei
938 4616 1131 4671 anima
1150 4616 1212 4670 in
1242 4633 1447 4688 corpus
1472 4618 1916 4681 converteretur,

210 4707 262 4762 si
292 4711 743 4762 converteretur.

276 4868 294 4900 ¹
329 4865 436 4926 Er.,
467 4867 586 4914 vim.

876 266 1271 323 ADMONITIO
1310 270 1405 323 DE
1444 268 1821 335 SEQUENTE
1861 271 2073 327 LIBRO
2111 272 2206 327 DE
2244 273 2705 339 QUANTITATE
2744 276 3017 332 ANIMJE.

3560 286 3696 339 1034

2006 386 2230 452 CAPUT
2269 398 2401 452 XVI.
2434 427 2504 439 —-
2551 401 2625 454 Ne
2670 401 2731 453 in
2776 402 3016 454 animam
3060 401 3279 469 quidem
3324 405 3695 461 irrationalem

2074 487 2359 539 rationalis
2390 487 2574 539 anima
2611 490 2957 543 convertitur.
2998 491 3203 543 Anima
3245 495 3357 544 tota
3398 495 3559 546 estin
3590 498 3696 547 toto

2072 587 2287 642 corpore
2316 577 2364 626 et
2391 576 2623 639 singulis
2641 576 2913 643 partibus.

2072 662 2156 713 25.
2190 661 2302 713 Hoc
2328 666 2384 713 et
2418 661 2486 714 de
2522 662 2838 715 irrationali
2878 663 3070 717 anima
3107 666 3193 718 vel
3232 666 3364 731 vita,
3407 668 3560 737 quod
3592 684 3695 723 nec

2001 744 2063 798 in
2088 762 2212 799 eam
2260 746 2552 801 rationalis
2600 749 2793 803 anima
2835 752 3199 818 convertitur,
3243 754 3353 807 dici
3394 760 3599 823 potest.
3633 758 3698 810 Et

2001 833 2125 903 ipsa
2152 834 2305 888 enim
2336 835 2446 888 nisi
2477 836 2744 891 inferiore
2775 839 2973 893 ordine
3004 840 3268 894 rationali
3300 842 3693 912 subjiceretur,

2005 938 2167 991 asque
2217 928 2467 977 sumeret
2498 925 2745 994 speciem
2775 931 2831 980 et
2859 927 2988 980 talis
3042 933 3206 982 esset.
3259 930 3513 983 Tradunt
3559 947 3695 1001 ergo

2004 1010 2249 1079 speciem
2290 1028 2320 1064 a
2351 1028 2575 1066 summa
2602 1015 3030 1083 pulchritudine
3060 1022 3349 1087 acceptam
3379 1019 3699 1088 potentiora

2003 1098 2417 1152 inﬁrmioribus
2449 1101 2695 1153 naturali
2717 1102 2933 1156 ordine.
2968 1104 3034 1156 Et
3060 1103 3258 1173 utique
3290 1121 3418 1159 cum
3446 1106 3697 1167 tradunt,

2006 1202 2122 1239 non
2165 1186 2447 1240 adimunt.
2505 1189 2697 1257 quue
2747 1193 2879 1241 sunt
2921 1206 3048 1259 qum
3090 1190 3407 1246 inﬁrmiora
3457 1199 3609 1262 sunt,
3641 1194 3701 1247 in

2006 1277 2281 1343 quantum
2319 1278 2473 1338 sunt,
2505 1275 2659 1344 quod
2705 1276 2919 1344 species
2946 1277 3047 1343 eis,
3090 1294 3202 1347 qua
3228 1279 3380 1332 sint1
3419 1297 3452 1333 a
3499 1286 3699 1350 poten-

2005 1360 2248 1414 tioribus
2277 1362 2560 1415 traditur:
2595 1379 2721 1432 quae
2764 1364 2992 1431 quidem
3023 1367 3346 1433 potentiora
3380 1369 3553 1421 etiam
3584 1386 3700 1423 me-

2006 1448 2147 1502 liora
2165 1452 2314 1503 sunt.
2337 1449 2494 1512 Quod
2524 1450 2611 1503 his
2632 1451 2853 1503 naturis
2881 1451 3076 1505 datum
3112 1458 3215 1520 est,
3245 1470 3372 1523 quae
3404 1472 3521 1508 non
3551 1459 3703 1510 mole

1932 1581 1950 1599 ,
2007 1537 2224 1606 majore
2258 1538 2388 1606 plus
2417 1542 2658 1607 possunt
2690 1539 3009 1593 minoribus
3038 1541 3305 1607 molibus,
3340 1543 3436 1595 sed
3467 1543 3587 1596 sine
3614 1549 3703 1596 tu-

2008 1636 2167 1679 more
2185 1626 2302 1678 ullo
2316 1625 2512 1677 localis
2524 1627 2937 1695 magnitudinis
2955 1628 3153 1682 eadem
3175 1630 3359 1699 specie
3382 1632 3707 1700 potentiora

2009 1718 2140 1766 sunt
2181 1729 2295 1782 qua
2335 1714 2591 1768 meliora.
2637 1716 2701 1767 In
2735 1731 2848 1784 quo
2889 1732 3095 1784 genere
3126 1721 3209 1769 est
3246 1718 3436 1771 anima
3467 1735 3705 1788 corpore

2010 1801 2214 1854 melior
2257 1806 2313 1855 et
2354 1802 2659 1871 potentior.
2710 1803 3069 1874 Quapropter
3115 1821 3245 1857 cum
3284 1822 3387 1873 per
3434 1806 3610 1872 illam,
3645 1810 3709 1860 ut

2012 1889 2229 1943 dictum
2276 1894 2375 1952 est,
2431 1905 2634 1958 corpus
2686 1889 2973 1955 subsistat,
3015 1891 3140 1960 ipsa
3191 1892 3251 1945 in
3300 1908 3506 1961 corpus
3547 1894 3705 1946 nullo

2011 1978 2181 2031 modo
2211 1976 2351 2030 verti
2377 1982 2580 2047 potest.
2613 1978 2824 2047 Corpus
2865 1978 3018 2031 enim
3049 1980 3272 2033 nullum
3305 1980 3386 2045 ﬁt,
3417 1980 3524 2033 nisi
3556 1981 3707 2034 acci-

2009 2064 2220 2135 piendo
2268 2080 2374 2133 per
2420 2064 2671 2117 animam
2721 2065 2986 2134 speciem.
3035 2069 3105 2119 At
3148 2066 3339 2121 anima
3385 2072 3450 2121 ut
3505 2084 3706 2139 corpus

2011 2152 2192 2220 ﬁeret,
2235 2168 2350 2205 non
2391 2152 2716 2222 accipiendo
2758 2153 3027 2222 speciem,
3070 2154 3165 2208 sed
3201 2155 3535 2220 amittendo,
3583 2157 3708 2210 fieri

2011 2246 2239 2311 posset:
2274 2245 2328 2293 et
2358 2245 2662 2310 propterea
2699 2241 2823 2293 ﬁeri
2859 2258 2975 2294 non
3005 2245 3221 2311 potest;
3262 2244 3371 2295 nisi
3411 2244 3553 2297 forte
3583 2246 3707 2298 loco

2013 2329 2205 2383 anima
2234 2329 2578 2395 continetur,
2624 2332 2680 2381 et
2704 2329 2958 2382 localiter
2988 2330 3213 2399 corpori
3245 2331 3532 2401 jungitur.
3569 2334 3708 2385 Nam

2015 2417 2060 2469 si
2085 2417 2163 2469 ita
2192 2420 2293 2481 est,
2325 2420 2509 2485 potest
2528 2432 2653 2469 eam
2677 2416 2911 2469 fortasse
2938 2417 3121 2486 major
3148 2419 3347 2484 moles,
3381 2435 3711 2489 quanquam

2014 2505 2439 2576 speciosiorem,
2483 2504 2542 2559 in
2590 2521 2749 2557 suam
2798 2504 3139 2558 deteriorem
3173 2509 3394 2560 vertere
3440 2508 3709 2576 speciem,

2014 2600 2079 2648 ut
2109 2610 2206 2648 aer
2234 2594 2420 2663 major
2447 2593 2639 2662 ignem
2673 2593 2976 2645 minorem.
3011 2593 3119 2647 Sed
3150 2610 3265 2647 non
3296 2599 3380 2648 est
3408 2595 3506 2650 ita.
3541 2597 3713 2650 Moles

2014 2681 2226 2752 quippe
2248 2680 2436 2735 omnis
2459 2696 2587 2749 qua:
2612 2684 2852 2749 occupat
2878 2682 3089 2749 locum,
3120 2697 3238 2733 non
3269 2685 3351 2734 est
3380 2682 3440 2735 in
3471 2682 3713 2752 singulis

2014 2770 2130 2822 suis
2175 2768 2433 2838 partibus
2479 2772 2618 2832 tota,
2652 2768 2749 2821 sed
2782 2768 2842 2820 in
2889 2769 3174 2821 omnibus.
3227 2768 3410 2831 Quare
3441 2770 3553 2823 alia
3580 2787 3713 2840 pars

2015 2858 2136 2926 ejus
2156 2856 2292 2909 alibi
2321 2862 2425 2920 est,
2450 2860 2505 2907 et
2534 2854 2671 2908 alibi
2701 2856 2827 2909 alia.
2854 2856 3059 2908 Anima
3081 2871 3213 2908 vero
3246 2872 3362 2909 non
3389 2858 3559 2911 modo
3580 2859 3715 2913 uni-

2019 2959 2188 2997 versae
2218 2943 2358 2995 moli
2387 2941 2639 3011 corporis
2687 2943 2792 3005 sui,
2826 2942 2923 2995 sed
2968 2942 3140 2995 etiam
3181 2943 3493 3015 unicuique
3531 2946 3711 3015 parti-

2015 3032 2156 3085 culas
2185 3029 2336 3083 illius
2364 3034 2483 3083 tota
2512 3029 2679 3082 simul
2707 3030 2881 3083 adest.
2918 3030 3099 3084 Partis
3128 3031 3279 3084 enim
3311 3032 3567 3102 corporis
3588 3051 3713 3103 pas-

2015 3119 2233 3173 sionem
2263 3122 2383 3171 tota
2420 3117 2607 3181 sentit,
2655 3133 2761 3171 nec
2789 3117 2848 3170 in
2880 3121 2998 3171 toto
3042 3122 3234 3172 tamen
3274 3135 3532 3189 corpore.
3571 3122 3713 3176 Cum

2017 3208 2171 3261 enim
2193 3206 2326 3277 quid
2355 3206 2507 3259 dolet
2528 3205 2587 3258 in
2616 3205 2782 3275 pede,
2814 3205 3053 3259 advertit
3069 3206 3287 3275 oculus,
3319 3208 3574 3278 loquitur
3601 3210 3712 3263 lin-

2018 3311 2149 3365 gua,
2182 3295 2515 3349 admovetur
2545 3310 2769 3347 manus.
2795 3293 2950 3356 Quod
2980 3310 3094 3347 non
3120 3294 3301 3362 ﬁeret,
3334 3295 3444 3348 nisi
3472 3296 3529 3349 id
3556 3295 3715 3365 quod

2018 3383 2225 3437 animae
2268 3382 2330 3435 in
2361 3382 2442 3436 eis
2489 3382 2745 3452 partibus
2794 3386 2897 3448 est,
2931 3386 2985 3435 et
3015 3381 3074 3435 in
3112 3383 3259 3451 pede
3306 3382 3578 3448 sentiret;
3608 3398 3713 3437 nec

2019 3471 2226 3525 sentire
2257 3472 2409 3541 quod
2449 3471 2528 3523 ibi
2556 3471 2769 3524 factum
2799 3475 2881 3523 est
2926 3471 3129 3524 absens
3156 3475 3365 3539 posset.
3401 3471 3523 3523 Non
3559 3469 3714 3523 enim
3807 3474 3813 3478 ’

2019 3561 2225 3613 nuntio
2249 3558 2439 3628 aliquo
2452 3558 2721 3612 credibile
2736 3561 2821 3611 est
2833 3558 2955 3611 ﬁeri
2972 3573 3088 3611 non
3106 3557 3384 3611 sentiente
3398 3557 3550 3627 quod
3566 3573 3713 3610 nun-

2019 3647 2152 3700 tiat:
2179 3645 2312 3716 quia
2336 3645 2521 3715 passio
2541 3660 2667 3714 quae
2691 3645 2754 3699 ﬁt
2771 3660 2888 3697 non
2909 3660 3014 3714 per
3034 3644 3522 3699 continuationem
3548 3644 3715 3698 molis

2020 3733 2217 3800 currit,
2242 3738 2309 3785 nt
2337 3736 2567 3785 caeteras
2606 3731 2814 3785 animae
2840 3736 3029 3801 partes
3059 3749 3187 3803 quae
3217 3733 3353 3786 alibi
3382 3738 3515 3787 sunt
3541 3734 3716 3786 latere

2020 3838 2136 3876 non
2166 3821 2352 3886 sinat;
2394 3820 2491 3874 sed
2522 3820 2665 3874 illud
2695 3824 2815 3874 tota
2857 3821 3032 3875 sentit
3060 3822 3251 3875 anima
3281 3822 3434 3893 quod
3460 3823 3521 3875 in
3549 3821 3720 3893 parti-

2022 3910 2149 3963 cula
2178 3909 2244 3962 ﬁt
2266 3908 2447 3979 pedis,
2477 3912 2531 3962 et
2558 3908 2638 3962 ibi
2661 3912 2885 3962 tantum
2928 3909 3097 3964 sentit
3131 3910 3229 3964 ubi
3258 3909 3341 3965 ﬁt.
3375 3911 3517 3963 Tota
3545 3910 3720 3980 igitur

2023 3997 2262 4068 singulis
2284 3996 2537 4067 partibus
2562 3996 2733 4050 simul
2753 3997 2930 4063 adest,
2965 4013 3093 4067 quae
3124 4001 3243 4051 tota
3269 3997 3438 4051 simul
3466 3998 3636 4052 sentit
3663 3998 3723 4051 in

2026 4085 2289 4156 singulis.
2324 4086 2437 4139 Nec
2466 4089 2658 4138 tamen
2697 4084 2803 4138 hoc
2832 4086 3000 4138 modo
3032 4086 3188 4139 adest
3229 4090 3365 4153 tota,
3409 4089 3474 4138 ut
3512 4086 3724 4139 candor

2023 4172 2112 4225 vel
2146 4171 2258 4224 alia
2285 4170 2614 4241 hujusmodi
2651 4171 2895 4240 qualitas
2934 4171 2993 4223 in
3022 4186 3368 4240 unaquaque
3410 4176 3572 4239 parte
3600 4186 3722 4223 cor-

2025 4259 2182 4329 poris
2212 4263 2334 4311 tota
2365 4262 2466 4311 est.
2503 4259 2644 4311 Nam
2675 4258 2827 4328 quod
2858 4258 2918 4311 in
2954 4258 3063 4312 alia
3092 4262 3252 4327 parte
3279 4273 3483 4327 corpus
3510 4258 3727 4327 patitur

2028 4346 2291 4400 candoris
2322 4346 2747 4411 immutatione,
2776 4350 2965 4415 potest
2990 4346 3059 4399 ad
3088 4345 3391 4399 candorem
3424 4345 3523 4415 qui
3555 4349 3639 4398 est
3667 4344 3726 4398 in

2029 4434 2141 4487 alia
2163 4438 2323 4503 parte
2350 4450 2465 4487 non
2486 4434 2793 4502 pertinere.
2818 4434 3174 4503 Quapropter
3193 4432 3508 4486 secundum
3538 4436 3729 4502 partes

2027 4522 2192 4575 molis
2222 4538 2256 4575 a
2283 4538 2339 4574 se
2371 4521 2664 4590 distantes,
2704 4526 2761 4576 et
2792 4522 2913 4591 ipse
2950 4538 2980 4575 a
3010 4537 3068 4575 se
3104 4519 3311 4574 distare
3349 4518 3727 4575 convincitur.

2031 4611 2156 4664 Non
2186 4613 2375 4664 autem
2411 4610 2489 4663 ita
2518 4626 2639 4664 esse
2677 4610 2738 4663 in
2768 4609 2960 4663 anima
2992 4623 3097 4678 per
3135 4623 3366 4662 sensum
3394 4608 3462 4662 de
3495 4624 3607 4679 quo
3641 4607 3727 4663 di-

2030 4704 2187 4753 ctum
2213 4702 2317 4766 est,
2342 4699 2634 4769 probatur.

2096 4797 2109 4828 ¹
2144 4795 2289 4853 Lov.,
2322 4793 2460 4857 quod
2490 4796 2691 4857 species
2713 4795 2789 4843 eis
2812 4793 3030 4857 quasi_a
3056 4791 3435 4855 potentioribus
3466 4791 3728 4843 (raditur.

2034 4856 2101 4905 At
2123 4857 2246 4904 Mss.
2277 4854 2532 4917 veriores,
2546 4855 2693 4919 quod
2711 4854 2908 4919 species
2937 4854 3030 4913 eis,
3058 4854 3169 4917 Qua
3194 4857 3326 4904 sint.

1512 5082 2429 5189 ADMONITIO

1039 5263 1145 5327 DE
1198 5258 1613 5338 SEQUENTE
1662 5258 1895 5324 LIBRO
1942 5260 2047 5324 DE
2096 5257 2599 5336 QUANTITATE
2650 5258 2920 5325 ANIMJE

299 5406 607 5475 Dialogum
638 5405 707 5459 de
736 5404 959 5459 Animas
998 5402 1325 5467 Quantitate
1356 5417 1486 5455 cum
1525 5400 1735 5455 Evodio
1773 5400 1978 5455 habuit
2000 5400 2376 5471 Augustinus,
2411 5400 2497 5454 uti
2526 5400 2713 5471 prodit
2744 5401 2868 5472 ipse
2896 5401 3134 5471 epistola
3171 5398 3477 5454 centesima
3506 5414 3737 5468 sexage-

231 5495 380 5549 sima
412 5492 681 5558 secunda,
712 5492 902 5548 eidem
930 5490 1142 5546 Evodio
1171 5490 1479 5545 nonnullas
1509 5504 1737 5544 rursum
1768 5488 1837 5543 de
1882 5488 2073 5545 anima
2102 5487 2444 5559 qumstiones
2471 5488 2821 5559 proponenti
2849 5488 3163 5542 rescribens
3192 5485 3279 5539 his
3308 5483 3492 5539 verbis
3518 5500 3530 5536 :
3562 5484 3660 5537 Illa
3692 5488 3753 5539 si

598 5591 873 5655 PATROL.
923 5588 1173 5677 XXXII.
2885 5579 3385 5665 (Trente-troz's.)
