4098 6182
508 303 640 356 1035
1531 298 1626 352 DE
1665 295 2126 362 QUANTITATE
2166 296 2450 365 ANIME,
2494 297 2547 353 S.
2591 297 2976 354 AUGUSTINI
3823 307 3916 359 l03t’j

497 429 821 490 retegas.....
854 437 972 489 quae
1001 425 1049 474 te
1077 424 1377 486 conferente
1405 435 1608 473 mecum
1635 430 1708 472 ac'
1725 420 2114 472 sermocinante
2135 421 2432 487 conscripsi
2459 422 2571 472 sive
2599 420 2665 472 de
2695 421 3008 485 Quantitate
3035 419 3266 480 Anim,
3295 419 3407 472 sive
3432 418 3496 472 de
3524 419 3701 474 Libero
3726 423 3916 477 Arbitrio

498 513 734 565 invenies
765 509 906 562 unde
943 509 1231 576 dissolvas,
1261 511 1423 561 etiam
1451 509 1566 560 sine
1595 522 1713 560 mea
1746 521 1929 575 opera,
1958 506 2322 560 dubitationes
2360 511 2481 560 tuas
2521 509 2720 576 (Epist.
2766 509 2886 571 l62,
2916 522 2973 559 n.
3004 509 3079 573 2).
3123 506 3390 576 Inspectis
3427 523 3590 576 porro
3618 507 3743 561 locis
3767 510 3855 562 illis
3877 512 3916 564 in

500 601 706 672 quibus
735 597 1012 651 editiones
1038 614 1167 650 cum
1192 598 1316 650 Mss.
1350 596 1570 666 aliquot
1594 611 1710 648 non
1740 595 2050 649 admodum
2078 595 2315 649 vetustis
2343 595 2654 665 praeferunt
2691 594 2995 665 Augustini
3022 599 3078 648 et
3114 595 3389 650 Adeodati
3420 597 3589 650 veluti
3613 597 3916 653 interlocuto-

498 704 628 741 rum
659 685 925 750 nomina;
959 683 1104 737 nihil
1134 684 1193 738 in
1224 683 1476 754 antiquis
1505 683 1792 738 codicibus
1829 683 2254 754 deprehensum
2284 700 2316 736 a
2345 683 2511 738 nobis
2542 688 2648 752 est,
2691 689 2898 754 praeter
2929 683 3173 736 incertos
3208 683 3480 754 quosdam
3519 685 3830 738 characteres
3857 687 3916 740 in-

495 773 976 846 terrogationibus
1009 777 1065 826 et
1095 772 1563 842 responsionibus
1591 773 1966 843 indigitandis
1995 771 2413 846 interscriptos.
2461 772 2823 841 Quapropter
2854 771 3131 825 Adeodati
3160 787 3372 825 nomen
3406 773 3651 843 expungi
3685 775 3912 842 oportuit:

497 863 786 918 enimvero
817 877 930 934 quo
961 865 1222 932 tempore
1253 861 1514 932 dialogus
1541 860 1698 914 hicce
1726 859 2064 925 habebatur,
2095 859 2188 913 vix
2227 859 2668 914 adolescentiam
2715 859 2981 930 attigerat
3022 859 3378 927 Adeodatus;
3415 864 3471 915 at
3496 861 3543 914 is
3571 860 3664 931 qui
3690 877 3800 916 cum
3835 867 3912 916 Au-

494 951 722 1022 gustino
752 949 1119 1019 colloquitur,
1148 949 1423 1019 juvenem
1453 965 1511 1002 se
1542 965 1662 1002 esse
1693 947 1846 1012 dicit,
1884 965 2012 1018 cap.
2050 950 2140 1010 24,
2169 963 2224 1001 n.
2259 950 2346 1002 46.

563 1039 758 1092 Visum
789 1042 980 1090 autem
1016 1042 1099 1090 est
1127 1036 1185 1090 id
1219 1037 1408 1107 operis
1436 1053 1554 1090 non
1587 1051 1814 1090 movere
1849 1036 1973 1090 loco
2005 1053 2176 1106 quem
2215 1036 2410 1090 habita
2439 1035 2761 1106 argumenti
2792 1035 3012 1090 ratione
3041 1035 3288 1090 obtinuit
3315 1035 3588 1090 hactenus
3617 1035 3673 1090 in
3703 1037 3852 1102 editis,
3875 1039 3912 1090 in

493 1127 700 1198 quibus
727 1125 986 1196 proxime
1012 1129 1140 1194 post
1169 1125 1381 1179 librum
1411 1125 1481 1180 de
1511 1125 1732 1180 Animze
1754 1125 2186 1178 Immortalitate
2216 1123 2604 1194 subsequitur.
2627 1125 2888 1178 Testatur
2913 1139 3082 1194 porro
3110 1122 3462 1192 Augustinus
3487 1123 3630 1178 libro
3656 1124 3817 1193 primo
3839 1125 3912 1178 Re-

490 1214 915 1281 tractationum,
948 1213 1128 1284 capite
1159 1214 1429 1284 septimo,
1461 1229 1516 1268 se
1537 1215 1658 1283 jam
1691 1215 2028 1282 baptizatum
2056 1229 2174 1267 cum
2202 1217 2378 1268 Rome
2397 1218 2551 1282 esset,
2577 1215 2858 1282 scripsisse
2887 1213 3052 1267 libros
3076 1213 3142 1266 de
3169 1212 3405 1266 moribus
3426 1213 3664 1266 Ecclesia:
3687 1215 3910 1276 catholica,

489 1307 540 1357 et
569 1303 632 1356 de
660 1302 899 1357 Moribus
929 1303 1376 1368 Manichaeorum;
1408 1307 1533 1355 tum
1567 1301 1628 1354 in
1657 1310 1930 1373 sequente
1962 1301 2144 1371 capite
2174 1300 2346 1354 istum
2376 1317 2490 1371 quo
2522 1301 2590 1355 de
2619 1301 2845 1371 agimus
2873 1301 3164 1371 dialogum
3204 1300 3404 1354 eadem
3429 1298 3490 1353 in
3521 1301 3652 1354 urbe
3678 1301 3912 1366 habuisse;

486 1395 682 1461 postea
712 1406 841 1443 vero
874 1389 1044 1442 libros
1075 1390 1145 1442 de
1178 1389 1380 1444 Libero
1406 1389 1660 1444 Arbitrio
1690 1389 1906 1443 ibidem
1929 1389 2208 1458 inceptos
2227 1393 2519 1442 recenset:
2551 1393 2721 1458 atque
2750 1389 2961 1442 idcirco
2982 1389 3272 1458 dialogum
3299 1388 3514 1442 huncce
3543 1404 3723 1442 versus
3742 1388 3908 1441 initium

488 1479 626 1532 anni
672 1477 878 1532 Christi
922 1477 1308 1532 trecentesimi
1357 1478 1692 1548 octogesimi
1738 1478 1920 1532 octavi
1966 1479 2327 1532 collocamus.
2381 1478 2523 1531 Cum
2571 1477 2726 1531 enim
2768 1478 3060 1547 superiore
3099 1493 3248 1530 anno
3299 1477 3538 1532 Romam
3586 1476 3800 1530 venisset
3835 1479 3910 1530 Au-

487 1566 779 1636 gustinus,
823 1581 1091 1635 magnam
1140 1582 1371 1637 quoque
1427 1565 1718 1636 sequentis
1763 1565 1902 1618 anni
1958 1569 2180 1636 partem
2216 1565 2314 1625 .ibi
2351 1565 2648 1636 transegit,
2699 1569 2870 1637 atque
2918 1565 3138 1620 interea
3176 1564 3453 1636 temporis
3498 1565 3662 1619 libros
3708 1565 3908 1635 praefatos

486 1651 838 1721 conscripsit.

591 1739 744 1830 Vide
775 1738 1016 1830 librum
1062 1743 1132 1820 1,Δ
1158 1762 1304 1828 cap.
1343 1749 1408 1820 8,
1456 1744 2094 1822 Rectractationum,
2138 1740 2260 1808 col.
2307 1748 2459 1824 594,
2508 1765 2551 1808 a
2582 1741 2816 1825 verbis,
2853 1745 2928 1808 In
2967 1745 3205 1810 eadem
3234 1747 3427 1825 urbe,
3461 1765 3526 1810 n.
3567 1751 3626 1824 1,
3653 1762 3824 1830 usque
3853 1739 3913 1806 ad

485 1828 686 1894 verba
721 1851 787 1892 η.
826 1836 890 1907 3,
930 1829 1295 1894 Abundare
1335 1835 1500 1896 otio.
1732 1832 1818 1894 M.

1367 2023 1473 2127 S.
1551 2024 2206 2127 AURELII
2273 2024 3114 2130 AUGUSTINI

1793 2169 2310 2220 HIPPONENSIS
2344 2171 2700 2221 EPISCOPI

850 2276 1144 2434 DE
1257 2274 2170 2454 QUANTI'

2294 2279 2737 2437 ATE
2847 2280 3632 2442 ΑΝΙΜᾸΕ

1719 2475 2152 2563 LIBER
2243 2479 2630 2565 UNUS
2670 2477 2771 2563 (α).

547 2609 608 2673 In
629 2607 788 2656 hocce
818 2605 1030 2673 dialogo
1065 2617 1156 2673 sex
1186 2602 1249 2652 de
1279 2603 1456 2673 animo
1480 2604 1800 2673 quaestiones
1821 2619 1862 2673 σε
1889 2603 2210 2673 collocutore
2240 2611 2609 2673 proponuntur
2621 2607 2917 2671 Augustino
2937 2622 3191 2673 ;_quarum
3212 2612 3444 2671 tertiam,
3469 2614 3672 2668 scilicet.
3691 2613 3850 2672 Quanta
3863 2609 3901 2655 sit

485 2671 680 2738 animo,
711 2668 939 2738 penitius
959 2665 1286 2738 tractaturus.
1301 2665 1577 2738 distinguit
1607 2665 1865 2737 imprimis
1888 2666 2082 2738 duplex
2100 2665 2406 2738 quantitatis
2427 2683 2611 2732 genus,
2638 2665 2802 2738 unum
2819 2685 2849 2718 a
2867 2665 3004 2720 mole
3029 2676 3080 2738 et
3095 2672 3196 2721 loci
3219 2675 3395 2738 spatio
3415 2665 3441 2733 ς’
3459 2665 3670 2724 alterum
3690 2665 3721 2723 εἶ
3737 2674 3902 2738 potentia

485 2737 537 2799 et
565 2727 756 2799 virtute
783 2730 1008 2799 dictum:
1044 2727 1411 2799 illudquidem
1437 2727 2049 2799 corporispropriuni'ab
2073 2727 2264 2799 anima,
2295 2745 2413 2799 qua:
2430 2727 2649 2793 prorsus
2674 2731 2990 2799 incorporea
3013 2734 3096 2799 sit,
3120 2727 3352 2799 excludi,
3384 2727 3484 2785 hoc
3501 2743 3663 2785 autem
3684 2727 3851 2799 reperiri
3868 2734 3900 2778 in

485 2793 575 2858 illa
603 2794 756 2858 docet
777 2792 977 2858 deinde
993 2788 1373 2858 magnitudinis
1396 2788 1546 2858 istius
1568 2788 1986 2858 grad‘usseptem
2008 2788 2257 2854 assignat,
2282 2788 2348 2841 ad
2373 2788 2506 2855 quos
2534 2797 2747 2842 revocat
2773 2788 3030 2857 quidquid
3051 2788 3230 2845 anima
3257 2788 3496 2848 humana
3523 2800 3626 2848 sive
3659 2800 3707 2847 in
3727 2788 3897 2858 corpore.

487 2855 594 2903 sive
627 2856 682 2902 in
717 2855 906 2916 seipse,
937 2854 1047 2902 sive
1083 2849 1309 2913 denique
1339 2851 1479 2914 apud
1504 2849 1672 2899 Deum
1697 2849 1852 2900 valet.

485 2979 708 3032 CAPUT
737 2978 1032 3032 PRIMUM.
1065 3005 1128 3016 —
1164 2977 1270 3030 Sea:
1297 2975 1363 3029 de
1400 2977 1588 3029 anima
1623 2978 1940 3045 quaestiones
1973 2992 2182 3047 propo-

555 3068 637 3119 nit
657 3065 916 3119 Evodius.
949 3065 1095 3118 Unde
1113 3066 1186 3118 sit
1200 3066 1406 3117 anima.
1425 3063 1637 3118 Animae
1655 3066 1850 3133 patria
1871 3067 2030 3120 Deus.
2048 3067 2185 3120 Ani-

556 3170 653 3207 mae
677 3153 986 3207 substantia
1010 3155 1239 3220 propria
1267 3157 1317 3206 et
1342 3154 1595 3220 simplex.

565 3245 612 3293 l.
651 3244 713 3295 E.
761 3241 1043 3302 Quoniam
1079 3240 1244 3293 video
1278 3244 1332 3293 te
1371 3240 1661 3294 abundare
1700 3241 1840 3307 otio,
1887 3256 2080 3312 quasso
2121 3243 2185 3294 ut

488 3328 633 3381 mihi
664 3327 1010 3396 respondeas
1039 3327 1108 3380 de
1140 3327 1209 3380 iis
1247 3343 1376 3396 quae
1405 3343 1496 3381 me
1527 3333 1777 3397 movent,
1815 3345 1935 3382 non
1964 3333 2026 3382 ut
2055 3328 2182 3399 opi-

488 3432 612 3482 nor,
647 3415 976 3485 importune
1008 3419 1178 3485 atque
1209 3413 1548 3485 incongrue.
1579 3417 1738 3486 Saepe
1764 3416 1918 3470 enim
1939 3433 2068 3471 cum
2087 3418 2184 3471 abs

488 3510 543 3558 te
571 3505 753 3558 multa
795 3503 1146 3574 quaesissem,
1179 3502 1370 3556 nescio
1423 3519 1536 3574 qua
1565 3504 1662 3557 illa
1691 3520 1876 3574 graeca
1905 3506 2184 3559 sententia

485 3607 577 3645 me
608 3591 1011 3646 deterrendum
1041 3591 1273 3662 putasti,
1309 3607 1422 3662 qua
1447 3593 1825 3662 prohibemur
1844 3609 1908 3647 ea
1929 3610 2057 3665 quas
2089 3611 2183 3648 su-

486 3696 589 3750 pra
619 3696 721 3733 nos
743 3683 874 3733 sunt
902 3679 1194 3749 requirere
1221 3695 1234 3733 :
1263 3695 1412 3733 nunc
1432 3695 1563 3734 vero
1583 3697 1701 3734 non
1731 3669 1870 3751 puto
1899 3697 2003 3735 nos
2029 3681 2184 3751 ipsos

485 3784 657 3837 supra
701 3784 808 3821 nos
849 3783 987 3821 esse.
1036 3767 1420 3831 Quamobrem
1467 3784 1598 3822 cum
1630 3769 1698 3822 de
1728 3769 1922 3823 anima
1959 3785 2178 3838 quaero,

485 3872 599 3908 non
625 3871 753 3908 sum
779 3855 985 3924 dignus
1008 3855 1110 3924 qui
1130 3854 1393 3909 audiam:
1427 3855 1583 3919 Quod
1607 3873 1780 3926 supra
1804 3873 1928 3923 nos,
1956 3857 2092 3927 quid
2111 3858 2183 3912 ad

485 3959 587 3996 nos
611 3943 727 4010 (b)?
762 3941 860 3996 sed
896 3941 1129 3996 fortasse
1161 3942 1368 4012 dignus
1398 3943 1496 4013 qui
1531 3944 1781 4010 audiam,
1827 3944 1966 4014 quid
2001 3945 2180 3999 simus

483 4047 607 4085 nos.
640 4032 714 4084 A.
744 4031 1027 4083 Enumera
1052 4030 1300 4085 breviter
1325 4047 1454 4102 quae
1481 4015 1550 4085 de
1572 4032 1762 4086 anima
1789 4033 1985 4087 audire
2015 4034 2178 4090 velis.

480 4122 547 4173 Ε.
585 4117 805 4172 Faciam
835 4134 848 4172 :
884 4133 1014 4171 nam
1060 4123 1192 4172 sunt
1219 4119 1362 4172 mihi
1393 4119 1502 4174 ista
1531 4105 1810 4175 diuturna
1836 4121 2180 4192 cogitatione

477 4210 821 4276 praeparata.
851 4208 1052 4271 Quaero
1081 4205 1258 4276 igitur
1287 4207 1440 4262 unde
1487 4207 1558 4261 sit
1587 4209 1797 4277 anima,
1845 4209 2032 4281 qualis
2085 4212 2176 4280 sit,

479 4299 696 4365 quanta
720 4294 811 4355 sit,
843 4310 944 4347 cur
981 4294 1207 4364 corpori
1235 4294 1406 4350 fuerit
1443 4295 1594 4366 data,
1625 4301 1681 4352 et
1709 4314 1841 4352 cum
1871 4299 1943 4353 ad
1972 4315 2179 4370 corpus

478 4383 700 4436 venerit
729 4381 913 4452 qualis
945 4381 1245 4448 efﬁciatur,
1279 4383 1465 4453 qualis
1493 4401 1624 4439 cum
1655 4385 2028 4441 abscesserit?

547 4474 599 4523 2.
634 4471 702 4522 Α.
737 4471 876 4523 Cum
903 4468 1114 4539 quaaris
1130 4468 1279 4522 unde
1309 4470 1383 4523 sit
1402 4471 1617 4541 anima,
1651 4473 1763 4527 duo
1787 4475 2054 4545 quaedam
2088 4475 2174 4531 in-

475 4557 733 4625 telligere
762 4573 954 4627 cogor.
990 4556 1170 4611 Aliter
1203 4555 1358 4610 enim
1405 4558 1647 4613 dicimus
1678 4562 1831 4615 unde
1867 4562 1940 4616 sit
1975 4563 2172 4631 homo,

479 4659 607 4712 qua:
638 4644 710 4696 sit
739 4645 860 4714 ejus
888 4644 1075 4714 patria
1105 4643 1248 4698 scire
1296 4645 1624 4715 cupientes;
1683 4647 1849 4702 aliter
1896 4650 2049 4704 unde
2080 4653 2172 4719 sit,

477 4745 608 4782 cum
638 4731 946 4799 quaerimus
993 4731 1144 4786 unde
1187 4737 1427 4803 constet,
1460 4732 1518 4787 id
1550 4738 1654 4803 est,
1705 4751 1771 4789 ex
1801 4737 2010 4807 quibus
2058 4739 2172 4792 ele-

475 4817 684 4870 mentis
730 4817 1014 4884 rebusque
1061 4820 1433 4890 compositus.
1483 4821 1629 4885 Quid
1655 4822 1864 4877 horum
1895 4825 2034 4878 scire
2066 4826 2170 4894 vis,

475 4921 604 4958 cum
631 4903 949 4974 interrogas
973 4907 1125 4961 unde
1157 4908 1230 4961 sit
1261 4908 1493 4962 anima?
1521 4911 1857 4965 Utrumnam
1886 4912 2049 4983 quasi
2078 4929 2170 4968 re-

473 4995 706 5066 gionem
734 4995 856 5065 ejus
885 5000 942 5048 et
966 4997 1230 5066 patriam,
1259 4998 1412 5052 unde
1439 4999 1551 5052 huc
1573 5001 1807 5064 venerit,
1836 5018 2000 5056 nosse
2030 5003 2172 5057 desi-

472 5085 672 5151 deras;
723 5098 796 5136 an
847 5099 980 5136 vero
1036 5100 1166 5154 quae
1224 5085 1296 5139 sit
1348 5086 1471 5157 ejus
1523 5087 1857 5159 substantia,
1902 5091 2167 5161 requiris.

468 5176 534 5228 E.
586 5171 860 5244 Equidem
908 5177 1215 5243 utrumque
1258 5174 1400 5229 scire
1445 5176 1669 5243 vellem,
1721 5177 1818 5231 sed
1869 5177 2009 5248 quid
2067 5179 2171 5233 scit

469 5261 765 5315 sciendum
786 5260 967 5331 prius,
1001 5265 1098 5314 tuo
1112 5261 1328 5330 judicio
1350 5263 1498 5317 malo
1527 5265 1900 5322 committere.
1923 5267 1995 5322 Α.
2028 5268 2167 5321 Pro-

465 5351 652 5420 priam
701 5351 1010 5423 quamdam
1059 5350 1472 5406 habitationem
1521 5353 1728 5409 animai
1779 5371 1842 5409 ac
1900 5355 2164 5426 patriam,

524 5473 599 5535 (α)
627 5475 863 5538 Scriptus
887 5475 1026 5523 circa
1056 5473 1267 5522 initium
1299 5474 1424 5523 anni
1454 5477 1563 5526 388.

527 5539 595 5599 (ο)
623 5539 848 5588 Socratis
868 5538 1066 5588 dictum
1091 5550 1102 5584 :
1131 5550 1194 5585 ιιΑ
1225 5549 1382 5586 avrea
1412 5541 1590 5598 usus,
1620 5551 1666 5588 τι
1694 5552 1814 5589 rnos
1845 5541 2044 5591 usus?

2301 2977 2483 3032 Deum
2513 2977 2701 3049 ipsum
2723 2979 2890 3034 credo
2911 2997 3029 3037 esse
3050 2998 3083 3036 a
3113 2998 3228 3053 quo
3248 2989 3444 3039 creata
3473 2990 3572 3040 est.
3603 2981 3897 3038 Substantiam
3981 2969 3986 2988 '

2294 3080 2428 3119 vero
2460 3066 2581 3136 ejus
2610 3067 2910 3123 nominare
2929 3085 3045 3124 non
3065 3086 3302 3140 possum
3328 3089 3341 3126 :
3379 3089 3495 3127 non
3519 3073 3661 3127 enim
3683 3087 3784 3125 eam
3805 3074 3896 3139 puto

2298 3169 2416 3206 esse
2447 3171 2515 3208 ex
2545 3154 2614 3209 iis
2644 3156 2868 3210 usitatis
2897 3157 3162 3229 notisque
3192 3162 3439 3231 naturis,
3470 3177 3603 3233 quas
3634 3161 3734 3214 istis
3757 3172 3896 3225 corpo-

2295 3239 2375 3294 ris
2404 3242 2660 3296 sensibus
2687 3243 2998 3314 tangimus.
3032 3247 3174 3300 Nam
3202 3263 3395 3318 neque
3421 3265 3486 3303 ex
3516 3254 3670 3315 terra,
3699 3261 3838 3315 neque
3855 3258 3896 3294 ex

2297 3345 2465 3400 aqua,
2514 3347 2702 3402 neque
2746 3349 2815 3386 ex
2862 3349 3012 3400 aere,
3060 3351 3246 3402 neque
3297 3352 3372 3390 ex
3411 3337 3550 3408 igni,
3593 3351 3752 3406 neque
3774 3349 3820 3386 ex
3842 3330 3897 3383 his

2296 3417 2584 3485 omnibus,
2616 3435 2802 3490 neque
2832 3436 2901 3475 ex
2930 3421 3216 3492 aliquibus
3259 3424 3471 3480 horum
3519 3422 3788 3495 conjunctis
3808 3434 3893 3472 con-

2297 3509 2443 3558 stare
2468 3506 2720 3561 animam
2740 3507 2902 3578 puto.
2927 3510 3030 3564 Sed
3054 3497 3545 3581 quemadmodum
3565 3513 3608 3567 si
3634 3529 3690 3566 ex
3707 3527 3779 3564 me
3799 3521 3895 3577 qui~

2296 3609 2471 3664 reres,
2525 3595 2694 3650 arbor
2737 3596 2847 3651 ista
2891 3613 2960 3651 ex
3006 3599 3214 3668 quibus
3257 3607 3498 3671 constet,
3551 3601 3794 3656 notissima
3828 3596 3892 3647 ista

2296 3680 2579 3736 elementa
2606 3688 2854 3753 quatuor
2882 3687 3262 3756 nominarem,
3298 3706 3369 3744 ex
3401 3691 3599 3762 quibus
3625 3688 3781 3744 omnia
3804 3683 3890 3737 talia

2294 3774 2552 3824 constare
2593 3773 2940 3828 credendum
2970 3781 3078 3843 est;
3124 3793 3301 3847 porro
3331 3779 3382 3833 si
3417 3795 3666 3851 pergeres
3693 3786 3886 3848 quaerere,

2293 3857 2446 3912 unde
2474 3859 2600 3930 ipsa
2627 3865 2800 3929 terra,
2833 3865 2922 3918 vel
2947 3880 3116 3935 aqua,
3150 3867 3236 3920 vel
3267 3883 3386 3935 aer,
3419 3870 3504 3924 vel
3533 3869 3668 3939 ignis
3691 3865 3885 3918 constent.

2292 3945 2438 4000 nihil
2464 3947 2587 4017 jam
2615 3950 2771 4020 quod
2799 3951 3046 4007 dicerem
3075 3955 3391 4025 reperirem
3415 3974 3428 4024 ;
3461 3958 3535 4010 sic
3553 3972 3668 4010 cum
3694 3950 3887 4024 quiarilur

2291 4050 2357 4087 ex
2383 4034 2592 4105 quibus
2622 4037 2694 4093 sit
2720 4039 2895 4094 homo
2937 4044 3310 4112 compositus,
3352 4045 3676 4117 respondere
3709 4049 3882 4112 possum.

2289 4137 2355 4175 ex
2389 4123 2581 4178 anima
2609 4130 2666 4181 et
2692 4143 2958 4198 corpore;
3007 4145 3237 4186 rursum
3284 4132 3356 4187 de
3394 4148 3620 4204 corpore
3646 4129 3686 4184 si
3717 4136 3881 4198 quem.

2289 4209 2360 4266 ad
2389 4209 2489 4266 illa
2517 4213 2800 4270 elementa
2844 4221 3092 4287 quatuor
3137 4235 3472 4288 recurram;
3509 4223 3573 4276 de
3616 4219 3771 4274 anima
3798 4224 3882 4264 vero

2288 4301 2570 4371 quaerenti
2599 4303 2724 4366 tibi,
2757 4320 2889 4358 cum
2915 4305 3157 4378 simplex
3181 4309 3462 4379 quiddam
3491 4314 3543 4364 et
3567 4305 3774 4380 propria:
3795 4298 3880 4353 snlr

2287 4388 2511 4443 stantia:
2539 4389 2796 4444 videatur
2815 4409 2957 4461 esse,
2986 4411 3100 4449 non
3122 4396 3290 4451 aliter
3308 4398 3552 4452 haeream
3574 4413 3629 4450 ac
3654 4395 3692 4448 si
3713 4400 3879 4463 quem,

2284 4480 2350 4528 ut
2379 4475 2596 4532 dictum
2625 4484 2727 4544 est,
2761 4481 2915 4536 unde
2945 4482 3019 4536 sit
3057 4488 3226 4538 terra.
3257 4488 3324 4541 E.
3358 4486 3640 4552 Quomodo
3675 4495 3774 4535 eam
3794 4489 3879 4545 ιντο·

2285 4562 2471 4632 priam
2509 4565 2645 4619 velis
2688 4567 2900 4623 habere
2947 4571 3344 4641 substantiam,
3395 4591 3520 4628 cum
3559 4570 3783 4627 dixerisa
3806 4564 3877 4616 Βεο

2283 4651 2512 4718 factam,
2536 4668 2655 4708 non
2683 4655 2963 4726 intelligo.
2994 4659 3066 4714 A.
3099 4660 3400 4723 Quomodo
3432 4668 3486 4716 et
3505 4667 3690 4716 terram
3708 4657 3877 4726 ipsama

2285 4739 2400 4792 Deo
2429 4739 2656 4808 factam,
2689 4759 2899 4814 negare
2930 4761 3048 4800 non
3075 4765 3346 4817 possum;
3380 4755 3435 4804 et
3463 4756 3639 4804 tamen
3668 4759 3760 4799 non
3793 4751 3876 4809 ρυε-

2284 4842 2412 4880 sum
2453 4828 2657 4896 dicere,
2707 4847 2776 4884 ex
2823 4834 3029 4902 quibus
3075 4837 3237 4905 quasi
3281 4839 3408 4892 aliis
3450 4835 3744 4908 corporibus
3778 4833 3874 4880 terra

2241 4941 2254 4953 ~
2282 4919 2519 4969 constet.
2555 4916 2808 4986 Simplex
2839 4920 2992 4975 enim
3033 4938 3240 4992 corpus
3281 4930 3366 4978 est
3395 4930 3558 4990 terra,
3588 4938 3647 4975 eo
3681 4919 3778 4989 ipso
3799 4923 3872 4980 quo

2282 5005 2433 5055 terra
2460 5008 2580 5071 est;
2613 5009 2668 5058 et
2697 5005 2826 5060 ideo
2853 5009 3199 5065 elementum
3229 5012 3434 5067 dicitur
3457 5010 3689 5066 omnium
3707 5007 3873 5058 istorum

2281 5107 2606 5162 corporum,
2637 5110 2764 5164 quze
2797 5095 2945 5151 ﬁunt
2976 5114 3044 5152 ex
3074 5104 3322 5170 quatuor
3349 5099 3643 5154 elementis.
3669 5095 3768 5148 Non
3784 5096 3872 5174 ετεο

2280 5179 2386 5232 sibi
2429 5180 2762 5236 adversatur
2801 5187 3086 5241 sententia
3123 5205 3239 5259 qua
3276 5189 3532 5254 dicimus,
3556 5191 3604 5239 et
3630 5202 3657 5236 a
3682 5184 3770 5235 Deo
3790 5187 3870 5226 ω’

2277 5283 2433 5322 mam
2461 5269 2690 5337 factam,
2722 5276 2779 5325 et
2799 5275 3094 5343 propriam
3117 5277 3422 5347 quamdam
3444 5276 3633 5329 habere
3661 5272 3866 5322 naturam-

2278 5357 2434 5410 Hanc
2464 5357 2617 5412 enim
2640 5359 2689 5429 ej
2699 5377 2764 5413 us
2781 5363 3072 5432 propriam
3097 5367 3404 5436 quamdam
3425 5370 3660 5418 naturam
3680 5359 3724 5410 et
3739 5359 3867 5406 suam,

2277 5445 2425 5498 Deus
2454 5445 2575 5516 ipse
2602 5446 2754 5515 fecit,
2788 5455 2850 5503 ut
2878 5451 3049 5520 ignis,
3081 5457 3146 5507 ut
3185 5455 3349 5523 aeris,
3381 5457 3444 5507 ut
3472 5465 3634 5521 aqute,
3662 5449 3710 5498 ut
3734 5447 3865 5493 terra,

2274 5548 2389 5603 quo
2420 5537 2626 5590 caetera
2649 5552 2718 5592 ex
2747 5535 2835 5592 his
2865 5540 3134 5596 omnibus
3163 5545 3638 5612 componerentur.
