4098 6182
231 296 363 348 1037

581 416 808 469 CAPUT
834 417 905 471 ll.
936 446 1007 456 —
1034 418 1238 472 Anima
1263 422 1443 487 qualis
1472 424 1562 475 sit.

290 508 342 558 3.
394 506 457 558 E.
512 504 750 557 Interim
789 504 1005 574 accipio
1038 507 1187 561 unde
1237 507 1309 561 sit
1351 508 1563 573 anima,
1613 511 1667 564 id
1715 516 1818 578 est,
1851 530 1920 567 ex

222 594 358 657 Deo,
394 608 523 663 quas
568 607 791 645 mecum
841 593 1037 647 sedulo
1084 596 1420 663 retractabo,
1474 602 1529 650 et
1572 598 1619 651 si
1657 600 1795 670 quid
1826 618 1918 657 me

221 680 485 747 moverit,
518 685 648 749 post
677 680 985 751 requiram.
1024 682 1179 737 Unde
1207 699 1423 753 quasso,
1458 687 1704 756 explices
1733 690 1918 758 qualis

216 768 311 822 sit.
336 770 407 822 A.
436 768 673 822 Videtur
701 769 845 822 mihi
873 786 993 823 esse
1024 771 1226 824 similis
1254 774 1389 826 Deo.
1419 774 1494 827 De
1518 775 1711 829 anima
1740 777 1914 843 enim,

215 856 327 910 nisi
356 857 541 923 fallor,
578 856 825 927 requiris
846 857 1118 913 humana.
1149 862 1215 913 E.
1249 860 1505 931 Idipsum
1538 868 1620 916 est
1640 865 1794 934 quod
1820 866 1918 919 abs

218 951 270 999 te
314 945 581 1016 explicari
619 946 843 1015 vellem,
876 948 1361 1017 quemadmodum
1394 950 1464 1003 sit
1493 950 1686 1005 anima
1717 951 1917 1006 similis

216 1036 334 1088 Deo
361 1050 374 1100 ;
407 1050 535 1087 cum
578 1036 757 1088 Deum
788 1052 820 1088 a
858 1037 1017 1089 nullo
1055 1036 1268 1091 factum
1290 1053 1409 1091 esse
1440 1039 1760 1109 credamus,
1792 1042 1912 1094 ani-

215 1140 371 1178 mam
401 1140 536 1177 vero
563 1124 631 1177 ab
652 1124 777 1194 ipso
798 1126 912 1178 Deo
944 1126 1149 1179 factam
1171 1142 1344 1195 supra
1361 1126 1589 1181 dixeris.
1620 1130 1691 1183 Α.
1722 1129 1868 1192 Quid
1887 1131 1917 1183 ?

212 1216 277 1263 tu
308 1211 541 1265 difﬁcile
567 1217 736 1280 putas
768 1214 882 1266 Deo
926 1212 1121 1281 fuisse,
1152 1218 1215 1266 ut
1244 1214 1459 1284 aliquid
1490 1216 1598 1269 sibi
1626 1216 1809 1270 simile
1839 1219 1917 1271 fa-

215 1309 389 1364 ceret,
417 1315 546 1352 cum
570 1301 678 1353 hoc
702 1299 763 1352 in
787 1303 944 1353 tanta
964 1301 1239 1354 varietate
1261 1302 1622 1372 imaginuum
1643 1305 1813 1358 etiam
1842 1305 1917 1357 vi-

213 1387 351 1441 deas
382 1387 545 1440 nobis
570 1403 694 1440 esse
723 1403 1053 1441 concessum
1072 1391 1100 1441 ‘I
1123 1391 1183 1442 E.
1211 1389 1320 1443 Sed
1348 1406 1452 1443 nos
1475 1390 1737 1445 videmur
1766 1408 1917 1446 mor-

210 1474 352 1527 talia
374 1476 587 1543 facere,
612 1476 761 1528 Deus
782 1480 973 1530 autem
995 1475 1379 1530 immortalem
1402 1478 1656 1531 animam
1676 1480 1829 1546 fecit,
1853 1485 1915 1534 ut

211 1563 430 1633 opinor,
471 1562 582 1616 nisi
611 1563 756 1617 forte
788 1563 892 1617 tibi
923 1564 1087 1617 aliter
1111 1564 1356 1619 videtur.
1389 1567 1459 1619 Α.
1495 1567 1637 1636 Ergo
1660 1572 1722 1621 tu
1741 1570 1913 1622 velles

213 1652 350 1705 talia
380 1652 506 1705 ﬁeri
551 1652 620 1705 ab
653 1652 1001 1719 hominibus,
1035 1653 1226 1722 qualia
1265 1654 1412 1707 Deus
1440 1654 1653 1709 fecit“?
1690 1659 1754 1709 Ε.
1790 1658 1913 1710 Non

210 1739 480 1809 equidem
530 1740 635 1793 hoc
666 1740 927 1794 dixerim.
976 1741 1087 1794 Sed
1121 1742 1609 1810 quemadmodum
1643 1743 1764 1812 ipse
1804 1744 1912 1797 im-

210 1828 471 1881 mortalis
519 1827 841 1881 immortale
872 1827 1144 1896 quiddam
1186 1828 1318 1882 fecit
1364 1830 1436 1883 ad
1476 1830 1911 1885 similitudinem

208 1932 373 1969 suam
399 1932 411 1982 ;
445 1916 527 1969 sic
553 1920 607 1969 et
634 1933 739 1970 nos
769 1916 1122 1971 immortales
1151 1934 1185 1970 a
1214 1918 1328 1970 Deo
1359 1918 1511 1983 facti,
1544 1919 1615 1973 ad
1646 1920 1911 1975 similitu-

210 2005 406 2058 dinem
427 2010 683 2058 nostram
706 2004 861 2075 quod
883 2005 1138 2070 facimus,
1162 2005 1487 2059 immortale
1516 2022 1635 2060 esse
1657 2007 1910 2063 deberet.

207 2104 283 2147 A.
316 2093 483 2146 Recte
516 2093 750 2156 diceres,
783 2093 830 2146 si
859 2095 930 2147 ad
966 2094 1087 2163 ejus
1113 2093 1428 2164 imaginem
1457 2094 1724 2166 pingeres
1750 2096 1912 2150 tabu-

209 2181 346 2246 lam,
382 2182 533 2251 quod
565 2182 625 2235 in
653 2187 709 2235 te
736 2181 1061 2236 immortale
1092 2199 1211 2236 esse
1242 2183 1465 2237 credis:
1494 2200 1649 2238 nunc
1686 2200 1820 2238 vero
1852 2185 1912 2237 in

211 2285 280 2323 ea
332 2271 606 2339 cxprimis
649 2271 1089 2325 similitudinem
1137 2272 1415 2341 corporis,
1471 2274 1622 2343 quod
1659 2274 1911 2344 profecto

210 2359 456 2411 mortale
488 2364 590 2412 est.
623 2362 686 2413 E.
730 2359 1030 2422 Quomodo
1062 2375 1197 2429 ergo
1228 2376 1355 2413 sum
1382 2360 1585 2414 similis
1616 2363 1752 2427 Deo,
1782 2377 1911 2415 cum

214 2446 561 2499 immortalia
589 2446 746 2499 nulla
774 2463 1002 2515 possum
1026 2447 1209 2501 facere
1241 2452 1305 2501 ut
1336 2448 1432 2502 ille
1453 2449 1480 2503 ?
1508 2450 1581 2502 A.
1609 2449 1909 2512 Quomodo

214 2550 320 2587 nec
352 2534 542 2604 imago
570 2535 825 2605 corporis
857 2535 941 2588 tui
976 2539 1161 2605 potest
1200 2536 1306 2589 hoc
1344 2537 1529 2590 valere
1560 2537 1715 2607 quod
1745 2541 1909 2591 tuum

209 2638 417 2691 corpus
454 2622 604 2676 valet
629 2639 642 2687 ;
686 2622 764 2675 sic
790 2622 983 2676 anima
1017 2640 1131 2677 non
1162 2624 1489 2678 mirandum
1519 2629 1603 2678 est
1632 2624 1678 2677 si
1707 2629 1909 2695 poten-

210 2710 355 2763 tiam
388 2714 603 2763 tantam
630 2726 743 2763 non
770 2710 963 2777 habet,
996 2715 1270 2781 quantam
1299 2710 1392 2764 ille
1422 2712 1493 2765 ad
1518 2712 1678 2782 cujus
1704 2712 1907 2766 simili-

206 2798 469 2851 tudinem
496 2798 645 2851 facta
676 2802 779 2851 est.
1006 2810 1016 2817 '

526 2886 750 2939 CAPUT
792 2887 888 2939 III.
924 2914 994 2925 —
1020 2887 1225 2939 Anima
1256 2890 1464 2954 quanta
1496 2889 1590 2941 sit.

276 2973 329 3024 4.
373 2975 437 3026 Ε.
492 2974 558 3025 Et
587 2974 695 3026 hoc
724 2973 952 3026 interim
983 2974 1118 3025 satis
1150 2978 1265 3027 est:
1300 2974 1388 3027 dic
1420 2990 1571 3028 nunc
1597 2978 1809 3044 quanta
1839 2975 1913 3028 sit

206 3060 423 3113 anima.
452 3061 522 3113 A.
549 3061 848 3124 Quomodo
880 3060 1090 3131 quaeris
1120 3065 1337 3130 quanta
1357 3060 1466 3115 sit?
1491 3063 1614 3115 Non
1642 3062 1796 3115 enim
1825 3062 1910 3115 in-

204 3147 408 3217 telligo
431 3154 628 3202 utrum
652 3150 773 3219 ejus
803 3149 963 3220 quasi
995 3149 1245 3219 spatium
1272 3149 1590 3203 latitudinis
1608 3151 1697 3204 vel
1728 3151 1910 3220 longi-

204 3236 444 3303 tudinis,
477 3238 565 3290 vel
594 3237 838 3304 roboris,
861 3238 949 3291 vel
978 3239 1185 3291 horum
1215 3237 1386 3292 simul
1424 3239 1683 3292 omnium
1713 3239 1907 3310 requi-

205 3341 332 3391 ras;
380 3341 453 3378 an
502 3330 780 3395 quantum
818 3327 1002 3379 valeat
1047 3342 1212 3379 nosse
1250 3326 1407 3380 velis.
1452 3327 1712 3381 Solemus
1753 3328 1908 3381 enim

210 3429 470 3484 quaerere
494 3418 742 3483 quantus
762 3414 936 3468 fuerit
965 3415 1252 3481 Hercules,
1274 3415 1331 3468 id
1359 3419 1461 3480 est,
1490 3416 1549 3468 in
1573 3420 1714 3485 quot
1734 3417 1908 3485 pedes

212 3506 431 3555 statura
458 3502 579 3572 ejus
606 3506 871 3572 porrecta
894 3503 1088 3557 fuerit.
1125 3504 1191 3556 Et
1215 3502 1353 3556 item
1383 3507 1632 3573 quantus
1669 3504 1755 3557 vir
1782 3504 1908 3557 fue-

208 3591 304 3655 rit,
334 3590 393 3643 id
414 3596 519 3659 est,
549 3595 778 3661 quanta:
805 3592 1080 3661 potentias
1110 3597 1280 3662 atque
1309 3592 1553 3647 virtutis.
1578 3595 1642 3646 E.
1677 3593 1907 3646 Utrum-

211 3694 328 3749 que
357 3679 425 3732 de
455 3678 646 3732 anima
666 3679 808 3733 scire
826 3680 1012 3750 cupio.
1046 3681 1116 3734 Α.
1150 3679 1324 3751 Atqui
1344 3679 1486 3733 illud
1507 3680 1768 3750 superius
1799 3680 1908 3734 dici

209 3784 329 3821 non
360 3771 565 3836 potest,
596 3784 700 3822 nec
728 3768 962 3822 omnino
991 3768 1238 3839 intelligi
1268 3769 1336 3822 de
1358 3767 1571 3822 anima.
1608 3770 1731 3823 Non
1754 3769 1907 3823 enim

206 3856 331 3910 ullo
360 3856 556 3922 modo,
581 3861 679 3910 aut
698 3856 890 3927 longa,
923 3860 1022 3911 aut
1048 3858 1184 3922 lata,
1215 3861 1313 3911 aut
1337 3856 1499 3929 quasi
1520 3858 1704 3912 valida
1729 3857 1909 3928 suspi-

206 3945 394 3999 canda
422 3949 507 3999 est
525 3945 717 4003 anima
742 3959 754 4001 2
779 3961 1055 4015 corporea
1074 3945 1181 3999 ista
1202 3950 1354 4012 sunt,
1387 3951 1453 4000 ut
1481 3946 1624 4000 mihi
1641 3946 1866 4000 videtur
1889 3963 1902 4012 ;

122 4040 128 4045 ‘
211 4038 269 4087 et
298 4033 367 4086 de
398 4034 811 4087 consuetudine
841 4050 1148 4103 corporum
1178 4034 1257 4088 sic
1284 4034 1536 4088 animam
1570 4035 1903 4104 quaerimus.

206 4122 461 4190 Ideoque
482 4122 625 4175 bene
654 4121 985 4193 praacipitur
1006 4121 1179 4175 etiam
1205 4122 1265 4175 in
1296 4121 1597 4189 mysteriis,
1626 4126 1689 4175 ut
1714 4121 1909 4175 omnia

206 4225 491 4279 corporea
520 4214 867 4277 contemnat,
893 4209 1275 4275 universaque
1294 4209 1429 4263 huic
1447 4209 1661 4263 mundo
1690 4225 1906 4263 renun-

208 4299 337 4363 tiet,
369 4298 489 4367 qui,
512 4302 577 4351 ut
602 4298 878 4367 videmus,
903 4314 1206 4368 corporeus
1236 4302 1341 4365 est,
1369 4296 1628 4367 quisquis
1657 4313 1715 4350 se
1736 4298 1908 4350 talem

215 4385 383 4440 reddi
415 4385 718 4453 desiderat,
756 4386 941 4456 qualis
969 4402 1001 4439 a
1031 4388 1144 4440 Deo
1176 4386 1354 4440 factus
1384 4390 1488 4452 est,
1522 4385 1583 4439 id
1612 4388 1714 4449 est,
1748 4384 1907 4438 simi-

207 4477 327 4529 lem
360 4476 513 4541 Deo;
545 4490 663 4527 non
700 4474 855 4528 enim
886 4473 997 4527 alia
1021 4474 1173 4528 salus
1218 4472 1423 4527 anima:
1462 4477 1564 4541 est,
1607 4476 1705 4526 aut
1741 4489 1908 4526 reno-

208 4562 388 4626 vatio,
417 4566 513 4616 aut
534 4562 917 4616 reconciliatio
938 4562 1154 4616 auctori
1174 4577 1294 4615 suo.
1321 4561 1701 4625 Quamobrem
1726 4577 1907 4631 quan-

208 4656 271 4705 ta
295 4652 368 4703 sit
390 4651 575 4704 anima
598 4651 911 4705 secundum
936 4650 1371 4721 inquisitionem
1391 4651 1538 4704 hanc
1557 4648 1660 4703 tibi
1679 4665 1911 4718 respon-

207 4740 349 4794 dere
380 4756 495 4793 non
523 4756 759 4809 possum
784 4759 799 4806 ;
830 4740 925 4793 sed
948 4755 1183 4809 possum
1215 4739 1519 4804 afﬁrmare,
1543 4754 1726 4808 neque
1751 4738 1911 4792 illam

206 4829 446 4897 longam
479 4844 619 4894 esse,
652 4843 756 4882 nec
787 4829 977 4893 latam,
1008 4843 1110 4880 nec
1138 4826 1448 4888 robustam,
1478 4841 1665 4896 neque
1695 4824 1912 4895 aliquid

211 4916 428 4971 horum
459 4932 588 4985 quae
631 4915 692 4969 in
722 4914 1008 4969 mensuris
1051 4930 1353 4985 corporum
1393 4913 1573 4984 quaeri
1601 4912 1811 4966 solent.
1850 4914 1916 4966 Et

211 5005 327 5060 hoc
360 5020 463 5058 cur
496 5004 839 5071 existimem,
888 5003 1174 5058 rationem
1202 5002 1308 5058 tibi
1335 5002 1590 5069 reddam,
1631 5001 1678 5053 si
1707 5001 1911 5069 placet.

1748 302 1963 360 LIBER
2004 302 2101 361 UN
2107 305 2207 362 US.

3593 326 3729 388 1038

2028 430 2093 482 Ε.
2150 430 2339 485 Placet
2385 449 2541 503 vero,
2602 451 2666 489 ac
2730 440 3100 497 vehementer
3145 453 3449 517 exspecto:
3505 453 3731 509 videtur

2029 517 2183 570 enim
2214 520 2358 573 mihi
2388 522 2554 591 quasi
2576 524 2719 578 nihil
2750 542 2868 580 esse
2901 530 3109 599 anima,
3134 534 3179 587 si
3210 537 3352 589 nihil
3385 543 3467 591 est
3496 540 3724 598 horum.

2026 605 2099 657 Α.
2136 606 2298 659 Prius
2347 624 2481 679 ergo
2511 610 2557 663 si
2595 612 2845 683 videtur,
2877 620 3171 674 ostendam
3210 623 3314 677 tibi
3346 629 3552 681 multas
3584 646 3723 698 esse,

2027 708 2117 746 res
2148 710 2288 764 quas
2333 712 2451 750 non
2494 699 2677 767 possis
2718 702 2905 756 dicere
2943 705 3085 759 nihil
3126 725 3265 775 esse,
3298 728 3401 766 nec
3434 719 3627 771 tamen
3666 719 3728 773 in

2028 780 2106 833 eis
2134 781 2392 838 invenire
2424 786 2616 857 aliqua
2638 788 2970 858 hujusmodi
3002 796 3203 863 spatia,
3238 800 3428 867 qualia
3450 803 3510 855 in
3536 805 3727 860 anima

2023 869 2313 938 requiris:
2347 877 2410 926 ut
2458 890 2577 927 non
2626 877 2811 931 solum
2859 895 2975 933 non
3008 882 3111 936 tibi
3151 900 3214 936 ex
3254 901 3320 939 eo
3361 889 3551 942 anima
3581 893 3726 947 nihil

2025 971 2145 1010 esse
2177 957 2453 1026 videatur,
2488 962 2643 1031 quod
2674 964 2733 1016 in
2766 982 2831 1018 ea
2873 983 2990 1021 non
3025 968 3246 1024 invenis
3281 973 3722 1047 longitudinem,

2025 1044 2137 1098 sive
2154 1046 2367 1117 aliquid
2384 1050 2495 1102 tale
2522 1065 2535 1116 ;
2569 1051 2668 1105 sed
2696 1069 2761 1106 eo
2784 1055 3088 1122 pretiosior
3114 1063 3168 1111 et
3192 1061 3370 1129 pluris
3393 1044 3726 1121 aestimanda

2026 1133 2113 1199 sit,
2149 1150 2262 1203 quo
2293 1135 2439 1189 nihil
2477 1138 2685 1192 horum
2715 1141 2903 1195 habet.
2949 1145 3161 1199 Deinde
3197 1154 3386 1202 utrum
3420 1168 3548 1206 vere
3580 1155 3726 1209 nihil

2022 1220 2230 1275 horum
2263 1224 2491 1293 habeat,
2523 1227 2859 1283 videbimus.
2894 1234 2957 1285 E.
2996 1234 3160 1288 Utere
3183 1253 3296 1306 quo
3328 1238 3411 1291 vis
3435 1241 3635 1295 ordine
3660 1260 3724 1298 ac

2023 1310 2212 1376 modo,
2244 1326 2348 1379 ego
2380 1312 2578 1366 audire
2605 1321 2660 1367 et
2687 1316 2901 1371 discere
2930 1326 3159 1389 paratus
3191 1340 3338 1379 sum.

2094 1395 2317 1451 CAPUT
2347 1400 2433 1452 IV.
2467 1429 2536 1440 -
2574 1402 2835 1458 Animam
2874 1409 3126 1464 nonnihil
3154 1426 3285 1479 esse,
3317 1417 3531 1469 tametsi
3559 1433 3652 1469 nec

2604 1491 2763 1559 longa
2790 1509 2883 1547 nec
2910 1496 3024 1547 lata
3047 1499 3132 1549 sit.

2093 1575 2144 1624 5.
2177 1573 2250 1625 Α.
2300 1573 2469 1629 Recte
2512 1576 2687 1631 facis:
2723 1580 2821 1633 sed
2860 1582 2989 1634 volo
3020 1582 3400 1654 interroganti
3440 1586 3582 1641 mihi
3628 1605 3722 1642 re-

2022 1659 2328 1728 spondeas:
2380 1662 2616 1717 fortasse
2663 1667 2817 1719 enim
2873 1684 2939 1721 ea
2988 1686 3115 1740 qua:
3167 1676 3221 1725 te
3280 1673 3484 1727 docere
3525 1692 3719 1744 conor,

2020 1746 2141 1816 ipse
2163 1748 2283 1816 jam
2315 1751 2497 1805 nosti:
2532 1754 2698 1806 credo
2733 1754 2888 1808 enim
2930 1772 3047 1809 non
3078 1762 3132 1809 te
3164 1757 3423 1813 dubitare
3454 1762 3597 1815 hanc
3627 1781 3719 1816 ar-

2020 1833 2218 1888 borem
2248 1852 2365 1890 non
2407 1855 2527 1891 esse
2559 1840 2795 1895 omnino
2826 1842 2988 1895 nihil.
3037 1846 3099 1897 E.
3148 1844 3283 1907 Quis
3331 1846 3722 1904 dubitaverit?

2020 1923 2087 1975 Λ.
2114 1923 2262 1985 Quid
2287 1922 2428 1979 illud
2449 1927 2478 1979 ‘?
2508 1942 2647 1979 num
2679 1928 2899 1981 dubitas
2927 1930 3211 1999 justitiam
3254 1936 3436 1988 multo
3467 1953 3585 1990 esse
3616 1938 3722 1993 hac

2021 2010 2223 2064 arbore
2272 2012 2615 2068 meliorem?
2656 2019 2722 2070 E.
2767 2017 3092 2071 Ridiculum
3138 2020 3289 2074 istud
3333 2022 3567 2091 quidem
3614 2030 3719 2092 est,

2021 2099 2185 2169 quasi
2210 2116 2346 2154 vero
2378 2102 2495 2155 ulla
2528 2103 2600 2156 sit
2629 2106 3006 2175 comparatio.
3034 2106 3108 2159 A.
3140 2108 3476 2165 Liberaliter
3495 2128 3721 2167 mecum

2020 2187 2180 2257 agis;
2213 2188 2311 2242 sed
2350 2189 2487 2244 illud
2531 2207 2683 2245 nunc
2722 2193 2988 2247 attende:
3024 2210 3154 2247 cum
3197 2201 3414 2251 constet
3456 2199 3536 2253 ita
3574 2201 3721 2254 hanc

2021 2276 2284 2330 arborem
2303 2292 2423 2330 esse
2446 2278 2791 2333 deteriorem
2813 2296 2987 2349 quam
3010 2286 3096 2335 est
3103 2283 3342 2352 justitia,
3366 2290 3430 2338 ut
3451 2302 3556 2340 nec
3572 2304 3722 2341 com-

2018 2365 2273 2433 paranda
2292 2364 2526 2435 quidem
2547 2367 2655 2421 tibi
2677 2367 2955 2436 videatur,
2991 2373 3046 2422 et
3076 2370 3183 2424 hoc
3213 2371 3437 2441 lignum
3465 2390 3580 2428 non
3601 2392 3721 2429 esse

2021 2451 2162 2505 nihil
2207 2454 2494 2507 confessus
2525 2455 2634 2522 sis;
2666 2456 2924 2524 plaeetne
2970 2457 3075 2512 tibi
3125 2463 3189 2513 ut
3216 2460 3401 2530 ipsam
3433 2462 3721 2531 justitiam

2020 2540 2165 2593 nihil
2195 2557 2316 2594 esse
2346 2542 2642 2596 credamus
2662 2542 2689 2595 ?
2712 2547 2776 2598 E.
2806 2544 2939 2607 Quis
2968 2544 3077 2599 hoc
3108 2546 3343 2601 demens
3372 2550 3721 2606 crediderit?

2019 2630 2090 2682 Α.
2135 2629 2302 2683 Recte
2333 2629 2567 2684 omnino
2594 2647 2608 2684 :
2640 2631 2738 2684 sed
2786 2631 3022 2687 fortasse
3059 2635 3231 2688 arbor
3267 2635 3390 2689 hinc
3417 2642 3721 2707 propterea

2018 2716 2124 2769 tibi
2145 2716 2368 2770 videtur
2389 2732 2509 2771 esse
2527 2717 2764 2787 aliquid,
2789 2719 2943 2788 quod
2969 2720 3143 2788 longa
3164 2732 3248 2774 est
3268 2737 3374 2790 pro
3395 2738 3498 2775 suo
3521 2724 3713 2787 modo,

2019 2808 2073 2857 et
2102 2806 2236 2865 lata,
2282 2808 2339 2857 et
2381 2804 2654 2874 robusta;
2688 2821 2815 2875 qum
2860 2805 2907 2858 si
2940 2806 3276 2874 detraxeris,
3309 2809 3453 2862 nihil
3482 2810 3609 2864 erit.
3644 2814 3708 2865 E.

2019 2893 2100 2945 Ita
2132 2892 2373 2946 videtur.
2406 2893 2479 2947 Α.
2520 2892 2664 2956 Quid
2710 2896 2887 2963 ergo?
2925 2893 3169 2963 justitia,
3204 2912 3374 2966 quam
3419 2912 3535 2950 non
3573 2897 3717 2951 nihil

2018 2996 2139 3034 esse
2178 2979 2468 3033 confessus
2517 2997 2593 3047 es,
2648 2981 2764 3035 imo
2808 2981 3079 3051 quiddam
3112 2982 3283 3054 longe
3324 2985 3570 3040 divinius
3612 2988 3718 3041 hac

1971 3094 1993 3115 ο
2018 3068 2302 3139 longeque
2321 3070 2708 3137 praestantius,
2729 3070 2950 3123 videtur
2962 3071 3065 3125 tibi
3083 3071 3252 3141 longa
3273 3088 3393 3126 esse
3412 3074 3441 3127 ?
3462 3076 3526 3128 E.
3547 3075 3716 3129 Nullo

2016 3157 2187 3209 modo
2216 3155 2359 3209 mihi
2396 3156 2620 3225 justitia
2649 3164 2743 3212 aut
2780 3158 2972 3227 longa,
3020 3163 3116 3211 aut
3144 3159 3282 3228 lata,
3333 3164 3434 3214 aut
3464 3161 3575 3214 tale
3605 3162 3716 3215 ali-

2018 3242 2152 3313 quid
2184 3242 2455 3312 cogitanti
2486 3248 2673 3313 potest
2702 3260 3017 3299 occurrere.
3050 3247 3115 3300 A.
3150 3246 3207 3300 Si
3237 3246 3418 3317 igitur
3448 3247 3589 3301 nihil
3616 3249 3719 3303 ho-

2015 3346 2146 3384 rum
2167 3334 2250 3384 est
2273 3331 2513 3403 justitia,
2540 3336 2594 3386 et
2621 3337 2816 3386 tamen
2846 3333 2967 3403 ipsa
2999 3334 3137 3387 nihil
3168 3350 3289 3388 non
3318 3340 3440 3402 est;
3476 3352 3579 3389 cur
3607 3337 3713 3390 tibi

2018 3419 2209 3473 anima
2233 3419 2377 3473 nihil
2408 3420 2652 3483 videtur,
2678 3421 2788 3474 nisi
2817 3422 2939 3491 ejus
2960 3422 3153 3491 aliqua
3173 3423 3472 3491 longitudo
3502 3424 3622 3477 sit?
3642 3427 3707 3478 E.

2015 3510 2164 3577 Age;
2210 3508 2332 3577 jam
2363 3524 2480 3561 non
2516 3509 2661 3562 mihi
2684 3509 2913 3562 videtur
2954 3526 3021 3563 ex
3067 3527 3133 3563 eo
3172 3509 3315 3563 nihil
3347 3527 3465 3564 esse
3496 3511 3711 3578 anima,

2017 3596 2168 3665 quod
2197 3612 2301 3649 nec
2332 3596 2523 3665 longa,
2556 3612 2661 3650 nec
2699 3597 2830 3658 lata,
2864 3612 2969 3651 nec
2998 3596 3235 3650 robusta
3263 3597 3354 3663 sit,
3388 3598 3488 3651 sed
3515 3603 3713 3652 utrum

2015 3698 2146 3736 vere
2173 3682 2254 3736 ita
2279 3681 2371 3748 sit,
2404 3682 2661 3735 nondum
2692 3685 2799 3735 ate
2830 3682 3045 3735 dictum
3074 3698 3194 3735 esse
3223 3682 3349 3738 scis.
3386 3683 3533 3737 Fieri
3557 3684 3713 3737 enim

2014 3774 2222 3839 potest,
2253 3775 2319 3823 ut
2344 3770 2525 3823 multa
2554 3769 2667 3823 sint
2701 3769 2897 3839 magni
2926 3768 3279 3835 aestimanda,
3314 3786 3443 3840 quae
3472 3771 3595 3825 istis
3621 3787 3715 3825 ca-

2017 3862 2211 3923 reant;
2245 3857 2344 3911 sed
2381 3873 2496 3911 non
2527 3856 2798 3911 continuo
2829 3873 2897 3912 ex
2927 3858 3037 3911 hoc
3064 3874 3276 3927 genere
3306 3858 3560 3914 animam
3591 3876 3711 3915 esse

2016 3944 2366 3999 credendum
2396 3949 2557 4016 puto.

2087 4037 2138 4088 6.
2174 4034 2245 4087 Α.
2292 4033 2416 4087 Scio
2456 4033 2608 4087 istud
2645 4032 2813 4087 nobis
2854 4034 3219 4088 enodandum
3247 4038 3479 4103 restare,
3512 4041 3568 4091 et
3608 4038 3713 4092 hoc

2016 4138 2108 4176 me
2146 4122 2413 4191 deinceps
2453 4121 2868 4192 explicaturum
2893 4122 3312 4191 promiseram:
3347 4140 3544 4177 verum
3575 4125 3709 4194 quia

2014 4227 2107 4264 res
2149 4209 2521 4264 subtilissima
2577 4214 2683 4275 est,
2743 4214 2800 4262 et
2852 4210 3023 4280 longe
3071 4210 3211 4263 alios
3261 4210 3471 4263 mentis
3518 4213 3712 4265 oculos

2016 4298 2244 4369 quaerit,
2270 4313 2445 4368 quam
2462 4297 2716 4351 humana
2738 4299 3083 4352 consuetudo
3112 4298 3173 4351 in
3204 4297 3550 4368 quotidianae
3580 4298 3710 4353 vita:

2017 4386 2236 4441 actibus
2266 4384 2478 4438 habere
2510 4385 2673 4438 solita
2701 4390 2816 4453 est;
2847 4385 3129 4440 admoneo
3158 4389 3234 4450 te,
3266 4389 3331 4438 ut
3358 4401 3461 4453 per
3490 4402 3576 4452 ea,
3606 4402 3711 4455 per

2018 4492 2145 4549 qum
2174 4479 2229 4529 te
2261 4474 2582 4528 ducendum
2615 4474 2899 4542 existimo,
2926 4475 3110 4528 libens
3139 4489 3361 4543 pergas,
3388 4489 3494 4527 nec
3516 4479 3710 4529 nostro

2018 4562 2267 4634 quodam
2306 4562 2624 4616 necessario
2654 4562 2895 4617 circuitu
2938 4562 3299 4631 defatigatus,
3334 4578 3485 4631 aegre
3515 4563 3713 4617 tuleris

2016 4649 2325 4720 aliquando
2352 4653 2406 4703 te
2435 4649 2654 4703 tardius
2677 4650 2746 4704 ad
2770 4650 2827 4703 id
2860 4649 3011 4719 quod
3036 4648 3198 4718 cupis
3218 4650 3534 4718 pervenire.
3568 4651 3711 4705 Nam

2018 4738 2177 4808 prius
2215 4737 2311 4790 abs
2348 4741 2402 4790 te
2446 4753 2664 4807 quaero,
2695 4741 2891 4790 utrum
2922 4752 3124 4806 corpus
3158 4736 3337 4790 ullum
3368 4742 3532 4808 putes
3567 4755 3710 4807 esse,

2019 4826 2175 4897 quod
2203 4842 2322 4880 non
2348 4841 2451 4895 pro
2504 4825 2674 4878 modo
2710 4840 2812 4878 suo
2857 4824 3065 4878 habeat
3107 4824 3355 4895 aliquam
3392 4826 3713 4897 longitudi—

2018 4928 2171 4978 nem,
2206 4918 2261 4966 et
2306 4913 2683 4979 latitudinem,
2729 4916 2784 4966 et
2814 4911 3176 4967 altitudinem
3196 4914 3225 4967 ?
3254 4917 3321 4968 E.
3354 4914 3535 4978 Quam
3562 4915 3714 4969 dicas

2019 4999 2402 5066 altitudinem,
2432 5015 2550 5053 non
2574 4998 2853 5069 intelligo.
2878 5000 2950 5054 Α.
2986 5000 3148 5054 Illam
3179 5000 3304 5055 dico
3335 5018 3447 5073 qua
3472 5001 3717 5057 efﬁcitur

1524 5102 1626 5137 AD!
1635 5100 1805 5136 ONITIO
1837 5100 1912 5135 PP.
1944 5100 2397 5137 BENEDICTINOBUM.

279 5172 413 5219 Huic
430 5171 763 5220 emendando
788 5171 921 5220 libro
943 5170 1162 5219 adhibiti
1184 5173 1309 5218 sunt
1327 5170 1449 5218 Mss.
1475 5167 1749 5216 Sorbonici
1770 5166 1894 5223 duo,
1916 5167 2170 5215 Victorini
2192 5170 2317 5226 tres,
2340 5165 2552 5228 Regius,
2571 5165 2946 5224 Cisterciensis,
2968 5168 3331 5228 Floriacensis,
3351 5167 3717 5221 Michaelinus,

212 5233 585 5294 Remigiensis,
610 5234 958 5286 Corbeiensis.
982 5232 1404 5291 Vindocinensis,
1427 5228 1819 5294 Ebrulphensis,
1842 5228 2148 5294 sergieqsis,
2167 5229 2468 5294 Vaticanus,
2490 5232 2543 5277 et
2569 5229 2904 5292 Vedastinus,
2924 5234 3113 5293 praeter
3132 5230 3383 5280 lectiones
3404 5244 3467 5279 ex
3491 5234 3718 5292 quatuor

210 5287 444 5357 Belgicis
466 5287 799 5358 depromptae
825 5309 916 5358 per
946 5294 1324 5354 Lovanienses;
1356 5287 1565 5341 necnon
1593 5287 1853 5339 editiones
1886 5287 2009 5339 Ba'd.
2036 5287 2123 5338 Er.
2154 5294 2205 5338 et
2234 5291 2359 5338 Lov.

313 5376 871 5462 Comparavz’mus
907 5386 1233 5464 praeterea
1280 5395 1391 5438 eas
1429 5393 1651 5439 omnes
1693 5370 2003 5437 editiones
2049 5369 2236 5436 initio
2290 5371 2866 5438 Betractationum
2915 5378 2982 5439 et
3025 5372 3544 5438 Confessionum
3586 5389 3716 5433 me-

218 5476 541 5528 moratas.
1302 5464 1387 5527 M.

281 5553 297 5584 ι
324 5550 472 5601 Facit
493 5551 648 5613 juxta
676 5551 807 5602 Ven.
830 5552 946 5601 Par.
1013 5551 1080 5599 Μ.
