4098 6182
502 317 635 372 1039

494 443 560 493 ut
585 437 859 492 interiora
879 434 1132 506 corporis
1159 433 1500 504 cogitentur,
1521 437 1620 487 aut
1649 433 1820 487 etiam
1843 432 2184 499 sentiantur,

495 527 542 579 si
571 527 826 595 perlucet
855 529 918 578 ut
961 524 1208 589 vitrum;
1238 538 1568 593 quanquam
1600 521 1647 574 si
1688 521 1795 575 hoc
1833 522 2028 576 demas
2056 537 2186 576 cor-

496 614 731 684 poribus
770 610 812 678 ¹,
859 617 1136 680 quantum
1186 626 1314 664 mea
1361 610 1556 680 opinio
1596 613 1703 678 est,
1747 625 1932 680 neque
1989 608 2190 663 sentiri

497 705 757 771 possunt,
783 715 969 769 neque
993 697 1226 752 omnino
1247 713 1492 766 corpora
1519 713 1638 750 esse
1668 702 1820 752 recte
1850 696 2183 751 existimari.

500 789 640 841 Hinc
667 786 809 840 mihi
855 786 979 839 volo
1022 783 1243 854 aperias
1286 783 1426 854 quid
1468 788 1530 838 tu
1577 785 1803 838 sentias.
1853 787 1915 839 E.
1951 786 2187 838 Prorsus

497 891 611 930 non
660 874 857 928 dubito
898 888 1140 942 corpora
1172 872 1365 926 omnia
1395 872 1484 925 his
1519 887 1711 926 carere
1749 888 1865 926 non
1891 887 2076 942 posse.
2112 872 2184 926 A.

496 962 642 1026 Quid
677 961 816 1015 illud
838 962 868 1014 ?
912 965 1071 1030 potes
1100 960 1350 1030 cogitare
1381 959 1487 1014 ista
1525 959 1634 1014 tria
1665 975 1779 1014 non
1810 977 1932 1014 esse
1975 960 2086 1014 nisi
2128 959 2188 1013 in

496 1050 832 1120 corporibus
851 1050 880 1102 ?
911 1052 973 1103 E.
1002 1050 1126 1103 Non
1155 1048 1414 1118 intelligo
1437 1049 1724 1118 quomodo
1755 1048 1890 1102 alibi
1921 1065 2039 1102 esse
2063 1064 2190 1118 pos-

495 1138 628 1192 sint.
669 1139 741 1192 A.
793 1139 937 1208 Ergo
983 1137 1234 1190 animam
1269 1152 1383 1190 non
1428 1142 1597 1206 putas
1643 1153 1763 1190 esse
1812 1137 1966 1191 aliud
2014 1151 2188 1207 quam

496 1227 748 1296 corpus?
779 1228 845 1280 E.
879 1225 935 1279 Si
965 1225 1138 1278 etiam
1167 1229 1402 1278 ventum
1431 1241 1640 1294 corpus
1670 1241 1790 1278 esse
1819 1225 2186 1292 conﬁtemur,

498 1330 706 1384 negare
736 1329 852 1366 non
877 1329 1107 1382 possum
1137 1328 1342 1381 corpus
1367 1312 1510 1366 mihi
1540 1313 1793 1366 animam
1819 1313 2025 1366 videri:
2056 1329 2188 1366 nam

495 1403 607 1455 tale
643 1401 856 1471 aliquid
886 1417 1012 1454 eam
1042 1416 1160 1453 esse
1199 1399 1408 1470 cogito.
1448 1402 1518 1454 A.
1553 1402 1766 1470 Corpus
1795 1401 2027 1471 quidem
2053 1417 2188 1454 ven-

495 1494 620 1543 tum
645 1504 765 1542 esse
794 1493 911 1541 tam
942 1488 1215 1553 concedo,
1249 1504 1423 1558 quam
1452 1488 1498 1540 si
1524 1505 1616 1542 me
1647 1490 1714 1542 de
1738 1489 1916 1542 ﬂuctu
1945 1488 2188 1542 interro-

496 1592 678 1647 gares.
704 1576 845 1629 Nam
868 1575 1010 1628 nihil
1039 1575 1194 1630 aliud
1224 1591 1396 1645 quam
1420 1576 1592 1629 istum
1621 1592 1810 1629 aerem
1840 1580 2190 1630 commotum

495 1680 560 1716 ac
599 1663 878 1733 agitatum
928 1667 1161 1716 ventum
1215 1680 1336 1717 esse
1388 1664 1704 1731 sentimus;
1755 1665 1906 1734 quod
1959 1664 2018 1717 in
2063 1665 2188 1717 loco

495 1750 987 1820 tranquillissimo,
1021 1756 1078 1804 et
1107 1751 1176 1804 ab
1207 1750 1475 1805 omnibus
1503 1751 1680 1805 ventis
1710 1751 2067 1822 quietissimo
2101 1751 2185 1804 vel

492 1838 651 1892 brevi
694 1837 918 1891 ﬂabello
969 1837 1271 1906 approbari
1316 1841 1522 1908 potest,
1575 1855 1688 1908 quo
1742 1838 1915 1892 etiam
1965 1854 2188 1892 muscas

491 1927 786 1997 abigentes
831 1939 1024 1978 aerem
1061 1939 1504 1988 commovemus,
1544 1925 1858 1996 ﬂetumque
1888 1926 2185 1980 sentimus.

493 2013 654 2078 Quod
695 2028 825 2066 cum
870 2012 1123 2066 evenerit
1161 2012 1466 2066 occultiore
1509 2013 1758 2083 quodam
1814 2018 1978 2067 motu
2023 2015 2187 2068 coele-

493 2101 667 2155 stium
686 2101 774 2155 vel
796 2103 1158 2154 terrenorum
1181 2115 1488 2170 corporum
1509 2116 1613 2170 per
1643 2117 1918 2171 magnum
1939 2101 2188 2172 spatium

491 2188 710 2255 mundi,
744 2191 948 2242 ventus
988 2192 1247 2253 vocatur,
1281 2204 1350 2242 ex
1379 2188 1614 2242 diversis
1643 2189 1901 2259 partibus
1930 2189 2056 2244 costi
2088 2207 2190 2244 no-

491 2278 649 2332 mina
677 2276 850 2330 etiam
897 2276 1121 2330 diversa
1163 2275 1416 2330 sortitus.
1449 2278 1538 2330 An
1564 2276 1668 2331 tibi
1707 2277 1873 2331 aliter
1917 2277 2191 2332 videtur?

490 2368 557 2420 E.
590 2363 725 2419 Mihi
766 2379 900 2418 vero
948 2363 1117 2430 nihil,
1161 2368 1217 2417 et
1258 2364 1554 2434 probabile
1603 2379 1722 2419 esse
1765 2365 1981 2436 accipio
2033 2367 2187 2437 quod

491 2453 666 2508 dicis:
700 2452 799 2506 sed
843 2467 948 2522 ego
993 2452 1244 2505 animam
1286 2469 1400 2506 non
1429 2452 1622 2522 ipsum
1651 2459 1903 2517 ventum,
1936 2454 2033 2508 sed
2076 2454 2188 2508 tale

492 2540 708 2612 aliquid
753 2555 874 2593 esse
919 2539 1055 2594 dixi.
1097 2541 1167 2594 Α.
1217 2539 1315 2593 Dic
1357 2540 1501 2594 mihi
1550 2540 1730 2610 prius,
1766 2545 1962 2594 utrum
1995 2541 2186 2610 ipsum

491 2634 724 2684 ventum
753 2631 914 2700 cujus
939 2629 1295 2682 mentionem
1325 2628 1526 2694 fecisti,
1548 2629 1760 2682 habere
1791 2629 2045 2699 aliquam
2067 2630 2189 2684 lon-

492 2718 833 2790 gitudinem,
862 2716 1223 2770 latitudinem
1244 2721 1302 2770 et
1323 2716 1689 2771 altitudinem
1711 2717 1940 2771 sentias.
1973 2719 2187 2773 Deinde

492 2805 814 2860 videbimus
840 2809 1034 2858 utrum
1060 2805 1171 2858 tale
1201 2804 1421 2874 aliquid
1449 2805 1643 2858 anima
1671 2805 1763 2871 sit,
1794 2810 1859 2859 ut
1882 2805 1988 2860 hoc
2012 2807 2185 2861 modo

491 2893 666 2948 etiam
698 2897 908 2964 quanta
952 2892 1043 2955 sit,
1089 2892 1434 2963 investigare
1462 2893 1762 2963 possimus.
1799 2896 1865 2948 E.
1904 2893 2050 2958 Quid
2081 2895 2188 2949 hoc

493 2998 620 3036 aere
651 2981 896 3051 longius,
929 2985 986 3035 et
1017 2980 1209 3043 latius,
1236 2985 1292 3034 et
1321 2981 1490 3034 altius
1511 2981 1674 3035 facile
1703 2981 1947 3036 inveniri
1979 2987 2185 3052 potest,

492 3086 665 3140 quem
694 3073 1046 3123 commotum
1075 3073 1306 3123 ventum
1327 3085 1448 3124 esse
1477 3085 1632 3124 nunc
1663 3069 1764 3124 abs
1789 3075 1844 3124 te
1875 3070 2020 3124 mihi
2050 3087 2218 3141 per-.

492 3172 726 3210 suasum
758 3156 889 3210 est?

827 3243 1053 3297 CAPUT
1083 3243 1144 3297 ν.
1171 3273 1240 3283 -
1266 3243 1498 3312 Inﬁnita
1526 3245 1720 3298 anima
1741 3247 1845 3299 vis.

559 3337 612 3386 7.
647 3332 720 3387 Α.
753 3332 924 3386 Recte
948 3329 1111 3386 dicis:
1164 3331 1261 3386 sed
1291 3332 1706 3403 numquidnam
1745 3332 1997 3387 animam
2025 3336 2186 3388 tuam

489 3424 654 3492 putas
682 3435 803 3474 esse
832 3418 941 3472 nisi
960 3417 1022 3472 in
1051 3435 1289 3488 corpore
1319 3421 1458 3473 tuo?
1486 3423 1551 3474 E.
1580 3421 1661 3473 Ita
1689 3423 1849 3489 puto.
1883 3421 1955 3476 A.
1981 3422 2186 3476 Intrin-

487 3525 645 3563 secus
690 3511 934 3574 tantum,
967 3511 1029 3561 ut
1070 3512 1345 3577 tanquam
1389 3512 1574 3561 utrem
1608 3507 1914 3578 impleat”:
1947 3525 2022 3563 an
2050 3515 2180 3564 tan-

487 3603 611 3651 tum
640 3597 972 3663 forinsecus,
1005 3595 1159 3649 velut
1200 3594 1532 3660 tectorium;
1563 3611 1638 3649 an
1669 3601 1724 3649 et
1751 3595 2096 3652 intrinsecus
2127 3603 2184 3653 et

489 3685 836 3740 extrinsecus
863 3701 989 3738 eam
1020 3699 1139 3738 esse
1187 3683 1524 3738 arbitraris?
1566 3686 1632 3738 E.
1669 3685 1781 3738 Hoc
1813 3687 1996 3739 sentio
2029 3688 2184 3757 quod

489 3774 758 3828 ultimum
789 3770 1099 3842 requisisti.
1142 3771 1284 3824 Nam
1313 3771 1423 3824 nisi
1463 3776 1610 3824 esset
1641 3772 2002 3842 intrinsecus,
2038 3775 2181 3829 nihil

492 3861 550 3914 in
576 3859 884 3913 visceribus
920 3857 1130 3912 nostris
1175 3857 1342 3911 vitale
1389 3858 1731 3926 haberetur;
1764 3861 1874 3914 nisi
1913 3867 2060 3916 esset
2088 3878 2180 3916 ex-

489 3947 789 4012 trinsecus,
822 3961 940 3999 non
979 3945 1153 3998 etiam
1196 3944 1256 3997 in
1303 3949 1429 3998 cute
1475 3945 1676 4000 leviter
1718 3949 1894 4017 possit
1921 3953 1942 3984 ³
1972 3951 2180 4004 sentire

486 4039 858 4108 pungentem.
887 4036 963 4087 .4.
995 4031 1144 4096 Quid
1172 4047 1308 4102 ergo
1348 4032 1594 4103 amplius
1622 4035 1830 4106 qumris
1861 4042 2074 4108 quanta
2111 4039 2183 4093 sit

486 4125 696 4191 anima,
729 4139 859 4178 cum
903 4122 1090 4176 videas
1120 4137 1238 4174 esse
1267 4125 1482 4176 tantam
1513 4128 1790 4192 quantam
1832 4125 1956 4196 ipsa
1999 4128 2181 4197 spatia

489 4212 744 4284 corporis
785 4210 1131 4282 patiuntur?
1157 4212 1224 4264 E.
1257 4209 1314 4263 Si
1356 4209 1465 4263 hoc
1493 4210 1637 4264 ratio
1669 4211 1851 4278 docet,
1884 4213 2027 4268 nihil
2057 4231 2179 4270 am-

487 4303 638 4374 plius
681 4298 933 4371 requiro.
975 4299 1048 4353 A.
1095 4299 1266 4352 Recte
1294 4297 1430 4351 facis
1472 4297 1618 4353 nihil
1647 4315 1904 4370 quaerere
1933 4304 2180 4373 amplius

487 4407 660 4462 quam
705 4389 869 4443 docet
894 4386 1061 4441 ratio.
1107 4385 1216 4440 Sed
1260 4385 1379 4440 haac
1421 4387 1567 4440 ratio
1615 4388 1909 4443 videturne
1945 4391 2051 4445 tibi
2082 4393 2178 4445 ﬁr-

485 4477 788 4533 missima?
807 4479 872 4531 E.
900 4474 1139 4540 Quando
1172 4474 1341 4528 aliam
1372 4491 1488 4528 non
1511 4475 1761 4543 invenio,
1795 4478 2031 4533 videtur.
2065 4480 2177 4535 Suo

487 4567 641 4620 enim
671 4566 790 4618 loco
829 4579 1106 4634 quaeram,
1140 4561 1293 4632 quod
1327 4577 1416 4615 me
1455 4563 1700 4616 multum
1730 4569 1938 4632 movet,
1982 4571 2174 4622 utrum

486 4652 607 4704 Ιιωα
649 4652 834 4721 ﬁgura
863 4650 1061 4704 eadem
1108 4653 1338 4703 maneat
1381 4664 1510 4702 cum
1554 4666 1789 4720 corpore
1833 4653 2173 4706 excesserit:

484 4753 619 4793 nam
649 4738 756 4791 hoc
792 4737 939 4791 inter
969 4737 1323 4791 discutienda
1350 4737 1618 4792 ultimum
1647 4754 1739 4792 me
1771 4740 2023 4808 posuisse
2056 4756 2172 4795 me-

485 4825 648 4880 mini.
681 4824 788 4879 Sed
835 4825 1106 4895 quoniam
1154 4826 1222 4879 de
1253 4841 1493 4880 numero
1537 4826 1861 4882 animarum
1891 4845 2168 4899 quaarere,

483 4914 554 4968 ad
577 4913 953 4984 quantitatem
993 4913 1134 4967 mihi
1165 4913 1386 4968 videtur
1422 4915 1734 4984 pertinere,
1768 4933 1882 4970 non
1913 4933 2034 4971 esse
2065 4918 2172 4971 hoc

480 5004 604 5058 loco
633 5001 1094 5072 praetereundum
1125 5002 1403 5058 existimo.
1431 5005 1500 5058 A.
1545 5005 1669 5058 Non
1698 5004 2014 5076 incongrue
2045 5006 2168 5060 exi-

480 5091 696 5158 stimas,
728 5090 823 5144 sed
862 5089 1020 5160 prius
1051 5089 1120 5144 de
1158 5091 1342 5161 spatio
1368 5093 1490 5163 ejus
1521 5094 1674 5164 quod
1706 5110 1798 5148 me
1829 5095 2015 5149 adhuc
2044 5111 2172 5150 mo-

477 5185 586 5249 vet,
619 5179 988 5251 explicemus,
1030 5177 1076 5231 si
1121 5180 1328 5250 placet,
1368 5186 1431 5236 ut
1475 5181 1647 5237 etiam
1685 5199 1792 5254 ego
1837 5183 2050 5255 aliquid
2081 5183 2166 5237 di-

539 5351 745 5414 tJuxta
772 5351 920 5409 Lov.,
955 5360 1121 5412 quam
1148 5350 1192 5398 si
1219 5349 1399 5400 demas
1417 5351 1754 5414 corporibus.
1822 5354 1889 5402 Μ.

529 5413 551 5448 ²
570 5411 722 5472 Edd.,
746 5415 808 5463 ut
831 5411 1106 5475 tamquam
1131 5424 1270 5474 aqua
1296 5417 1469 5463 utrem
1486 5411 1716 5477 iinpleat.
1734 5416 1800 5466 At
1823 5430 1853 5465 a
1872 5416 1994 5465 Mss.
2021 5416 2166 5466 abest

473 5486 776 5590 “ﬁniam.
797 5537 951 5599 juxta
978 5535 1060 5584 Er.
1096 5535 1225 5586 Ven.
1261 5535 1382 5584 Lov.
1450 5537 1516 5584 M.

1552 313 1647 367 DE
1683 310 2142 378 QUANTITATE
2183 307 2454 374 ANIMIE,
2498 307 2550 364 S.
2594 306 2982 364 AUGUSTINI

3812 319 3824 368 t
3834 317 3906 369 0&0

2299 446 2473 496 scam,
2518 430 2565 483 si
2612 429 2717 482 tibi
2753 430 2872 499 jam
2916 427 3264 483 satisfactum
3303 433 3410 483 est.
3440 433 3502 485 E.
3535 431 3715 494 Quaere
3747 439 3800 487 ut
3822 436 3908 502 vis;

2300 534 2433 572 nam
2467 522 2565 572 tua
2593 517 2702 571 ista
2729 517 2996 571 simulata
3026 517 3330 582 dubitatio,
3363 518 3610 572 dubitare
3635 537 3716 574 me
3741 521 3909 574 verissi-

2298 623 2391 662 me
2421 607 2556 661 facit
2604 607 2674 661 de
2717 607 2826 660 hoc
2855 607 2980 677 ipso
3020 605 3174 677 quod
3197 606 3322 676 jam
3350 612 3632 677 peractum
3672 624 3775 662 esse
3805 625 3909 678 pne-

2301 709 2682 766 sumpseram.

2369 785 2421 836 8.
2448 783 2522 836 A.
2555 783 2653 836 Dic
2674 781 2836 847 mihi,
2866 797 3060 852 quaeso
3090 784 3167 847 te,
3202 785 3395 836 utrum
3421 798 3485 836 ea
3513 798 3635 853 qum
3662 785 3910 854 appellatur

2298 870 2599 937 memoria,
2627 887 2743 924 non
2773 869 2879 924 tibi
2905 886 3116 924 nomen
3147 871 3318 925 inane
3348 871 3618 925 videatur.
3644 874 3704 930 E.
3734 872 3816 925 Cui
3838 873 3909 925 hoc

2298 959 2478 1014 videri
2502 961 2733 1029 potest?
2759 959 2832 1013 A.
2863 958 3084 1013 Anima
3112 958 3258 1013 hanc
3286 975 3406 1013 esse
3434 959 3726 1023 arbitraris,
3753 977 3809 1013 an
3827 977 3911 1013 cor-

2297 1047 2498 1118 poris?
2526 1049 2591 1102 E.
2622 1048 2687 1101 Et
2713 1046 2847 1100 hinc
2873 1047 3134 1101 dubitare
3155 1048 3463 1103 ridiculum
3487 1054 3588 1102 est.
3615 1049 3744 1112 Quid
3761 1049 3908 1102 enim?

2298 1134 2556 1189 exanime
2585 1149 2790 1204 corpus
2821 1134 3148 1189 meminisse
3176 1136 3396 1206 aliquid
3418 1136 3588 1203 credi,
3620 1142 3710 1190 aut
3731 1137 3934 1206 intelligi-

2296 1223 2534 1294 potest?
2561 1223 2632 1276 A.
2661 1221 3040 1276 Meministine
3074 1224 3303 1278 tandem
3333 1223 3487 1278 urbis
3516 1225 3909 1278 Mediolanensis?

2296 1313 2364 1366 E.
2390 1311 2559 1365 Valde
2590 1309 2848 1364 memini.
2883 1312 2954 1365 A.
2991 1312 3151 1364 Nunc
3181 1327 3317 1382 ergo
3343 1313 3480 1382 quia
3505 1313 3622 1382 ejus
3646 1312 3773 1366 facta
3793 1328 3904 1365 men-

2299 1399 2379 1452 tio
2408 1403 2511 1463 est,
2545 1397 2860 1452 recordaris
2890 1404 3104 1468 quanta
3135 1404 3192 1452 et
3233 1401 3419 1470 qualis
3448 1401 3564 1454 sit?
3607 1403 3668 1455 E.
3699 1401 3910 1454 Recordor

2298 1502 2453 1552 sane,
2481 1501 2545 1539 ac
2565 1485 2710 1538 nihil
2732 1486 3016 1539 recentius
3042 1491 3214 1556 atque
3235 1487 3512 1558 integrius
3533 1487 3558 1540 ?
3577 1489 3645 1542 A.
3671 1488 3804 1541 Nunc
3819 1503 3909 1556 ergo

2299 1590 2430 1628 cum
2461 1572 2638 1626 oculis
2667 1588 2793 1627 eam
2826 1589 2944 1626 non
2991 1573 3203 1636 videas,
3237 1575 3428 1628 animo
3458 1575 3628 1628 vides.
3657 1577 3714 1629 E.
3748 1576 3812 1628 Ita
3833 1580 3904 1626 est.

2299 1664 2373 1718 Λ.
2409 1661 2733 1727 Meministi,
2783 1662 2950 1716 credo
2994 1661 3190 1727 etiam,
3232 1668 3450 1732 quanto
3489 1664 3660 1733 spatio
3700 1668 3908 1717 terrarum

2301 1766 2452 1804 nunc
2481 1767 2514 1803 a
2543 1749 2705 1804 nobis
2733 1750 2899 1820 longe
2924 1750 3087 1803 absit.
3114 1753 3178 1804 E.
3214 1751 3295 1803 Ita
3316 1755 3371 1804 et
3393 1751 3502 1805 hoc
3524 1750 3754 1805 memini.
3779 1752 3834 1804 Α.
3856 1749 3911 1801 Vi-

2300 1839 2398 1892 des
2415 1837 2608 1908 itaque
2635 1837 2827 1892 animo
2858 1837 3030 1891 etiam
3054 1837 3239 1908 ipsam
3267 1839 3524 1892 locorum
3545 1839 3841 1893 distantiam.
3865 1839 3906 1890 Ε.

2299 1925 2496 1979 Video.
2538 1926 2610 1979 Α.
2645 1926 2786 1979 Cum
2829 1925 3006 1994 igitur
3046 1925 3240 1979 anima
3278 1931 3378 1979 tua
3407 1926 3500 1980 hic
3544 1926 3613 1980 sit
3637 1925 3726 1979 ubi
3747 1939 3907 1993 corpus.

2298 2029 2404 2067 nec
2432 2015 2580 2066 ultra
2623 2013 2870 2082 spatium
2915 2014 3038 2082 ejus
3081 2013 3429 2084 porrigatur,
3459 2018 3523 2068 ut
3562 2014 3791 2083 superior
3811 2011 3907 2064 ratio

2299 2100 2738 2161 demonstrabat,
2788 2101 2940 2154 unde
2971 2101 3036 2154 ﬁt
3066 2105 3130 2154 ut
3175 2101 3270 2154 illa
3300 2101 3498 2155 omnia
3534 2099 3745 2155 videat?
3768 2102 3816 2155 E.
3841 2099 3909 2152 Per

2299 2187 2640 2242 memoriam
2669 2188 2778 2241 hoc
2809 2187 2932 2240 ﬁeri
2951 2192 3110 2257 puto,
3140 2204 3256 2242 non
3277 2189 3437 2258 quod
3468 2188 3576 2242 illis
3597 2188 3722 2242 locis
3741 2187 3797 2240 sit
3815 2201 3908 2256 prae

2299 2292 2446 2330 sens.
2495 2277 2566 2331 A.
2616 2275 2902 2346 Imagines
2958 2292 3093 2346 ergo
3138 2277 3369 2330 illorum
3416 2278 3662 2331 locorum
3708 2272 3907 2329 memoria

2299 2363 2684 2418 continentur.
2717 2366 2782 2416 E.
2814 2365 2896 2417 lta
2923 2363 3142 2431 sentio;
3173 2380 3303 2417 nam
3334 2369 3392 2418 et
3419 2365 3557 2436 quid
3582 2365 3654 2418 ibi
3679 2379 3803 2418 nunc
3818 2378 3906 2430 aga-

2299 2455 2393 2503 tur
2431 2449 2666 2520 ignoro;
2700 2451 2853 2520 quod
2901 2451 3097 2521 utique
3147 2468 3264 2506 non
3310 2452 3650 2523 ignorarem,
3679 2453 3720 2506 si
3749 2451 3905 2504 animus

2299 2553 2460 2591 meus
2505 2554 2688 2608 usque
2733 2538 2806 2591 ad
2853 2555 2920 2592 ea
2957 2539 3083 2592 loca
3123 2540 3539 2610 porrigeretur,
3579 2540 3905 2612 praesentiaque

2297 2626 2550 2680 sentiret.
2596 2627 2669 2680 Α.
2720 2627 2930 2680 Verum
2979 2627 3119 2682 mihi
3163 2628 3377 2682 videris
3428 2630 3646 2684 dicere:
3692 2627 3773 2682 sed
3806 2629 3903 2678 certe

2296 2714 2420 2768 istae
2459 2713 2742 2784 imagines
2789 2731 3096 2785 corporum
3140 2720 3290 2770 sunt.
3346 2721 3413 2772 E.
3472 2719 3554 2772 Ita
3598 2732 3792 2772 necesse
3821 2719 3900 2766 est:

2296 2818 2416 2856 non
2445 2803 2600 2856 enim
2632 2803 2785 2856 aliud
2813 2809 2945 2857 sunt
2987 2805 3154 2858 urbes
3173 2810 3494 2877 «terraeque,
3533 2821 3692 2876 quam
3718 2816 3901 2871 corpora.

2369 2893 2421 2943 9.
2451 2893 2527 2943 Α.
2585 2891 2966 2961 Nunquamne
3014 2891 3256 2946 intuitus
3296 2909 3359 2946 es
3398 2910 3572 2963 parva
3615 2892 3822 2962 specilla,
3843 2891 3903 2940 aut

2296 2994 2593 3048 nunquam
2622 2978 2680 3031 in
2712 2979 2933 3049 pupilla
2964 2980 3112 3033 oculi
3143 2980 3314 3034 alieni
3345 2981 3551 3036 faciem
3578 2987 3717 3034 tuam
3743 2976 3903 3030 vidisti?

2297 3069 2362 3120 E.
2392 3067 2512 3119 Imo
2551 3083 2721 3136 saepe.
2753 3068 2828 3122 Α.
2863 3069 2975 3122 Cur
3020 3069 3200 3122 multo
3241 3069 3474 3124 brevior
3503 3085 3664 3141 quam
3693 3073 3762 3122 est
3782 3079 3900 3134 appa-

2297 3156 2429 3208 ret?
2475 3157 2539 3209 E.
2572 3154 2716 3218 Quid
2769 3155 2926 3209 enim
2957 3157 3128 3210 velles
3169 3156 3326 3211 aliud
3358 3174 3534 3229 quam
3572 3163 3628 3211 ut
3664 3172 3752 3227 pro
3788 3152 3900 3206 modo

2294 3241 2511 3310 speculi
2541 3242 2828 3297 videretur
2850 3245 2879 3297 (Ρ
2908 3245 2978 3298 Α.
3014 3245 3251 3300 Necesse
3280 3251 3372 3302 est
3398 3263 3535 3319 ergo
3565 3246 3800 3316 imagines
3819 3255 3897 3294 cor-

2294 3345 2520 3400 porum,
2552 3331 2598 3383 si
2643 3347 2819 3400 parva
2869 3337 3004 3386 sunt
3049 3349 3290 3404 corpora
3337 3335 3402 3390 in
3441 3336 3640 3407 quibus
3681 3332 3896 3402 apparent.

2294 3433 2495 3488 parvas
2541 3435 2835 3489 apparere.
2867 3422 2932 3475 E.
2981 3423 3216 3476 Necesse
3265 3425 3526 3479 omnino.
3572 3425 3639 3478 A.
3683 3423 3773 3477 Cur
3793 3431 3894 3486 ergo.

2295 3521 2425 3560 cum
2455 3511 2572 3560 tam
2597 3524 2770 3577 parvo
2799 3509 2980 3579 spatio
3008 3511 3080 3564 sit
3105 3511 3299 3566 anima
3321 3529 3499 3584 quam
3519 3528 3704 3583 corpus
3725 3514 3788 3562 est
3802 3508 3893 3574 ejus.

2295 3599 2412 3647 tam
2441 3610 2665 3660 magnae
2686 3595 2747 3649 in
2773 3613 2840 3650 ea
2867 3603 3110 3666 possunt
3133 3600 3382 3669 exprimi
3407 3600 3689 3672 imagines,
3715 3600 3818 3651 utet
3837 3607 3895 3644 ur-

2293 3682 2412 3748 bes,
2461 3688 2518 3736 et
2546 3684 2781 3739 latitudo
2827 3690 3132 3754 terrarum,
3181 3692 3238 3742 et
3287 3705 3538 3762 qumque
3584 3689 3683 3742 alia
3717 3679 3894 3754 ingentia

2293 3770 2446 3840 apud
2473 3787 2529 3823 se
2572 3772 2748 3842 possit
2785 3773 3132 3843 imaginari?
3182 3776 3323 3830 Volo
3377 3779 3532 3832 enim
3565 3775 3748 3847 cogitas
3780 3767 3891 3841 paulu

2293 3858 2635 3928 diligentius,
2677 3866 2891 3931 quanta
2939 3867 2995 3916 et
3041 3879 3216 3934 quam
3264 3867 3451 3921 multa
3487 3864 3735 3921 memoria
3766 3862 3891 3912 nostra

2292 3946 2597 4014 contineat,
2633 3964 2762 4018 qua;
2812 3949 3010 4020 utique
3059 3951 3250 4006 anima
3277 3955 3656 4008 continentur.
3689 3948 3772 4012 Qui
3801 3959 3889 4011 "8"

2291 4033 2501 4087 fundus
2529 4039 2632 4099 est,
2661 4035 2762 4105 qui
2785 4036 2963 4103 sinus,
2987 4054 3116 4108 quae
3137 4039 3500 4095 immensitas
3519 4056 3637 4112 quae
3655 4035 3799 4109 possit
3814 4033 3888 4084 hl‘c

2291 4138 2514 4191 capere,
2556 4139 2686 4177 cum
2714 4128 2770 4178 et
2812 4140 2938 4178 eam
2970 4129 3187 4181 tantam
3213 4135 3499 4199 quantum
3542 4143 3723 4197 corpus
3746 4126 3810 4176 est
3829 4132 3884 4169 δυ’

2290 4210 2483 4280 perior
2533 4211 2679 4264 ratio
2721 4212 2978 4268 docuisse
3008 4214 3308 4272 videatur?
3339 4221 3406 4272 E.
3443 4219 3561 4272 Non
3588 4212 3777 4270 invenio
3798 4201 3885 4278 quid

2289 4299 2686 4368 respondeam,
2738 4317 2844 4356 nec
2891 4303 3026 4356 satis
3072 4304 3359 4375 explicare
3404 4322 3646 4377 possum,
3688 4302 3883 4373 quantum

2291 4401 2382 4438 me
2410 4385 2518 4440 ista
2565 4393 2866 4442 moveant:
2907 4395 2964 4444 et
3011 4393 3262 4446 multum
3299 4410 3392 4448 me
3432 4394 3551 4464 ipse
3589 4389 3796 4451 derideo,
3824 4377 3883 4451 qui

2290 4473 2570 4543 superiori
2618 4476 2828 4530 rationi
2871 4482 2990 4532 tam
3035 4478 3147 4534 cito
3186 4498 3624 4548 consenseram,.
3649 4484 3702 4533 ut
3737 4491 3786 4530 ex
3819 4471 3883 4522 ista

2287 4562 2539 4631 corporis
2570 4564 2742 4618 modo
2782 4571 2995 4636 quanta
3024 4568 3095 4621 sit
3123 4569 3317 4624 anima
3349 4571 3715 4636 terminarem.
3741 4568 3778 4618 Α
3805 4559 3881 4613 Non

2288 4667 2422 4722 ergo
2445 4652 2567 4721 jam
2598 4652 2704 4706 tibi
2729 4654 2842 4707 tale
2874 4655 3091 4725 aliquid
3119 4657 3368 4726 videtur,
3403 4660 3580 4730 qualis
3613 4658 3779 4710 ventus
3801 4641 3884 4732 est?

2286 4741 2350 4792 E.
2402 4740 2565 4793 Nullo
2611 4741 2822 4796 modo:
2868 4759 3003 4797 nam
3033 4743 3257 4799 etiamsi
3303 4764 3404 4801 aer
3456 4749 3557 4802 iste
3601 4744 3739 4814 cujus
3776 4745 3880 4807 Ψιω

2285 4825 2521 4880 fluctum
2551 4833 2781 4882 ventum
2806 4846 2925 4884 esse
2952 4831 3326 4902 probabiliter
3353 4835 3617 4892 creditur.
3638 4829 3881 4884 universum

2281 4913 2455 4967 istum
2498 4916 2780 4970 mundum
2827 4919 3008 4987 possit
3051 4919 3312 4990 implere,
3356 4918 3761 4976 innumerabiles
3790 4908 3881 4962 tales

2280 5005 2583 5074 tantosque
2639 5005 2888 5060 mundos
2938 5023 3131 5062 secum
3169 5011 3364 5065 anima
3415 5007 3697 5082 imaginari
3737 4999 3879 5074 potest,

2281 5107 2422 5161 quas
2447 5091 2725 5162 imagines
2749 5111 2862 5165 quo
2885 5095 3066 5165 spatio
3095 5100 3387 5154 contineat
3414 5096 3670 5169 suspicari
3692 5105 3780 5147 non
3796 5097 3878 5157 p05"

2280 5195 2426 5235 sum.
2459 5181 2532 5235 Λ.
2565 5181 2700 5236 Vide
2740 5199 2876 5254 ergo
2908 5201 2980 5238 ne
3009 5186 3213 5240 melius
3241 5187 3315 5242 sit
3345 5205 3468 5242 eam
3497 5187 3721 5244 credere,
3749 5183 3876 5232 υῑευ·

2277 5267 2471 5339 perius
2517 5269 2791 5338 dixeram,
2841 5288 2944 5326 nec
2975 5274 3228 5344 longam,
3260 5291 3366 5329 nec
3397 5277 3581 5340 latam,
3625 5285 3711 5324 nec
3735 5265 3871 5318 αἰσίως

2278 5356 2422 5410 sicut
2450 5357 2591 5411 mihi
2636 5359 2704 5413 de
2738 5360 2958 5429 justitia
2988 5378 3364 5418 concesseras.
3409 5367 3473 5419 E.
3509 5362 3671 5417 Facile
3699 5346 3870 5410 assenti-

2277 5461 2420 5513 rem,
2442 5446 2552 5500 nisi
2575 5464 2665 5501 me
2692 5449 2819 5519 plus
2845 5452 3227 5520 conturbaret,
3259 5469 3375 5523 quo
3401 5467 3615 5507 rursum
3639 5449 3772 5519 pacto
3791 5445 3872 5491 tan-

2277 5537 2470 5590 torum
2490 5535 2804 5606 spatiorum
2823 5537 3104 5611 imagines
3131 5541 3568 5598 innumerabiles
3594 5535 3724 5594 nulla
3740 5543 3815 5584 sua
3832 5539 3868 5576 e-
