  <div class='ocr_page' id='page_1' title='image "/cluster/home/n/w/nwhite01/storage/ocr_20150623/32/hvd.32044096580550/540.png"; bbox 0 0 4080 6178; ppageno 0'>
   <div class='ocr_carea' id='block_1_1' title="bbox 138 241 281 291">
    <p class='ocr_par' dir='ltr' id='par_1_1' title="bbox 138 241 281 291">
     <span class='ocr_line' id='line_1_1' title="bbox 138 241 281 291; baseline 0.007 -1"><span class='ocrx_word' id='word_1_1' title='bbox 138 241 281 291; x_wconf 64' lang='grc'><strong>1041</strong></span> 
     </span>
    </p>
   </div>
   <div class='ocr_carea' id='block_1_2' title="bbox 132 356 1851 433">
    <p class='ocr_par' dir='ltr' id='par_1_2' title="bbox 132 356 1851 433">
     <span class='ocr_line' id='line_1_2' title="bbox 132 356 1851 433; baseline 0.003 -22"><span class='ocrx_word' id='word_1_2' title='bbox 132 356 548 427; x_wconf 78' lang='lat' dir='ltr'><strong>longitudine,</strong></span> <span class='ocrx_word' id='word_1_3' title='bbox 579 361 637 411; x_wconf 91' lang='lat' dir='ltr'><strong>et</strong></span> <span class='ocrx_word' id='word_1_4' title='bbox 664 356 981 425; x_wconf 81' lang='lat' dir='ltr'><strong>latitudine,</strong></span> <span class='ocrx_word' id='word_1_5' title='bbox 1014 364 1071 414; x_wconf 88' lang='lat' dir='ltr'><strong>et</strong></span> <span class='ocrx_word' id='word_1_6' title='bbox 1098 360 1398 415; x_wconf 82' lang='lat' dir='ltr'><strong>altitudine</strong></span> <span class='ocrx_word' id='word_1_7' title='bbox 1420 378 1621 432; x_wconf 84' lang='lat' dir='ltr'><strong>capere</strong></span> <span class='ocrx_word' id='word_1_8' title='bbox 1650 362 1851 433; x_wconf 83' lang='lat' dir='ltr'><strong>possit.</strong></span> 
     </span>
    </p>
   </div>
   <div class='ocr_carea' id='block_1_3' title="bbox 359 446 1669 520">
    <p class='ocr_par' dir='ltr' id='par_1_3' title="bbox 359 446 1669 520">
     <span class='ocr_line' id='line_1_3' title="bbox 359 446 1669 520; baseline 0.005 -21"><span class='ocrx_word' id='word_1_9' title='bbox 359 446 588 500; x_wconf 85' lang='lat' dir='ltr'><strong>CAPUT</strong></span> <span class='ocrx_word' id='word_1_10' title='bbox 620 447 708 499; x_wconf 81' lang='grc' dir='ltr'><strong>ιν.</strong></span> <span class='ocrx_word' id='word_1_11' title='bbox 741 472 809 484; x_wconf 87' lang='lat'><strong>--</strong></span> <span class='ocrx_word' id='word_1_12' title='bbox 833 448 1137 514; x_wconf 80' lang='lat' dir='ltr'><strong>Longitudo</strong></span> <span class='ocrx_word' id='word_1_13' title='bbox 1166 464 1312 503; x_wconf 86' lang='lat' dir='ltr'><strong>mera</strong></span> <span class='ocrx_word' id='word_1_14' title='bbox 1344 454 1393 503; x_wconf 83' lang='lat' dir='ltr'><strong>et</strong></span> <span class='ocrx_word' id='word_1_15' title='bbox 1418 448 1669 520; x_wconf 68' lang='lat' dir='ltr'><strong>simplex.</strong></span> 
     </span>
    </p>
   </div>
   <div class='ocr_carea' id='block_1_4' title="bbox 224 533 1862 609">
    <p class='ocr_par' dir='ltr' id='par_1_4' title="bbox 224 533 1862 609">
     <span class='ocr_line' id='line_1_4' title="bbox 224 533 1862 609; baseline 0.004 -23"><span class='ocrx_word' id='word_1_16' title='bbox 224 537 315 587; x_wconf 74' lang='grc'><strong>10.</strong></span> <span class='ocrx_word' id='word_1_17' title='bbox 355 534 430 587; x_wconf 84' lang='grc' dir='ltr'><strong>Α.</strong></span> <span class='ocrx_word' id='word_1_18' title='bbox 465 533 824 588; x_wconf 84' lang='lat' dir='ltr'><strong>Inveniemus</strong></span> <span class='ocrx_word' id='word_1_19' title='bbox 861 534 970 589; x_wconf 93' lang='lat' dir='ltr'><strong>hoc</strong></span> <span class='ocrx_word' id='word_1_20' title='bbox 1010 536 1246 591; x_wconf 84' lang='lat' dir='ltr'><strong>fortasse</strong></span> <span class='ocrx_word' id='word_1_21' title='bbox 1289 544 1571 609; x_wconf 84' lang='lat' dir='ltr'><strong>quantum</strong></span> <span class='ocrx_word' id='word_1_22' title='bbox 1626 540 1777 607; x_wconf 88' lang='lat' dir='ltr'><strong>licet,</strong></span> <span class='ocrx_word' id='word_1_23' title='bbox 1814 539 1862 592; x_wconf 89' lang='lat' dir='ltr'><strong>si</strong></span> 
     </span>
    </p>
   </div>
   <div class='ocr_carea' id='block_1_5' title="bbox 141 620 1860 697">
    <p class='ocr_par' dir='ltr' id='par_1_5' title="bbox 141 620 1860 697">
     <span class='ocr_line' id='line_1_5' title="bbox 141 620 1860 697; baseline 0.005 -23"><span class='ocrx_word' id='word_1_24' title='bbox 141 622 318 691; x_wconf 91' lang='lat' dir='ltr'><strong>prius</strong></span> <span class='ocrx_word' id='word_1_25' title='bbox 347 620 653 691; x_wconf 78' lang='lat' dir='ltr'><strong>diligenter</strong></span> <span class='ocrx_word' id='word_1_26' title='bbox 682 622 1052 676; x_wconf 85' lang='lat' dir='ltr'><strong>discutiamus</strong></span> <span class='ocrx_word' id='word_1_27' title='bbox 1081 625 1203 677; x_wconf 59' lang='lat' dir='ltr'><strong>haec</strong></span> <span class='ocrx_word' id='word_1_28' title='bbox 1229 626 1358 691; x_wconf 85' lang='lat' dir='ltr'><strong>tria,</strong></span> <span class='ocrx_word' id='word_1_29' title='bbox 1404 626 1461 679; x_wconf 94' lang='lat' dir='ltr'><strong>id</strong></span> <span class='ocrx_word' id='word_1_30' title='bbox 1500 631 1585 681; x_wconf 90' lang='lat' dir='ltr'><strong>est</strong></span> <span class='ocrx_word' id='word_1_31' title='bbox 1613 628 1860 697; x_wconf 90' lang='lat' dir='ltr'><strong>longitu-</strong></span> 
     </span>
    </p>
   </div>
   <div class='ocr_carea' id='block_1_6' title="bbox 144 709 1860 784">
    <p class='ocr_par' dir='ltr' id='par_1_6' title="bbox 144 709 1860 784">
     <span class='ocr_line' id='line_1_6' title="bbox 144 709 1860 784; baseline 0.004 -22"><span class='ocrx_word' id='word_1_32' title='bbox 144 710 378 773; x_wconf 80' lang='lat' dir='ltr'><strong>dinem,</strong></span> <span class='ocrx_word' id='word_1_33' title='bbox 434 709 821 777; x_wconf 85' lang='lat' dir='ltr'><strong>latitudinem,</strong></span> <span class='ocrx_word' id='word_1_34' title='bbox 868 716 925 764; x_wconf 91' lang='lat' dir='ltr'><strong>et</strong></span> <span class='ocrx_word' id='word_1_35' title='bbox 970 711 1356 767; x_wconf 84' lang='lat' dir='ltr'><strong>altitudinem.</strong></span> <span class='ocrx_word' id='word_1_36' title='bbox 1416 716 1613 784; x_wconf 85' lang='lat' dir='ltr'><strong>Itaque</strong></span> <span class='ocrx_word' id='word_1_37' title='bbox 1645 716 1860 769; x_wconf 84' lang='lat' dir='ltr'><strong>enitere</strong></span> 
     </span>
    </p>
   </div>
   <div class='ocr_carea' id='block_1_7' title="bbox 144 798 1859 869">
    <p class='ocr_par' dir='ltr' id='par_1_7' title="bbox 144 798 1859 869">
     <span class='ocr_line' id='line_1_7' title="bbox 144 798 1859 869; baseline 0.004 -19"><span class='ocrx_word' id='word_1_38' title='bbox 144 798 410 867; x_wconf 88' lang='lat' dir='ltr'><strong>cogitare</strong></span> <span class='ocrx_word' id='word_1_39' title='bbox 440 798 882 867; x_wconf 83' lang='lat' dir='ltr'><strong>longitudinem,</strong></span> <span class='ocrx_word' id='word_1_40' title='bbox 900 815 1027 869; x_wconf 59' lang='lat' dir='ltr'><strong>quae</strong></span> <span class='ocrx_word' id='word_1_41' title='bbox 1041 800 1223 853; x_wconf 90' lang='lat' dir='ltr'><strong>adhuc</strong></span> <span class='ocrx_word' id='word_1_42' title='bbox 1249 802 1467 855; x_wconf 91' lang='lat' dir='ltr'><strong>nullam</strong></span> <span class='ocrx_word' id='word_1_43' title='bbox 1494 802 1859 857; x_wconf 88' lang='lat' dir='ltr'><strong>latitudinem</strong></span> 
     </span>
    </p>
   </div>
   <div class='ocr_carea' id='block_1_8' title="bbox 145 886 1858 959">
    <p class='ocr_par' dir='ltr' id='par_1_8' title="bbox 145 886 1858 959">
     <span class='ocr_line' id='line_1_8' title="bbox 145 886 1858 959; baseline 0.004 -21"><span class='ocrx_word' id='word_1_44' title='bbox 145 886 552 956; x_wconf 89' lang='lat' dir='ltr'><strong>assumpserit.</strong></span> <span class='ocrx_word' id='word_1_45' title='bbox 585 886 660 939; x_wconf 84' lang='lat' dir='ltr'><strong>E.</strong></span> <span class='ocrx_word' id='word_1_46' title='bbox 691 886 840 939; x_wconf 83' lang='lat' dir='ltr'><strong>Nihil</strong></span> <span class='ocrx_word' id='word_1_47' title='bbox 866 903 1096 955; x_wconf 89' lang='lat' dir='ltr'><strong>possum</strong></span> <span class='ocrx_word' id='word_1_48' title='bbox 1144 889 1256 942; x_wconf 84' lang='lat' dir='ltr'><strong>tale</strong></span> <span class='ocrx_word' id='word_1_49' title='bbox 1302 889 1551 959; x_wconf 90' lang='lat' dir='ltr'><strong>cogitare</strong></span> <span class='ocrx_word' id='word_1_50' title='bbox 1584 906 1597 943; x_wconf 91' lang='lat'><strong>:</strong></span> <span class='ocrx_word' id='word_1_51' title='bbox 1624 891 1671 943; x_wconf 90' lang='lat' dir='ltr'><strong>si</strong></span> <span class='ocrx_word' id='word_1_52' title='bbox 1703 891 1858 944; x_wconf 92' lang='lat' dir='ltr'><strong>enim</strong></span> 
     </span>
    </p>
   </div>
   <div class='ocr_carea' id='block_1_9' title="bbox 150 973 1859 1047">
    <p class='ocr_par' dir='ltr' id='par_1_9' title="bbox 150 973 1859 1047">
     <span class='ocr_line' id='line_1_9' title="bbox 150 973 1859 1047; baseline 0.003 -21"><span class='ocrx_word' id='word_1_53' title='bbox 150 974 324 1027; x_wconf 88' lang='lat' dir='ltr'><strong>ﬁlum</strong></span> <span class='ocrx_word' id='word_1_54' title='bbox 354 989 579 1027; x_wconf 69' lang='lat' dir='ltr'><strong>aranea:</strong></span> <span class='ocrx_word' id='word_1_55' title='bbox 603 973 661 1027; x_wconf 91' lang='lat' dir='ltr'><strong>in</strong></span> <span class='ocrx_word' id='word_1_56' title='bbox 692 973 883 1027; x_wconf 90' lang='lat' dir='ltr'><strong>animo</strong></span> <span class='ocrx_word' id='word_1_57' title='bbox 915 976 1283 1042; x_wconf 87' lang='lat' dir='ltr'><strong>constituero,</strong></span> <span class='ocrx_word' id='word_1_58' title='bbox 1331 994 1445 1047; x_wconf 89' lang='lat' dir='ltr'><strong>quo</strong></span> <span class='ocrx_word' id='word_1_59' title='bbox 1472 978 1617 1032; x_wconf 89' lang='lat' dir='ltr'><strong>nihil</strong></span> <span class='ocrx_word' id='word_1_60' title='bbox 1656 979 1859 1033; x_wconf 84' lang='lat' dir='ltr'><strong>exilius</strong></span> 
     </span>
    </p>
   </div>
   <div class='ocr_carea' id='block_1_10' title="bbox 153 1062 1860 1127">
    <p class='ocr_par' dir='ltr' id='par_1_10' title="bbox 153 1062 1860 1127">
     <span class='ocr_line' id='line_1_10' title="bbox 153 1062 1860 1127; baseline 0.003 -12"><span class='ocrx_word' id='word_1_61' title='bbox 153 1064 414 1116; x_wconf 88' lang='lat' dir='ltr'><strong>solemus</strong></span> <span class='ocrx_word' id='word_1_62' title='bbox 442 1062 654 1127; x_wconf 86' lang='lat' dir='ltr'><strong>videre,</strong></span> <span class='ocrx_word' id='word_1_63' title='bbox 681 1063 925 1116; x_wconf 89' lang='lat' dir='ltr'><strong>occurrit</strong></span> <span class='ocrx_word' id='word_1_64' title='bbox 961 1063 1103 1116; x_wconf 90' lang='lat' dir='ltr'><strong>mihi</strong></span> <span class='ocrx_word' id='word_1_65' title='bbox 1131 1064 1301 1118; x_wconf 89' lang='lat' dir='ltr'><strong>etiam</strong></span> <span class='ocrx_word' id='word_1_66' title='bbox 1345 1064 1407 1118; x_wconf 92' lang='lat' dir='ltr'><strong>in</strong></span> <span class='ocrx_word' id='word_1_67' title='bbox 1451 1082 1519 1119; x_wconf 91' lang='lat' dir='ltr'><strong>eo</strong></span> <span class='ocrx_word' id='word_1_68' title='bbox 1564 1070 1757 1120; x_wconf 88' lang='lat' dir='ltr'><strong>tamen</strong></span> <span class='ocrx_word' id='word_1_69' title='bbox 1804 1071 1860 1121; x_wconf 87' lang='lat' dir='ltr'><strong>et</strong></span> 
     </span>
    </p>
   </div>
   <div class='ocr_carea' id='block_1_11' title="bbox 154 1150 1858 1225">
    <p class='ocr_par' dir='ltr' id='par_1_11' title="bbox 154 1150 1858 1225">
     <span class='ocr_line' id='line_1_11' title="bbox 154 1150 1858 1225; baseline 0.002 -21"><span class='ocrx_word' id='word_1_70' title='bbox 154 1150 464 1221; x_wconf 84' lang='lat' dir='ltr'><strong>longitudo</strong></span> <span class='ocrx_word' id='word_1_71' title='bbox 494 1166 599 1219; x_wconf 91' lang='lat' dir='ltr'><strong>per</strong></span> <span class='ocrx_word' id='word_1_72' title='bbox 628 1167 703 1214; x_wconf 88' lang='lat' dir='ltr'><strong>se,</strong></span> <span class='ocrx_word' id='word_1_73' title='bbox 739 1155 797 1204; x_wconf 90' lang='lat' dir='ltr'><strong>et</strong></span> <span class='ocrx_word' id='word_1_74' title='bbox 828 1151 1090 1218; x_wconf 90' lang='lat' dir='ltr'><strong>latitudo,</strong></span> <span class='ocrx_word' id='word_1_75' title='bbox 1137 1158 1192 1206; x_wconf 92' lang='lat' dir='ltr'><strong>et</strong></span> <span class='ocrx_word' id='word_1_76' title='bbox 1228 1153 1466 1207; x_wconf 83' lang='lat' dir='ltr'><strong>altitudo</strong></span> <span class='ocrx_word' id='word_1_77' title='bbox 1501 1169 1513 1207; x_wconf 95' lang='lat'><strong>:</strong></span> <span class='ocrx_word' id='word_1_78' title='bbox 1546 1170 1675 1224; x_wconf 61' lang='lat' dir='ltr'><strong>quas</strong></span> <span class='ocrx_word' id='word_1_79' title='bbox 1718 1171 1858 1225; x_wconf 91' lang='lat' dir='ltr'><strong>qua-</strong></span> 
     </span>
    </p>
   </div>
   <div class='ocr_carea' id='block_1_12' title="bbox 154 1238 1854 1312">
    <p class='ocr_par' dir='ltr' id='par_1_12' title="bbox 154 1238 1854 1312">
     <span class='ocr_line' id='line_1_12' title="bbox 154 1238 1854 1312; baseline 0.003 -21"><span class='ocrx_word' id='word_1_80' title='bbox 154 1240 495 1308; x_wconf 90' lang='lat' dir='ltr'><strong>lescumque</strong></span> <span class='ocrx_word' id='word_1_81' title='bbox 527 1238 657 1301; x_wconf 90' lang='lat' dir='ltr'><strong>sint,</strong></span> <span class='ocrx_word' id='word_1_82' title='bbox 693 1254 812 1292; x_wconf 91' lang='lat' dir='ltr'><strong>esse</strong></span> <span class='ocrx_word' id='word_1_83' title='bbox 866 1244 1060 1293; x_wconf 87' lang='lat' dir='ltr'><strong>tamen</strong></span> <span class='ocrx_word' id='word_1_84' title='bbox 1107 1256 1320 1310; x_wconf 89' lang='lat' dir='ltr'><strong>negare</strong></span> <span class='ocrx_word' id='word_1_85' title='bbox 1351 1258 1468 1295; x_wconf 90' lang='lat' dir='ltr'><strong>non</strong></span> <span class='ocrx_word' id='word_1_86' title='bbox 1498 1258 1753 1312; x_wconf 90' lang='lat' dir='ltr'><strong>possum.</strong></span> <span class='ocrx_word' id='word_1_87' title='bbox 1783 1244 1854 1296; x_wconf 80' lang='grc' dir='ltr'><strong>Α.</strong></span> 
     </span>
    </p>
   </div>
   <div class='ocr_carea' id='block_1_13' title="bbox 156 1327 1858 1398">
    <p class='ocr_par' dir='ltr' id='par_1_13' title="bbox 156 1327 1858 1398">
     <span class='ocr_line' id='line_1_13' title="bbox 156 1327 1858 1398; baseline 0.002 -19"><span class='ocrx_word' id='word_1_88' title='bbox 156 1328 285 1380; x_wconf 84' lang='lat' dir='ltr'><strong>Non</strong></span> <span class='ocrx_word' id='word_1_89' title='bbox 336 1342 752 1397; x_wconf 88' lang='lat' dir='ltr'><strong>usquequaque</strong></span> <span class='ocrx_word' id='word_1_90' title='bbox 804 1327 1049 1381; x_wconf 89' lang='lat' dir='ltr'><strong>absurda</strong></span> <span class='ocrx_word' id='word_1_91' title='bbox 1114 1335 1197 1382; x_wconf 90' lang='lat' dir='ltr'><strong>est</strong></span> <span class='ocrx_word' id='word_1_92' title='bbox 1260 1329 1554 1398; x_wconf 88' lang='lat' dir='ltr'><strong>responsio</strong></span> <span class='ocrx_word' id='word_1_93' title='bbox 1608 1336 1705 1383; x_wconf 88' lang='lat' dir='ltr'><strong>tua</strong></span> <span class='ocrx_word' id='word_1_94' title='bbox 1761 1330 1858 1383; x_wconf 89' lang='lat' dir='ltr'><strong>sed</strong></span> 
     </span>
    </p>
   </div>
   <div class='ocr_carea' id='block_1_14' title="bbox 150 1414 1858 1486">
    <p class='ocr_par' dir='ltr' id='par_1_14' title="bbox 150 1414 1858 1486">
     <span class='ocr_line' id='line_1_14' title="bbox 150 1414 1858 1486; baseline 0.001 -19"><span class='ocrx_word' id='word_1_95' title='bbox 150 1421 310 1469; x_wconf 89' lang='lat' dir='ltr'><strong>certe</strong></span> <span class='ocrx_word' id='word_1_96' title='bbox 340 1430 471 1468; x_wconf 90' lang='lat' dir='ltr'><strong>cum</strong></span> <span class='ocrx_word' id='word_1_97' title='bbox 490 1414 794 1468; x_wconf 90' lang='lat' dir='ltr'><strong>triaistain</strong></span> <span class='ocrx_word' id='word_1_98' title='bbox 807 1431 1030 1468; x_wconf 67' lang='lat' dir='ltr'><strong>aranea:</strong></span> <span class='ocrx_word' id='word_1_99' title='bbox 1060 1415 1155 1469; x_wconf 92' lang='lat' dir='ltr'><strong>ﬁlo</strong></span> <span class='ocrx_word' id='word_1_100' title='bbox 1186 1432 1305 1471; x_wconf 89' lang='lat' dir='ltr'><strong>esse</strong></span> <span class='ocrx_word' id='word_1_101' title='bbox 1333 1416 1626 1486; x_wconf 87' lang='lat' dir='ltr'><strong>intelligis,</strong></span> <span class='ocrx_word' id='word_1_102' title='bbox 1649 1417 1858 1470; x_wconf 90' lang='lat' dir='ltr'><strong>discer-</strong></span> 
     </span>
    </p>
   </div>
   <div class='ocr_carea' id='block_1_15' title="bbox 154 1500 1855 1570">
    <p class='ocr_par' dir='ltr' id='par_1_15' title="bbox 154 1500 1855 1570">
     <span class='ocr_line' id='line_1_15' title="bbox 154 1500 1855 1570; baseline 0.002 -17"><span class='ocrx_word' id='word_1_103' title='bbox 154 1502 248 1554; x_wconf 90' lang='lat' dir='ltr'><strong>nis</strong></span> <span class='ocrx_word' id='word_1_104' title='bbox 274 1502 418 1562; x_wconf 67' lang='lat' dir='ltr'><strong>hzec,</strong></span> <span class='ocrx_word' id='word_1_105' title='bbox 454 1506 509 1553; x_wconf 93' lang='lat' dir='ltr'><strong>et</strong></span> <span class='ocrx_word' id='word_1_106' title='bbox 548 1500 688 1570; x_wconf 90' lang='lat' dir='ltr'><strong>quid</strong></span> <span class='ocrx_word' id='word_1_107' title='bbox 718 1500 867 1554; x_wconf 91' lang='lat' dir='ltr'><strong>inter</strong></span> <span class='ocrx_word' id='word_1_108' title='bbox 914 1518 971 1555; x_wconf 90' lang='lat' dir='ltr'><strong>se</strong></span> <span class='ocrx_word' id='word_1_109' title='bbox 1003 1502 1269 1555; x_wconf 74' lang='lat' dir='ltr'><strong>differant</strong></span> <span class='ocrx_word' id='word_1_110' title='bbox 1305 1503 1498 1556; x_wconf 85' lang='lat' dir='ltr'><strong>nosti?</strong></span> <span class='ocrx_word' id='word_1_111' title='bbox 1526 1506 1597 1558; x_wconf 90' lang='lat' dir='ltr'><strong>E.</strong></span> <span class='ocrx_word' id='word_1_112' title='bbox 1646 1503 1855 1567; x_wconf 88' lang='lat' dir='ltr'><strong>Quidni</strong></span> 
     </span>
    </p>
   </div>
   <div class='ocr_carea' id='block_1_16' title="bbox 149 1588 1856 1659">
    <p class='ocr_par' dir='ltr' id='par_1_16' title="bbox 149 1588 1856 1659">
     <span class='ocr_line' id='line_1_16' title="bbox 149 1588 1856 1659; baseline 0.002 -18"><span class='ocrx_word' id='word_1_113' title='bbox 149 1589 296 1659; x_wconf 88' lang='lat' dir='ltr'><strong>quid</strong></span> <span class='ocrx_word' id='word_1_114' title='bbox 329 1588 590 1642; x_wconf 82' lang='lat' dir='ltr'><strong>differant</strong></span> <span class='ocrx_word' id='word_1_115' title='bbox 631 1591 902 1642; x_wconf 86' lang='lat' dir='ltr'><strong>nossem?</strong></span> <span class='ocrx_word' id='word_1_116' title='bbox 930 1591 1017 1641; x_wconf 83' lang='lat' dir='ltr'><strong>An</strong></span> <span class='ocrx_word' id='word_1_117' title='bbox 1066 1589 1230 1642; x_wconf 86' lang='lat' dir='ltr'><strong>aliter</strong></span> <span class='ocrx_word' id='word_1_118' title='bbox 1274 1590 1435 1659; x_wconf 89' lang='lat' dir='ltr'><strong>potui</strong></span> <span class='ocrx_word' id='word_1_119' title='bbox 1474 1590 1664 1643; x_wconf 86' lang='lat' dir='ltr'><strong>videre</strong></span> <span class='ocrx_word' id='word_1_120' title='bbox 1710 1591 1856 1645; x_wconf 86' lang='lat' dir='ltr'><strong>nihil</strong></span> 
     </span>
    </p>
   </div>
   <div class='ocr_carea' id='block_1_17' title="bbox 147 1676 1855 1746">
    <p class='ocr_par' dir='ltr' id='par_1_17' title="bbox 147 1676 1855 1746">
     <span class='ocr_line' id='line_1_17' title="bbox 147 1676 1855 1746; baseline 0 -16"><span class='ocrx_word' id='word_1_121' title='bbox 147 1677 365 1731; x_wconf 89' lang='lat' dir='ltr'><strong>horum</strong></span> <span class='ocrx_word' id='word_1_122' title='bbox 395 1677 586 1731; x_wconf 89' lang='lat' dir='ltr'><strong>deesse</strong></span> <span class='ocrx_word' id='word_1_123' title='bbox 615 1676 747 1729; x_wconf 90' lang='lat' dir='ltr'><strong>huic</strong></span> <span class='ocrx_word' id='word_1_124' title='bbox 777 1676 871 1729; x_wconf 94' lang='lat' dir='ltr'><strong>ﬁlo</strong></span> <span class='ocrx_word' id='word_1_125' title='bbox 890 1677 919 1729; x_wconf 89' lang='lat'><strong>?</strong></span> <span class='ocrx_word' id='word_1_126' title='bbox 947 1678 1019 1730; x_wconf 86' lang='lat' dir='ltr'><strong>A.</strong></span> <span class='ocrx_word' id='word_1_127' title='bbox 1052 1677 1174 1740; x_wconf 92' lang='lat' dir='ltr'><strong>Quo</strong></span> <span class='ocrx_word' id='word_1_128' title='bbox 1210 1676 1385 1746; x_wconf 87' lang='lat' dir='ltr'><strong>igitur</strong></span> <span class='ocrx_word' id='word_1_129' title='bbox 1408 1676 1703 1730; x_wconf 90' lang='lat' dir='ltr'><strong>intellectu</strong></span> <span class='ocrx_word' id='word_1_130' title='bbox 1732 1676 1855 1730; x_wconf 65' lang='lat' dir='ltr'><strong>hinc</strong></span> 
     </span>
    </p>
   </div>
   <div class='ocr_carea' id='block_1_18' title="bbox 148 1763 1855 1834">
    <p class='ocr_par' dir='ltr' id='par_1_18' title="bbox 148 1763 1855 1834">
     <span class='ocr_line' id='line_1_18' title="bbox 148 1763 1855 1834; baseline -0.001 -15"><span class='ocrx_word' id='word_1_131' title='bbox 148 1764 485 1831; x_wconf 86' lang='lat' dir='ltr'><strong>discrevisti,</strong></span> <span class='ocrx_word' id='word_1_132' title='bbox 517 1765 624 1817; x_wconf 91' lang='lat' dir='ltr'><strong>hoc</strong></span> <span class='ocrx_word' id='word_1_133' title='bbox 652 1768 813 1833; x_wconf 89' lang='lat' dir='ltr'><strong>potes</strong></span> <span class='ocrx_word' id='word_1_134' title='bbox 838 1763 1028 1831; x_wconf 90' lang='lat' dir='ltr'><strong>etiam,</strong></span> <span class='ocrx_word' id='word_1_135' title='bbox 1062 1764 1333 1834; x_wconf 88' lang='lat' dir='ltr'><strong>sejunctis</strong></span> <span class='ocrx_word' id='word_1_136' title='bbox 1363 1764 1495 1831; x_wconf 90' lang='lat' dir='ltr'><strong>illis,</strong></span> <span class='ocrx_word' id='word_1_137' title='bbox 1527 1766 1706 1818; x_wconf 90' lang='lat' dir='ltr'><strong>solam</strong></span> <span class='ocrx_word' id='word_1_138' title='bbox 1726 1765 1855 1817; x_wconf 90' lang='lat' dir='ltr'><strong>lon-</strong></span> 
     </span>
    </p>
   </div>
   <div class='ocr_carea' id='block_1_19' title="bbox 151 1851 1854 1923">
    <p class='ocr_par' dir='ltr' id='par_1_19' title="bbox 151 1851 1854 1923">
     <span class='ocr_line' id='line_1_19' title="bbox 151 1851 1854 1923; baseline 0 -17"><span class='ocrx_word' id='word_1_139' title='bbox 151 1854 475 1923; x_wconf 85' lang='lat' dir='ltr'><strong>gitudinem</strong></span> <span class='ocrx_word' id='word_1_140' title='bbox 500 1853 771 1923; x_wconf 90' lang='lat' dir='ltr'><strong>cogitare,</strong></span> <span class='ocrx_word' id='word_1_141' title='bbox 803 1851 851 1905; x_wconf 90' lang='lat' dir='ltr'><strong>si</strong></span> <span class='ocrx_word' id='word_1_142' title='bbox 879 1868 983 1905; x_wconf 90' lang='lat' dir='ltr'><strong>nec</strong></span> <span class='ocrx_word' id='word_1_143' title='bbox 1014 1852 1247 1922; x_wconf 85' lang='lat' dir='ltr'><strong>aliquod</strong></span> <span class='ocrx_word' id='word_1_144' title='bbox 1267 1868 1473 1922; x_wconf 90' lang='lat' dir='ltr'><strong>corpus</strong></span> <span class='ocrx_word' id='word_1_145' title='bbox 1503 1853 1692 1906; x_wconf 86' lang='lat' dir='ltr'><strong>volvas</strong></span> <span class='ocrx_word' id='word_1_146' title='bbox 1723 1852 1854 1906; x_wconf 91' lang='lat' dir='ltr'><strong>ani-</strong></span> 
     </span>
    </p>
   </div>
   <div class='ocr_carea' id='block_1_20' title="bbox 149 1940 1848 2011">
    <p class='ocr_par' dir='ltr' id='par_1_20' title="bbox 149 1940 1848 2011">
     <span class='ocr_line' id='line_1_20' title="bbox 149 1940 1848 2011; baseline -0.001 -16"><span class='ocrx_word' id='word_1_147' title='bbox 149 1955 255 1995; x_wconf 89' lang='lat' dir='ltr'><strong>mo</strong></span> <span class='ocrx_word' id='word_1_148' title='bbox 286 1959 298 1995; x_wconf 89' lang='lat'><strong>:</strong></span> <span class='ocrx_word' id='word_1_149' title='bbox 328 1957 457 1995; x_wconf 88' lang='lat' dir='ltr'><strong>nam</strong></span> <span class='ocrx_word' id='word_1_150' title='bbox 474 1941 876 2011; x_wconf 87' lang='lat' dir='ltr'><strong>quodcumque</strong></span> <span class='ocrx_word' id='word_1_151' title='bbox 888 1940 1179 2005; x_wconf 88' lang='lat' dir='ltr'><strong>fuerit,his</strong></span> <span class='ocrx_word' id='word_1_152' title='bbox 1193 1940 1461 1993; x_wconf 90' lang='lat' dir='ltr'><strong>omnibus</strong></span> <span class='ocrx_word' id='word_1_153' title='bbox 1487 1956 1602 1994; x_wconf 91' lang='lat' dir='ltr'><strong>non</strong></span> <span class='ocrx_word' id='word_1_154' title='bbox 1617 1941 1848 1995; x_wconf 89' lang='lat' dir='ltr'><strong>carebit.</strong></span> 
     </span>
    </p>
   </div>
   <div class='ocr_carea' id='block_1_21' title="bbox 151 2028 1848 2100">
    <p class='ocr_par' dir='ltr' id='par_1_21' title="bbox 151 2028 1848 2100">
     <span class='ocr_line' id='line_1_21' title="bbox 151 2028 1848 2100; baseline 0 -16"><span class='ocrx_word' id='word_1_155' title='bbox 151 2033 560 2098; x_wconf 88' lang='lat' dir='ltr'><strong>Incorporeum</strong></span> <span class='ocrx_word' id='word_1_156' title='bbox 582 2034 664 2082; x_wconf 89' lang='lat' dir='ltr'><strong>est</strong></span> <span class='ocrx_word' id='word_1_157' title='bbox 697 2028 852 2081; x_wconf 89' lang='lat' dir='ltr'><strong>enim</strong></span> <span class='ocrx_word' id='word_1_158' title='bbox 874 2028 1028 2098; x_wconf 89' lang='lat' dir='ltr'><strong>quod</strong></span> <span class='ocrx_word' id='word_1_159' title='bbox 1061 2034 1115 2082; x_wconf 90' lang='lat' dir='ltr'><strong>te</strong></span> <span class='ocrx_word' id='word_1_160' title='bbox 1145 2044 1298 2082; x_wconf 90' lang='lat' dir='ltr'><strong>nunc</strong></span> <span class='ocrx_word' id='word_1_161' title='bbox 1321 2028 1639 2098; x_wconf 86' lang='lat' dir='ltr'><strong>intelligere</strong></span> <span class='ocrx_word' id='word_1_162' title='bbox 1660 2029 1848 2100; x_wconf 90' lang='lat' dir='ltr'><strong>cupio:</strong></span> 
     </span>
    </p>
   </div>
   <div class='ocr_carea' id='block_1_22' title="bbox 152 2116 1852 2187">
    <p class='ocr_par' dir='ltr' id='par_1_22' title="bbox 152 2116 1852 2187">
     <span class='ocr_line' id='line_1_22' title="bbox 152 2116 1852 2187; baseline 0 -15"><span class='ocrx_word' id='word_1_163' title='bbox 152 2134 292 2173; x_wconf 87' lang='lat' dir='ltr'><strong>nam</strong></span> <span class='ocrx_word' id='word_1_164' title='bbox 323 2118 441 2171; x_wconf 92' lang='lat' dir='ltr'><strong>sola</strong></span> <span class='ocrx_word' id='word_1_165' title='bbox 466 2116 767 2187; x_wconf 86' lang='lat' dir='ltr'><strong>longitudo</strong></span> <span class='ocrx_word' id='word_1_166' title='bbox 787 2132 910 2175; x_wconf 86' lang='lat' dir='ltr'><strong>non.</strong></span> <span class='ocrx_word' id='word_1_167' title='bbox 929 2116 1040 2169; x_wconf 87' lang='lat' dir='ltr'><strong>nisi</strong></span> <span class='ocrx_word' id='word_1_168' title='bbox 1069 2116 1315 2185; x_wconf 89' lang='lat' dir='ltr'><strong>intelligi</strong></span> <span class='ocrx_word' id='word_1_169' title='bbox 1340 2117 1533 2170; x_wconf 91' lang='lat' dir='ltr'><strong>animo</strong></span> <span class='ocrx_word' id='word_1_170' title='bbox 1556 2122 1761 2187; x_wconf 88' lang='lat' dir='ltr'><strong>potest,</strong></span> <span class='ocrx_word' id='word_1_171' title='bbox 1791 2118 1852 2172; x_wconf 92' lang='lat' dir='ltr'><strong>in</strong></span> 
     </span>
    </p>
   </div>
   <div class='ocr_carea' id='block_1_23' title="bbox 149 2202 1850 2275">
    <p class='ocr_par' dir='ltr' id='par_1_23' title="bbox 149 2202 1850 2275">
     <span class='ocr_line' id='line_1_23' title="bbox 149 2202 1850 2275; baseline 0.002 -20"><span class='ocrx_word' id='word_1_172' title='bbox 149 2218 390 2273; x_wconf 80' lang='lat' dir='ltr'><strong>corpore</strong></span> <span class='ocrx_word' id='word_1_173' title='bbox 423 2202 668 2255; x_wconf 86' lang='lat' dir='ltr'><strong>inveniri</strong></span> <span class='ocrx_word' id='word_1_174' title='bbox 699 2218 816 2256; x_wconf 94' lang='lat' dir='ltr'><strong>non</strong></span> <span class='ocrx_word' id='word_1_175' title='bbox 846 2207 1047 2272; x_wconf 87' lang='lat' dir='ltr'><strong>potest.</strong></span> <span class='ocrx_word' id='word_1_176' title='bbox 1068 2205 1134 2257; x_wconf 89' lang='lat' dir='ltr'><strong>E.</strong></span> <span class='ocrx_word' id='word_1_177' title='bbox 1165 2204 1289 2256; x_wconf 86' lang='lat' dir='ltr'><strong>Jam</strong></span> <span class='ocrx_word' id='word_1_178' title='bbox 1310 2203 1589 2275; x_wconf 88' lang='lat' dir='ltr'><strong>intelligo.</strong></span> <span class='ocrx_word' id='word_1_179' title='bbox 1608 2207 1678 2259; x_wconf 84' lang='grc' dir='ltr'><strong>Λ.</strong></span> <span class='ocrx_word' id='word_1_180' title='bbox 1706 2206 1850 2275; x_wconf 89' lang='lat' dir='ltr'><strong>Ergo</strong></span> 
     </span>
    </p>
   </div>
   <div class='ocr_carea' id='block_1_24' title="bbox 152 2290 1851 2361">
    <p class='ocr_par' dir='ltr' id='par_1_24' title="bbox 152 2290 1851 2361">
     <span class='ocr_line' id='line_1_24' title="bbox 152 2290 1851 2361; baseline 0.002 -19"><span class='ocrx_word' id='word_1_181' title='bbox 152 2291 324 2343; x_wconf 88' lang='lat' dir='ltr'><strong>istam</strong></span> <span class='ocrx_word' id='word_1_182' title='bbox 356 2290 773 2360; x_wconf 82' lang='lat' dir='ltr'><strong>longitudinem</strong></span> <span class='ocrx_word' id='word_1_183' title='bbox 808 2290 863 2347; x_wconf 92' lang='lat' dir='ltr'><strong>si</strong></span> <span class='ocrx_word' id='word_1_184' title='bbox 911 2292 1076 2359; x_wconf 91' lang='lat' dir='ltr'><strong>quasi</strong></span> <span class='ocrx_word' id='word_1_185' title='bbox 1119 2306 1309 2343; x_wconf 87' lang='lat' dir='ltr'><strong>secare</strong></span> <span class='ocrx_word' id='word_1_186' title='bbox 1359 2290 1702 2360; x_wconf 89' lang='lat' dir='ltr'><strong>cogitatione</strong></span> <span class='ocrx_word' id='word_1_187' title='bbox 1748 2308 1851 2361; x_wconf 92' lang='lat' dir='ltr'><strong>per</strong></span> 
     </span>
    </p>
   </div>
   <div class='ocr_carea' id='block_1_25' title="bbox 153 2378 1849 2450">
    <p class='ocr_par' dir='ltr' id='par_1_25' title="bbox 153 2378 1849 2450">
     <span class='ocr_line' id='line_1_25' title="bbox 153 2378 1849 2450; baseline 0.001 -19"><span class='ocrx_word' id='word_1_188' title='bbox 153 2379 388 2449; x_wconf 91' lang='lat' dir='ltr'><strong>longum</strong></span> <span class='ocrx_word' id='word_1_189' title='bbox 414 2378 745 2442; x_wconf 88' lang='lat' dir='ltr'><strong>velis,vides</strong></span> <span class='ocrx_word' id='word_1_190' title='bbox 774 2378 1025 2449; x_wconf 90' lang='lat' dir='ltr'><strong>profecto</strong></span> <span class='ocrx_word' id='word_1_191' title='bbox 1054 2394 1171 2431; x_wconf 93' lang='lat' dir='ltr'><strong>non</strong></span> <span class='ocrx_word' id='word_1_192' title='bbox 1193 2394 1354 2449; x_wconf 90' lang='lat' dir='ltr'><strong>posse</strong></span> <span class='ocrx_word' id='word_1_193' title='bbox 1378 2395 1390 2433; x_wconf 91' lang='lat'>:</span> <span class='ocrx_word' id='word_1_194' title='bbox 1423 2395 1557 2432; x_wconf 91' lang='lat' dir='ltr'><strong>nam</strong></span> <span class='ocrx_word' id='word_1_195' title='bbox 1581 2379 1629 2432; x_wconf 92' lang='lat' dir='ltr'><strong>si</strong></span> <span class='ocrx_word' id='word_1_196' title='bbox 1644 2384 1849 2450; x_wconf 90' lang='lat' dir='ltr'><strong>potest,</strong></span> 
     </span>
    </p>
   </div>
   <div class='ocr_carea' id='block_1_26' title="bbox 150 2465 1848 2538">
    <p class='ocr_par' dir='ltr' id='par_1_26' title="bbox 150 2465 1848 2538">
     <span class='ocr_line' id='line_1_26' title="bbox 150 2465 1848 2538; baseline 0.002 -21"><span class='ocrx_word' id='word_1_197' title='bbox 150 2466 305 2519; x_wconf 82' lang='lat' dir='ltr'><strong>inest</strong></span> <span class='ocrx_word' id='word_1_198' title='bbox 332 2465 501 2519; x_wconf 88' lang='lat' dir='ltr'><strong>etiam</strong></span> <span class='ocrx_word' id='word_1_199' title='bbox 526 2466 789 2520; x_wconf 90' lang='lat' dir='ltr'><strong>latitudo.</strong></span> <span class='ocrx_word' id='word_1_200' title='bbox 816 2468 880 2521; x_wconf 88' lang='lat' dir='ltr'><strong>E.</strong></span> <span class='ocrx_word' id='word_1_201' title='bbox 920 2466 1277 2520; x_wconf 84' lang='lat' dir='ltr'><strong>Manifestum</strong></span> <span class='ocrx_word' id='word_1_202' title='bbox 1310 2471 1411 2521; x_wconf 91' lang='lat' dir='ltr'><strong>est.</strong></span> <span class='ocrx_word' id='word_1_203' title='bbox 1445 2470 1511 2535; x_wconf 84' lang='lat' dir='ltr'><strong>A,</strong></span> <span class='ocrx_word' id='word_1_204' title='bbox 1559 2470 1713 2522; x_wconf 86' lang='lat' dir='ltr'><strong>Hanc</strong></span> <span class='ocrx_word' id='word_1_205' title='bbox 1741 2468 1848 2538; x_wconf 86' lang='lat' dir='ltr'><strong>igi-</strong></span> 
     </span>
    </p>
   </div>
   <div class='ocr_carea' id='block_1_27' title="bbox 152 2554 1846 2626">
    <p class='ocr_par' dir='ltr' id='par_1_27' title="bbox 152 2554 1846 2626">
     <span class='ocr_line' id='line_1_27' title="bbox 152 2554 1846 2626; baseline 0 -19"><span class='ocrx_word' id='word_1_206' title='bbox 152 2560 253 2607; x_wconf 89' lang='lat' dir='ltr'><strong>tur</strong></span> <span class='ocrx_word' id='word_1_207' title='bbox 281 2554 701 2624; x_wconf 84' lang='lat' dir='ltr'><strong>longitudinem</strong></span> <span class='ocrx_word' id='word_1_208' title='bbox 730 2570 949 2607; x_wconf 90' lang='lat' dir='ltr'><strong>meram</strong></span> <span class='ocrx_word' id='word_1_209' title='bbox 980 2558 1036 2608; x_wconf 92' lang='lat' dir='ltr'><strong>et</strong></span> <span class='ocrx_word' id='word_1_210' title='bbox 1063 2554 1400 2624; x_wconf 91' lang='lat' dir='ltr'><strong>simplicem,</strong></span> <span class='ocrx_word' id='word_1_211' title='bbox 1434 2555 1481 2608; x_wconf 91' lang='lat' dir='ltr'><strong>si</strong></span> <span class='ocrx_word' id='word_1_212' title='bbox 1511 2555 1614 2609; x_wconf 89' lang='lat' dir='ltr'><strong>tibi</strong></span> <span class='ocrx_word' id='word_1_213' title='bbox 1643 2558 1846 2626; x_wconf 85' lang='lat' dir='ltr'><strong>placet,</strong></span> 
     </span>
    </p>
   </div>
   <div class='ocr_carea' id='block_1_28' title="bbox 148 2642 1848 2697">
    <p class='ocr_par' dir='ltr' id='par_1_28' title="bbox 148 2642 1848 2697">
     <span class='ocr_line' id='line_1_28' title="bbox 148 2642 1848 2697; baseline 0.001 -2"><span class='ocrx_word' id='word_1_214' title='bbox 148 2643 362 2696; x_wconf 86' lang='lat' dir='ltr'><strong>lineam</strong></span> <span class='ocrx_word' id='word_1_215' title='bbox 402 2659 666 2697; x_wconf 90' lang='lat' dir='ltr'><strong>vocemus</strong></span> <span class='ocrx_word' id='word_1_216' title='bbox 702 2659 713 2695; x_wconf 92' lang='lat'>:</span> <span class='ocrx_word' id='word_1_217' title='bbox 747 2642 853 2696; x_wconf 92' lang='lat' dir='ltr'><strong>hoc</strong></span> <span class='ocrx_word' id='word_1_218' title='bbox 893 2642 1046 2696; x_wconf 89' lang='lat' dir='ltr'><strong>enim</strong></span> <span class='ocrx_word' id='word_1_219' title='bbox 1096 2642 1329 2697; x_wconf 89' lang='lat' dir='ltr'><strong>nomine</strong></span> <span class='ocrx_word' id='word_1_220' title='bbox 1356 2661 1389 2697; x_wconf 94' lang='lat' dir='ltr'><strong>a</strong></span> <span class='ocrx_word' id='word_1_221' title='bbox 1422 2644 1605 2697; x_wconf 89' lang='lat' dir='ltr'><strong>doctis</strong></span> <span class='ocrx_word' id='word_1_222' title='bbox 1652 2644 1848 2697; x_wconf 90' lang='lat' dir='ltr'><strong>multis</strong></span> 
     </span>
    </p>
   </div>
   <div class='ocr_carea' id='block_1_29' title="bbox 149 2731 1849 2802">
    <p class='ocr_par' dir='ltr' id='par_1_29' title="bbox 149 2731 1849 2802">
     <span class='ocr_line' id='line_1_29' title="bbox 149 2731 1849 2802; baseline -0.001 -17"><span class='ocrx_word' id='word_1_223' title='bbox 149 2731 425 2801; x_wconf 87' lang='lat' dir='ltr'><strong>appellari</strong></span> <span class='ocrx_word' id='word_1_224' title='bbox 453 2732 615 2785; x_wconf 91' lang='lat' dir='ltr'><strong>solet.</strong></span> <span class='ocrx_word' id='word_1_225' title='bbox 648 2734 720 2786; x_wconf 89' lang='lat' dir='ltr'><strong>E.</strong></span> <span class='ocrx_word' id='word_1_226' title='bbox 758 2733 904 2785; x_wconf 88' lang='lat' dir='ltr'><strong>Voca</strong></span> <span class='ocrx_word' id='word_1_227' title='bbox 935 2731 1212 2802; x_wconf 89' lang='lat' dir='ltr'><strong>quidquid</strong></span> <span class='ocrx_word' id='word_1_228' title='bbox 1245 2732 1367 2786; x_wconf 89' lang='lat' dir='ltr'><strong>vis:</strong></span> <span class='ocrx_word' id='word_1_229' title='bbox 1394 2748 1507 2786; x_wconf 87' lang='lat' dir='ltr'><strong>non</strong></span> <span class='ocrx_word' id='word_1_230' title='bbox 1538 2732 1692 2786; x_wconf 90' lang='lat' dir='ltr'><strong>enim</strong></span> <span class='ocrx_word' id='word_1_231' title='bbox 1706 2732 1849 2785; x_wconf 88' lang='lat' dir='ltr'><strong>mihi</strong></span> 
     </span>
    </p>
   </div>
   <div class='ocr_carea' id='block_1_30' title="bbox 146 2819 1737 2890">
    <p class='ocr_par' dir='ltr' id='par_1_30' title="bbox 146 2819 1737 2890">
     <span class='ocr_line' id='line_1_30' title="bbox 146 2819 1737 2890; baseline 0.001 -17"><span class='ocrx_word' id='word_1_232' title='bbox 146 2820 227 2873; x_wconf 90' lang='lat' dir='ltr'><strong>de</strong></span> <span class='ocrx_word' id='word_1_233' title='bbox 255 2819 577 2873; x_wconf 91' lang='lat' dir='ltr'><strong>nominibus</strong></span> <span class='ocrx_word' id='word_1_234' title='bbox 599 2820 975 2873; x_wconf 91' lang='lat' dir='ltr'><strong>laborandum</strong></span> <span class='ocrx_word' id='word_1_235' title='bbox 1004 2824 1109 2887; x_wconf 91' lang='lat' dir='ltr'><strong>est,</strong></span> <span class='ocrx_word' id='word_1_236' title='bbox 1141 2836 1269 2873; x_wconf 90' lang='lat' dir='ltr'><strong>cum</strong></span> <span class='ocrx_word' id='word_1_237' title='bbox 1300 2836 1391 2873; x_wconf 89' lang='lat' dir='ltr'><strong>res</strong></span> <span class='ocrx_word' id='word_1_238' title='bbox 1422 2826 1620 2890; x_wconf 90' lang='lat' dir='ltr'><strong>aperta</strong></span> <span class='ocrx_word' id='word_1_239' title='bbox 1648 2820 1737 2874; x_wconf 88' lang='lat' dir='ltr'><strong>sit.</strong></span> 
     </span>
    </p>
   </div>
   <div class='ocr_carea' id='block_1_31' title="bbox 237 2907 1845 2979">
    <p class='ocr_par' dir='ltr' id='par_1_31' title="bbox 237 2907 1845 2979">
     <span class='ocr_line' id='line_1_31' title="bbox 237 2907 1845 2979; baseline 0.002 -20"><span class='ocrx_word' id='word_1_240' title='bbox 237 2911 312 2962; x_wconf 81' lang='lat' dir='ltr'><strong>ll.</strong></span> <span class='ocrx_word' id='word_1_241' title='bbox 340 2911 413 2962; x_wconf 88' lang='grc' dir='ltr'><strong>Α.</strong></span> <span class='ocrx_word' id='word_1_242' title='bbox 444 2908 591 2961; x_wconf 90' lang='lat' dir='ltr'><strong>Bene</strong></span> <span class='ocrx_word' id='word_1_243' title='bbox 621 2907 779 2974; x_wconf 89' lang='lat' dir='ltr'><strong>facis,</strong></span> <span class='ocrx_word' id='word_1_244' title='bbox 827 2912 883 2961; x_wconf 89' lang='lat' dir='ltr'><strong>et</strong></span> <span class='ocrx_word' id='word_1_245' title='bbox 924 2924 1043 2961; x_wconf 93' lang='lat' dir='ltr'><strong>non</strong></span> <span class='ocrx_word' id='word_1_246' title='bbox 1086 2908 1273 2961; x_wconf 89' lang='lat' dir='ltr'><strong>solum</strong></span> <span class='ocrx_word' id='word_1_247' title='bbox 1318 2909 1597 2979; x_wconf 91' lang='lat' dir='ltr'><strong>approbo,</strong></span> <span class='ocrx_word' id='word_1_248' title='bbox 1646 2924 1845 2962; x_wconf 86' lang='lat' dir='ltr'><strong>verum</strong></span> 
     </span>
    </p>
   </div>
   <div class='ocr_carea' id='block_1_32' title="bbox 150 2994 1845 3066">
    <p class='ocr_par' dir='ltr' id='par_1_32' title="bbox 150 2994 1845 3066">
     <span class='ocr_line' id='line_1_32' title="bbox 150 2994 1845 3066; baseline 0.001 -19"><span class='ocrx_word' id='word_1_249' title='bbox 150 2994 322 3048; x_wconf 84' lang='lat' dir='ltr'><strong>etiam</strong></span> <span class='ocrx_word' id='word_1_250' title='bbox 348 3011 575 3060; x_wconf 90' lang='lat' dir='ltr'><strong>moneo,</strong></span> <span class='ocrx_word' id='word_1_251' title='bbox 607 3000 673 3049; x_wconf 90' lang='lat' dir='ltr'><strong>ut</strong></span> <span class='ocrx_word' id='word_1_252' title='bbox 698 3011 923 3065; x_wconf 84' lang='lat' dir='ltr'><strong>semper</strong></span> <span class='ocrx_word' id='word_1_253' title='bbox 966 3011 1159 3048; x_wconf 89' lang='lat' dir='ltr'><strong>rerum</strong></span> <span class='ocrx_word' id='word_1_254' title='bbox 1211 3011 1407 3050; x_wconf 89' lang='lat' dir='ltr'><strong>curam</strong></span> <span class='ocrx_word' id='word_1_255' title='bbox 1460 2996 1641 3066; x_wconf 88' lang='lat' dir='ltr'><strong>magis</strong></span> <span class='ocrx_word' id='word_1_256' title='bbox 1672 3012 1845 3066; x_wconf 91' lang='lat' dir='ltr'><strong>quam</strong></span> 
     </span>
    </p>
   </div>
   <div class='ocr_carea' id='block_1_33' title="bbox 149 3083 1842 3155">
    <p class='ocr_par' dir='ltr' id='par_1_33' title="bbox 149 3083 1842 3155">
     <span class='ocr_line' id='line_1_33' title="bbox 149 3083 1842 3155; baseline 0.002 -21"><span class='ocrx_word' id='word_1_257' title='bbox 149 3083 453 3136; x_wconf 87' lang='lat' dir='ltr'><strong>verborum</strong></span> <span class='ocrx_word' id='word_1_258' title='bbox 477 3088 531 3136; x_wconf 92' lang='lat' dir='ltr'><strong>te</strong></span> <span class='ocrx_word' id='word_1_259' title='bbox 562 3083 773 3137; x_wconf 92' lang='lat' dir='ltr'><strong>habere</strong></span> <span class='ocrx_word' id='word_1_260' title='bbox 787 3084 1046 3138; x_wconf 89' lang='lat' dir='ltr'><strong>delectet.</strong></span> <span class='ocrx_word' id='word_1_261' title='bbox 1062 3085 1172 3139; x_wconf 89' lang='lat' dir='ltr'><strong>Sed</strong></span> <span class='ocrx_word' id='word_1_262' title='bbox 1197 3084 1349 3138; x_wconf 90' lang='lat' dir='ltr'><strong>linea</strong></span> <span class='ocrx_word' id='word_1_263' title='bbox 1375 3085 1483 3138; x_wconf 89' lang='lat' dir='ltr'><strong>ista</strong></span> <span class='ocrx_word' id='word_1_264' title='bbox 1507 3101 1679 3155; x_wconf 90' lang='lat' dir='ltr'><strong>quam</strong></span> <span class='ocrx_word' id='word_1_265' title='bbox 1700 3085 1842 3154; x_wconf 88' lang='lat' dir='ltr'><strong>jam,</strong></span> 
     </span>
    </p>
   </div>
   <div class='ocr_carea' id='block_1_34' title="bbox 153 3170 1845 3243">
    <p class='ocr_par' dir='ltr' id='par_1_34' title="bbox 153 3170 1845 3243">
     <span class='ocr_line' id='line_1_34' title="bbox 153 3170 1845 3243; baseline 0.001 -20"><span class='ocrx_word' id='word_1_266' title='bbox 153 3175 222 3224; x_wconf 88' lang='lat' dir='ltr'><strong>ut</strong></span> <span class='ocrx_word' id='word_1_267' title='bbox 246 3170 464 3241; x_wconf 89' lang='lat' dir='ltr'><strong>opinor,</strong></span> <span class='ocrx_word' id='word_1_268' title='bbox 502 3171 649 3225; x_wconf 90' lang='lat' dir='ltr'><strong>bene</strong></span> <span class='ocrx_word' id='word_1_269' title='bbox 676 3172 969 3243; x_wconf 87' lang='lat' dir='ltr'><strong>intelligis,</strong></span> <span class='ocrx_word' id='word_1_270' title='bbox 1002 3173 1048 3226; x_wconf 89' lang='lat' dir='ltr'><strong>si</strong></span> <span class='ocrx_word' id='word_1_271' title='bbox 1094 3171 1421 3243; x_wconf 89' lang='lat' dir='ltr'><strong>porrigatur</strong></span> <span class='ocrx_word' id='word_1_272' title='bbox 1449 3172 1563 3225; x_wconf 86' lang='lat' dir='ltr'><strong>sive</strong></span> <span class='ocrx_word' id='word_1_273' title='bbox 1594 3188 1661 3225; x_wconf 83' lang='lat' dir='ltr'><strong>ex</strong></span> <span class='ocrx_word' id='word_1_274' title='bbox 1708 3188 1845 3240; x_wconf 90' lang='lat' dir='ltr'><strong>una,</strong></span> 
     </span>
    </p>
   </div>
   <div class='ocr_carea' id='block_1_35' title="bbox 151 3258 1840 3330">
    <p class='ocr_par' dir='ltr' id='par_1_35' title="bbox 151 3258 1840 3330">
     <span class='ocr_line' id='line_1_35' title="bbox 151 3258 1840 3330; baseline 0.001 -19"><span class='ocrx_word' id='word_1_275' title='bbox 151 3258 269 3312; x_wconf 86' lang='lat' dir='ltr'><strong>sive</strong></span> <span class='ocrx_word' id='word_1_276' title='bbox 298 3275 358 3312; x_wconf 88' lang='lat' dir='ltr'><strong>ex</strong></span> <span class='ocrx_word' id='word_1_277' title='bbox 390 3264 634 3329; x_wconf 88' lang='lat' dir='ltr'><strong>utraque</strong></span> <span class='ocrx_word' id='word_1_278' title='bbox 654 3265 832 3329; x_wconf 88' lang='lat' dir='ltr'><strong>parte,</strong></span> <span class='ocrx_word' id='word_1_279' title='bbox 859 3275 1031 3330; x_wconf 90' lang='lat' dir='ltr'><strong>quam</strong></span> <span class='ocrx_word' id='word_1_280' title='bbox 1052 3260 1113 3313; x_wconf 89' lang='lat' dir='ltr'><strong>in</strong></span> <span class='ocrx_word' id='word_1_281' title='bbox 1135 3260 1369 3329; x_wconf 89' lang='lat' dir='ltr'><strong>longum</strong></span> <span class='ocrx_word' id='word_1_282' title='bbox 1394 3258 1613 3329; x_wconf 89' lang='lat' dir='ltr'><strong>porrigi</strong></span> <span class='ocrx_word' id='word_1_283' title='bbox 1634 3264 1840 3329; x_wconf 90' lang='lat' dir='ltr'><strong>potest,</strong></span> 
     </span>
    </p>
   </div>
   <div class='ocr_carea' id='block_1_36' title="bbox 149 3346 1842 3417">
    <p class='ocr_par' dir='ltr' id='par_1_36' title="bbox 149 3346 1842 3417">
     <span class='ocr_line' id='line_1_36' title="bbox 149 3346 1842 3417; baseline 0.001 -18"><span class='ocrx_word' id='word_1_284' title='bbox 149 3346 333 3399; x_wconf 89' lang='lat' dir='ltr'><strong>cernis</strong></span> <span class='ocrx_word' id='word_1_285' title='bbox 354 3347 576 3400; x_wconf 87' lang='lat' dir='ltr'><strong>nullum</strong></span> <span class='ocrx_word' id='word_1_286' title='bbox 606 3363 727 3400; x_wconf 90' lang='lat' dir='ltr'><strong>esse</strong></span> <span class='ocrx_word' id='word_1_287' title='bbox 758 3347 952 3401; x_wconf 89' lang='lat' dir='ltr'><strong>ﬁnem.</strong></span> <span class='ocrx_word' id='word_1_288' title='bbox 996 3349 1086 3400; x_wconf 84' lang='lat' dir='ltr'><strong>An</strong></span> <span class='ocrx_word' id='word_1_289' title='bbox 1110 3346 1179 3400; x_wconf 88' lang='lat' dir='ltr'><strong>ad</strong></span> <span class='ocrx_word' id='word_1_290' title='bbox 1202 3347 1307 3401; x_wconf 93' lang='lat' dir='ltr'><strong>hoc</strong></span> <span class='ocrx_word' id='word_1_291' title='bbox 1336 3347 1842 3417; x_wconf 87' lang='lat' dir='ltr'><strong>contemplandum</strong></span> 
     </span>
    </p>
   </div>
   <div class='ocr_carea' id='block_1_37' title="bbox 150 3434 1839 3504">
    <p class='ocr_par' dir='ltr' id='par_1_37' title="bbox 150 3434 1839 3504">
     <span class='ocr_line' id='line_1_37' title="bbox 150 3434 1839 3504; baseline 0 -17"><span class='ocrx_word' id='word_1_292' title='bbox 150 3434 340 3487; x_wconf 89' lang='lat' dir='ltr'><strong>minus</strong></span> <span class='ocrx_word' id='word_1_293' title='bbox 361 3434 507 3488; x_wconf 88' lang='lat' dir='ltr'><strong>valet</strong></span> <span class='ocrx_word' id='word_1_294' title='bbox 536 3434 682 3488; x_wconf 88' lang='lat' dir='ltr'><strong>acies</strong></span> <span class='ocrx_word' id='word_1_295' title='bbox 695 3435 904 3487; x_wconf 89' lang='lat' dir='ltr'><strong>mentis</strong></span> <span class='ocrx_word' id='word_1_296' title='bbox 929 3435 1085 3488; x_wconf 66' lang='lat' dir='ltr'><strong>tuae?</strong></span> <span class='ocrx_word' id='word_1_297' title='bbox 1105 3437 1168 3488; x_wconf 90' lang='grc' dir='ltr'><strong>Ε.</strong></span> <span class='ocrx_word' id='word_1_298' title='bbox 1196 3434 1561 3504; x_wconf 86' lang='lat' dir='ltr'><strong>Contemplor</strong></span> <span class='ocrx_word' id='word_1_299' title='bbox 1583 3434 1839 3494; x_wconf 90' lang='lat' dir='ltr'><strong>omnino,</strong></span> 
     </span>
    </p>
   </div>
   <div class='ocr_carea' id='block_1_38' title="bbox 148 3521 1842 3601">
    <p class='ocr_par' dir='ltr' id='par_1_38' title="bbox 148 3521 1842 3601">
     <span class='ocr_line' id='line_1_38' title="bbox 148 3521 1842 3601; baseline -0.001 -26"><span class='ocrx_word' id='word_1_300' title='bbox 148 3538 216 3575; x_wconf 86' lang='lat' dir='ltr'><strong>ac</strong></span> <span class='ocrx_word' id='word_1_301' title='bbox 246 3522 383 3575; x_wconf 90' lang='lat' dir='ltr'><strong>nihil</strong></span> <span class='ocrx_word' id='word_1_302' title='bbox 411 3522 755 3601; x_wconf 43' lang='lat' dir='ltr'><strong>facilius..A.</strong></span> <span class='ocrx_word' id='word_1_303' title='bbox 794 3522 958 3576; x_wconf 90' lang='lat' dir='ltr'><strong>Vides</strong></span> <span class='ocrx_word' id='word_1_304' title='bbox 989 3538 1123 3593; x_wconf 90' lang='lat' dir='ltr'><strong>ergo</strong></span> <span class='ocrx_word' id='word_1_305' title='bbox 1153 3522 1325 3575; x_wconf 88' lang='lat' dir='ltr'><strong>etiam</strong></span> <span class='ocrx_word' id='word_1_306' title='bbox 1348 3522 1567 3575; x_wconf 89' lang='lat' dir='ltr'><strong>nullam</strong></span> <span class='ocrx_word' id='word_1_307' title='bbox 1600 3521 1842 3591; x_wconf 89' lang='lat' dir='ltr'><strong>ﬁguram</strong></span> 
     </span>
    </p>
   </div>
   <div class='ocr_carea' id='block_1_39' title="bbox 147 3609 1840 3681">
    <p class='ocr_par' dir='ltr' id='par_1_39' title="bbox 147 3609 1840 3681">
     <span class='ocr_line' id='line_1_39' title="bbox 147 3609 1840 3681; baseline 0 -18"><span class='ocrx_word' id='word_1_308' title='bbox 147 3626 313 3681; x_wconf 89' lang='lat' dir='ltr'><strong>posse</strong></span> <span class='ocrx_word' id='word_1_309' title='bbox 340 3610 484 3675; x_wconf 87' lang='lat' dir='ltr'><strong>ﬁeri,</strong></span> <span class='ocrx_word' id='word_1_310' title='bbox 517 3611 562 3663; x_wconf 90' lang='lat' dir='ltr'><strong>si</strong></span> <span class='ocrx_word' id='word_1_311' title='bbox 583 3610 729 3664; x_wconf 89' lang='lat' dir='ltr'><strong>nihil</strong></span> <span class='ocrx_word' id='word_1_312' title='bbox 753 3610 1122 3680; x_wconf 86' lang='lat' dir='ltr'><strong>agaturaliud</strong></span> <span class='ocrx_word' id='word_1_313' title='bbox 1143 3626 1316 3681; x_wconf 90' lang='lat' dir='ltr'><strong>quam</strong></span> <span class='ocrx_word' id='word_1_314' title='bbox 1347 3616 1408 3663; x_wconf 91' lang='lat' dir='ltr'><strong>ut</strong></span> <span class='ocrx_word' id='word_1_315' title='bbox 1426 3609 1521 3663; x_wconf 91' lang='lat' dir='ltr'><strong>illa</strong></span> <span class='ocrx_word' id='word_1_316' title='bbox 1546 3610 1840 3680; x_wconf 87' lang='lat' dir='ltr'><strong>lineapor-</strong></span> 
     </span>
    </p>
   </div>
   <div class='ocr_carea' id='block_1_40' title="bbox 146 3698 1752 3768">
    <p class='ocr_par' dir='ltr' id='par_1_40' title="bbox 146 3698 1752 3768">
     <span class='ocr_line' id='line_1_40' title="bbox 146 3698 1752 3768; baseline 0 -16"><span class='ocrx_word' id='word_1_317' title='bbox 146 3699 383 3767; x_wconf 86' lang='lat' dir='ltr'><strong>rigatur.</strong></span> <span class='ocrx_word' id='word_1_318' title='bbox 416 3700 481 3752; x_wconf 91' lang='lat' dir='ltr'><strong>E.</strong></span> <span class='ocrx_word' id='word_1_319' title='bbox 513 3698 695 3762; x_wconf 83' lang='lat' dir='ltr'><strong>Quam</strong></span> <span class='ocrx_word' id='word_1_320' title='bbox 730 3698 882 3751; x_wconf 91' lang='lat' dir='ltr'><strong>dicas</strong></span> <span class='ocrx_word' id='word_1_321' title='bbox 911 3698 1156 3768; x_wconf 90' lang='lat' dir='ltr'><strong>ﬁguram</strong></span> <span class='ocrx_word' id='word_1_322' title='bbox 1186 3698 1445 3753; x_wconf 91' lang='lat' dir='ltr'><strong>nondum</strong></span> <span class='ocrx_word' id='word_1_323' title='bbox 1476 3698 1752 3766; x_wconf 89' lang='lat' dir='ltr'><strong>intelligo.</strong></span> 
     </span>
    </p>
   </div>
   <div class='ocr_carea' id='block_1_41' title="bbox 152 3787 1843 3855">
    <p class='ocr_par' dir='ltr' id='par_1_41' title="bbox 152 3787 1843 3855">
     <span class='ocr_line' id='line_1_41' title="bbox 152 3787 1843 3855; baseline -0.001 -14"><span class='ocrx_word' id='word_1_324' title='bbox 152 3788 375 3841; x_wconf 80' lang='lat' dir='ltr'><strong>CAPUT</strong></span> <span class='ocrx_word' id='word_1_325' title='bbox 406 3788 521 3840; x_wconf 90' lang='lat' dir='ltr'><strong>VII.</strong></span> <span class='ocrx_word' id='word_1_326' title='bbox 554 3816 622 3825; x_wconf 93' lang='lat'>—</span> <span class='ocrx_word' id='word_1_327' title='bbox 651 3787 1086 3855; x_wconf 81' lang='lat' dir='ltr'><strong>Compendiosior</strong></span> <span class='ocrx_word' id='word_1_328' title='bbox 1113 3792 1164 3841; x_wconf 86' lang='lat' dir='ltr'><strong>et</strong></span> <span class='ocrx_word' id='word_1_329' title='bbox 1199 3788 1541 3841; x_wconf 75' lang='lat' dir='ltr'><strong>multitudini</strong></span> <span class='ocrx_word' id='word_1_330' title='bbox 1574 3790 1741 3841; x_wconf 78' lang='lat' dir='ltr'><strong>tutior</strong></span> <span class='ocrx_word' id='word_1_331' title='bbox 1768 3788 1843 3840; x_wconf 84' lang='lat' dir='ltr'><strong>ad</strong></span> 
     </span>
    </p>
   </div>
   <div class='ocr_carea' id='block_1_42' title="bbox 218 3877 1841 3946">
    <p class='ocr_par' dir='ltr' id='par_1_42' title="bbox 218 3877 1841 3946">
     <span class='ocr_line' id='line_1_42' title="bbox 218 3877 1841 3946; baseline 0.001 -18"><span class='ocrx_word' id='word_1_332' title='bbox 218 3877 459 3929; x_wconf 75' lang='lat' dir='ltr'><strong>veritatis</strong></span> <span class='ocrx_word' id='word_1_333' title='bbox 484 3877 878 3943; x_wconf 76' lang='lat' dir='ltr'><strong>perceptionem</strong></span> <span class='ocrx_word' id='word_1_334' title='bbox 904 3877 997 3929; x_wconf 80' lang='lat' dir='ltr'><strong>via</strong></span> <span class='ocrx_word' id='word_1_335' title='bbox 1020 3890 1122 3944; x_wconf 83' lang='lat' dir='ltr'><strong>per</strong></span> <span class='ocrx_word' id='word_1_336' title='bbox 1149 3878 1720 3946; x_wconf 78' lang='lat' dir='ltr'><strong>auctoritatem,quam</strong></span> <span class='ocrx_word' id='word_1_337' title='bbox 1742 3892 1841 3945; x_wconf 85' lang='lat' dir='ltr'><strong>per</strong></span> 
     </span>
    </p>
   </div>
   <div class='ocr_carea' id='block_1_43' title="bbox 219 3966 496 4017">
    <p class='ocr_par' dir='ltr' id='par_1_43' title="bbox 219 3966 496 4017">
     <span class='ocr_line' id='line_1_43' title="bbox 219 3966 496 4017; baseline 0.004 -1"><span class='ocrx_word' id='word_1_338' title='bbox 219 3966 496 4017; x_wconf 76' lang='lat' dir='ltr'><strong>rationem.</strong></span> 
     </span>
    </p>
   </div>
   <div class='ocr_carea' id='block_1_44' title="bbox 223 4050 1843 4123">
    <p class='ocr_par' dir='ltr' id='par_1_44' title="bbox 223 4050 1843 4123">
     <span class='ocr_line' id='line_1_44' title="bbox 223 4050 1843 4123; baseline 0.001 -18"><span class='ocrx_word' id='word_1_339' title='bbox 223 4054 293 4105; x_wconf 85' lang='grc' dir='ltr'><strong>Λ.</strong></span> <span class='ocrx_word' id='word_1_340' title='bbox 328 4051 592 4121; x_wconf 87' lang='lat' dir='ltr'><strong>Figuram</strong></span> <span class='ocrx_word' id='word_1_341' title='bbox 646 4050 879 4105; x_wconf 90' lang='lat' dir='ltr'><strong>interim</strong></span> <span class='ocrx_word' id='word_1_342' title='bbox 936 4067 1092 4118; x_wconf 88' lang='lat' dir='ltr'><strong>voco,</strong></span> <span class='ocrx_word' id='word_1_343' title='bbox 1151 4067 1279 4105; x_wconf 91' lang='lat' dir='ltr'><strong>cum</strong></span> <span class='ocrx_word' id='word_1_344' title='bbox 1336 4052 1567 4123; x_wconf 88' lang='lat' dir='ltr'><strong>aliquod</strong></span> <span class='ocrx_word' id='word_1_345' title='bbox 1596 4053 1843 4123; x_wconf 90' lang='lat' dir='ltr'><strong>spatium</strong></span> 
     </span>
    </p>
   </div>
   <div class='ocr_carea' id='block_1_45' title="bbox 150 4140 1839 4212">
    <p class='ocr_par' dir='ltr' id='par_1_45' title="bbox 150 4140 1839 4212">
     <span class='ocr_line' id='line_1_45' title="bbox 150 4140 1839 4212; baseline -0.001 -17"><span class='ocrx_word' id='word_1_346' title='bbox 150 4142 303 4195; x_wconf 88' lang='lat' dir='ltr'><strong>linea</strong></span> <span class='ocrx_word' id='word_1_347' title='bbox 330 4140 563 4194; x_wconf 89' lang='lat' dir='ltr'><strong>lineisve</strong></span> <span class='ocrx_word' id='word_1_348' title='bbox 593 4140 969 4206; x_wconf 88' lang='lat' dir='ltr'><strong>concluditur,</strong></span> <span class='ocrx_word' id='word_1_349' title='bbox 1001 4145 1276 4212; x_wconf 89' lang='lat' dir='ltr'><strong>tanquam</strong></span> <span class='ocrx_word' id='word_1_350' title='bbox 1305 4141 1351 4194; x_wconf 88' lang='lat' dir='ltr'><strong>si</strong></span> <span class='ocrx_word' id='word_1_351' title='bbox 1382 4142 1658 4195; x_wconf 89' lang='lat' dir='ltr'><strong>circulum</strong></span> <span class='ocrx_word' id='word_1_352' title='bbox 1688 4141 1839 4195; x_wconf 87' lang='lat' dir='ltr'><strong>face-</strong></span> 
     </span>
    </p>
   </div>
   <div class='ocr_carea' id='block_1_46' title="bbox 152 4228 1839 4299">
    <p class='ocr_par' dir='ltr' id='par_1_46' title="bbox 152 4228 1839 4299">
     <span class='ocr_line' id='line_1_46' title="bbox 152 4228 1839 4299; baseline -0.001 -17"><span class='ocrx_word' id='word_1_353' title='bbox 152 4246 264 4295; x_wconf 90' lang='lat' dir='ltr'><strong>res,</strong></span> <span class='ocrx_word' id='word_1_354' title='bbox 297 4234 394 4283; x_wconf 89' lang='lat' dir='ltr'><strong>aut</strong></span> <span class='ocrx_word' id='word_1_355' title='bbox 423 4233 671 4299; x_wconf 88' lang='lat' dir='ltr'><strong>quatuor</strong></span> <span class='ocrx_word' id='word_1_356' title='bbox 703 4228 881 4283; x_wconf 88' lang='lat' dir='ltr'><strong>lineas</strong></span> <span class='ocrx_word' id='word_1_357' title='bbox 915 4229 1125 4283; x_wconf 89' lang='lat' dir='ltr'><strong>ﬁnibus</strong></span> <span class='ocrx_word' id='word_1_358' title='bbox 1156 4229 1272 4282; x_wconf 88' lang='lat' dir='ltr'><strong>suis</strong></span> <span class='ocrx_word' id='word_1_359' title='bbox 1300 4229 1526 4282; x_wconf 90' lang='lat' dir='ltr'><strong>sibimet</strong></span> <span class='ocrx_word' id='word_1_360' title='bbox 1544 4229 1839 4298; x_wconf 86' lang='lat' dir='ltr'><strong>jungeres,</strong></span> 
     </span>
    </p>
   </div>
   <div class='ocr_carea' id='block_1_47' title="bbox 504 4340 1488 4627">
    <p class='ocr_par' dir='ltr' id='par_1_47' title="bbox 504 4340 1488 4627">
     <span class='ocr_line' id='line_1_47' title="bbox 504 4340 1488 4627; baseline 0.011 -9"><span class='ocrx_word' id='word_1_361' title='bbox 504 4361 766 4619; x_wconf 70' lang='grc' dir='ltr'>Ο</span> <span class='ocrx_word' id='word_1_362' title='bbox 1198 4340 1488 4627; x_wconf 66' lang='lat' dir='ltr'><strong>Cl</strong></span> 
     </span>
    </p>
   </div>
   <div class='ocr_carea' id='block_1_48' title="bbox 144 4675 1838 4746">
    <p class='ocr_par' dir='ltr' id='par_1_48' title="bbox 144 4675 1838 4746">
     <span class='ocr_line' id='line_1_48' title="bbox 144 4675 1838 4746; baseline -0.002 -14"><span class='ocrx_word' id='word_1_363' title='bbox 144 4682 230 4731; x_wconf 88' lang='lat' dir='ltr'><strong>ita</strong></span> <span class='ocrx_word' id='word_1_364' title='bbox 256 4683 316 4731; x_wconf 88' lang='lat' dir='ltr'><strong>ut</strong></span> <span class='ocrx_word' id='word_1_365' title='bbox 346 4678 561 4732; x_wconf 90' lang='lat' dir='ltr'><strong>nullius</strong></span> <span class='ocrx_word' id='word_1_366' title='bbox 591 4677 721 4731; x_wconf 83' lang='lat' dir='ltr'><strong>ﬁnis</strong></span> <span class='ocrx_word' id='word_1_367' title='bbox 751 4677 822 4730; x_wconf 91' lang='lat' dir='ltr'><strong>ab</strong></span> <span class='ocrx_word' id='word_1_368' title='bbox 852 4676 1085 4730; x_wconf 88' lang='lat' dir='ltr'><strong>alterius</strong></span> <span class='ocrx_word' id='word_1_369' title='bbox 1116 4677 1479 4746; x_wconf 89' lang='lat' dir='ltr'><strong>copulatione</strong></span> <span class='ocrx_word' id='word_1_370' title='bbox 1516 4675 1657 4729; x_wconf 91' lang='lat' dir='ltr'><strong>liber</strong></span> <span class='ocrx_word' id='word_1_371' title='bbox 1677 4680 1838 4729; x_wconf 89' lang='lat' dir='ltr'><strong>esset.</strong></span> 
     </span>
    </p>
   </div>
   <div class='ocr_carea' id='block_1_49' title="bbox 148 4762 1843 4834">
    <p class='ocr_par' dir='ltr' id='par_1_49' title="bbox 148 4762 1843 4834">
     <span class='ocr_line' id='line_1_49' title="bbox 148 4762 1843 4834; baseline -0.003 -14"><span class='ocrx_word' id='word_1_372' title='bbox 148 4769 214 4820; x_wconf 89' lang='lat' dir='ltr'><strong>E.</strong></span> <span class='ocrx_word' id='word_1_373' title='bbox 250 4766 391 4829; x_wconf 88' lang='lat' dir='ltr'><strong>Quid</strong></span> <span class='ocrx_word' id='word_1_374' title='bbox 425 4766 580 4820; x_wconf 92' lang='lat' dir='ltr'><strong>dicas</strong></span> <span class='ocrx_word' id='word_1_375' title='bbox 610 4765 877 4834; x_wconf 89' lang='lat' dir='ltr'><strong>ﬁguram,</strong></span> <span class='ocrx_word' id='word_1_376' title='bbox 896 4764 1016 4833; x_wconf 89' lang='lat' dir='ltr'><strong>jam</strong></span> <span class='ocrx_word' id='word_1_377' title='bbox 1064 4780 1156 4817; x_wconf 89' lang='lat' dir='ltr'><strong>me</strong></span> <span class='ocrx_word' id='word_1_378' title='bbox 1201 4764 1391 4818; x_wconf 87' lang='lat' dir='ltr'><strong>videre</strong></span> <span class='ocrx_word' id='word_1_379' title='bbox 1417 4763 1692 4829; x_wconf 89' lang='lat' dir='ltr'><strong>arbitror;</strong></span> <span class='ocrx_word' id='word_1_380' title='bbox 1745 4762 1843 4816; x_wconf 90' lang='lat' dir='ltr'><strong>sed</strong></span> 
     </span>
    </p>
   </div>
   <div class='ocr_carea' id='block_1_50' title="bbox 143 4848 1844 4922">
    <p class='ocr_par' dir='ltr' id='par_1_50' title="bbox 143 4848 1844 4922">
     <span class='ocr_line' id='line_1_50' title="bbox 143 4848 1844 4922; baseline -0.003 -16"><span class='ocrx_word' id='word_1_381' title='bbox 143 4852 365 4906; x_wconf 88' lang='lat' dir='ltr'><strong>utinam</strong></span> <span class='ocrx_word' id='word_1_382' title='bbox 400 4858 516 4907; x_wconf 80' lang='lat' dir='ltr'><strong>tam</strong></span> <span class='ocrx_word' id='word_1_383' title='bbox 548 4853 800 4906; x_wconf 84' lang='lat' dir='ltr'><strong>viderem</strong></span> <span class='ocrx_word' id='word_1_384' title='bbox 834 4868 947 4922; x_wconf 90' lang='lat' dir='ltr'><strong>quo</strong></span> <span class='ocrx_word' id='word_1_385' title='bbox 970 4851 1077 4905; x_wconf 91' lang='lat' dir='ltr'><strong>ista</strong></span> <span class='ocrx_word' id='word_1_386' title='bbox 1095 4850 1351 4918; x_wconf 84' lang='lat' dir='ltr'><strong>tendant,</strong></span> <span class='ocrx_word' id='word_1_387' title='bbox 1376 4854 1479 4903; x_wconf 86' lang='lat' dir='ltr'><strong>aut</strong></span> <span class='ocrx_word' id='word_1_388' title='bbox 1507 4848 1645 4919; x_wconf 90' lang='lat' dir='ltr'><strong>quid</strong></span> <span class='ocrx_word' id='word_1_389' title='bbox 1672 4864 1735 4901; x_wconf 83' lang='lat' dir='ltr'><strong>ex</strong></span> <span class='ocrx_word' id='word_1_390' title='bbox 1754 4848 1844 4902; x_wconf 92' lang='lat' dir='ltr'><strong>his</strong></span> 
     </span>
    </p>
   </div>
   <div class='ocr_carea' id='block_1_51' title="bbox 149 4938 1839 5010">
    <p class='ocr_par' dir='ltr' id='par_1_51' title="bbox 149 4938 1839 5010">
     <span class='ocr_line' id='line_1_51' title="bbox 149 4938 1839 5010; baseline 0 -17"><span class='ocrx_word' id='word_1_391' title='bbox 149 4941 461 4995; x_wconf 79' lang='lat' dir='ltr'><strong>eil‘ecturus</strong></span> <span class='ocrx_word' id='word_1_392' title='bbox 484 4940 583 5007; x_wconf 90' lang='lat' dir='ltr'><strong>sis,</strong></span> <span class='ocrx_word' id='word_1_393' title='bbox 612 4944 676 4994; x_wconf 91' lang='lat' dir='ltr'><strong>ut</strong></span> <span class='ocrx_word' id='word_1_394' title='bbox 706 4956 811 5009; x_wconf 90' lang='lat' dir='ltr'><strong>ego</strong></span> <span class='ocrx_word' id='word_1_395' title='bbox 843 4940 992 5010; x_wconf 91' lang='lat' dir='ltr'><strong>quod</strong></span> <span class='ocrx_word' id='word_1_396' title='bbox 1036 4939 1105 4993; x_wconf 91' lang='lat' dir='ltr'><strong>de</strong></span> <span class='ocrx_word' id='word_1_397' title='bbox 1134 4939 1326 4991; x_wconf 91' lang='lat' dir='ltr'><strong>anima</strong></span> <span class='ocrx_word' id='word_1_398' title='bbox 1360 4938 1612 5007; x_wconf 89' lang='lat' dir='ltr'><strong>requiro,</strong></span> <span class='ocrx_word' id='word_1_399' title='bbox 1646 4938 1839 4993; x_wconf 90' lang='lat' dir='ltr'><strong>sciam.</strong></span> 
     </span>
    </p>
   </div>
   <div class='ocr_carea' id='block_1_52' title="bbox 225 5025 1847 5096">
    <p class='ocr_par' dir='ltr' id='par_1_52' title="bbox 225 5025 1847 5096">
     <span class='ocr_line' id='line_1_52' title="bbox 225 5025 1847 5096; baseline -0.003 -14"><span class='ocrx_word' id='word_1_400' title='bbox 225 5032 309 5082; x_wconf 84' lang='lat' dir='ltr'><strong>l2.</strong></span> <span class='ocrx_word' id='word_1_401' title='bbox 348 5030 418 5083; x_wconf 85' lang='grc' dir='ltr'><strong>Α.</strong></span> <span class='ocrx_word' id='word_1_402' title='bbox 459 5030 571 5082; x_wconf 85' lang='lat' dir='ltr'><strong>Hoc</strong></span> <span class='ocrx_word' id='word_1_403' title='bbox 600 5028 767 5082; x_wconf 87' lang='lat' dir='ltr'><strong>initio</strong></span> <span class='ocrx_word' id='word_1_404' title='bbox 824 5032 881 5081; x_wconf 89' lang='lat' dir='ltr'><strong>te</strong></span> <span class='ocrx_word' id='word_1_405' title='bbox 919 5026 1217 5093; x_wconf 88' lang='lat' dir='ltr'><strong>admonui,</strong></span> <span class='ocrx_word' id='word_1_406' title='bbox 1249 5032 1306 5079; x_wconf 91' lang='lat' dir='ltr'><strong>et</strong></span> <span class='ocrx_word' id='word_1_407' title='bbox 1349 5025 1628 5096; x_wconf 89' lang='lat' dir='ltr'><strong>postulavi</strong></span> <span class='ocrx_word' id='word_1_408' title='bbox 1660 5030 1722 5078; x_wconf 89' lang='lat' dir='ltr'><strong>ut</strong></span> <span class='ocrx_word' id='word_1_409' title='bbox 1752 5041 1847 5094; x_wconf 92' lang='lat' dir='ltr'><strong>pa-</strong></span> 
     </span>
    </p>
   </div>
   <div class='ocr_carea' id='block_1_53' title="bbox 147 5112 1843 5185">
    <p class='ocr_par' dir='ltr' id='par_1_53' title="bbox 147 5112 1843 5185">
     <span class='ocr_line' id='line_1_53' title="bbox 147 5112 1843 5185; baseline -0.003 -15"><span class='ocrx_word' id='word_1_410' title='bbox 147 5116 359 5170; x_wconf 88' lang='lat' dir='ltr'><strong>tienter</strong></span> <span class='ocrx_word' id='word_1_411' title='bbox 385 5116 563 5169; x_wconf 86' lang='lat' dir='ltr'><strong>ferres</strong></span> <span class='ocrx_word' id='word_1_412' title='bbox 606 5117 965 5185; x_wconf 88' lang='lat' dir='ltr'><strong>aliquantum</strong></span> <span class='ocrx_word' id='word_1_413' title='bbox 1020 5114 1317 5169; x_wconf 88' lang='lat' dir='ltr'><strong>circuitum</strong></span> <span class='ocrx_word' id='word_1_414' title='bbox 1362 5118 1639 5179; x_wconf 89' lang='lat' dir='ltr'><strong>nostrum,</strong></span> <span class='ocrx_word' id='word_1_415' title='bbox 1692 5112 1843 5183; x_wconf 87' lang='lat' dir='ltr'><strong>quod</strong></span> 
     </span>
    </p>
   </div>
   <div class='ocr_carea' id='block_1_54' title="bbox 149 5202 1843 5275">
    <p class='ocr_par' dir='ltr' id='par_1_54' title="bbox 149 5202 1843 5275">
     <span class='ocr_line' id='line_1_54' title="bbox 149 5202 1843 5275; baseline -0.002 -18"><span class='ocrx_word' id='word_1_416' title='bbox 149 5205 292 5257; x_wconf 88' lang='lat' dir='ltr'><strong>item</strong></span> <span class='ocrx_word' id='word_1_417' title='bbox 321 5221 517 5275; x_wconf 68' lang='lat' dir='ltr'><strong>qua-so</strong></span> <span class='ocrx_word' id='word_1_418' title='bbox 549 5210 614 5258; x_wconf 91' lang='lat' dir='ltr'><strong>ut</strong></span> <span class='ocrx_word' id='word_1_419' title='bbox 638 5204 827 5257; x_wconf 89' lang='lat' dir='ltr'><strong>facias.</strong></span> <span class='ocrx_word' id='word_1_420' title='bbox 865 5205 989 5257; x_wconf 89' lang='lat' dir='ltr'><strong>Non</strong></span> <span class='ocrx_word' id='word_1_421' title='bbox 1020 5204 1164 5256; x_wconf 82' lang='lat' dir='ltr'><strong>levis</strong></span> <span class='ocrx_word' id='word_1_422' title='bbox 1190 5219 1278 5255; x_wconf 91' lang='lat' dir='ltr'><strong>res</strong></span> <span class='ocrx_word' id='word_1_423' title='bbox 1308 5202 1603 5273; x_wconf 70' lang='lat' dir='ltr'><strong>quaeritur,</strong></span> <span class='ocrx_word' id='word_1_424' title='bbox 1627 5218 1741 5255; x_wconf 91' lang='lat' dir='ltr'><strong>non</strong></span> <span class='ocrx_word' id='word_1_425' title='bbox 1762 5202 1843 5254; x_wconf 86' lang='lat' dir='ltr'><strong>fa-</strong></span> 
     </span>
    </p>
   </div>
   <div class='ocr_carea' id='block_1_55' title="bbox 148 5290 1844 5361">
    <p class='ocr_par' dir='ltr' id='par_1_55' title="bbox 148 5290 1844 5361">
     <span class='ocr_line' id='line_1_55' title="bbox 148 5290 1844 5361; baseline -0.002 -16"><span class='ocrx_word' id='word_1_426' title='bbox 148 5292 271 5346; x_wconf 91' lang='lat' dir='ltr'><strong>cilis</strong></span> <span class='ocrx_word' id='word_1_427' title='bbox 300 5292 370 5345; x_wconf 90' lang='lat' dir='ltr'><strong>ad</strong></span> <span class='ocrx_word' id='word_1_428' title='bbox 400 5294 859 5361; x_wconf 90' lang='lat' dir='ltr'><strong>cognoscendum</strong></span> <span class='ocrx_word' id='word_1_429' title='bbox 893 5307 1092 5345; x_wconf 89' lang='lat' dir='ltr'><strong>:nosse</strong></span> <span class='ocrx_word' id='word_1_430' title='bbox 1119 5291 1272 5344; x_wconf 92' lang='lat' dir='ltr'><strong>enim</strong></span> <span class='ocrx_word' id='word_1_431' title='bbox 1323 5291 1429 5344; x_wconf 92' lang='lat' dir='ltr'><strong>hoc</strong></span> <span class='ocrx_word' id='word_1_432' title='bbox 1469 5290 1639 5359; x_wconf 90' lang='lat' dir='ltr'><strong>plane</strong></span> <span class='ocrx_word' id='word_1_433' title='bbox 1668 5305 1731 5342; x_wconf 92' lang='lat' dir='ltr'><strong>ac</strong></span> <span class='ocrx_word' id='word_1_434' title='bbox 1760 5294 1844 5343; x_wconf 92' lang='lat' dir='ltr'><strong>te-</strong></span> 
     </span>
    </p>
   </div>
   <div class='ocr_carea' id='block_1_56' title="bbox 150 5378 1843 5448">
    <p class='ocr_par' dir='ltr' id='par_1_56' title="bbox 150 5378 1843 5448">
     <span class='ocr_line' id='line_1_56' title="bbox 150 5378 1843 5448; baseline -0.002 -15"><span class='ocrx_word' id='word_1_435' title='bbox 150 5396 286 5433; x_wconf 90' lang='lat' dir='ltr'><strong>nere</strong></span> <span class='ocrx_word' id='word_1_436' title='bbox 318 5381 605 5447; x_wconf 89' lang='lat' dir='ltr'><strong>volumus,</strong></span> <span class='ocrx_word' id='word_1_437' title='bbox 639 5380 686 5433; x_wconf 89' lang='lat' dir='ltr'><strong>si</strong></span> <span class='ocrx_word' id='word_1_438' title='bbox 716 5379 842 5434; x_wconf 89' lang='lat' dir='ltr'><strong>ﬁeri</strong></span> <span class='ocrx_word' id='word_1_439' title='bbox 866 5383 1072 5448; x_wconf 85' lang='lat' dir='ltr'><strong>potest.</strong></span> <span class='ocrx_word' id='word_1_440' title='bbox 1106 5378 1275 5431; x_wconf 77' lang='lat' dir='ltr'><strong>Aliud</strong></span> <span class='ocrx_word' id='word_1_441' title='bbox 1296 5382 1380 5431; x_wconf 89' lang='lat' dir='ltr'><strong>est</strong></span> <span class='ocrx_word' id='word_1_442' title='bbox 1408 5378 1561 5430; x_wconf 90' lang='lat' dir='ltr'><strong>enim</strong></span> <span class='ocrx_word' id='word_1_443' title='bbox 1586 5393 1716 5430; x_wconf 88' lang='lat' dir='ltr'><strong>cum</strong></span> <span class='ocrx_word' id='word_1_444' title='bbox 1748 5394 1843 5429; x_wconf 86' lang='lat' dir='ltr'><strong>au-</strong></span> 
     </span>
    </p>
   </div>
   <div class='ocr_carea' id='block_1_57' title="bbox 152 5465 1850 5534">
    <p class='ocr_par' dir='ltr' id='par_1_57' title="bbox 152 5465 1850 5534">
     <span class='ocr_line' id='line_1_57' title="bbox 152 5465 1850 5534; baseline -0.001 -14"><span class='ocrx_word' id='word_1_445' title='bbox 152 5468 402 5521; x_wconf 89' lang='lat' dir='ltr'><strong>ctoritati</strong></span> <span class='ocrx_word' id='word_1_446' title='bbox 434 5468 739 5534; x_wconf 91' lang='lat' dir='ltr'><strong>credimus,</strong></span> <span class='ocrx_word' id='word_1_447' title='bbox 769 5466 924 5521; x_wconf 90' lang='lat' dir='ltr'><strong>aliud</strong></span> <span class='ocrx_word' id='word_1_448' title='bbox 956 5482 1085 5520; x_wconf 90' lang='lat' dir='ltr'><strong>cum</strong></span> <span class='ocrx_word' id='word_1_449' title='bbox 1117 5465 1342 5520; x_wconf 87' lang='lat' dir='ltr'><strong>rationi.</strong></span> <span class='ocrx_word' id='word_1_450' title='bbox 1377 5465 1712 5519; x_wconf 86' lang='lat' dir='ltr'><strong>Auctoritati</strong></span> <span class='ocrx_word' id='word_1_451' title='bbox 1733 5480 1850 5519; x_wconf 90' lang='lat' dir='ltr'><strong>cre-</strong></span> 
     </span>
    </p>
   </div>
   <div class='ocr_carea' id='block_1_58' title="bbox 1819 5618 1829 5627">
    <p class='ocr_par' dir='ltr' id='par_1_58' title="bbox 1819 5618 1829 5627">
     <span class='ocr_line' id='line_1_58' title="bbox 1819 5618 1829 5627; baseline 0 0"><span class='ocrx_word' id='word_1_452' title='bbox 1819 5618 1829 5627; x_wconf 76' lang='grc' dir='ltr'><strong><em>ο</em></strong></span> 
     </span>
    </p>
   </div>
   <div class='ocr_carea' id='block_1_59' title="bbox 1675 239 2135 297">
    <p class='ocr_par' dir='ltr' id='par_1_59' title="bbox 1675 239 2135 297">
     <span class='ocr_line' id='line_1_59' title="bbox 1675 239 2135 297; baseline -0.002 -1"><span class='ocrx_word' id='word_1_453' title='bbox 1675 240 1888 296; x_wconf 80' lang='lat' dir='ltr'><strong>LIBER</strong></span> <span class='ocrx_word' id='word_1_454' title='bbox 1931 239 2025 296; x_wconf 88' lang='lat' dir='ltr'><strong>UN</strong></span> <span class='ocrx_word' id='word_1_455' title='bbox 2034 240 2135 297; x_wconf 88' lang='lat' dir='ltr'><strong>US.</strong></span> 
     </span>
    </p>
   </div>
   <div class='ocr_carea' id='block_1_60' title="bbox 3530 249 3630 303">
    <p class='ocr_par' dir='ltr' id='par_1_60' title="bbox 3530 249 3630 303">
     <span class='ocr_line' id='line_1_60' title="bbox 3530 249 3630 303; baseline 0.03 -3"><span class='ocrx_word' id='word_1_456' title='bbox 3530 249 3630 303; x_wconf 82' lang='grc'><strong>104</strong></span> 
     </span>
    </p>
   </div>
   <div class='ocr_carea' id='block_1_61' title="bbox 1972 362 3667 441">
    <p class='ocr_par' dir='ltr' id='par_1_61' title="bbox 1972 362 3667 441">
     <span class='ocr_line' id='line_1_61' title="bbox 1972 362 3667 441; baseline 0.006 -25"><span class='ocrx_word' id='word_1_457' title='bbox 1972 362 2107 417; x_wconf 92' lang='lat' dir='ltr'><strong>dere</strong></span> <span class='ocrx_word' id='word_1_458' title='bbox 2135 378 2411 434; x_wconf 88' lang='lat' dir='ltr'><strong>magnum</strong></span> <span class='ocrx_word' id='word_1_459' title='bbox 2440 365 2848 435; x_wconf 91' lang='lat' dir='ltr'><strong>compendium</strong></span> <span class='ocrx_word' id='word_1_460' title='bbox 2871 370 2973 432; x_wconf 90' lang='lat' dir='ltr'><strong>est,</strong></span> <span class='ocrx_word' id='word_1_461' title='bbox 2999 372 3056 421; x_wconf 91' lang='lat' dir='ltr'><strong>et</strong></span> <span class='ocrx_word' id='word_1_462' title='bbox 3084 368 3276 422; x_wconf 89' lang='lat' dir='ltr'><strong>nullus</strong></span> <span class='ocrx_word' id='word_1_463' title='bbox 3296 369 3458 424; x_wconf 89' lang='lat' dir='ltr'><strong>labor</strong></span> <span class='ocrx_word' id='word_1_464' title='bbox 3480 388 3492 425; x_wconf 94' lang='lat'><strong>:</strong></span> <span class='ocrx_word' id='word_1_465' title='bbox 3514 373 3667 441; x_wconf 89' lang='lat' dir='ltr'><strong>quod</strong></span> 
     </span>
    </p>
   </div>
   <div class='ocr_carea' id='block_1_62' title="bbox 1971 450 3668 528">
    <p class='ocr_par' dir='ltr' id='par_1_62' title="bbox 1971 450 3668 528">
     <span class='ocr_line' id='line_1_62' title="bbox 1971 450 3668 528; baseline 0.005 -25"><span class='ocrx_word' id='word_1_466' title='bbox 1971 450 2019 503; x_wconf 93' lang='lat' dir='ltr'><strong>si</strong></span> <span class='ocrx_word' id='word_1_467' title='bbox 2048 455 2104 505; x_wconf 90' lang='lat' dir='ltr'><strong>te</strong></span> <span class='ocrx_word' id='word_1_468' title='bbox 2135 451 2396 518; x_wconf 87' lang='lat' dir='ltr'><strong>delectat,</strong></span> <span class='ocrx_word' id='word_1_469' title='bbox 2432 453 2644 521; x_wconf 89' lang='lat' dir='ltr'><strong>poteris</strong></span> <span class='ocrx_word' id='word_1_470' title='bbox 2674 454 2855 508; x_wconf 90' lang='lat' dir='ltr'><strong>multa</strong></span> <span class='ocrx_word' id='word_1_471' title='bbox 2883 455 3095 524; x_wconf 88' lang='lat' dir='ltr'><strong>legere,</strong></span> <span class='ocrx_word' id='word_1_472' title='bbox 3127 471 3256 525; x_wconf 71' lang='lat' dir='ltr'><strong>quae</strong></span> <span class='ocrx_word' id='word_1_473' title='bbox 3288 458 3482 528; x_wconf 89' lang='lat' dir='ltr'><strong>magni</strong></span> <span class='ocrx_word' id='word_1_474' title='bbox 3501 463 3557 513; x_wconf 91' lang='lat' dir='ltr'><strong>et</strong></span> <span class='ocrx_word' id='word_1_475' title='bbox 3585 459 3668 512; x_wconf 91' lang='lat' dir='ltr'><strong>di-</strong></span> 
     </span>
    </p>
   </div>
   <div class='ocr_carea' id='block_1_63' title="bbox 1970 538 3667 613">
    <p class='ocr_par' dir='ltr' id='par_1_63' title="bbox 1970 538 3667 613">
     <span class='ocr_line' id='line_1_63' title="bbox 1970 538 3667 613; baseline 0.005 -22"><span class='ocrx_word' id='word_1_476' title='bbox 1970 538 2087 592; x_wconf 89' lang='lat' dir='ltr'><strong>vini</strong></span> <span class='ocrx_word' id='word_1_477' title='bbox 2115 539 2221 592; x_wconf 91' lang='lat' dir='ltr'><strong>viri</strong></span> <span class='ocrx_word' id='word_1_478' title='bbox 2248 540 2318 593; x_wconf 92' lang='lat' dir='ltr'><strong>de</strong></span> <span class='ocrx_word' id='word_1_479' title='bbox 2350 539 2438 593; x_wconf 92' lang='lat' dir='ltr'><strong>his</strong></span> <span class='ocrx_word' id='word_1_480' title='bbox 2471 542 2637 594; x_wconf 89' lang='lat' dir='ltr'><strong>rebus</strong></span> <span class='ocrx_word' id='word_1_481' title='bbox 2666 542 2983 595; x_wconf 87' lang='lat' dir='ltr'><strong>necessaria</strong></span> <span class='ocrx_word' id='word_1_482' title='bbox 3009 558 3137 613; x_wconf 75' lang='lat' dir='ltr'><strong>quae</strong></span> <span class='ocrx_word' id='word_1_483' title='bbox 3169 543 3527 613; x_wconf 87' lang='lat' dir='ltr'><strong>videbantur,</strong></span> <span class='ocrx_word' id='word_1_484' title='bbox 3578 562 3667 599; x_wconf 91' lang='lat' dir='ltr'><strong>sa-</strong></span> 
     </span>
    </p>
   </div>
   <div class='ocr_carea' id='block_1_64' title="bbox 1970 627 3659 701">
    <p class='ocr_par' dir='ltr' id='par_1_64' title="bbox 1970 627 3659 701">
     <span class='ocr_line' id='line_1_64' title="bbox 1970 627 3659 701; baseline 0.004 -21"><span class='ocrx_word' id='word_1_485' title='bbox 1970 627 2207 681; x_wconf 90' lang='lat' dir='ltr'><strong>lubriter</strong></span> <span class='ocrx_word' id='word_1_486' title='bbox 2232 628 2683 697; x_wconf 88' lang='lat' dir='ltr'><strong>imperitioribus</strong></span> <span class='ocrx_word' id='word_1_487' title='bbox 2700 630 3019 699; x_wconf 88' lang='lat' dir='ltr'><strong>quasinutu</strong></span> <span class='ocrx_word' id='word_1_488' title='bbox 3034 631 3285 701; x_wconf 90' lang='lat' dir='ltr'><strong>quodam</strong></span> <span class='ocrx_word' id='word_1_489' title='bbox 3308 632 3484 685; x_wconf 91' lang='lat' dir='ltr'><strong>locuti</strong></span> <span class='ocrx_word' id='word_1_490' title='bbox 3506 639 3659 699; x_wconf 91' lang='lat' dir='ltr'><strong>sunt,</strong></span> 
     </span>
    </p>
   </div>
   <div class='ocr_carea' id='block_1_65' title="bbox 1969 715 3662 791">
    <p class='ocr_par' dir='ltr' id='par_1_65' title="bbox 1969 715 3662 791">
     <span class='ocr_line' id='line_1_65' title="bbox 1969 715 3662 791; baseline 0.004 -24"><span class='ocrx_word' id='word_1_491' title='bbox 1969 715 2235 784; x_wconf 90' lang='lat' dir='ltr'><strong>credique</strong></span> <span class='ocrx_word' id='word_1_492' title='bbox 2266 715 2372 769; x_wconf 88' lang='lat' dir='ltr'><strong>sibi</strong></span> <span class='ocrx_word' id='word_1_493' title='bbox 2396 718 2699 791; x_wconf 81' lang='lat' dir='ltr'><strong>voluerunt</strong></span> <span class='ocrx_word' id='word_1_494' title='bbox 2725 717 2899 782; x_wconf 89' lang='lat' dir='ltr'><strong>abiis,</strong></span> <span class='ocrx_word' id='word_1_495' title='bbox 2933 734 3179 787; x_wconf 90' lang='lat' dir='ltr'><strong>quorum</strong></span> <span class='ocrx_word' id='word_1_496' title='bbox 3209 719 3415 773; x_wconf 89' lang='lat' dir='ltr'><strong>animis</strong></span> <span class='ocrx_word' id='word_1_497' title='bbox 3442 721 3527 774; x_wconf 89' lang='lat' dir='ltr'><strong>vel</strong></span> <span class='ocrx_word' id='word_1_498' title='bbox 3549 725 3662 774; x_wconf 88' lang='lat' dir='ltr'><strong>tar-</strong></span> 
     </span>
    </p>
   </div>
   <div class='ocr_carea' id='block_1_66' title="bbox 1970 802 3659 878">
    <p class='ocr_par' dir='ltr' id='par_1_66' title="bbox 1970 802 3659 878">
     <span class='ocr_line' id='line_1_66' title="bbox 1970 802 3659 878; baseline 0.005 -24"><span class='ocrx_word' id='word_1_499' title='bbox 1970 802 2223 856; x_wconf 88' lang='lat' dir='ltr'><strong>dioribus</strong></span> <span class='ocrx_word' id='word_1_500' title='bbox 2253 804 2339 857; x_wconf 90' lang='lat' dir='ltr'><strong>vel</strong></span> <span class='ocrx_word' id='word_1_501' title='bbox 2362 804 2837 873; x_wconf 90' lang='lat' dir='ltr'><strong>implicatioribus</strong></span> <span class='ocrx_word' id='word_1_502' title='bbox 2864 804 3137 859; x_wconf 89' lang='lat' dir='ltr'><strong>aliasalus</strong></span> <span class='ocrx_word' id='word_1_503' title='bbox 3167 823 3287 861; x_wconf 90' lang='lat' dir='ltr'><strong>esse</strong></span> <span class='ocrx_word' id='word_1_504' title='bbox 3308 824 3423 861; x_wconf 88' lang='lat' dir='ltr'><strong>non</strong></span> <span class='ocrx_word' id='word_1_505' title='bbox 3451 814 3659 878; x_wconf 91' lang='lat' dir='ltr'><strong>posset.</strong></span> 
     </span>
    </p>
   </div>
   <div class='ocr_carea' id='block_1_67' title="bbox 1969 891 3660 962">
    <p class='ocr_par' dir='ltr' id='par_1_67' title="bbox 1969 891 3660 962">
     <span class='ocr_line' id='line_1_67' title="bbox 1969 891 3660 962; baseline 0.005 -20"><span class='ocrx_word' id='word_1_506' title='bbox 1969 891 2129 943; x_wconf 90' lang='lat' dir='ltr'><strong>Tales</strong></span> <span class='ocrx_word' id='word_1_507' title='bbox 2162 892 2317 943; x_wconf 91' lang='lat' dir='ltr'><strong>enim</strong></span> <span class='ocrx_word' id='word_1_508' title='bbox 2348 891 2630 960; x_wconf 87' lang='lat' dir='ltr'><strong>homines,</strong></span> <span class='ocrx_word' id='word_1_509' title='bbox 2666 908 2913 962; x_wconf 90' lang='lat' dir='ltr'><strong>quorum</strong></span> <span class='ocrx_word' id='word_1_510' title='bbox 2960 894 3213 962; x_wconf 85' lang='lat' dir='ltr'><strong>profecto</strong></span> <span class='ocrx_word' id='word_1_511' title='bbox 3245 895 3493 949; x_wconf 86' lang='lat' dir='ltr'><strong>maxima</strong></span> <span class='ocrx_word' id='word_1_512' title='bbox 3522 896 3660 949; x_wconf 83' lang='lat' dir='ltr'><strong>mul-</strong></span> 
     </span>
    </p>
   </div>
   <div class='ocr_carea' id='block_1_68' title="bbox 1968 978 3663 1051">
    <p class='ocr_par' dir='ltr' id='par_1_68' title="bbox 1968 978 3663 1051">
     <span class='ocr_line' id='line_1_68' title="bbox 1968 978 3663 1051; baseline 0.004 -20"><span class='ocrx_word' id='word_1_513' title='bbox 1968 978 2152 1032; x_wconf 89' lang='lat' dir='ltr'><strong>titudo</strong></span> <span class='ocrx_word' id='word_1_514' title='bbox 2176 982 2279 1043; x_wconf 89' lang='lat' dir='ltr'><strong>est,</strong></span> <span class='ocrx_word' id='word_1_515' title='bbox 2316 978 2361 1030; x_wconf 90' lang='lat' dir='ltr'><strong>si</strong></span> <span class='ocrx_word' id='word_1_516' title='bbox 2410 980 2627 1032; x_wconf 89' lang='lat' dir='ltr'><strong>ratione</strong></span> <span class='ocrx_word' id='word_1_517' title='bbox 2682 980 2861 1033; x_wconf 91' lang='lat' dir='ltr'><strong>velint</strong></span> <span class='ocrx_word' id='word_1_518' title='bbox 2906 997 3104 1041; x_wconf 87' lang='lat' dir='ltr'><strong>verum</strong></span> <span class='ocrx_word' id='word_1_519' title='bbox 3161 983 3663 1051; x_wconf 88' lang='lat' dir='ltr'><strong>comprehendere,</strong></span> 
     </span>
    </p>
   </div>
   <div class='ocr_carea' id='block_1_69' title="bbox 1970 1065 3663 1139">
    <p class='ocr_par' dir='ltr' id='par_1_69' title="bbox 1970 1065 3663 1139">
     <span class='ocr_line' id='line_1_69' title="bbox 1970 1065 3663 1139; baseline 0.004 -22"><span class='ocrx_word' id='word_1_520' title='bbox 1970 1065 2440 1119; x_wconf 87' lang='lat' dir='ltr'><strong>similitudinibus</strong></span> <span class='ocrx_word' id='word_1_521' title='bbox 2473 1068 2763 1121; x_wconf 90' lang='lat' dir='ltr'><strong>rationum</strong></span> <span class='ocrx_word' id='word_1_522' title='bbox 2802 1068 3069 1122; x_wconf 84' lang='lat' dir='ltr'><strong>facillime</strong></span> <span class='ocrx_word' id='word_1_523' title='bbox 3098 1069 3482 1139; x_wconf 88' lang='lat' dir='ltr'><strong>decipiuntur,</strong></span> <span class='ocrx_word' id='word_1_524' title='bbox 3521 1074 3575 1125; x_wconf 86' lang='lat' dir='ltr'><strong>et</strong></span> <span class='ocrx_word' id='word_1_525' title='bbox 3604 1071 3663 1124; x_wconf 91' lang='lat' dir='ltr'><strong>in</strong></span> 
     </span>
    </p>
   </div>
   <div class='ocr_carea' id='block_1_70' title="bbox 1966 1152 3661 1226">
    <p class='ocr_par' dir='ltr' id='par_1_70' title="bbox 1966 1152 3661 1226">
     <span class='ocr_line' id='line_1_70' title="bbox 1966 1152 3661 1226; baseline 0.003 -22"><span class='ocrx_word' id='word_1_526' title='bbox 1966 1152 2152 1205; x_wconf 90' lang='lat' dir='ltr'><strong>varias</strong></span> <span class='ocrx_word' id='word_1_527' title='bbox 2178 1152 2493 1223; x_wconf 84' lang='lat' dir='ltr'><strong>noxiasque</strong></span> <span class='ocrx_word' id='word_1_528' title='bbox 2524 1153 2822 1223; x_wconf 91' lang='lat' dir='ltr'><strong>opiniones</strong></span> <span class='ocrx_word' id='word_1_529' title='bbox 2848 1154 2928 1207; x_wconf 88' lang='lat' dir='ltr'><strong>ita</strong></span> <span class='ocrx_word' id='word_1_530' title='bbox 2956 1155 3247 1221; x_wconf 87' lang='lat' dir='ltr'><strong>labuntur,</strong></span> <span class='ocrx_word' id='word_1_531' title='bbox 3283 1160 3343 1209; x_wconf 90' lang='lat' dir='ltr'><strong>ut</strong></span> <span class='ocrx_word' id='word_1_532' title='bbox 3370 1172 3661 1226; x_wconf 89' lang='lat' dir='ltr'><strong>emergere</strong></span> 
     </span>
    </p>
   </div>
   <div class='ocr_carea' id='block_1_71' title="bbox 1967 1239 3657 1312">
    <p class='ocr_par' dir='ltr' id='par_1_71' title="bbox 1967 1239 3657 1312">
     <span class='ocr_line' id='line_1_71' title="bbox 1967 1239 3657 1312; baseline 0.004 -21"><span class='ocrx_word' id='word_1_533' title='bbox 1967 1239 2100 1293; x_wconf 91' lang='lat' dir='ltr'><strong>inde</strong></span> <span class='ocrx_word' id='word_1_534' title='bbox 2130 1256 2193 1292; x_wconf 92' lang='lat' dir='ltr'><strong>ac</strong></span> <span class='ocrx_word' id='word_1_535' title='bbox 2222 1240 2477 1305; x_wconf 88' lang='lat' dir='ltr'><strong>liberari,</strong></span> <span class='ocrx_word' id='word_1_536' title='bbox 2502 1246 2601 1293; x_wconf 89' lang='lat' dir='ltr'><strong>aut</strong></span> <span class='ocrx_word' id='word_1_537' title='bbox 2628 1257 2944 1312; x_wconf 84' lang='lat' dir='ltr'><strong>nunquam,</strong></span> <span class='ocrx_word' id='word_1_538' title='bbox 2978 1248 3075 1295; x_wconf 90' lang='lat' dir='ltr'><strong>aut</strong></span> <span class='ocrx_word' id='word_1_539' title='bbox 3096 1242 3394 1311; x_wconf 77' lang='lat' dir='ltr'><strong>aegerrime</strong></span> <span class='ocrx_word' id='word_1_540' title='bbox 3426 1250 3657 1312; x_wconf 91' lang='lat' dir='ltr'><strong>queant.</strong></span> 
     </span>
    </p>
   </div>
   <div class='ocr_carea' id='block_1_72' title="bbox 1968 1326 3659 1396">
    <p class='ocr_par' dir='ltr' id='par_1_72' title="bbox 1968 1326 3659 1396">
     <span class='ocr_line' id='line_1_72' title="bbox 1968 1326 3659 1396; baseline 0.003 -18"><span class='ocrx_word' id='word_1_541' title='bbox 1968 1326 2062 1379; x_wconf 87' lang='lat' dir='ltr'><strong>His</strong></span> <span class='ocrx_word' id='word_1_542' title='bbox 2093 1342 2227 1396; x_wconf 90' lang='lat' dir='ltr'><strong>ergo</strong></span> <span class='ocrx_word' id='word_1_543' title='bbox 2258 1327 2629 1380; x_wconf 87' lang='lat' dir='ltr'><strong>utilissimum</strong></span> <span class='ocrx_word' id='word_1_544' title='bbox 2672 1332 2755 1381; x_wconf 90' lang='lat' dir='ltr'><strong>est</strong></span> <span class='ocrx_word' id='word_1_545' title='bbox 2807 1330 3296 1383; x_wconf 70' lang='lat' dir='ltr'><strong>excellentissima:</strong></span> <span class='ocrx_word' id='word_1_546' title='bbox 3344 1329 3659 1384; x_wconf 87' lang='lat' dir='ltr'><strong>auctoritati</strong></span> 
     </span>
    </p>
   </div>
   <div class='ocr_carea' id='block_1_73' title="bbox 1966 1414 3660 1484">
    <p class='ocr_par' dir='ltr' id='par_1_73' title="bbox 1966 1414 3660 1484">
     <span class='ocr_line' id='line_1_73' title="bbox 1966 1414 3660 1484; baseline 0.003 -18"><span class='ocrx_word' id='word_1_547' title='bbox 1966 1414 2213 1479; x_wconf 87' lang='lat' dir='ltr'><strong>credere,</strong></span> <span class='ocrx_word' id='word_1_548' title='bbox 2232 1418 2287 1467; x_wconf 89' lang='lat' dir='ltr'><strong>et</strong></span> <span class='ocrx_word' id='word_1_549' title='bbox 2305 1415 2640 1468; x_wconf 90' lang='lat' dir='ltr'><strong>secumdum</strong></span> <span class='ocrx_word' id='word_1_550' title='bbox 2670 1414 2777 1468; x_wconf 91' lang='lat' dir='ltr'><strong>hoc</strong></span> <span class='ocrx_word' id='word_1_551' title='bbox 2806 1431 2974 1484; x_wconf 90' lang='lat' dir='ltr'><strong>agere</strong></span> <span class='ocrx_word' id='word_1_552' title='bbox 2997 1415 3192 1469; x_wconf 89' lang='lat' dir='ltr'><strong>vitam.</strong></span> <span class='ocrx_word' id='word_1_553' title='bbox 3214 1418 3373 1480; x_wconf 87' lang='lat' dir='ltr'><strong>Quod</strong></span> <span class='ocrx_word' id='word_1_554' title='bbox 3405 1418 3451 1470; x_wconf 91' lang='lat' dir='ltr'><strong>si</strong></span> <span class='ocrx_word' id='word_1_555' title='bbox 3482 1418 3660 1472; x_wconf 88' lang='lat' dir='ltr'><strong>tutius</strong></span> 
     </span>
    </p>
   </div>
   <div class='ocr_carea' id='block_1_74' title="bbox 1965 1500 3662 1573">
    <p class='ocr_par' dir='ltr' id='par_1_74' title="bbox 1965 1500 3662 1573">
     <span class='ocr_line' id='line_1_74' title="bbox 1965 1500 3662 1573; baseline 0.002 -20"><span class='ocrx_word' id='word_1_556' title='bbox 1965 1507 2151 1571; x_wconf 89' lang='lat' dir='ltr'><strong>putas,</strong></span> <span class='ocrx_word' id='word_1_557' title='bbox 2184 1518 2300 1554; x_wconf 90' lang='lat' dir='ltr'><strong>non</strong></span> <span class='ocrx_word' id='word_1_558' title='bbox 2330 1502 2517 1554; x_wconf 91' lang='lat' dir='ltr'><strong>solum</strong></span> <span class='ocrx_word' id='word_1_559' title='bbox 2546 1500 2690 1555; x_wconf 90' lang='lat' dir='ltr'><strong>nihil</strong></span> <span class='ocrx_word' id='word_1_560' title='bbox 2721 1501 2942 1569; x_wconf 88' lang='lat' dir='ltr'><strong>resisto,</strong></span> <span class='ocrx_word' id='word_1_561' title='bbox 2964 1502 3063 1556; x_wconf 89' lang='lat' dir='ltr'><strong>sed</strong></span> <span class='ocrx_word' id='word_1_562' title='bbox 3093 1503 3265 1556; x_wconf 89' lang='lat' dir='ltr'><strong>etiam</strong></span> <span class='ocrx_word' id='word_1_563' title='bbox 3297 1505 3542 1557; x_wconf 89' lang='lat' dir='ltr'><strong>multum</strong></span> <span class='ocrx_word' id='word_1_564' title='bbox 3565 1522 3662 1573; x_wconf 82' lang='lat' dir='ltr'><strong>ap—</strong></span> 
     </span>
    </p>
   </div>
   <div class='ocr_carea' id='block_1_75' title="bbox 1963 1591 3660 1662">
    <p class='ocr_par' dir='ltr' id='par_1_75' title="bbox 1963 1591 3660 1662">
     <span class='ocr_line' id='line_1_75' title="bbox 1963 1591 3660 1662; baseline 0.002 -19"><span class='ocrx_word' id='word_1_565' title='bbox 1963 1591 2165 1660; x_wconf 89' lang='lat' dir='ltr'><strong>probo.</strong></span> <span class='ocrx_word' id='word_1_566' title='bbox 2197 1591 2255 1645; x_wconf 92' lang='lat' dir='ltr'><strong>Si</strong></span> <span class='ocrx_word' id='word_1_567' title='bbox 2286 1596 2478 1645; x_wconf 89' lang='lat' dir='ltr'><strong>autem</strong></span> <span class='ocrx_word' id='word_1_568' title='bbox 2508 1591 2879 1662; x_wconf 90' lang='lat' dir='ltr'><strong>cupiditatem</strong></span> <span class='ocrx_word' id='word_1_569' title='bbox 2903 1592 3069 1645; x_wconf 91' lang='lat' dir='ltr'><strong>istam</strong></span> <span class='ocrx_word' id='word_1_570' title='bbox 3105 1593 3391 1646; x_wconf 89' lang='lat' dir='ltr'><strong>refrenare</strong></span> <span class='ocrx_word' id='word_1_571' title='bbox 3423 1610 3537 1646; x_wconf 90' lang='lat' dir='ltr'><strong>non</strong></span> <span class='ocrx_word' id='word_1_572' title='bbox 3559 1610 3660 1660; x_wconf 89' lang='lat' dir='ltr'><strong>po-</strong></span> 
     </span>
    </p>
   </div>
   <div class='ocr_carea' id='block_1_76' title="bbox 1964 1676 3663 1746">
    <p class='ocr_par' dir='ltr' id='par_1_76' title="bbox 1964 1676 3663 1746">
     <span class='ocr_line' id='line_1_76' title="bbox 1964 1676 3663 1746; baseline 0.002 -17"><span class='ocrx_word' id='word_1_573' title='bbox 1964 1681 2068 1737; x_wconf 90' lang='lat' dir='ltr'><strong>tes,</strong></span> <span class='ocrx_word' id='word_1_574' title='bbox 2100 1692 2211 1746; x_wconf 91' lang='lat' dir='ltr'><strong>qua</strong></span> <span class='ocrx_word' id='word_1_575' title='bbox 2241 1676 2342 1730; x_wconf 91' lang='lat' dir='ltr'><strong>tibi</strong></span> <span class='ocrx_word' id='word_1_576' title='bbox 2389 1676 2721 1746; x_wconf 90' lang='lat' dir='ltr'><strong>persuasisti</strong></span> <span class='ocrx_word' id='word_1_577' title='bbox 2763 1676 2981 1730; x_wconf 89' lang='lat' dir='ltr'><strong>ratione</strong></span> <span class='ocrx_word' id='word_1_578' title='bbox 3033 1678 3329 1746; x_wconf 90' lang='lat' dir='ltr'><strong>pervenire</strong></span> <span class='ocrx_word' id='word_1_579' title='bbox 3360 1679 3428 1732; x_wconf 89' lang='lat' dir='ltr'><strong>ad</strong></span> <span class='ocrx_word' id='word_1_580' title='bbox 3459 1679 3663 1733; x_wconf 87' lang='lat' dir='ltr'><strong>verita-</strong></span> 
     </span>
    </p>
   </div>
   <div class='ocr_carea' id='block_1_77' title="bbox 1962 1764 3661 1833">
    <p class='ocr_par' dir='ltr' id='par_1_77' title="bbox 1962 1764 3661 1833">
     <span class='ocr_line' id='line_1_77' title="bbox 1962 1764 3661 1833; baseline 0.002 -16"><span class='ocrx_word' id='word_1_581' title='bbox 1962 1767 2099 1830; x_wconf 89' lang='lat' dir='ltr'><strong>tem,</strong></span> <span class='ocrx_word' id='word_1_582' title='bbox 2130 1764 2295 1817; x_wconf 89' lang='lat' dir='ltr'><strong>multi</strong></span> <span class='ocrx_word' id='word_1_583' title='bbox 2326 1770 2382 1817; x_wconf 91' lang='lat' dir='ltr'><strong>et</strong></span> <span class='ocrx_word' id='word_1_584' title='bbox 2411 1765 2570 1833; x_wconf 85' lang='lat' dir='ltr'><strong>longi</strong></span> <span class='ocrx_word' id='word_1_585' title='bbox 2598 1764 2867 1818; x_wconf 88' lang='lat' dir='ltr'><strong>circuitus</strong></span> <span class='ocrx_word' id='word_1_586' title='bbox 2914 1764 3019 1818; x_wconf 87' lang='lat' dir='ltr'><strong>tibi</strong></span> <span class='ocrx_word' id='word_1_587' title='bbox 3054 1766 3333 1819; x_wconf 90' lang='lat' dir='ltr'><strong>tolerandi</strong></span> <span class='ocrx_word' id='word_1_588' title='bbox 3385 1772 3539 1831; x_wconf 91' lang='lat' dir='ltr'><strong>sunt,</strong></span> <span class='ocrx_word' id='word_1_589' title='bbox 3594 1772 3661 1820; x_wconf 92' lang='lat' dir='ltr'><strong>ut</strong></span> 
     </span>
    </p>
   </div>
   <div class='ocr_carea' id='block_1_78' title="bbox 1963 1852 3661 1921">
    <p class='ocr_par' dir='ltr' id='par_1_78' title="bbox 1963 1852 3661 1921">
     <span class='ocr_line' id='line_1_78' title="bbox 1963 1852 3661 1921; baseline 0.001 -16"><span class='ocrx_word' id='word_1_590' title='bbox 1963 1868 2079 1905; x_wconf 93' lang='lat' dir='ltr'><strong>non</strong></span> <span class='ocrx_word' id='word_1_591' title='bbox 2105 1852 2250 1905; x_wconf 89' lang='lat' dir='ltr'><strong>ratio</strong></span> <span class='ocrx_word' id='word_1_592' title='bbox 2282 1856 2337 1905; x_wconf 91' lang='lat' dir='ltr'><strong>te</strong></span> <span class='ocrx_word' id='word_1_593' title='bbox 2368 1852 2630 1920; x_wconf 87' lang='lat' dir='ltr'><strong>adducat,</strong></span> <span class='ocrx_word' id='word_1_594' title='bbox 2661 1852 2772 1905; x_wconf 89' lang='lat' dir='ltr'><strong>nisi</strong></span> <span class='ocrx_word' id='word_1_595' title='bbox 2805 1868 2872 1906; x_wconf 90' lang='lat' dir='ltr'><strong>ea</strong></span> <span class='ocrx_word' id='word_1_596' title='bbox 2903 1869 3031 1921; x_wconf 68' lang='lat' dir='ltr'><strong>quae</strong></span> <span class='ocrx_word' id='word_1_597' title='bbox 3071 1854 3190 1905; x_wconf 90' lang='lat' dir='ltr'><strong>sola</strong></span> <span class='ocrx_word' id='word_1_598' title='bbox 3240 1853 3388 1906; x_wconf 89' lang='lat' dir='ltr'><strong>ratio</strong></span> <span class='ocrx_word' id='word_1_599' title='bbox 3421 1853 3661 1907; x_wconf 90' lang='lat' dir='ltr'><strong>dicenda</strong></span> 
     </span>
    </p>
   </div>
   <div class='ocr_carea' id='block_1_79' title="bbox 1962 1939 3651 2006">
    <p class='ocr_par' dir='ltr' id='par_1_79' title="bbox 1962 1939 3651 2006">
     <span class='ocr_line' id='line_1_79' title="bbox 1962 1939 3651 2006; baseline 0.001 -14"><span class='ocrx_word' id='word_1_600' title='bbox 1962 1944 2066 2005; x_wconf 89' lang='lat' dir='ltr'><strong>est,</strong></span> <span class='ocrx_word' id='word_1_601' title='bbox 2098 1939 2157 1992; x_wconf 91' lang='lat' dir='ltr'><strong>id</strong></span> <span class='ocrx_word' id='word_1_602' title='bbox 2188 1944 2273 1993; x_wconf 90' lang='lat' dir='ltr'><strong>est</strong></span> <span class='ocrx_word' id='word_1_603' title='bbox 2294 1956 2425 1993; x_wconf 90' lang='lat' dir='ltr'><strong>vera</strong></span> <span class='ocrx_word' id='word_1_604' title='bbox 2455 1939 2630 2005; x_wconf 90' lang='lat' dir='ltr'><strong>ratio;</strong></span> <span class='ocrx_word' id='word_1_605' title='bbox 2654 1945 2711 1993; x_wconf 89' lang='lat' dir='ltr'><strong>et</strong></span> <span class='ocrx_word' id='word_1_606' title='bbox 2739 1956 2855 1993; x_wconf 90' lang='lat' dir='ltr'><strong>non</strong></span> <span class='ocrx_word' id='word_1_607' title='bbox 2872 1940 3060 1993; x_wconf 90' lang='lat' dir='ltr'><strong>solum</strong></span> <span class='ocrx_word' id='word_1_608' title='bbox 3086 1956 3235 2005; x_wconf 90' lang='lat' dir='ltr'><strong>vera,</strong></span> <span class='ocrx_word' id='word_1_609' title='bbox 3261 1940 3358 1993; x_wconf 91' lang='lat' dir='ltr'><strong>sed</strong></span> <span class='ocrx_word' id='word_1_610' title='bbox 3379 1940 3457 1993; x_wconf 90' lang='lat' dir='ltr'><strong>ita</strong></span> <span class='ocrx_word' id='word_1_611' title='bbox 3480 1943 3651 2006; x_wconf 90' lang='lat' dir='ltr'><strong>certa,</strong></span> 
     </span>
    </p>
   </div>
   <div class='ocr_carea' id='block_1_80' title="bbox 1963 2026 3655 2092">
    <p class='ocr_par' dir='ltr' id='par_1_80' title="bbox 1963 2026 3655 2092">
     <span class='ocr_line' id='line_1_80' title="bbox 1963 2026 3655 2092; baseline 0 -13"><span class='ocrx_word' id='word_1_612' title='bbox 1963 2033 2019 2081; x_wconf 90' lang='lat' dir='ltr'><strong>et</strong></span> <span class='ocrx_word' id='word_1_613' title='bbox 2047 2028 2117 2081; x_wconf 91' lang='lat' dir='ltr'><strong>ab</strong></span> <span class='ocrx_word' id='word_1_614' title='bbox 2150 2028 2307 2081; x_wconf 92' lang='lat' dir='ltr'><strong>omni</strong></span> <span class='ocrx_word' id='word_1_615' title='bbox 2338 2027 2713 2081; x_wconf 88' lang='lat' dir='ltr'><strong>similitudine</strong></span> <span class='ocrx_word' id='word_1_616' title='bbox 2740 2027 3001 2080; x_wconf 86' lang='lat' dir='ltr'><strong>falsitatis</strong></span> <span class='ocrx_word' id='word_1_617' title='bbox 3032 2027 3235 2092; x_wconf 87' lang='lat' dir='ltr'><strong>aliena,</strong></span> <span class='ocrx_word' id='word_1_618' title='bbox 3260 2026 3306 2079; x_wconf 91' lang='lat' dir='ltr'><strong>si</strong></span> <span class='ocrx_word' id='word_1_619' title='bbox 3325 2031 3518 2081; x_wconf 90' lang='lat' dir='ltr'><strong>tamen</strong></span> <span class='ocrx_word' id='word_1_620' title='bbox 3538 2027 3655 2080; x_wconf 91' lang='lat' dir='ltr'><strong>ullo</strong></span> 
     </span>
    </p>
   </div>
   <div class='ocr_carea' id='block_1_81' title="bbox 1961 2115 3654 2185">
    <p class='ocr_par' dir='ltr' id='par_1_81' title="bbox 1961 2115 3654 2185">
     <span class='ocr_line' id='line_1_81' title="bbox 1961 2115 3654 2185; baseline -0.001 -16"><span class='ocrx_word' id='word_1_621' title='bbox 1961 2116 2130 2169; x_wconf 90' lang='lat' dir='ltr'><strong>modo</strong></span> <span class='ocrx_word' id='word_1_622' title='bbox 2163 2116 2283 2169; x_wconf 59' lang='lat' dir='ltr'><strong>haec</strong></span> <span class='ocrx_word' id='word_1_623' title='bbox 2314 2115 2383 2168; x_wconf 92' lang='lat' dir='ltr'><strong>ab</strong></span> <span class='ocrx_word' id='word_1_624' title='bbox 2414 2116 2649 2168; x_wconf 90' lang='lat' dir='ltr'><strong>homine</strong></span> <span class='ocrx_word' id='word_1_625' title='bbox 2669 2115 2916 2168; x_wconf 88' lang='lat' dir='ltr'><strong>inveniri</strong></span> <span class='ocrx_word' id='word_1_626' title='bbox 2936 2118 3139 2185; x_wconf 89' lang='lat' dir='ltr'><strong>potest,</strong></span> <span class='ocrx_word' id='word_1_627' title='bbox 3171 2121 3237 2169; x_wconf 89' lang='lat' dir='ltr'><strong>ut</strong></span> <span class='ocrx_word' id='word_1_628' title='bbox 3266 2115 3438 2168; x_wconf 71' lang='lat' dir='ltr'><strong>nulla:</strong></span> <span class='ocrx_word' id='word_1_629' title='bbox 3465 2115 3654 2185; x_wconf 74' lang='lat' dir='ltr'><strong>dispu~</strong></span> 
     </span>
    </p>
   </div>
   <div class='ocr_carea' id='block_1_82' title="bbox 1960 2202 3654 2272">
    <p class='ocr_par' dir='ltr' id='par_1_82' title="bbox 1960 2202 3654 2272">
     <span class='ocr_line' id='line_1_82' title="bbox 1960 2202 3654 2272; baseline -0.001 -14"><span class='ocrx_word' id='word_1_630' title='bbox 1960 2204 2201 2259; x_wconf 90' lang='lat' dir='ltr'><strong>tationes</strong></span> <span class='ocrx_word' id='word_1_631' title='bbox 2230 2205 2386 2259; x_wconf 62' lang='lat' dir='ltr'><strong>falsas</strong></span> <span class='ocrx_word' id='word_1_632' title='bbox 2413 2210 2512 2258; x_wconf 90' lang='lat' dir='ltr'><strong>aut</strong></span> <span class='ocrx_word' id='word_1_633' title='bbox 2536 2203 2875 2258; x_wconf 89' lang='lat' dir='ltr'><strong>verisimiles</strong></span> <span class='ocrx_word' id='word_1_634' title='bbox 2901 2204 2970 2257; x_wconf 90' lang='lat' dir='ltr'><strong>ab</strong></span> <span class='ocrx_word' id='word_1_635' title='bbox 3001 2220 3068 2257; x_wconf 92' lang='lat' dir='ltr'><strong>ea</strong></span> <span class='ocrx_word' id='word_1_636' title='bbox 3104 2208 3158 2257; x_wconf 92' lang='lat' dir='ltr'><strong>te</strong></span> <span class='ocrx_word' id='word_1_637' title='bbox 3197 2203 3418 2272; x_wconf 89' lang='lat' dir='ltr'><strong>possint</strong></span> <span class='ocrx_word' id='word_1_638' title='bbox 3457 2202 3654 2256; x_wconf 84' lang='lat' dir='ltr'><strong>tradu-</strong></span> 
     </span>
    </p>
   </div>
   <div class='ocr_carea' id='block_1_83' title="bbox 1960 2290 3657 2362">
    <p class='ocr_par' dir='ltr' id='par_1_83' title="bbox 1960 2290 3657 2362">
     <span class='ocr_line' id='line_1_83' title="bbox 1960 2290 3657 2362; baseline -0.002 -15"><span class='ocrx_word' id='word_1_639' title='bbox 1960 2308 2104 2347; x_wconf 87' lang='lat' dir='ltr'><strong>cere.</strong></span> <span class='ocrx_word' id='word_1_640' title='bbox 2134 2296 2199 2347; x_wconf 87' lang='lat' dir='ltr'><strong>E.</strong></span> <span class='ocrx_word' id='word_1_641' title='bbox 2247 2292 2399 2347; x_wconf 89' lang='lat' dir='ltr'><strong>Nihil</strong></span> <span class='ocrx_word' id='word_1_642' title='bbox 2448 2293 2569 2361; x_wconf 90' lang='lat' dir='ltr'><strong>jam</strong></span> <span class='ocrx_word' id='word_1_643' title='bbox 2626 2307 2989 2362; x_wconf 80' lang='lat' dir='ltr'><strong>praepropere</strong></span> <span class='ocrx_word' id='word_1_644' title='bbox 3026 2290 3399 2345; x_wconf 86' lang='lat' dir='ltr'><strong>desiderabo:</strong></span> <span class='ocrx_word' id='word_1_645' title='bbox 3433 2294 3565 2360; x_wconf 89' lang='lat' dir='ltr'><strong>agat</strong></span> <span class='ocrx_word' id='word_1_646' title='bbox 3594 2306 3657 2343; x_wconf 89' lang='lat' dir='ltr'><strong>ac</strong></span> 
     </span>
    </p>
   </div>
   <div class='ocr_carea' id='block_1_84' title="bbox 1961 2379 3305 2450">
    <p class='ocr_par' dir='ltr' id='par_1_84' title="bbox 1961 2379 3305 2450">
     <span class='ocr_line' id='line_1_84' title="bbox 1961 2379 3305 2450; baseline -0.002 -16"><span class='ocrx_word' id='word_1_647' title='bbox 1961 2382 2132 2435; x_wconf 89' lang='lat' dir='ltr'><strong>ducat</strong></span> <span class='ocrx_word' id='word_1_648' title='bbox 2155 2381 2299 2433; x_wconf 90' lang='lat' dir='ltr'><strong>ratio</strong></span> <span class='ocrx_word' id='word_1_649' title='bbox 2340 2396 2453 2450; x_wconf 92' lang='lat' dir='ltr'><strong>qua</strong></span> <span class='ocrx_word' id='word_1_650' title='bbox 2478 2380 2596 2433; x_wconf 90' lang='lat' dir='ltr'><strong>vult</strong></span> <span class='ocrx_word' id='word_1_651' title='bbox 2616 2382 2653 2443; x_wconf 78' lang='grc' dir='ltr'><strong>ί,</strong></span> <span class='ocrx_word' id='word_1_652' title='bbox 2678 2379 2989 2433; x_wconf 91' lang='lat' dir='ltr'><strong>dummodo</strong></span> <span class='ocrx_word' id='word_1_653' title='bbox 3016 2379 3305 2449; x_wconf 90' lang='lat' dir='ltr'><strong>perducat.</strong></span> 
     </span>
    </p>
   </div>
   <div class='ocr_carea' id='block_1_85' title="bbox 1962 2467 3655 2537">
    <p class='ocr_par' dir='ltr' id='par_1_85' title="bbox 1962 2467 3655 2537">
     <span class='ocr_line' id='line_1_85' title="bbox 1962 2467 3655 2537; baseline -0.003 -13"><span class='ocrx_word' id='word_1_654' title='bbox 1962 2469 2185 2524; x_wconf 83' lang='lat' dir='ltr'><strong>CAPUT</strong></span> <span class='ocrx_word' id='word_1_655' title='bbox 2215 2470 2359 2522; x_wconf 74' lang='lat' dir='ltr'><strong>Vill.</strong></span> <span class='ocrx_word' id='word_1_656' title='bbox 2390 2498 2459 2508; x_wconf 91' lang='lat'><strong>—-</strong></span> <span class='ocrx_word' id='word_1_657' title='bbox 2498 2471 2572 2522; x_wconf 86' lang='lat' dir='ltr'><strong>De</strong></span> <span class='ocrx_word' id='word_1_658' title='bbox 2613 2467 2817 2537; x_wconf 26' lang='lat' dir='ltr'><strong>ﬁguris,</strong></span> <span class='ocrx_word' id='word_1_659' title='bbox 2860 2468 3275 2521; x_wconf 75' lang='lat' dir='ltr'><strong>mathematicis.</strong></span> <span class='ocrx_word' id='word_1_660' title='bbox 3323 2467 3458 2531; x_wconf 84' lang='lat' dir='ltr'><strong>Quot</strong></span> <span class='ocrx_word' id='word_1_661' title='bbox 3500 2467 3655 2519; x_wconf 81' lang='lat' dir='ltr'><strong>lineis</strong></span> 
     </span>
    </p>
   </div>
   <div class='ocr_carea' id='block_1_86' title="bbox 2002 2538 3580 2608">
    <p class='ocr_par' dir='ltr' id='par_1_86' title="bbox 2002 2538 3580 2608">
     <span class='ocr_line' id='line_1_86' title="bbox 2002 2538 3580 2608; baseline -0.002 -16"><span class='ocrx_word' id='word_1_662' title='bbox 2002 2540 2192 2608; x_wconf 74' lang='lat' dir='ltr'><strong>figura</strong></span> <span class='ocrx_word' id='word_1_663' title='bbox 2222 2542 2340 2607; x_wconf 82' lang='lat' dir='ltr'><strong>ﬁat.</strong></span> <span class='ocrx_word' id='word_1_664' title='bbox 2366 2538 2638 2604; x_wconf 87' lang='lat' dir='ltr'><strong>Quomodo</strong></span> <span class='ocrx_word' id='word_1_665' title='bbox 2671 2539 2841 2591; x_wconf 79' lang='lat' dir='ltr'><strong>tribus</strong></span> <span class='ocrx_word' id='word_1_666' title='bbox 2865 2539 3019 2591; x_wconf 82' lang='lat' dir='ltr'><strong>lineis</strong></span> <span class='ocrx_word' id='word_1_667' title='bbox 3038 2540 3215 2605; x_wconf 73' lang='lat' dir='ltr'><strong>ﬁgura</strong></span> <span class='ocrx_word' id='word_1_668' title='bbox 3242 2538 3417 2606; x_wconf 84' lang='lat' dir='ltr'><strong>possit</strong></span> <span class='ocrx_word' id='word_1_669' title='bbox 3443 2539 3580 2604; x_wconf 77' lang='lat' dir='ltr'><strong>ﬁeri.</strong></span> 
     </span>
    </p>
   </div>
   <div class='ocr_carea' id='block_1_87' title="bbox 2032 2624 3653 2695">
    <p class='ocr_par' dir='ltr' id='par_1_87' title="bbox 2032 2624 3653 2695">
     <span class='ocr_line' id='line_1_87' title="bbox 2032 2624 3653 2695; baseline -0.002 -14"><span class='ocrx_word' id='word_1_670' title='bbox 2032 2630 2115 2681; x_wconf 83' lang='lat' dir='ltr'><strong>l3.</strong></span> <span class='ocrx_word' id='word_1_671' title='bbox 2149 2628 2218 2681; x_wconf 89' lang='lat' dir='ltr'><strong>A.</strong></span> <span class='ocrx_word' id='word_1_672' title='bbox 2253 2628 2401 2680; x_wconf 91' lang='lat' dir='ltr'><strong>Deus</strong></span> <span class='ocrx_word' id='word_1_673' title='bbox 2430 2627 2538 2679; x_wconf 91' lang='lat' dir='ltr'><strong>hoc</strong></span> <span class='ocrx_word' id='word_1_674' title='bbox 2564 2626 2747 2689; x_wconf 86' lang='lat' dir='ltr'><strong>faciet,</strong></span> <span class='ocrx_word' id='word_1_675' title='bbox 2777 2625 2875 2695; x_wconf 90' lang='lat' dir='ltr'><strong>qui</strong></span> <span class='ocrx_word' id='word_1_676' title='bbox 2907 2630 3003 2679; x_wconf 91' lang='lat' dir='ltr'><strong>aut</strong></span> <span class='ocrx_word' id='word_1_677' title='bbox 3036 2624 3105 2678; x_wconf 91' lang='lat' dir='ltr'><strong>de</strong></span> <span class='ocrx_word' id='word_1_678' title='bbox 3138 2624 3273 2677; x_wconf 91' lang='lat' dir='ltr'><strong>solis</strong></span> <span class='ocrx_word' id='word_1_679' title='bbox 3313 2624 3519 2678; x_wconf 91' lang='lat' dir='ltr'><strong>talibus</strong></span> <span class='ocrx_word' id='word_1_680' title='bbox 3566 2641 3653 2678; x_wconf 90' lang='lat' dir='ltr'><strong>re-</strong></span> 
     </span>
    </p>
   </div>
   <div class='ocr_carea' id='block_1_88' title="bbox 1955 2711 3649 2783">
    <p class='ocr_par' dir='ltr' id='par_1_88' title="bbox 1955 2711 3649 2783">
     <span class='ocr_line' id='line_1_88' title="bbox 1955 2711 3649 2783; baseline -0.002 -14"><span class='ocrx_word' id='word_1_681' title='bbox 1955 2715 2080 2782; x_wconf 88' lang='lat' dir='ltr'><strong>bus,</strong></span> <span class='ocrx_word' id='word_1_682' title='bbox 2124 2720 2222 2768; x_wconf 90' lang='lat' dir='ltr'><strong>aut</strong></span> <span class='ocrx_word' id='word_1_683' title='bbox 2252 2719 2401 2767; x_wconf 91' lang='lat' dir='ltr'><strong>certe</strong></span> <span class='ocrx_word' id='word_1_684' title='bbox 2432 2714 2502 2767; x_wconf 93' lang='lat' dir='ltr'><strong>de</strong></span> <span class='ocrx_word' id='word_1_685' title='bbox 2528 2714 2617 2767; x_wconf 91' lang='lat' dir='ltr'><strong>his</strong></span> <span class='ocrx_word' id='word_1_686' title='bbox 2649 2714 2898 2767; x_wconf 86' lang='lat' dir='ltr'><strong>maxime</strong></span> <span class='ocrx_word' id='word_1_687' title='bbox 2958 2711 3347 2783; x_wconf 89' lang='lat' dir='ltr'><strong>deprecandus</strong></span> <span class='ocrx_word' id='word_1_688' title='bbox 3400 2717 3505 2766; x_wconf 91' lang='lat' dir='ltr'><strong>est.</strong></span> <span class='ocrx_word' id='word_1_689' title='bbox 3541 2712 3649 2766; x_wconf 92' lang='lat' dir='ltr'><strong>Sed</strong></span> 
     </span>
    </p>
   </div>
   <div class='ocr_carea' id='block_1_89' title="bbox 1956 2799 3653 2872">
    <p class='ocr_par' dir='ltr' id='par_1_89' title="bbox 1956 2799 3653 2872">
     <span class='ocr_line' id='line_1_89' title="bbox 1956 2799 3653 2872; baseline -0.001 -17"><span class='ocrx_word' id='word_1_690' title='bbox 1956 2802 2027 2855; x_wconf 91' lang='lat' dir='ltr'><strong>ad</strong></span> <span class='ocrx_word' id='word_1_691' title='bbox 2048 2818 2170 2855; x_wconf 88' lang='lat' dir='ltr'><strong>rem</strong></span> <span class='ocrx_word' id='word_1_692' title='bbox 2200 2818 2374 2872; x_wconf 90' lang='lat' dir='ltr'><strong>quam</strong></span> <span class='ocrx_word' id='word_1_693' title='bbox 2400 2800 2758 2854; x_wconf 89' lang='lat' dir='ltr'><strong>institueram</strong></span> <span class='ocrx_word' id='word_1_694' title='bbox 2811 2801 3130 2854; x_wconf 90' lang='lat' dir='ltr'><strong>redeamus.</strong></span> <span class='ocrx_word' id='word_1_695' title='bbox 3162 2800 3303 2852; x_wconf 89' lang='lat' dir='ltr'><strong>Nam</strong></span> <span class='ocrx_word' id='word_1_696' title='bbox 3351 2799 3397 2851; x_wconf 92' lang='lat' dir='ltr'><strong>si</strong></span> <span class='ocrx_word' id='word_1_697' title='bbox 3427 2804 3482 2852; x_wconf 90' lang='lat' dir='ltr'><strong>et</strong></span> <span class='ocrx_word' id='word_1_698' title='bbox 3513 2800 3653 2869; x_wconf 91' lang='lat' dir='ltr'><strong>quid</strong></span> 
     </span>
    </p>
   </div>
   <div class='ocr_carea' id='block_1_90' title="bbox 1956 2886 3651 2959">
    <p class='ocr_par' dir='ltr' id='par_1_90' title="bbox 1956 2886 3651 2959">
     <span class='ocr_line' id='line_1_90' title="bbox 1956 2886 3651 2959; baseline -0.003 -16"><span class='ocrx_word' id='word_1_699' title='bbox 1956 2890 2028 2943; x_wconf 91' lang='lat' dir='ltr'><strong>sit</strong></span> <span class='ocrx_word' id='word_1_700' title='bbox 2057 2890 2228 2955; x_wconf 91' lang='lat' dir='ltr'><strong>linea,</strong></span> <span class='ocrx_word' id='word_1_701' title='bbox 2264 2894 2319 2943; x_wconf 90' lang='lat' dir='ltr'><strong>et</strong></span> <span class='ocrx_word' id='word_1_702' title='bbox 2348 2889 2487 2959; x_wconf 92' lang='lat' dir='ltr'><strong>quid</strong></span> <span class='ocrx_word' id='word_1_703' title='bbox 2518 2889 2591 2941; x_wconf 93' lang='lat' dir='ltr'><strong>sit</strong></span> <span class='ocrx_word' id='word_1_704' title='bbox 2620 2888 2805 2958; x_wconf 88' lang='lat' dir='ltr'><strong>ﬁgura</strong></span> <span class='ocrx_word' id='word_1_705' title='bbox 2854 2889 2972 2955; x_wconf 91' lang='lat' dir='ltr'><strong>jam</strong></span> <span class='ocrx_word' id='word_1_706' title='bbox 3021 2886 3125 2939; x_wconf 90' lang='lat' dir='ltr'><strong>tibi</strong></span> <span class='ocrx_word' id='word_1_707' title='bbox 3167 2890 3369 2939; x_wconf 83' lang='lat' dir='ltr'><strong>notum</strong></span> <span class='ocrx_word' id='word_1_708' title='bbox 3418 2890 3520 2952; x_wconf 88' lang='lat' dir='ltr'><strong>est,</strong></span> <span class='ocrx_word' id='word_1_709' title='bbox 3560 2886 3651 2939; x_wconf 93' lang='lat' dir='ltr'><strong>dic</strong></span> 
     </span>
    </p>
   </div>
   <div class='ocr_carea' id='block_1_91' title="bbox 1955 2972 3650 3047">
    <p class='ocr_par' dir='ltr' id='par_1_91' title="bbox 1955 2972 3650 3047">
     <span class='ocr_line' id='line_1_91' title="bbox 1955 2972 3650 3047; baseline -0.003 -16"><span class='ocrx_word' id='word_1_710' title='bbox 1955 2978 2105 3047; x_wconf 79' lang='lat' dir='ltr'><strong>quod</strong></span> <span class='ocrx_word' id='word_1_711' title='bbox 2136 2978 2236 3031; x_wconf 91' lang='lat' dir='ltr'><strong>abs</strong></span> <span class='ocrx_word' id='word_1_712' title='bbox 2264 2982 2317 3047; x_wconf 87' lang='lat' dir='ltr'><strong>te</strong></span> <span class='ocrx_word' id='word_1_713' title='bbox 2349 2992 2565 3047; x_wconf 68' lang='lat' dir='ltr'><strong>quaero,</strong></span> <span class='ocrx_word' id='word_1_714' title='bbox 2591 2976 2651 3029; x_wconf 92' lang='lat' dir='ltr'><strong>id</strong></span> <span class='ocrx_word' id='word_1_715' title='bbox 2681 2980 2767 3029; x_wconf 92' lang='lat' dir='ltr'><strong>est</strong></span> <span class='ocrx_word' id='word_1_716' title='bbox 2786 2980 2982 3029; x_wconf 90' lang='lat' dir='ltr'><strong>utrum</strong></span> <span class='ocrx_word' id='word_1_717' title='bbox 3012 2978 3175 3043; x_wconf 90' lang='lat' dir='ltr'><strong>putes</strong></span> <span class='ocrx_word' id='word_1_718' title='bbox 3196 2974 3375 3027; x_wconf 90' lang='lat' dir='ltr'><strong>ullam</strong></span> <span class='ocrx_word' id='word_1_719' title='bbox 3404 2972 3650 3043; x_wconf 89' lang='lat' dir='ltr'><strong>ﬁguram</strong></span> 
     </span>
    </p>
   </div>
   <div class='ocr_carea' id='block_1_92' title="bbox 1954 3046 3652 3135">
    <p class='ocr_par' dir='ltr' id='par_1_92' title="bbox 1954 3046 3652 3135">
     <span class='ocr_line' id='line_1_92' title="bbox 1954 3046 3652 3135; baseline -0.003 -17"><span class='ocrx_word' id='word_1_720' title='bbox 1954 3046 2079 3118; x_wconf 86' lang='lat' dir='ltr'><strong>ﬁeri</strong></span> <span class='ocrx_word' id='word_1_721' title='bbox 2107 3046 2383 3135; x_wconf 51' lang='lat' dir='ltr'><strong>posse,‘si</strong></span> <span class='ocrx_word' id='word_1_722' title='bbox 2403 3064 2553 3117; x_wconf 90' lang='lat' dir='ltr'><strong>linea</strong></span> <span class='ocrx_word' id='word_1_723' title='bbox 2584 3079 2650 3117; x_wconf 89' lang='lat' dir='ltr'><strong>ex</strong></span> <span class='ocrx_word' id='word_1_724' title='bbox 2702 3068 2944 3133; x_wconf 89' lang='lat' dir='ltr'><strong>utraque</strong></span> <span class='ocrx_word' id='word_1_725' title='bbox 2991 3066 3173 3132; x_wconf 90' lang='lat' dir='ltr'><strong>parte,</strong></span> <span class='ocrx_word' id='word_1_726' title='bbox 3206 3067 3305 3115; x_wconf 91' lang='lat' dir='ltr'><strong>aut</strong></span> <span class='ocrx_word' id='word_1_727' title='bbox 3354 3077 3421 3115; x_wconf 80' lang='lat' dir='ltr'><strong>ex</strong></span> <span class='ocrx_word' id='word_1_728' title='bbox 3476 3061 3652 3114; x_wconf 88' lang='lat' dir='ltr'><strong>altera</strong></span> 
     </span>
    </p>
   </div>
   <div class='ocr_carea' id='block_1_93' title="bbox 1954 3148 3649 3223">
    <p class='ocr_par' dir='ltr' id='par_1_93' title="bbox 1954 3148 3649 3223">
     <span class='ocr_line' id='line_1_93' title="bbox 1954 3148 3649 3223; baseline -0.003 -17"><span class='ocrx_word' id='word_1_729' title='bbox 1954 3169 2058 3223; x_wconf 91' lang='lat' dir='ltr'><strong>per</strong></span> <span class='ocrx_word' id='word_1_730' title='bbox 2087 3152 2381 3206; x_wconf 84' lang='lat' dir='ltr'><strong>inﬁnitum</strong></span> <span class='ocrx_word' id='word_1_731' title='bbox 2413 3152 2699 3206; x_wconf 88' lang='lat' dir='ltr'><strong>ducatur?</strong></span> <span class='ocrx_word' id='word_1_732' title='bbox 2727 3154 2790 3205; x_wconf 92' lang='lat' dir='ltr'><strong>E.</strong></span> <span class='ocrx_word' id='word_1_733' title='bbox 2824 3150 2990 3204; x_wconf 89' lang='lat' dir='ltr'><strong>Nullo</strong></span> <span class='ocrx_word' id='word_1_734' title='bbox 3022 3150 3191 3203; x_wconf 92' lang='lat' dir='ltr'><strong>modo</strong></span> <span class='ocrx_word' id='word_1_735' title='bbox 3241 3149 3300 3202; x_wconf 90' lang='lat' dir='ltr'><strong>id</strong></span> <span class='ocrx_word' id='word_1_736' title='bbox 3332 3148 3455 3202; x_wconf 87' lang='lat' dir='ltr'><strong>ﬁeri</strong></span> <span class='ocrx_word' id='word_1_737' title='bbox 3484 3164 3649 3218; x_wconf 90' lang='lat' dir='ltr'><strong>posse</strong></span> 
     </span>
    </p>
   </div>
   <div class='ocr_carea' id='block_1_94' title="bbox 1952 3236 3648 3309">
    <p class='ocr_par' dir='ltr' id='par_1_94' title="bbox 1952 3236 3648 3309">
     <span class='ocr_line' id='line_1_94' title="bbox 1952 3236 3648 3309; baseline -0.002 -16"><span class='ocrx_word' id='word_1_738' title='bbox 1952 3239 2246 3294; x_wconf 88' lang='lat' dir='ltr'><strong>conﬁrmo.</strong></span> <span class='ocrx_word' id='word_1_739' title='bbox 2285 3241 2354 3293; x_wconf 87' lang='lat' dir='ltr'><strong>A.</strong></span> <span class='ocrx_word' id='word_1_740' title='bbox 2388 3239 2533 3303; x_wconf 89' lang='lat' dir='ltr'><strong>Quid</strong></span> <span class='ocrx_word' id='word_1_741' title='bbox 2564 3239 2742 3309; x_wconf 91' lang='lat' dir='ltr'><strong>igitur</strong></span> <span class='ocrx_word' id='word_1_742' title='bbox 2770 3238 3057 3308; x_wconf 91' lang='lat' dir='ltr'><strong>agendum</strong></span> <span class='ocrx_word' id='word_1_743' title='bbox 3085 3242 3170 3291; x_wconf 92' lang='lat' dir='ltr'><strong>est</strong></span> <span class='ocrx_word' id='word_1_744' title='bbox 3200 3242 3260 3290; x_wconf 90' lang='lat' dir='ltr'><strong>ut</strong></span> <span class='ocrx_word' id='word_1_745' title='bbox 3288 3236 3531 3307; x_wconf 87' lang='lat' dir='ltr'><strong>ﬁguram</strong></span> <span class='ocrx_word' id='word_1_746' title='bbox 3564 3237 3648 3290; x_wconf 91' lang='lat' dir='ltr'><strong>fa-</strong></span> 
     </span>
    </p>
   </div>
   <div class='ocr_carea' id='block_1_95' title="bbox 1952 3325 3650 3393">
    <p class='ocr_par' dir='ltr' id='par_1_95' title="bbox 1952 3325 3650 3393">
     <span class='ocr_line' id='line_1_95' title="bbox 1952 3325 3650 3393; baseline -0.002 -12"><span class='ocrx_word' id='word_1_747' title='bbox 1952 3328 2210 3381; x_wconf 88' lang='lat' dir='ltr'><strong>ciamus?</strong></span> <span class='ocrx_word' id='word_1_748' title='bbox 2235 3330 2301 3382; x_wconf 91' lang='lat' dir='ltr'><strong>E.</strong></span> <span class='ocrx_word' id='word_1_749' title='bbox 2332 3327 2501 3393; x_wconf 86' lang='lat' dir='ltr'><strong>Quid,</strong></span> <span class='ocrx_word' id='word_1_750' title='bbox 2532 3327 2643 3381; x_wconf 92' lang='lat' dir='ltr'><strong>nisi</strong></span> <span class='ocrx_word' id='word_1_751' title='bbox 2670 3332 2733 3380; x_wconf 90' lang='lat' dir='ltr'><strong>ut</strong></span> <span class='ocrx_word' id='word_1_752' title='bbox 2769 3327 2867 3380; x_wconf 90' lang='lat' dir='ltr'><strong>illa</strong></span> <span class='ocrx_word' id='word_1_753' title='bbox 2897 3326 3047 3380; x_wconf 91' lang='lat' dir='ltr'><strong>linea</strong></span> <span class='ocrx_word' id='word_1_754' title='bbox 3074 3326 3296 3381; x_wconf 88' lang='lat' dir='ltr'><strong>inﬁnita</strong></span> <span class='ocrx_word' id='word_1_755' title='bbox 3326 3341 3443 3379; x_wconf 90' lang='lat' dir='ltr'><strong>non</strong></span> <span class='ocrx_word' id='word_1_756' title='bbox 3474 3325 3564 3392; x_wconf 89' lang='lat' dir='ltr'><strong>sit,</strong></span> <span class='ocrx_word' id='word_1_757' title='bbox 3594 3328 3650 3378; x_wconf 90' lang='lat' dir='ltr'><strong>et</strong></span> 
     </span>
    </p>
   </div>
   <div class='ocr_carea' id='block_1_96' title="bbox 1952 3413 3648 3485">
    <p class='ocr_par' dir='ltr' id='par_1_96' title="bbox 1952 3413 3648 3485">
     <span class='ocr_line' id='line_1_96' title="bbox 1952 3413 3648 3485; baseline -0.002 -16"><span class='ocrx_word' id='word_1_758' title='bbox 1952 3417 2191 3470; x_wconf 90' lang='lat' dir='ltr'><strong>ducatur</strong></span> <span class='ocrx_word' id='word_1_759' title='bbox 2221 3415 2280 3468; x_wconf 91' lang='lat' dir='ltr'><strong>in</strong></span> <span class='ocrx_word' id='word_1_760' title='bbox 2309 3414 2609 3482; x_wconf 88' lang='lat' dir='ltr'><strong>circulum,</strong></span> <span class='ocrx_word' id='word_1_761' title='bbox 2637 3418 2776 3469; x_wconf 86' lang='lat' dir='ltr'><strong>utex</strong></span> <span class='ocrx_word' id='word_1_762' title='bbox 2796 3415 2906 3469; x_wconf 89' lang='lat' dir='ltr'><strong>alia</strong></span> <span class='ocrx_word' id='word_1_763' title='bbox 2918 3420 3077 3485; x_wconf 84' lang='lat' dir='ltr'><strong>parte</strong></span> <span class='ocrx_word' id='word_1_764' title='bbox 3094 3430 3151 3467; x_wconf 90' lang='lat' dir='ltr'><strong>se</strong></span> <span class='ocrx_word' id='word_1_765' title='bbox 3181 3413 3648 3483; x_wconf 86' lang='lat' dir='ltr'><strong>contingat?non</strong></span> 
     </span>
    </p>
   </div>
   <div class='ocr_carea' id='block_1_97' title="bbox 1952 3500 3648 3572">
    <p class='ocr_par' dir='ltr' id='par_1_97' title="bbox 1952 3500 3648 3572">
     <span class='ocr_line' id='line_1_97' title="bbox 1952 3500 3648 3572; baseline -0.003 -16"><span class='ocrx_word' id='word_1_766' title='bbox 1952 3503 2107 3557; x_wconf 89' lang='lat' dir='ltr'><strong>enim</strong></span> <span class='ocrx_word' id='word_1_767' title='bbox 2138 3502 2323 3568; x_wconf 88' lang='lat' dir='ltr'><strong>video,</strong></span> <span class='ocrx_word' id='word_1_768' title='bbox 2356 3502 2639 3572; x_wconf 90' lang='lat' dir='ltr'><strong>quomodo</strong></span> <span class='ocrx_word' id='word_1_769' title='bbox 2670 3501 2835 3555; x_wconf 89' lang='lat' dir='ltr'><strong>aliter</strong></span> <span class='ocrx_word' id='word_1_770' title='bbox 2858 3501 3036 3571; x_wconf 88' lang='lat' dir='ltr'><strong>possit</strong></span> <span class='ocrx_word' id='word_1_771' title='bbox 3063 3517 3130 3554; x_wconf 82' lang='lat' dir='ltr'><strong>ex</strong></span> <span class='ocrx_word' id='word_1_772' title='bbox 3156 3517 3273 3555; x_wconf 91' lang='lat' dir='ltr'><strong>una</strong></span> <span class='ocrx_word' id='word_1_773' title='bbox 3322 3500 3470 3553; x_wconf 92' lang='lat' dir='ltr'><strong>linea</strong></span> <span class='ocrx_word' id='word_1_774' title='bbox 3512 3514 3648 3552; x_wconf 92' lang='lat' dir='ltr'><strong>con-</strong></span> 
     </span>
    </p>
   </div>
   <div class='ocr_carea' id='block_1_98' title="bbox 1951 3588 3646 3660">
    <p class='ocr_par' dir='ltr' id='par_1_98' title="bbox 1951 3588 3646 3660">
     <span class='ocr_line' id='line_1_98' title="bbox 1951 3588 3646 3660; baseline -0.002 -17"><span class='ocrx_word' id='word_1_775' title='bbox 1951 3591 2102 3645; x_wconf 90' lang='lat' dir='ltr'><strong>cludi</strong></span> <span class='ocrx_word' id='word_1_776' title='bbox 2134 3590 2365 3660; x_wconf 88' lang='lat' dir='ltr'><strong>aliquod</strong></span> <span class='ocrx_word' id='word_1_777' title='bbox 2395 3590 2644 3659; x_wconf 91' lang='lat' dir='ltr'><strong>spatium</strong></span> <span class='ocrx_word' id='word_1_778' title='bbox 2670 3606 2683 3654; x_wconf 91' lang='lat'><strong>;</strong></span> <span class='ocrx_word' id='word_1_779' title='bbox 2712 3590 2861 3659; x_wconf 89' lang='lat' dir='ltr'><strong>quod</strong></span> <span class='ocrx_word' id='word_1_780' title='bbox 2877 3588 2984 3641; x_wconf 91' lang='lat' dir='ltr'><strong>nisi</strong></span> <span class='ocrx_word' id='word_1_781' title='bbox 3002 3588 3119 3653; x_wconf 89' lang='lat' dir='ltr'><strong>ﬁat,</strong></span> <span class='ocrx_word' id='word_1_782' title='bbox 3153 3588 3466 3641; x_wconf 90' lang='lat' dir='ltr'><strong>secundum</strong></span> <span class='ocrx_word' id='word_1_783' title='bbox 3488 3591 3646 3640; x_wconf 90' lang='lat' dir='ltr'><strong>tuam</strong></span> 
     </span>
    </p>
   </div>
   <div class='ocr_carea' id='block_1_99' title="bbox 1952 3673 3645 3749">
    <p class='ocr_par' dir='ltr' id='par_1_99' title="bbox 1952 3673 3645 3749">
     <span class='ocr_line' id='line_1_99' title="bbox 1952 3673 3645 3749; baseline -0.004 -16"><span class='ocrx_word' id='word_1_784' title='bbox 1952 3678 2417 3749; x_wconf 89' lang='lat' dir='ltr'><strong>descriptionem,</strong></span> <span class='ocrx_word' id='word_1_785' title='bbox 2449 3678 2634 3746; x_wconf 87' lang='lat' dir='ltr'><strong>ﬁgura</strong></span> <span class='ocrx_word' id='word_1_786' title='bbox 2663 3692 2777 3729; x_wconf 93' lang='lat' dir='ltr'><strong>non</strong></span> <span class='ocrx_word' id='word_1_787' title='bbox 2809 3676 2999 3737; x_wconf 82' lang='lat' dir='ltr'><strong>erit,A</strong></span> <span class='ocrx_word' id='word_1_788' title='bbox 3024 3674 3189 3739; x_wconf 91' lang='lat' dir='ltr'><strong>Quid,</strong></span> <span class='ocrx_word' id='word_1_789' title='bbox 3224 3675 3268 3727; x_wconf 92' lang='lat' dir='ltr'><strong>si</strong></span> <span class='ocrx_word' id='word_1_790' title='bbox 3292 3674 3458 3727; x_wconf 89' lang='lat' dir='ltr'><strong>rectis</strong></span> <span class='ocrx_word' id='word_1_791' title='bbox 3478 3673 3645 3727; x_wconf 87' lang='lat' dir='ltr'><strong>lineis</strong></span> 
     </span>
    </p>
   </div>
   <div class='ocr_carea' id='block_1_100' title="bbox 1951 3762 3645 3838">
    <p class='ocr_par' dir='ltr' id='par_1_100' title="bbox 1951 3762 3645 3838">
     <span class='ocr_line' id='line_1_100' title="bbox 1951 3762 3645 3838; baseline -0.005 -16"><span class='ocrx_word' id='word_1_792' title='bbox 1951 3768 2195 3838; x_wconf 89' lang='lat' dir='ltr'><strong>ﬁguram</strong></span> <span class='ocrx_word' id='word_1_793' title='bbox 2225 3766 2409 3820; x_wconf 88' lang='lat' dir='ltr'><strong>facere</strong></span> <span class='ocrx_word' id='word_1_794' title='bbox 2438 3765 2611 3818; x_wconf 90' lang='lat' dir='ltr'><strong>velim</strong></span> <span class='ocrx_word' id='word_1_795' title='bbox 2629 3767 2656 3817; x_wconf 87' lang='lat'><strong>?</strong></span> <span class='ocrx_word' id='word_1_796' title='bbox 2674 3767 2859 3834; x_wconf 88' lang='lat' dir='ltr'><strong>potest</strong></span> <span class='ocrx_word' id='word_1_797' title='bbox 2878 3764 3004 3817; x_wconf 90' lang='lat' dir='ltr'><strong>ﬁeri</strong></span> <span class='ocrx_word' id='word_1_798' title='bbox 3026 3768 3088 3816; x_wconf 92' lang='lat' dir='ltr'><strong>ut</strong></span> <span class='ocrx_word' id='word_1_799' title='bbox 3113 3763 3182 3816; x_wconf 88' lang='lat' dir='ltr'><strong>de</strong></span> <span class='ocrx_word' id='word_1_800' title='bbox 3214 3778 3325 3815; x_wconf 90' lang='lat' dir='ltr'><strong>una</strong></span> <span class='ocrx_word' id='word_1_801' title='bbox 3352 3762 3504 3815; x_wconf 89' lang='lat' dir='ltr'><strong>linea</strong></span> <span class='ocrx_word' id='word_1_802' title='bbox 3524 3762 3645 3829; x_wconf 88' lang='lat' dir='ltr'><strong>ﬁat,</strong></span> 
     </span>
    </p>
   </div>
   <div class='ocr_carea' id='block_1_101' title="bbox 1952 3848 3637 3924">
    <p class='ocr_par' dir='ltr' id='par_1_101' title="bbox 1952 3848 3637 3924">
     <span class='ocr_line' id='line_1_101' title="bbox 1952 3848 3637 3924; baseline -0.005 -15"><span class='ocrx_word' id='word_1_803' title='bbox 1952 3872 2024 3909; x_wconf 91' lang='lat' dir='ltr'><strong>an</strong></span> <span class='ocrx_word' id='word_1_804' title='bbox 2054 3870 2171 3908; x_wconf 92' lang='lat' dir='ltr'><strong>non</strong></span> <span class='ocrx_word' id='word_1_805' title='bbox 2200 3854 2432 3924; x_wconf 88' lang='lat' dir='ltr'><strong>potest?</strong></span> <span class='ocrx_word' id='word_1_806' title='bbox 2456 3855 2518 3908; x_wconf 87' lang='lat' dir='ltr'><strong>E.</strong></span> <span class='ocrx_word' id='word_1_807' title='bbox 2547 3853 2714 3906; x_wconf 90' lang='lat' dir='ltr'><strong>Nullo</strong></span> <span class='ocrx_word' id='word_1_808' title='bbox 2744 3852 2933 3905; x_wconf 91' lang='lat' dir='ltr'><strong>modo.</strong></span> <span class='ocrx_word' id='word_1_809' title='bbox 2982 3853 3052 3906; x_wconf 86' lang='lat' dir='ltr'><strong>A.</strong></span> <span class='ocrx_word' id='word_1_810' title='bbox 3083 3850 3248 3914; x_wconf 88' lang='lat' dir='ltr'><strong>Quid,</strong></span> <span class='ocrx_word' id='word_1_811' title='bbox 3284 3848 3540 3904; x_wconf 82' lang='lat' dir='ltr'><strong>duabus?</strong></span> <span class='ocrx_word' id='word_1_812' title='bbox 3566 3851 3637 3903; x_wconf 89' lang='lat' dir='ltr'><strong>E.</strong></span> 
     </span>
    </p>
   </div>
   <div class='ocr_carea' id='block_1_102' title="bbox 1954 3937 3637 4013">
    <p class='ocr_par' dir='ltr' id='par_1_102' title="bbox 1954 3937 3637 4013">
     <span class='ocr_line' id='line_1_102' title="bbox 1954 3937 3637 4013; baseline -0.006 -14"><span class='ocrx_word' id='word_1_813' title='bbox 1954 3946 2034 3999; x_wconf 86' lang='lat' dir='ltr'><strong>Ne</strong></span> <span class='ocrx_word' id='word_1_814' title='bbox 2064 3944 2169 3998; x_wconf 92' lang='lat' dir='ltr'><strong>hoc</strong></span> <span class='ocrx_word' id='word_1_815' title='bbox 2199 3942 2449 4013; x_wconf 87' lang='lat' dir='ltr'><strong>quidem.</strong></span> <span class='ocrx_word' id='word_1_816' title='bbox 2476 3943 2547 3995; x_wconf 86' lang='lat' dir='ltr'><strong>A.</strong></span> <span class='ocrx_word' id='word_1_817' title='bbox 2580 3939 2747 4006; x_wconf 66' lang='lat' dir='ltr'><strong>Quid,</strong></span> <span class='ocrx_word' id='word_1_818' title='bbox 2779 3938 3002 3993; x_wconf 79' lang='lat' dir='ltr'><strong>tribus?</strong></span> <span class='ocrx_word' id='word_1_819' title='bbox 3026 3942 3090 3993; x_wconf 91' lang='grc' dir='ltr'><strong>Ε.</strong></span> <span class='ocrx_word' id='word_1_820' title='bbox 3122 3938 3296 3992; x_wconf 88' lang='lat' dir='ltr'><strong>Video</strong></span> <span class='ocrx_word' id='word_1_821' title='bbox 3346 3952 3532 4008; x_wconf 88' lang='lat' dir='ltr'><strong>posse.</strong></span> <span class='ocrx_word' id='word_1_822' title='bbox 3565 3937 3637 3991; x_wconf 81' lang='grc' dir='ltr'><strong>Α.</strong></span> 
     </span>
    </p>
   </div>
   <div class='ocr_carea' id='block_1_103' title="bbox 1953 4024 3647 4101">
    <p class='ocr_par' dir='ltr' id='par_1_103' title="bbox 1953 4024 3647 4101">
     <span class='ocr_line' id='line_1_103' title="bbox 1953 4024 3647 4101; baseline -0.005 -16"><span class='ocrx_word' id='word_1_823' title='bbox 1953 4033 2100 4085; x_wconf 87' lang='lat' dir='ltr'><strong>Bene</strong></span> <span class='ocrx_word' id='word_1_824' title='bbox 2132 4031 2310 4101; x_wconf 90' lang='lat' dir='ltr'><strong>igitur</strong></span> <span class='ocrx_word' id='word_1_825' title='bbox 2335 4030 2486 4083; x_wconf 90' lang='lat' dir='ltr'><strong>nosti</strong></span> <span class='ocrx_word' id='word_1_826' title='bbox 2517 4044 2580 4082; x_wconf 93' lang='lat' dir='ltr'><strong>ac</strong></span> <span class='ocrx_word' id='word_1_827' title='bbox 2607 4034 2937 4093; x_wconf 90' lang='lat' dir='ltr'><strong>tenes,cum</strong></span> <span class='ocrx_word' id='word_1_828' title='bbox 2962 4028 3147 4097; x_wconf 89' lang='lat' dir='ltr'><strong>ﬁgura</strong></span> <span class='ocrx_word' id='word_1_829' title='bbox 3177 4025 3339 4080; x_wconf 90' lang='lat' dir='ltr'><strong>lineis</strong></span> <span class='ocrx_word' id='word_1_830' title='bbox 3368 4024 3536 4078; x_wconf 89' lang='lat' dir='ltr'><strong>rectis</strong></span> <span class='ocrx_word' id='word_1_831' title='bbox 3566 4024 3647 4077; x_wconf 90' lang='lat' dir='ltr'><strong>fa-</strong></span> 
     </span>
    </p>
   </div>
   <div class='ocr_carea' id='block_1_104' title="bbox 1951 4110 3647 4187">
    <p class='ocr_par' dir='ltr' id='par_1_104' title="bbox 1951 4110 3647 4187">
     <span class='ocr_line' id='line_1_104' title="bbox 1951 4110 3647 4187; baseline -0.006 -14"><span class='ocrx_word' id='word_1_832' title='bbox 1951 4119 2153 4173; x_wconf 90' lang='lat' dir='ltr'><strong>cienda</strong></span> <span class='ocrx_word' id='word_1_833' title='bbox 2181 4123 2282 4183; x_wconf 89' lang='lat' dir='ltr'><strong>est,</strong></span> <span class='ocrx_word' id='word_1_834' title='bbox 2315 4118 2507 4172; x_wconf 90' lang='lat' dir='ltr'><strong>minus</strong></span> <span class='ocrx_word' id='word_1_835' title='bbox 2522 4116 2889 4187; x_wconf 90' lang='lat' dir='ltr'><strong>quamtribus</strong></span> <span class='ocrx_word' id='word_1_836' title='bbox 2902 4132 3019 4168; x_wconf 93' lang='lat' dir='ltr'><strong>non</strong></span> <span class='ocrx_word' id='word_1_837' title='bbox 3037 4130 3221 4185; x_wconf 89' lang='lat' dir='ltr'><strong>posse.</strong></span> <span class='ocrx_word' id='word_1_838' title='bbox 3247 4118 3333 4167; x_wconf 81' lang='lat' dir='ltr'><strong>An</strong></span> <span class='ocrx_word' id='word_1_839' title='bbox 3352 4112 3397 4165; x_wconf 91' lang='lat' dir='ltr'><strong>si</strong></span> <span class='ocrx_word' id='word_1_840' title='bbox 3415 4112 3531 4165; x_wconf 91' lang='lat' dir='ltr'><strong>ulla</strong></span> <span class='ocrx_word' id='word_1_841' title='bbox 3544 4110 3647 4163; x_wconf 90' lang='lat' dir='ltr'><strong>tibi</strong></span> 
     </span>
    </p>
   </div>
   <div class='ocr_carea' id='block_1_105' title="bbox 1952 4199 3648 4265">
    <p class='ocr_par' dir='ltr' id='par_1_105' title="bbox 1952 4199 3648 4265">
     <span class='ocr_line' id='line_1_105' title="bbox 1952 4199 3648 4265; baseline -0.007 -4"><span class='ocrx_word' id='word_1_842' title='bbox 1952 4208 2277 4261; x_wconf 89' lang='lat' dir='ltr'><strong>adversetur</strong></span> <span class='ocrx_word' id='word_1_843' title='bbox 2296 4205 2534 4265; x_wconf 89' lang='lat' dir='ltr'><strong>ratio,de</strong></span> <span class='ocrx_word' id='word_1_844' title='bbox 2556 4206 2660 4258; x_wconf 89' lang='lat' dir='ltr'><strong>hac</strong></span> <span class='ocrx_word' id='word_1_845' title='bbox 2679 4208 2732 4257; x_wconf 89' lang='lat' dir='ltr'><strong>te</strong></span> <span class='ocrx_word' id='word_1_846' title='bbox 2754 4202 3033 4257; x_wconf 86' lang='lat' dir='ltr'><strong>sententia</strong></span> <span class='ocrx_word' id='word_1_847' title='bbox 3055 4200 3379 4255; x_wconf 87' lang='lat' dir='ltr'><strong>devocabit?</strong></span> <span class='ocrx_word' id='word_1_848' title='bbox 3393 4202 3459 4253; x_wconf 89' lang='lat' dir='ltr'><strong>E.</strong></span> <span class='ocrx_word' id='word_1_849' title='bbox 3474 4199 3648 4251; x_wconf 86' lang='lat' dir='ltr'><strong>Plane</strong></span> 
     </span>
    </p>
   </div>
   <div class='ocr_carea' id='block_1_106' title="bbox 1952 4283 3645 4364">
    <p class='ocr_par' dir='ltr' id='par_1_106' title="bbox 1952 4283 3645 4364">
     <span class='ocr_line' id='line_1_106' title="bbox 1952 4283 3645 4364; baseline -0.007 -16"><span class='ocrx_word' id='word_1_850' title='bbox 1952 4294 1999 4348; x_wconf 90' lang='lat' dir='ltr'><strong>si</strong></span> <span class='ocrx_word' id='word_1_851' title='bbox 2030 4294 2158 4364; x_wconf 86' lang='lat' dir='ltr'><strong>quis</strong></span> <span class='ocrx_word' id='word_1_852' title='bbox 2189 4292 2330 4346; x_wconf 90' lang='lat' dir='ltr'><strong>mihi</strong></span> <span class='ocrx_word' id='word_1_853' title='bbox 2361 4293 2469 4345; x_wconf 91' lang='lat' dir='ltr'><strong>hoc</strong></span> <span class='ocrx_word' id='word_1_854' title='bbox 2498 4292 2705 4345; x_wconf 87' lang='lat' dir='ltr'><strong>falsum</strong></span> <span class='ocrx_word' id='word_1_855' title='bbox 2736 4306 2855 4345; x_wconf 92' lang='lat' dir='ltr'><strong>esse</strong></span> <span class='ocrx_word' id='word_1_856' title='bbox 2889 4287 3305 4350; x_wconf 88' lang='lat' dir='ltr'><strong>monstraverit,</strong></span> <span class='ocrx_word' id='word_1_857' title='bbox 3362 4285 3506 4339; x_wconf 92' lang='lat' dir='ltr'><strong>nihil</strong></span> <span class='ocrx_word' id='word_1_858' title='bbox 3538 4283 3645 4337; x_wconf 89' lang='lat' dir='ltr'><strong>erit</strong></span> 
     </span>
    </p>
   </div>
   <div class='ocr_carea' id='block_1_107' title="bbox 1952 4372 3648 4452">
    <p class='ocr_par' dir='ltr' id='par_1_107' title="bbox 1952 4372 3648 4452">
     <span class='ocr_line' id='line_1_107' title="bbox 1952 4372 3648 4452; baseline -0.007 -17"><span class='ocrx_word' id='word_1_859' title='bbox 1952 4382 2103 4452; x_wconf 90' lang='lat' dir='ltr'><strong>quod</strong></span> <span class='ocrx_word' id='word_1_860' title='bbox 2135 4396 2227 4434; x_wconf 91' lang='lat' dir='ltr'><strong>me</strong></span> <span class='ocrx_word' id='word_1_861' title='bbox 2258 4380 2397 4433; x_wconf 90' lang='lat' dir='ltr'><strong>scire</strong></span> <span class='ocrx_word' id='word_1_862' title='bbox 2423 4395 2587 4449; x_wconf 91' lang='lat' dir='ltr'><strong>posse</strong></span> <span class='ocrx_word' id='word_1_863' title='bbox 2618 4379 2925 4433; x_wconf 88' lang='lat' dir='ltr'><strong>conﬁdam.</strong></span> <span class='ocrx_word' id='word_1_864' title='bbox 2954 4380 3023 4432; x_wconf 84' lang='grc' dir='ltr'><strong>Α.</strong></span> <span class='ocrx_word' id='word_1_865' title='bbox 3059 4379 3220 4431; x_wconf 89' lang='lat' dir='ltr'><strong>Nunc</strong></span> <span class='ocrx_word' id='word_1_866' title='bbox 3239 4389 3375 4443; x_wconf 88' lang='lat' dir='ltr'><strong>ergo</strong></span> <span class='ocrx_word' id='word_1_867' title='bbox 3398 4372 3537 4426; x_wconf 90' lang='lat' dir='ltr'><strong>illud</strong></span> <span class='ocrx_word' id='word_1_868' title='bbox 3561 4387 3648 4425; x_wconf 90' lang='lat' dir='ltr'><strong>re-</strong></span> 
     </span>
    </p>
   </div>
   <div class='ocr_carea' id='block_1_108' title="bbox 1952 4461 3644 4539">
    <p class='ocr_par' dir='ltr' id='par_1_108' title="bbox 1952 4461 3644 4539">
     <span class='ocr_line' id='line_1_108' title="bbox 1952 4461 3644 4539; baseline -0.006 -16"><span class='ocrx_word' id='word_1_869' title='bbox 1952 4469 2188 4539; x_wconf 91' lang='lat' dir='ltr'><strong>sponde,</strong></span> <span class='ocrx_word' id='word_1_870' title='bbox 2223 4468 2505 4539; x_wconf 90' lang='lat' dir='ltr'><strong>quomodo</strong></span> <span class='ocrx_word' id='word_1_871' title='bbox 2520 4467 2705 4521; x_wconf 90' lang='lat' dir='ltr'><strong>tribus</strong></span> <span class='ocrx_word' id='word_1_872' title='bbox 2728 4467 2895 4521; x_wconf 90' lang='lat' dir='ltr'><strong>lineis</strong></span> <span class='ocrx_word' id='word_1_873' title='bbox 2910 4467 3155 4535; x_wconf 88' lang='lat' dir='ltr'><strong>ﬁguram</strong></span> <span class='ocrx_word' id='word_1_874' title='bbox 3170 4462 3364 4517; x_wconf 86' lang='lat' dir='ltr'><strong>feceris</strong></span> <span class='ocrx_word' id='word_1_875' title='bbox 3376 4462 3405 4515; x_wconf 93' lang='lat'><strong>?</strong></span> <span class='ocrx_word' id='word_1_876' title='bbox 3424 4464 3489 4516; x_wconf 87' lang='lat' dir='ltr'><strong>E.</strong></span> <span class='ocrx_word' id='word_1_877' title='bbox 3507 4461 3644 4514; x_wconf 89' lang='lat' dir='ltr'><strong>Cum</strong></span> 
     </span>
    </p>
   </div>
   <div class='ocr_carea' id='block_1_109' title="bbox 1950 4546 3645 4627">
    <p class='ocr_par' dir='ltr' id='par_1_109' title="bbox 1950 4546 3645 4627">
     <span class='ocr_line' id='line_1_109' title="bbox 1950 4546 3645 4627; baseline -0.006 -17"><span class='ocrx_word' id='word_1_878' title='bbox 1950 4574 2008 4611; x_wconf 91' lang='lat' dir='ltr'><strong>se</strong></span> <span class='ocrx_word' id='word_1_879' title='bbox 2038 4556 2252 4611; x_wconf 87' lang='lat' dir='ltr'><strong>ﬁnibus</strong></span> <span class='ocrx_word' id='word_1_880' title='bbox 2271 4556 2542 4626; x_wconf 89' lang='lat' dir='ltr'><strong>jungunt.</strong></span> <span class='ocrx_word' id='word_1_881' title='bbox 2565 4556 2636 4610; x_wconf 81' lang='lat' dir='ltr'><strong>A.</strong></span> <span class='ocrx_word' id='word_1_882' title='bbox 2653 4554 2799 4619; x_wconf 91' lang='lat' dir='ltr'><strong>Quid</strong></span> <span class='ocrx_word' id='word_1_883' title='bbox 2821 4554 2848 4606; x_wconf 74' lang='lat'><strong>‘7</strong></span> <span class='ocrx_word' id='word_1_884' title='bbox 2876 4553 2973 4607; x_wconf 91' lang='lat' dir='ltr'><strong>ubi</strong></span> <span class='ocrx_word' id='word_1_885' title='bbox 2987 4569 3045 4605; x_wconf 91' lang='lat' dir='ltr'><strong>se</strong></span> <span class='ocrx_word' id='word_1_886' title='bbox 3060 4553 3331 4627; x_wconf 88' lang='lat' dir='ltr'><strong>jungunt,</strong></span> <span class='ocrx_word' id='word_1_887' title='bbox 3352 4563 3543 4602; x_wconf 92' lang='lat' dir='ltr'><strong>nonne</strong></span> <span class='ocrx_word' id='word_1_888' title='bbox 3557 4546 3645 4599; x_wconf 90' lang='lat' dir='ltr'><strong>vi-</strong></span> 
     </span>
    </p>
   </div>
   <div class='ocr_carea' id='block_1_110' title="bbox 1951 4637 3646 4713">
    <p class='ocr_par' dir='ltr' id='par_1_110' title="bbox 1951 4637 3646 4713">
     <span class='ocr_line' id='line_1_110' title="bbox 1951 4637 3646 4713; baseline -0.007 -14"><span class='ocrx_word' id='word_1_889' title='bbox 1951 4645 2119 4699; x_wconf 91' lang='lat' dir='ltr'><strong>detur</strong></span> <span class='ocrx_word' id='word_1_890' title='bbox 2141 4644 2245 4698; x_wconf 89' lang='lat' dir='ltr'><strong>tibi</strong></span> <span class='ocrx_word' id='word_1_891' title='bbox 2278 4644 2524 4713; x_wconf 91' lang='lat' dir='ltr'><strong>angulus</strong></span> <span class='ocrx_word' id='word_1_892' title='bbox 2542 4642 2712 4697; x_wconf 87' lang='lat' dir='ltr'><strong>ﬁeri?</strong></span> <span class='ocrx_word' id='word_1_893' title='bbox 2742 4646 2811 4697; x_wconf 88' lang='lat' dir='ltr'><strong>E.</strong></span> <span class='ocrx_word' id='word_1_894' title='bbox 2848 4644 2931 4694; x_wconf 89' lang='lat' dir='ltr'><strong>Ita</strong></span> <span class='ocrx_word' id='word_1_895' title='bbox 2960 4642 3062 4693; x_wconf 89' lang='lat' dir='ltr'><strong>est.</strong></span> <span class='ocrx_word' id='word_1_896' title='bbox 3092 4640 3168 4693; x_wconf 83' lang='lat' dir='ltr'><strong>A.</strong></span> <span class='ocrx_word' id='word_1_897' title='bbox 3209 4637 3357 4700; x_wconf 92' lang='lat' dir='ltr'><strong>Quot</strong></span> <span class='ocrx_word' id='word_1_898' title='bbox 3385 4650 3521 4706; x_wconf 89' lang='lat' dir='ltr'><strong>ergo</strong></span> <span class='ocrx_word' id='word_1_899' title='bbox 3544 4650 3646 4687; x_wconf 88' lang='lat' dir='ltr'><strong>an-</strong></span> 
     </span>
    </p>
   </div>
   <div class='ocr_carea' id='block_1_111' title="bbox 1952 4722 3642 4803">
    <p class='ocr_par' dir='ltr' id='par_1_111' title="bbox 1952 4722 3642 4803">
     <span class='ocr_line' id='line_1_111' title="bbox 1952 4722 3642 4803; baseline -0.007 -18"><span class='ocrx_word' id='word_1_900' title='bbox 1952 4732 2101 4803; x_wconf 82' lang='lat' dir='ltr'><strong>gulis</strong></span> <span class='ocrx_word' id='word_1_901' title='bbox 2129 4732 2250 4785; x_wconf 71' lang='lat' dir='ltr'><strong>haac</strong></span> <span class='ocrx_word' id='word_1_902' title='bbox 2278 4732 2463 4802; x_wconf 89' lang='lat' dir='ltr'><strong>ﬁgura</strong></span> <span class='ocrx_word' id='word_1_903' title='bbox 2493 4732 2752 4785; x_wconf 91' lang='lat' dir='ltr'><strong>constat?</strong></span> <span class='ocrx_word' id='word_1_904' title='bbox 2772 4733 2837 4784; x_wconf 92' lang='lat' dir='ltr'><strong>E.</strong></span> <span class='ocrx_word' id='word_1_905' title='bbox 2870 4727 3133 4782; x_wconf 90' lang='lat' dir='ltr'><strong>Totidem</strong></span> <span class='ocrx_word' id='word_1_906' title='bbox 3163 4730 3303 4796; x_wconf 90' lang='lat' dir='ltr'><strong>quot</strong></span> <span class='ocrx_word' id='word_1_907' title='bbox 3341 4723 3525 4778; x_wconf 91' lang='lat' dir='ltr'><strong>lineis.</strong></span> <span class='ocrx_word' id='word_1_908' title='bbox 3572 4722 3642 4775; x_wconf 87' lang='lat' dir='ltr'><strong>A.</strong></span> 
     </span>
    </p>
   </div>
   <div class='ocr_carea' id='block_1_112' title="bbox 1951 4810 3645 4889">
    <p class='ocr_par' dir='ltr' id='par_1_112' title="bbox 1951 4810 3645 4889">
     <span class='ocr_line' id='line_1_112' title="bbox 1951 4810 3645 4889; baseline -0.007 -16"><span class='ocrx_word' id='word_1_909' title='bbox 1951 4820 2096 4883; x_wconf 92' lang='lat' dir='ltr'><strong>Quid</strong></span> <span class='ocrx_word' id='word_1_910' title='bbox 2115 4820 2143 4874; x_wconf 89' lang='lat'><strong>?</strong></span> <span class='ocrx_word' id='word_1_911' title='bbox 2190 4819 2341 4889; x_wconf 91' lang='lat' dir='ltr'><strong>ipsas</strong></span> <span class='ocrx_word' id='word_1_912' title='bbox 2381 4818 2558 4871; x_wconf 92' lang='lat' dir='ltr'><strong>lineas</strong></span> <span class='ocrx_word' id='word_1_913' title='bbox 2586 4832 2751 4886; x_wconf 87' lang='lat' dir='ltr'><strong>pares</strong></span> <span class='ocrx_word' id='word_1_914' title='bbox 2782 4813 3101 4879; x_wconf 89' lang='lat' dir='ltr'><strong>constituis,</strong></span> <span class='ocrx_word' id='word_1_915' title='bbox 3151 4827 3226 4866; x_wconf 92' lang='lat' dir='ltr'><strong>an</strong></span> <span class='ocrx_word' id='word_1_916' title='bbox 3255 4810 3548 4881; x_wconf 90' lang='lat' dir='ltr'><strong>impares?</strong></span> <span class='ocrx_word' id='word_1_917' title='bbox 3577 4810 3645 4862; x_wconf 84' lang='lat' dir='ltr'><strong>E.</strong></span> 
     </span>
    </p>
   </div>
   <div class='ocr_carea' id='block_1_113' title="bbox 1951 4900 3646 4974">
    <p class='ocr_par' dir='ltr' id='par_1_113' title="bbox 1951 4900 3646 4974">
     <span class='ocr_line' id='line_1_113' title="bbox 1951 4900 3646 4974; baseline -0.008 -13"><span class='ocrx_word' id='word_1_918' title='bbox 1951 4909 2140 4961; x_wconf 89' lang='lat' dir='ltr'><strong>Pares.</strong></span> <span class='ocrx_word' id='word_1_919' title='bbox 2172 4906 2400 4970; x_wconf 79' lang='lat' dir='ltr'><strong>A.Quid</strong></span> <span class='ocrx_word' id='word_1_920' title='bbox 2420 4907 2449 4958; x_wconf 88' lang='lat'><strong>?</strong></span> <span class='ocrx_word' id='word_1_921' title='bbox 2480 4904 2672 4974; x_wconf 88' lang='lat' dir='ltr'><strong>anguli</strong></span> <span class='ocrx_word' id='word_1_922' title='bbox 2705 4901 3062 4956; x_wconf 88' lang='lat' dir='ltr'><strong>tantumdem</strong></span> <span class='ocrx_word' id='word_1_923' title='bbox 3095 4914 3293 4953; x_wconf 90' lang='lat' dir='ltr'><strong>omnes</strong></span> <span class='ocrx_word' id='word_1_924' title='bbox 3322 4900 3536 4968; x_wconf 90' lang='lat' dir='ltr'><strong>patent,</strong></span> <span class='ocrx_word' id='word_1_925' title='bbox 3574 4910 3646 4947; x_wconf 90' lang='lat' dir='ltr'><strong>an</strong></span> 
     </span>
    </p>
   </div>
   <div class='ocr_carea' id='block_1_114' title="bbox 1951 4982 3645 5060">
    <p class='ocr_par' dir='ltr' id='par_1_114' title="bbox 1951 4982 3645 5060">
     <span class='ocr_line' id='line_1_114' title="bbox 1951 4982 3645 5060; baseline -0.009 -11"><span class='ocrx_word' id='word_1_926' title='bbox 1951 4999 2035 5049; x_wconf 89' lang='lat' dir='ltr'><strong>est</strong></span> <span class='ocrx_word' id='word_1_927' title='bbox 2063 4993 2208 5048; x_wconf 91' lang='lat' dir='ltr'><strong>alius</strong></span> <span class='ocrx_word' id='word_1_928' title='bbox 2237 4994 2350 5047; x_wconf 90' lang='lat' dir='ltr'><strong>alio</strong></span> <span class='ocrx_word' id='word_1_929' title='bbox 2384 4991 2728 5046; x_wconf 91' lang='lat' dir='ltr'><strong>contractior</strong></span> <span class='ocrx_word' id='word_1_930' title='bbox 2754 4990 2841 5045; x_wconf 90' lang='lat' dir='ltr'><strong>vel</strong></span> <span class='ocrx_word' id='word_1_931' title='bbox 2872 4989 3169 5060; x_wconf 89' lang='lat' dir='ltr'><strong>apertior?</strong></span> <span class='ocrx_word' id='word_1_932' title='bbox 3187 4990 3253 5042; x_wconf 93' lang='lat' dir='ltr'><strong>E.</strong></span> <span class='ocrx_word' id='word_1_933' title='bbox 3280 4986 3462 5040; x_wconf 85' lang='lat' dir='ltr'><strong>Etiam</strong></span> <span class='ocrx_word' id='word_1_934' title='bbox 3492 4982 3645 5052; x_wconf 86' lang='lat' dir='ltr'><strong>ipsos</strong></span> 
     </span>
    </p>
   </div>
   <div class='ocr_carea' id='block_1_115' title="bbox 1951 5073 3647 5155">
    <p class='ocr_par' dir='ltr' id='par_1_115' title="bbox 1951 5073 3647 5155">
     <span class='ocr_line' id='line_1_115' title="bbox 1951 5073 3647 5155; baseline -0.01 -17"><span class='ocrx_word' id='word_1_935' title='bbox 1951 5098 2115 5155; x_wconf 92' lang='lat' dir='ltr'><strong>pares</strong></span> <span class='ocrx_word' id='word_1_936' title='bbox 2146 5097 2265 5135; x_wconf 89' lang='lat' dir='ltr'><strong>esse</strong></span> <span class='ocrx_word' id='word_1_937' title='bbox 2302 5081 2483 5136; x_wconf 91' lang='lat' dir='ltr'><strong>video.</strong></span> <span class='ocrx_word' id='word_1_938' title='bbox 2517 5082 2595 5135; x_wconf 84' lang='lat' dir='ltr'><strong>A.</strong></span> <span class='ocrx_word' id='word_1_939' title='bbox 2635 5081 2897 5133; x_wconf 88' lang='lat' dir='ltr'><strong>Potestne</strong></span> <span class='ocrx_word' id='word_1_940' title='bbox 2918 5077 3064 5141; x_wconf 86' lang='lat' dir='ltr'><strong>ﬁeri,</strong></span> <span class='ocrx_word' id='word_1_941' title='bbox 3100 5080 3161 5129; x_wconf 90' lang='lat' dir='ltr'><strong>ut</strong></span> <span class='ocrx_word' id='word_1_942' title='bbox 3190 5074 3252 5128; x_wconf 91' lang='lat' dir='ltr'><strong>in</strong></span> <span class='ocrx_word' id='word_1_943' title='bbox 3279 5073 3483 5144; x_wconf 87' lang='lat' dir='ltr'><strong>ﬁgura,</strong></span> <span class='ocrx_word' id='word_1_944' title='bbox 3517 5084 3647 5138; x_wconf 68' lang='lat' dir='ltr'><strong>qua:</strong></span> 
     </span>
    </p>
   </div>
   <div class='ocr_carea' id='block_1_116' title="bbox 2345 5184 3263 5441">
    <p class='ocr_par' dir='ltr' id='par_1_116' title="bbox 2345 5184 3263 5441">
     <span class='ocr_line' id='line_1_116' title="bbox 2345 5184 3263 5441; baseline 0.002 -2"><span class='ocrx_word' id='word_1_945' title='bbox 2345 5209 2621 5439; x_wconf 64' lang='grc' dir='ltr'>Δ</span> <span class='ocrx_word' id='word_1_946' title='bbox 3071 5184 3263 5441; x_wconf 68' lang='grc' dir='ltr'>Δ</span> 
     </span>
    </p>
   </div>
   <div class='ocr_carea' id='block_1_117' title="bbox 2022 5461 3239 5533">
    <p class='ocr_par' dir='ltr' id='par_1_117' title="bbox 2022 5461 3239 5533">
     <span class='ocr_line' id='line_1_117' title="bbox 2022 5461 3239 5533; baseline -0.012 -13"><span class='ocrx_word' id='word_1_947' title='bbox 2022 5475 2034 5507; x_wconf 80' lang='grc' dir='ltr'>ι</span> <span class='ocrx_word' id='word_1_948' title='bbox 2071 5474 2224 5530; x_wconf 82' lang='lat' dir='ltr'><strong>l.ov.,</strong></span> <span class='ocrx_word' id='word_1_949' title='bbox 2256 5481 2362 5533; x_wconf 84' lang='lat' dir='ltr'><strong>quo</strong></span> <span class='ocrx_word' id='word_1_950' title='bbox 2387 5468 2521 5517; x_wconf 78' lang='lat' dir='ltr'><strong>vult.</strong></span> <span class='ocrx_word' id='word_1_951' title='bbox 2552 5466 2605 5515; x_wconf 90' lang='lat' dir='ltr'><strong>Id</strong></span> <span class='ocrx_word' id='word_1_952' title='bbox 2636 5465 2755 5515; x_wconf 90' lang='lat' dir='ltr'><strong>aliis</strong></span> <span class='ocrx_word' id='word_1_953' title='bbox 2784 5464 2935 5524; x_wconf 86' lang='lat' dir='ltr'><strong>Cdd.,</strong></span> <span class='ocrx_word' id='word_1_954' title='bbox 2966 5476 3079 5527; x_wconf 82' lang='lat' dir='ltr'><strong>qua.</strong></span> <span class='ocrx_word' id='word_1_955' title='bbox 3101 5461 3239 5511; x_wconf 76' lang='lat' dir='ltr'><strong>vult.</strong></span> 
     </span>
    </p>
   </div>
  </div>
