4098 6182
449 209 469 259 l
480 206 582 260 043

442 325 624 380 tribus
649 324 818 379 rectis
847 325 1102 396 paribus,
1135 327 1302 383 lineis
1348 330 1492 384 facta
1531 333 1622 399 sit,
1666 331 1915 403 impares
1943 337 2143 408 anguli

445 411 592 478 sint;
622 429 697 465 an
725 428 843 466 non
862 416 1098 483 potest?
1125 420 1194 471 E.
1220 419 1384 472 Nullo
1404 435 1637 488 prorsus
1655 422 1846 476 modo.
1875 425 1943 478 Α.
1964 425 2141 489 Quid?

445 498 494 551 si
515 499 680 552 rectis
709 500 874 554 lineis
913 502 1116 570 tribus,
1149 505 1246 558 sed
1298 505 1617 575 imparibus
1671 509 1856 579 ﬁgura
1886 518 2134 578 constet,

443 592 685 655 possuut
715 589 964 643 etiamin
987 590 1092 643 ista.
1120 608 1286 660 pares
1318 609 1437 646 esse
1451 595 1666 663 anguli,
1702 613 1774 649 an
1801 598 1954 652 aliud
1977 600 2140 654 intel-

443 674 620 743 ligis?
647 678 713 730 E.
747 677 990 731 Omnino
1021 694 1132 730 non
1188 685 1450 747 possunt.
1511 684 1580 735 A.
1618 684 1788 737 Recte
1825 687 2004 740 dicis:
2041 689 2138 742 sed

446 759 786 831 dic,quazso,
819 780 1082 832 quanam
1116 765 1219 818 tibi
1246 767 1432 837 ﬁgura
1459 769 1930 827 meliorvideatur
1951 777 2140 844 etpul—

445 845 672 900 chrior?
701 864 840 901 eane
867 865 995 918 qua:
1026 850 1281 919 paribus,
1314 871 1388 907 an
1430 871 1560 924 qua:
1606 855 1924 927 imparibus
1971 861 2138 915 lineis

443 936 708 988 constat?
735 938 799 988 E.
836 937 970 998 Quis
1001 938 1226 1003 dubitet
1255 957 1381 995 eam
1428 959 1548 996 esse
1587 945 1885 1001 meliorem
1932 948 1993 1001 in
2025 965 2139 1019 qua

443 1021 740 1089 aequalitas
767 1025 1037 1092 prtevalet
1060 1025 1087 1081 i’

442 1108 667 1163 CAPUT
697 1111 783 1164 IX.
816 1141 885 1151 —
939 1113 1071 1178 Qum
1114 1118 1295 1183 ﬁgura
1330 1121 1698 1186 praestantior.
1743 1124 1808 1176 1n
1865 1125 2136 1192 triangulo

901 1201 1038 1267 quid
1065 1205 1262 1268 angulo
1293 1209 1672 1261 contrarietur.

514 1284 599 1338 14.
633 1285 706 1338 Α.
742 1287 886 1356 Ergo
937 1287 1315 1358 inaequalitati
1368 1295 1757 1363 aequalitatem
1799 1301 2139 1369 prmponis?

435 1372 501 1424 E.
537 1371 734 1426 Nescio
799 1379 991 1428 utrum
1025 1377 1309 1447 quispiam
1365 1396 1483 1434 non
1516 1389 1832 1452 praeponat.
1866 1388 1944 1442 A.
1999 1389 2137 1444 Vide

439 1473 592 1512 nunc
620 1458 680 1512 in
701 1460 886 1530 ﬁgura
907 1478 1036 1532 quae
1065 1465 1248 1519 tribus
1274 1468 1499 1538 angulis
1511 1472 1743 1539 paribus
1771 1475 2018 1543 perfecta
2031 1481 2134 1547 est,

440 1546 579 1615 quid
609 1546 667 1600 in
700 1564 766 1601 ea
795 1549 867 1602 sit
895 1551 1106 1620 angulo
1129 1555 1499 1618 contrarium,
1515 1557 1574 1611 id
1587 1562 1671 1612 est
1686 1576 1751 1613 ex
1780 1562 1960 1616 altera
1975 1569 2136 1633 parte

439 1637 638 1686 contra
666 1635 916 1703 positum
944 1654 956 1703 ;
993 1643 1188 1694 utrum
1219 1641 1370 1695 linea
1399 1659 1469 1696 an
1497 1648 1760 1714 angulus.
1807 1653 1873 1704 E.
1903 1651 2135 1707 Lineam

436 1718 622 1773 video.
653 1722 726 1775 A.
758 1722 902 1786 Quid
923 1727 1098 1795 ergo?
1129 1727 1176 1780 si
1205 1733 1261 1782 et
1280 1731 1522 1800 angulus
1544 1736 1774 1804 angulo,
1807 1741 1864 1790 et
1888 1738 2042 1792 linea
2064 1741 2134 1794 li-

437 1821 561 1860 neae
584 1811 866 1864 contraria
893 1812 985 1878 sit,
1019 1831 1208 1869 nonne
1237 1817 1434 1872 fateris
1465 1823 1851 1891 aequalitatem
1875 1843 1996 1882 esse
2021 1847 2132 1900 po-

436 1892 640 1946 tiorem
671 1894 733 1948 in
762 1913 826 1950 ea
845 1897 1030 1968 ﬁgura
1055 1901 1116 1954 in
1145 1919 1258 1973 qua.
1300 1904 1359 1958 id
1406 1907 1650 1963 accidit?
1677 1914 1740 1965 E.
1775 1914 1975 1968 Fateor
2004 1892 2131 1988 qui-

433 1980 587 2048 dem,
619 1983 716 2036 sed
747 1987 1232 2054 quemadmodum
1262 1991 1321 2046 id
1351 1993 1452 2046 ﬁat
1479 1996 1657 2050 tribus
1698 1999 1859 2054 lineis
1889 1980 2126 2059 omnino

319 2067 324 2070 ’
433 2081 550 2119 non
574 2068 760 2124 video.
782 2071 852 2125 Α.
887 2073 1073 2136 Quid?
1099 2081 1346 2146 quatuor
1372 2080 1535 2134 lineis
1563 2088 1825 2152 potestne
1854 2088 1961 2143 hoc
1977 2091 2132 2147 ﬁeri?

434 2155 498 2207 E.
533 2155 772 2210 Prorsus
796 2165 1006 2227 potest.
1029 2162 1101 2216 Α.
1136 2164 1425 2221 Meliorest
1449 2168 1819 2242 igiturﬁgura
1843 2191 2128 2248 quaequa-

434 2245 566 2294 tuor
590 2242 755 2298 lineis
783 2248 951 2300 rectis
980 2249 1236 2318 paribus,
1270 2269 1442 2323 quam
1497 2273 1626 2327 qua:
1677 2242 2144 2321 tribus—constat;

431 2330 497 2381 E.
531 2330 728 2384 Melior
755 2339 928 2400 certe,
948 2337 1232 2406 siquidem
1245 2342 1426 2411 magis
1455 2343 1515 2397 in
1545 2362 1613 2399 ea
1640 2350 1937 2419 aequalitas
1958 2355 2124 2408 valet.

433 2415 505 2470 A.
540 2416 687 2480 Quid
708 2434 844 2490 ergo
864 2421 892 2474 ?
925 2421 1092 2478 istam
1111 2442 1241 2496 qua;
1261 2432 1506 2498 quatuor
1531 2435 1670 2488 recti
1701 2415 1934 2506 paribus
1961 2439 2126 2496 lineis

788 2569 1080 2839 LI
1558 2569 1715 2886 Ο

426 2927 619 2995 conﬁt,
664 2945 934 2986 censesne
963 2951 1129 3004 posse
1160 2937 1334 2992 etiam
1363 2941 1445 2995 ita
1497 2942 1644 3013 ﬁeri,
1684 2951 1749 3000 ut
1777 2963 1891 3003 non
1921 2954 2120 3023 anguli

425 3031 624 3070 omnes
645 3018 704 3071 in
732 3035 798 3073 ea
827 3037 990 3090 pares
1019 3023 1152 3093 sint,
1182 3042 1255 3080 an
1279 3044 1397 3082 non
1422 3035 1584 3100 putas
1603 3035 1632 3087 ?
1651 3037 1716 3088 E.
1740 3036 1912 3092 Video
1928 3018 2113 3110 posse.

421 3103 492 3156 Α.
521 3103 779 3166 Quonam
809 3109 982 3162 modo
1001 3112 1029 3164 ‘2
1048 3114 1112 3165 E.
1139 3112 1319 3168 Siduo
1349 3119 1770 3185 contractiores,
1803 3103 2114 3198 duo-aper-

421 3188 596 3243 tiores
622 3191 752 3246 sint.
784 3194 863 3248 A.
904 3197 1134 3252 Videsne
1160 3201 1332 3256 etiam
1361 3208 1847 3274 quemadmodum
1870 3218 1926 3268 et
1945 3188 2114 3273 ainbo

421 3277 847 3347 contractiores,
880 3287 938 3336 et
967 3286 1136 3339 ambo
1167 3291 1481 3358 apertiores
1512 3296 1616 3349 sibi
1647 3302 1916 3354 contrarii
1958 3304 2114 3360 sint?

418 3365 486 3417 E.
517 3367 596 3418 Ac
626 3366 916 3424 verissime
944 3375 1114 3442 atque
1143 3378 1516 3445 apertissime.
1559 3385 1631 3439 A.
1680 3386 1966 3446 Servatam
1996 3393 2111 3465 igi-

418 3454 513 3504 tur
541 3457 596 3506 et
626 3453 738 3521 hic,
771 3463 984 3526 quanta
1011 3465 1222 3516 servari
1252 3469 1459 3536 potuit,
1493 3472 1679 3526 cernis
1701 3453 2106 3547 aequalitatevm:

417 3541 599 3594 cernis
629 3543 782 3596 enim
812 3546 1065 3614 profecto
1096 3549 1222 3605 ﬁeri
1251 3570 1364 3608 non
1392 3573 1576 3626 posse,
1609 3567 1675 3614 ut
1704 3580 1834 3619 cum
1865 3577 2111 3639 quatuor

414 3629 648 3696 paribus
679 3631 846 3687 lineis
892 3635 1079 3705 ﬁgura
1110 3640 1424 3712 perﬁcitur,
1475 3663 1586 3700 non
1615 3655 1715 3705 aut
1762 3629 1978 3723 omnes,
2013 3665 2109 3715 aut

413 3722 564 3770 certe
593 3720 682 3772 vel
709 3720 830 3774 bini
855 3726 1051 3794 anguli
1077 3744 1243 3795 pares
1274 3730 1415 3798 sint;
1445 3750 1688 3808 qumque
1727 3746 1918 3798 tamen
1948 3720 2108 3815 paria

413 3808 567 3869 sunt,
596 3805 702 3857 sibi
732 3823 800 3859 ex
830 3810 1114 3864 contrario
1151 3817 1512 3883 respondere.
1571 3805 1636 3880 Ε.
1671 3826 1871 3896 Cerno,
1932 3805 1986 3887 et
2014 3835 2106 3889 ﬁr.

411 3889 666 3944 missime
695 3896 882 3947 teneo.

485 3981 580 4067 15.Δ
610 3979 684 4032 Α.
718 3980 942 4035 Nihilne
965 3986 1020 4037 te
1050 3992 1239 4042 movet
1265 3989 1435 4046 etiam
1464 3995 1525 4049 in
1552 3998 1640 4052 his
1671 4003 1838 4058 rebus
1867 4010 2025 4064 tanta
2047 4017 2104 4067 et

408 4065 524 4116 tam
565 4063 901 4121 inconcussa
929 4071 1194 4140 qumdam
1218 4075 1484 4145 justitia?
1506 4087 1569 4138 E.
1595 4086 1854 4149 Quonam
1884 4063 2102 4153 modov‘l

404 4151 475 4205 A.
505 4151 647 4214 Quia
674 4154 838 4222 nihil,
871 4162 934 4209 ut
954 4158 1219 4228 arbitror,
1254 4164 1495 4224 dicimus
1533 4188 1654 4227 esse
1677 4176 1958 4245 justitiam
1991 4186 2100 4241 nisi

404 4239 733 4308 aequitatem
767 4259 780 4295 :
810 4245 1051 4314 azquitas
1071 4253 1261 4304 autem
1286 4255 1357 4308 ab
1386 4239 1710 4328 aequalitate
1740 4270 1986 4336 quadam
2013 4239 2097 4328 vi;

403 4326 570 4380 detur
597 4330 899 4399 appellata.
934 4334 1043 4388 Sed
1077 4351 1205 4405 quae
1227 4339 1286 4393 in
1318 4342 1423 4397 hac
1451 4326 1658 4404 virtute
1699 4326 1957 4427 aequitas,
1986 4326 2096 4418 nisi

401 4418 465 4467 ut
493 4432 594 4469 sua
625 4418 831 4488 cuique
861 4421 1231 4480 tribuantur?
1261 4430 1437 4485 Porro
1451 4451 1554 4489 sua
1574 4418 1799 4511 cuique,
1832 4418 2096 4519 nisi'qua-

401 4502 533 4556 dam
564 4505 920 4562 distinctione
949 4510 1121 4564 tribui
1152 4529 1265 4568 non
1294 4527 1552 4585 possunt.
1583 4527 1671 4579 An
1684 4502 1864 4584 .aliter
1882 4502 2094 4602 putas”?

399 4591 467 4682 1:3.
498 4591 854 4682 Manifestum
883 4602 987 4664 est,
1020 4604 1074 4652 et
1101 4616 1334 4669 prorsus
1364 4612 1658 4670 assentior.
1684 4617 1755 4670 A.
1785 4591 2090 4682 Quid?dis;

396 4674 727 4733 tinctionem
767 4684 1137 4743 arbitrarisne
1183 4707 1305 4746 esse
1355 4697 1552 4766 ullam,
1597 4701 1644 4754 si
1689 4708 1885 4762 omnia
1929 4714 2092 4780 paria

397 4761 535 4857 sint:
561 4769 625 4818 ut
649 4767 796 4857 nihil,
819 4775 1218 4832 omninointer
1232 4797 1289 4835 se
1303 4761 1604 4842 differant?
1624 4793 1688 4845 E.
1707 4761 1871 4849 Nullo
1890 4761 2084 4857 modo:

391 4850 466 4904 A.
495 4851 640 4921 Ergo
661 4853 886 4922 justitia
913 4865 1122 4918 servari
1165 4883 1280 4922 non
1325 4877 1530 4940 potest,
1587 4878 1696 4932 nisi
1725 4881 1787 4935 in
1817 4886 1988 4941 rebus
2026 4890 2086 4946 in

393 4939 894 5042 quibus-servatur,
927 4948 998 5004 sit
1019 4955 1302 5024 quaedam,
1324 4939 1386 5013 ut
1406 4961 1486 5015 ita
1509 4939 1712 5033 dicam,
1744 4939 2086 5042 imparilitas

392 5030 447 5081 et
477 5028 978 5091 dissimilitudo.E.
1011 5039 1300 5114 Intelligo.
1335 5049 1406 5105 A.
1438 5050 1576 5107 Cum
1605 5028 1784 5127 igitur
1803 5028 2084 5121 fateamur

389 5115 524 5171 istas
549 5118 781 5188 ﬁguras,
838 5123 907 5178 de
956 5127 1161 5195 quibus
1210 5134 1453 5206 agimus,
1495 5141 1647 5197 inter
1675 5163 1733 5200 se
1765 5164 1885 5204 esse
1916 5153 2080 5208 dissi-

385 5207 572 5274 miles,
596 5209 755 5264 illam
782 5212 991 5268 scillcet
1019 5231 1148 5285 quae
1178 5221 1380 5289 tribus,
1415 5232 1472 5281 et
1509 5229 1655 5286 hanc
1686 5251 1812 5306 quae
1833 5245 2080 5310 quatuor

387 5297 611 5366 angulis
637 5307 873 5372 constat,
896 5320 1023 5357 cum
1043 5307 1228 5361 ambae
1258 5309 1491 5378 paribus
1512 5316 1678 5374 lineis
1691 5297 1831 5379 ﬁant
1849 5297 2076 5393 Enonne

384 5383 608 5441 videtur
635 5389 742 5447 tibi
771 5394 1034 5468 quaedam
1065 5400 1288 5450 retenta
1308 5399 1554 5473 justitia,
1586 5412 1650 5461 ut
1677 5409 1775 5465 illa
1813 5383 1941 5486 quae
1970 5383 2072 5472 ha:

791 2553 1071 2565 ξ

1067 2563 1080 2838 l

1479 214 1572 268 DE
1611 214 2070 281 QUANTITATE
2114 219 2388 285 ΑΝΙΜΑΕ,
2433 218 2488 274 S.
2531 217 2914 275 AUGUSTINI

3781 230 3881 284 1044

2254 337 2388 390 bere
2416 352 2532 390 non
2561 341 2750 407 potest
2777 335 3125 408 parilitatem
3162 338 3595 408 contrariorum,
3638 343 3881 400 inconcus-

2252 441 2372 478 sam
2403 429 2594 479 teneat
2620 426 2970 496 angulorum
3001 427 3424 496 aequalitatem:
3455 428 3512 482 in
3534 430 3632 484 hac
3655 447 3772 485 vero
3796 451 3880 503 qua

2250 516 2408 566 tanta
2437 516 2523 566 est
2571 513 2991 567 contrariorum
3022 515 3419 583 congruentia,
3451 515 3544 570 illa
3572 518 3651 572 lex
3687 523 3880 589 angulo-

2250 615 2380 652 rum
2419 599 2686 654 admittat
2736 601 3076 655 nonnullam
3132 601 3621 672 inaequalitatem?
3651 608 3752 660 Hoc
3777 624 3880 678 ergo

2249 703 2381 740 cum
2406 703 2496 740 me
2524 689 2770 742 multum
2799 693 3074 753 moveret,
3107 692 3479 760 quaerendum
3520 693 3614 746 abs
3653 697 3700 746 te
3741 696 3882 749 visum

2250 780 2352 843 est,
2385 792 2636 845 quonam
2666 778 2836 830 modo
2865 779 2970 830 ista
2997 777 3259 844 veritate,
3292 779 3577 850 aequitate,
3617 784 3882 852 aequalitate

2251 863 2636 918 delectarere.‘
2661 867 2725 918 E.
2754 865 2880 918 Jam
2909 880 3080 918 cerno
3113 866 3252 936 quid
3279 866 3454 932 dicas,
3485 873 3538 920 et
3563 885 3671 921 non
3706 872 3882 924 medio-

2248 950 2418 1004 criter
2445 951 2720 1006 admiror.
2753 952 2824 1008 A.
2858 955 2976 1022 Age
2995 969 3167 1019 nunc,
3199 954 3335 1024 quia
3358 954 3718 1025 inaequalitati
3740 975 3884 1028 aequa-

2247 1037 2467 1090 litatem
2490 1038 2621 1107 jure
2650 1038 2960 1109 praeponis,
2993 1055 3098 1094 nec
3136 1040 3439 1111 quisquam
3482 1044 3702 1096 omnino
3730 1050 3814 1110 est,
3839 1053 3885 1099 ut

2249 1124 2476 1195 opinor,
2505 1126 2758 1180 humano
2787 1143 2959 1181 sensu
2983 1128 3282 1197 praeditus,
3312 1129 3405 1182 cui
3433 1147 3547 1183 non
3576 1131 3629 1183 id
3656 1132 3882 1196 videatur;

2248 1229 2593 1283 quaeramus,
2623 1215 2668 1267 si
2689 1215 2896 1285 placet,
2920 1216 3165 1286 figuram
3183 1216 3244 1269 in
3261 1232 3376 1287 qua
3405 1233 3623 1271 summa
3643 1221 3882 1288 aequalitas

2247 1300 2493 1354 inveniri
2525 1307 2730 1372 queat:
2761 1319 3139 1374 quaecumque
3153 1304 3306 1358 enim
3338 1305 3464 1369 erit,
3496 1322 3560 1360 ea
3579 1307 3776 1361 caeteris
3795 1310 3883 1362 sine

2249 1388 2604 1444 dubitatione
2633 1391 2989 1460 preferetur.
3023 1394 3086 1447 Ε.
3126 1393 3316 1448 Placet
3353 1409 3508 1461 vero,
3559 1399 3614 1448 et
3657 1411 3770 1466 qua:
3804 1397 3882 1450 ista

2249 1476 2340 1545 sit,
2371 1477 2514 1532 scire
2543 1479 2735 1548 cupio.

2440 1566 2667 1620 CAPUT
2694 1567 2757 1620 Χ.
2789 1597 2856 1606 —
2884 1567 3107 1622 Summa
3132 1570 3420 1637 aequalitas
3445 1571 3504 1624 in
3550 1573 3745 1639 ﬁguris.

2321 1654 2405 1706 16.
2434 1654 2505 1708 Α.
2539 1653 2701 1707 Prius
2731 1669 2868 1723 ergo
2895 1657 3200 1726 responde,
3233 1662 3430 1712 utrum
3461 1657 3562 1713 tibi
3588 1660 3793 1714 illarum
3832 1660 3879 1713 li-

2564 1773 2854 2059 El
3311 1831 3562 2058 Δ

2241 2132 2536 2187 gurarum,
2570 2135 2815 2190 quarum
2830 2120 2952 2191 jam
2981 2127 3260 2192 quantum
3293 2126 3429 2179 satis
3457 2128 3738 2183 videbatur
3771 2131 3878 2183 facta

2241 2205 2455 2260 mentio
2486 2209 2589 2272 est,
2622 2223 2688 2260 ea
2717 2207 2975 2262 videatur
3004 2212 3298 2279 excellere,
3327 2230 3460 2283 quae
3489 2222 3722 2288 quatuor
3755 2218 3878 2271 lineis

2238 2293 2492 2362 paribus,
2524 2295 2881 2367 totidemque
2910 2299 3132 2368 angulis
3145 2301 3375 2371 paribus
3390 2311 3873 2376 constetznamque,

2238 2384 2303 2433 ut
2339 2380 2515 2446 vides,
2549 2382 2610 2434 in
2639 2383 2744 2436 hac
2773 2390 2830 2438 et
2857 2385 3140 2442 linearum
3167 2392 3470 2461 aequalitas
3497 2399 3553 2448 et
3589 2396 3872 2466 angulorum

2238 2472 2359 2534 est;
2393 2472 2468 2537 et,
2499 2470 2651 2539 quod
2682 2471 2744 2524 in
2771 2472 2871 2525 illa
2893 2489 3021 2543 quae
3044 2476 3226 2530 tribus
3258 2479 3426 2533 lineis
3457 2483 3681 2550 paribus
3705 2483 3873 2536 claudi-

2235 2557 2350 2623 tur,
2379 2571 2496 2609 non
2524 2556 2975 2628 inveniebamus,
3037 2563 3195 2618 adest
3236 2565 3369 2619 huic
3420 2568 3672 2636 parilitas
3698 2574 3874 2622 contra-

2234 2641 2456 2697 riorum
2485 2660 2497 2696 :
2529 2659 2664 2698 nam
2692 2646 2859 2702 lineae
2890 2649 3058 2710 linea,
3092 2655 3148 2705 et
3177 2655 3427 2722 angulus
3483 2658 3684 2727 angulo
3723 2663 3808 2724 est,
3831 2661 3877 2709 ut

2233 2731 2433 2797 cernis,
2470 2735 2807 2791 contrarius.
2840 2740 2905 2792 E.
2957 2741 3039 2792 Ita
3075 2757 3207 2795 vero
3250 2747 3353 2810 est,
3395 2749 3464 2798 ut
3511 2746 3660 2800 dicis.
3708 2747 3768 2800 A.
3797 2747 3874 2798 Ha-

2232 2819 2402 2872 betne
2418 2837 2703 2876 summam
2715 2825 3099 2894 azqualitatem
3111 2869 3123 2896 ,
3137 2845 3210 2882 an
3227 2830 3396 2885 aliter
3410 2833 3514 2886 tibi
3530 2833 3757 2888 videtur?
3769 2835 3873 2888 Nam

2232 2906 2280 2959 si
2306 2908 2495 2975 habet,
2527 2909 2756 2979 frustra,
2785 2917 2849 2965 ut
2878 2913 3330 2984 institueramus,
3365 2920 3544 2975 aliam
3575 2922 3866 2992 quazrimus;

2233 2993 2280 3047 si
2310 2999 2503 3050 autem
2541 3013 2660 3051 non
2688 2999 2880 3065 habet,
2912 3002 3040 3055 volo
3071 3008 3134 3056 ut
3159 3004 3420 3075 idipsum
3451 3009 3593 3063 mihi
3624 3010 3713 3064 abs
3739 3014 3782 3062 te
3799 3009 3868 3062 de-

2229 3087 2597 3139 monstretur.
2624 3088 2690 3139 E.
2724 3086 2957 3141 Videtur
2986 3090 3129 3144 mihi
3157 3093 3370 3148 habere
3397 3113 3409 3149 :
3452 3113 3584 3150 nam
3615 3097 3701 3150 ubi
3730 3103 3774 3149 et
3797 3111 3868 3147 an-

2228 3170 2349 3240 guli
2377 3187 2542 3240 pares
2572 3178 2630 3227 et
2657 3173 2825 3228 lineae
2854 3192 3019 3246 pares
3049 3183 3202 3250 sunt,
3224 3181 3304 3234 ibi
3327 3183 3736 3254 deprehendam
3762 3184 3866 3236 ina-

2227 3259 2562 3326 qualitatem
2585 3277 2704 3315 non
2724 3263 2906 3319 video.
2939 3267 3010 3320 A.
3048 3269 3161 3337 Ego
3186 3269 3344 3323 aliud
3377 3273 3560 3326 sentio
3584 3290 3596 3326 :
3619 3289 3734 3326 nam
3755 3277 3866 3325 recte

2225 3345 2377 3399 linea
2406 3347 2585 3402 donec
2613 3350 2802 3405 veniat
2817 3353 2888 3407 ad
2903 3357 3160 3424 angulos,
3193 3374 3423 3414 summa
3437 3362 3738 3432 aequalitate
3761 3374 3864 3429 pre-

2225 3433 2345 3487 dita
2373 3439 2495 3503 est;
2520 3437 2618 3491 sed
2644 3454 2774 3492 cum
2805 3456 2870 3494 ex
2903 3443 3125 3496 diverso
3175 3445 3354 3500 latere
3409 3449 3524 3502 alia
3563 3449 3864 3518 conjungilur

2225 3520 2392 3588 linea,
2421 3527 2477 3576 et
2505 3526 2782 3594 angulum
2811 3527 2965 3596 facit,
2996 3547 3190 3586 nonne
3219 3550 3432 3596 censes
3452 3537 3556 3590 hoc
3582 3537 3748 3606 ipsum
3775 3548 3860 3587 esse

2220 3607 2550 3679 inzequale‘?
2578 3614 2666 3665 An
2696 3614 2800 3668 tibi
2829 3615 3029 3686 ﬁgurae
3058 3635 3192 3688 pars
3234 3638 3366 3692 quae
3397 3625 3413 3658 ¹
3444 3624 3595 3678 linea
3639 3622 3861 3677 clauditur

2220 3713 2351 3750 cum
2375 3697 2473 3751 illa
2501 3704 2662 3768 parte
2685 3717 2815 3770 quas
2845 3707 3054 3774 angulo
3085 3710 3473 3778 concluditur,
3506 3726 3786 3781 congruam
3813 3707 3856 3758 si

2219 3784 2387 3838 detur
2415 3788 2737 3857 aequalitate
2767 3796 2866 3846 aut
2886 3793 3260 3852 similitudine
3281 3801 3311 3852 ?
3339 3803 3410 3856 E.
3452 3802 3613 3855 Nullo
3643 3799 3856 3854 modozet

2217 3887 2309 3925 me
2339 3875 2517 3943 pudet
2541 3877 2876 3934 temeritatis
2895 3897 3070 3951 meae;
3100 3901 3166 3938 eo
3180 3887 3333 3940 enim
3370 3889 3571 3942 ductus
3591 3904 3722 3951 sum,
3741 3882 3854 3955 quod

2216 3964 2273 4014 et
2301 3963 2540 4032 angulos
2565 3963 2625 4017 in
2653 3981 2719 4019 ea
2745 3969 3073 4036 paresinter
3088 3989 3144 4027 se
3160 3978 3216 4036 et
3245 3976 3428 4030 latera
3456 3992 3727 4031 cernerem
3751 3990 3762 4026 :
3784 3969 3853 4025 sed

2214 4049 2341 4118 quis
2370 4066 2487 4104 non
2513 4051 2698 4107 videat
2714 4070 2914 4111 eorum
2933 4059 3173 4114 laterum
3189 4063 3258 4116 ab
3281 4067 3512 4135 angulis
3525 4079 3763 4135 magnam
3775 4059 3851 4114 dif-

2211 4136 2411 4190 ferenti
2421 4154 2510 4192 am
2526 4141 2556 4193 ?
2575 4141 2647 4195 A.
2672 4143 2875 4214 Accipe
2889 4147 3040 4202 aliud
3062 4149 3477 4221 inaequalitatis
3493 4151 3850 4225 apertissimum

2209 4224 2484 4279 indicium
2509 4243 2522 4280 :
2557 4233 2706 4283 certe
2732 4232 2886 4286 enim
2916 4235 3118 4303 cernis,
3151 4241 3237 4292 vel
3267 4240 3430 4295 illam
3462 4224 3693 4312 figuram
3718 4238 3849 4292 trian-

2209 4314 2399 4381 gulam
2433 4315 2666 4384 paribus
2694 4319 2860 4374 lineis
2872 4329 3246 4394 constantem,
3271 4330 3358 4383 vel
3393 4329 3558 4384 istam
3574 4328 3848 4401 quadratam

2205 4399 2416 4455 habere
2453 4403 2700 4474 aliquod
2730 4409 3004 4465 medium.
3029 4416 3092 4468 Ε.
3117 4416 3300 4470 Cerno
3330 4419 3521 4488 plane.
3549 4399 3850 4480 A—.Quid?ab

2206 4489 2405 4542 eodem
2430 4492 2616 4544 medio
2644 4509 2774 4548 cum
2826 4497 3006 4553 lineas
3036 4503 3106 4556 ad
3145 4520 3344 4558 omnes
3373 4507 3571 4577 ﬁgurae
3593 4509 3754 4576 partes
3771 4500 3846 4551 du-

2203 4573 2404 4640 cimus,
2429 4594 2668 4648 paresne
2699 4582 2805 4636 tibi
2830 4586 2960 4641 duci
2990 4589 3159 4645 linere
3191 4593 3480 4656 videntur,
3528 4611 3596 4647 an
3623 4586 3846 4662 impares?

2569 4752 2814 4984 Α
3278 4740 3532 4985 ἓὲ

2194 5047 2262 5100 Ε.
2292 5046 2544 5118 Impares
2580 5068 2840 5121 prorsus;
2876 5071 3010 5110 nam
3056 5059 3346 5129 longiores
3406 5077 3502 5115 eas
3555 5070 3754 5113 necesse
3778 5054 3840 5104 est

2193 5149 2334 5201 esse,
2365 5153 2504 5206 quas
2533 5138 2594 5192 in
2627 5143 2867 5212 angulos
2913 5144 3190 5200 ducimus.
3235 5152 3306 5203 A.
3353 5149 3481 5202 Ista:
3511 5148 3569 5201 in
3613 5143 3838 5217 quadrata

2191 5228 2332 5293 quot
2355 5230 2506 5291 sunt,
2538 5232 2595 5281 et
2623 5234 2763 5299 quot
2793 5230 2853 5285 in
2883 5231 3173 5303 triangula
3193 5238 3222 5289 ?
3249 5240 3314 5292 E.
3349 5237 3597 5300 Quatuor
3626 5233 3724 5298 hic,
3750 5233 3834 5280 tres

2187 5311 2286 5365 ibi.
2313 5313 2378 5367 A.
2411 5313 2603 5377 Quid?
2634 5318 2886 5373 minimm
2926 5323 3187 5377 omnium
3219 5341 3347 5397 quae
3378 5339 3620 5389 rursum,
3651 5325 3700 5375 et
3727 5316 3832 5388 quot

2255 5433 2269 5465 ι
2304 5431 2388 5481 Sic
2415 5434 2538 5482 Mss.
2567 5437 2804 5499 AtEdd.,
2830 5454 2958 5504 qua.
