4080 6178
121 247 261 299 1045

110 370 253 421 sunt
284 366 347 420 in
390 365 577 435 ﬁgura
605 369 848 436 utraque
866 368 896 419 ?
923 369 989 421 Ε.
1031 368 1307 435 Totidem,
1347 369 1557 427 scilicet
1580 387 1661 426 eae
1688 390 1818 444 quae

107 455 172 508 in
206 454 404 509 media
434 455 611 508 latera
636 455 943 509 ducuntur.
974 458 1050 510 A.
1098 457 1399 511 Verissime
1431 459 1571 513 mihi
1610 460 1818 515 videris

109 544 326 607 dicere,
359 559 548 614 neque
578 542 672 597 hic
721 559 863 613 opus
902 549 987 598 est
1032 544 1243 599 diutius
1293 546 1626 614 immorari;
1658 550 1726 603 ad
1759 550 1817 604 id

108 632 273 685 enim
308 631 459 702 quod
486 630 747 685 volumus
777 631 913 685 satis
942 637 1023 686 est
1048 650 1060 687 :
1094 650 1226 687 nam
1252 639 1306 688 et
1334 651 1602 704 magnam
1624 654 1816 708 aequa-

106 720 337 773 litatem
366 719 458 773 hic
478 718 711 783 servari,
736 723 796 773 ut
818 720 1043 789 opinor,
1058 720 1235 787 vides,
1265 725 1321 775 et
1339 726 1531 776 tamen
1558 726 1817 780 nondum

107 824 181 861 ex
212 807 374 861 omni
414 812 575 878 parte
605 808 934 877 perfectam.
977 811 1044 883 1".
1085 810 1329 863 Omnino
1376 811 1562 878 video,
1595 817 1651 867 et
1688 831 1817 884 quae

108 896 212 950 illa
237 896 423 966 ﬁgura
445 896 515 949 sit
546 911 675 981 qua":
698 912 981 950 summam
1002 897 1387 968 aequalitatem
1409 899 1816 967 habeat,nosse

107 983 486 1037 vehementer
514 988 793 1054 exspecto.

109 1070 342 1125 CAPUT
382 1072 469 1125 XI.
529 1101 598 1111 —-
650 1074 979 1140 Figurarum
1031 1077 1374 1143 praestantia.
1420 1076 1564 1143 Quid
1600 1080 1815 1145 signum

686 1163 788 1226 sit;
814 1160 951 1228 quid
968 1165 1247 1229 punctum.

188 1250 273 1299 l7.
306 1248 377 1301 Α.
431 1246 613 1310 Quam
662 1263 877 1314 censes,
930 1249 1037 1302 nisi
1079 1265 1227 1316 eam,
1260 1249 1422 1320 cujus
1452 1254 1509 1304 et
1539 1252 1808 1305 extremi—

105 1338 199 1387 tas
227 1334 334 1387 sibi
364 1350 598 1388 concors
629 1340 715 1389 est
745 1337 1022 1407 undique,
1062 1338 1220 1390 nullo
1264 1339 1472 1407 angulo
1502 1339 1815 1409 aequzelita-

104 1421 231 1472 tem
262 1422 649 1489 perturbante,
684 1426 741 1475 et
772 1439 805 1476 a
833 1424 995 1493 cujus
1034 1424 1224 1477 medio
1270 1425 1341 1477 ad
1389 1441 1585 1479 omnes
1627 1430 1813 1481 extre-

104 1507 327 1561 mitatis
351 1513 541 1579 partes
584 1526 751 1579 pares
776 1510 945 1564 linea:
985 1511 1115 1566 duci
1159 1514 1441 1582 possunt?
1468 1516 1533 1568 E.
1577 1515 1720 1580 Jam,
1750 1519 1815 1569 ut

105 1598 338 1666 opinor,
372 1597 662 1668 intelligo:
696 1614 831 1651 nam
860 1598 1018 1652 illam
1062 1599 1308 1669 ﬁguram
1350 1617 1480 1671 quin
1510 1616 1627 1654 una
1664 1600 1814 1654 linea

103 1685 173 1737 in
204 1686 479 1738 circulum
498 1685 665 1739 ducta
687 1685 1049 1753 terminatur,
1076 1687 1217 1741 mihi
1238 1688 1444 1742 videris
1471 1688 1807 1743 describere.

102 1775 188 1825 Α.
225 1774 392 1827 Recte
422 1772 713 1844 intelligis.
750 1774 911 1827 Nunc
940 1773 1134 1844 itaque
1165 1775 1305 1829 illud
1338 1776 1654 1838 considera,
1681 1792 1811 1829 cum

104 1861 369 1931 superior
414 1860 556 1914 ratio
606 1861 865 1915 docuerit
919 1861 1135 1916 lineam
1172 1862 1233 1916 in
1280 1864 1399 1917 sola
1446 1864 1809 1933 longitudine

104 1950 377 2021 intelligi,
409 1966 513 2004 nec
556 1950 870 2021 quidquam
906 1951 1224 2005 latitudinis
1255 1970 1551 2024 usurpare,
1581 1958 1637 2008 et
1674 1954 1805 2008 ideo

102 2054 219 2107 per
246 2039 481 2109 longum
513 2054 627 2109 qua
656 2038 881 2092 ducitur
910 2039 1086 2093 dividi
1116 2056 1229 2093 non
1259 2057 1443 2111 posse,
1486 2047 1679 2095 utrum
1704 2042 1810 2095 tibi

100 2126 370 2179 videatur
397 2125 583 2196 ﬁgura
630 2128 901 2197 quaelibet
930 2128 1051 2181 sine
1098 2128 1400 2183 latitudine
1432 2130 1696 2183 inveniri.
1733 2134 1798 2184 E.

106 2215 281 2267 Nullo
304 2214 495 2268 modo.
516 2216 588 2270 A.
616 2215 761 2279 Quid
783 2217 811 2268 ?
840 2216 965 2285 ipsa
994 2216 1236 2271 latitudo
1263 2222 1524 2288 potestne
1555 2219 1808 2288 longitu-

100 2303 301 2356 dinem
348 2320 465 2357 non
495 2304 727 2373 habere,
754 2304 1014 2374 quamvis
1044 2305 1287 2359 latitudo
1317 2307 1437 2359 sola
1469 2306 1559 2373 sit,
1603 2323 1804 2377 quem-

103 2392 419 2445 admodum
450 2392 713 2461 superius
743 2392 1162 2461 longitudinem
1197 2393 1319 2447 sine
1367 2394 1670 2448 latitudine
1708 2395 1804 2448 in-

102 2480 468 2545 telleximus;
502 2496 575 2532 an
622 2496 737 2533 non
766 2480 989 2549 potest?
1018 2483 1087 2535 E.
1135 2480 1307 2535 Video
1339 2497 1454 2535 non
1501 2499 1683 2553 posse.
1726 2486 1803 2536 Α.

102 2568 276 2621 Vides
308 2568 477 2621 etiam
508 2568 667 2633 illud,
714 2567 823 2621 nisi
854 2568 1041 2636 fallor,
1075 2569 1230 2639 quod
1263 2570 1499 2623 latitudo
1533 2571 1601 2624 ab
1649 2571 1807 2623 omni

104 2660 271 2725 parte
299 2656 473 2709 dividi
506 2660 695 2725 queat,
731 2656 884 2709 linea
911 2671 1043 2709 vero
1068 2673 1172 2727 per
1200 2658 1436 2727 longum
1476 2672 1588 2712 non
1616 2664 1805 2729 queat.

106 2747 177 2797 E.
215 2744 570 2797 Manifestum
600 2748 704 2797 est.
736 2746 812 2797 A.
842 2743 987 2807 Quid
1018 2761 1154 2814 ergo
1183 2750 1351 2814 putas
1376 2746 1559 2815 pluris
1587 2746 1804 2800 haben-

106 2833 250 2886 dum
274 2832 301 2885 ‘I
326 2832 475 2902 quod
508 2830 681 2885 dividi
712 2834 918 2900 potest,
948 2848 1021 2884 an
1062 2832 1121 2886 id
1152 2834 1305 2903 quod
1338 2850 1451 2887 non
1481 2836 1707 2903 potest?
1741 2837 1801 2888 E.

106 2920 366 2974 Profecto
396 2919 455 2973 id
492 2920 645 2989 quod
675 2935 789 2972 non
828 2923 1031 2989 potest.
1066 2921 1145 2974 Α.
1190 2920 1486 2990 Ρτωροῐιὶε
1533 2921 1710 2991 igitur
1739 2922 1806 2975 Ii-

105 3024 279 3062 neam
308 3006 617 3061 latitudini.
651 3007 789 3060 Nam
821 3006 867 3059 si
892 3007 1048 3077 quod
1080 3007 1256 3062 dividi
1280 3025 1399 3062 non
1419 3014 1624 3079 potest,
1659 3025 1804 3079 prue-

105 3096 439 3167 ponendum
492 3098 611 3161 est;
674 3110 1079 3164 praeponamus
1139 3112 1366 3149 necesse
1414 3101 1499 3150 est
1530 3096 1701 3150 etiam
1746 3097 1802 3149 id

109 3185 268 3256 quod
302 3184 490 3237 minus
540 3182 714 3236 dividi
752 3187 972 3252 potest:
1012 3183 1255 3237 latitudo
1305 3189 1498 3238 autem
1547 3201 1614 3238 ex
1646 3184 1806 3238 omni

107 3277 269 3343 parte
297 3271 589 3336 dividitur,
630 3269 929 3339 longitudo
960 3287 1093 3325 vero
1133 3288 1251 3325 non
1290 3272 1398 3325 nisi
1440 3289 1507 3326 ex
1556 3273 1802 3338 diverso,

109 3378 242 3415 nam
276 3377 376 3431 per
406 3361 639 3429 longum
678 3358 1018 3413 divisionem
1053 3377 1171 3414 non
1210 3361 1501 3416 admittit:
1536 3366 1620 3416 est
1669 3378 1804 3432 ergo

106 3449 406 3504 latitudine
429 3447 806 3519 praastantior.
842 3449 930 3501 An
967 3452 1029 3501 tu
1062 3449 1227 3503 aliter
1254 3449 1587 3504 existimas?
1616 3453 1681 3505 E.
1723 3451 1806 3504 Ita

108 3555 342 3611 prorsus
370 3536 515 3591 ratio
538 3535 689 3606 cogit
716 3534 883 3590 fateri
913 3539 977 3590 ut
996 3536 1155 3591 dicis.

184 4064 268 4116 18.
302 4064 377 4116 Α.
408 4064 531 4117 Jam
564 4080 910 4136 quaeramus,
942 4062 990 4116 si
1022 4062 1225 4133 placet,
1254 4065 1449 4115 utrum
1483 4060 1556 4115 sit
1589 4060 1805 4132 aliquid

112 4150 171 4203 in
208 4150 313 4204 ista
342 4152 584 4219 ratione,
627 4153 783 4224 quod
812 4152 1046 4207 omnino
1080 4167 1197 4205 non
1242 4154 1414 4220 queat
1458 4149 1673 4217 dividi;
1700 4149 1807 4202 erit

109 4238 262 4291 enim
289 4239 395 4293 hoc
426 4241 607 4294 multo
639 4241 812 4294 etiam
863 4256 1037 4310 quam
1066 4239 1164 4291 illa
1201 4238 1353 4291 linea
1391 4237 1616 4290 melius.
1664 4238 1804 4290 Nam

109 4326 317 4380 lineam
340 4328 523 4381 cernis
545 4346 611 4383 ex
639 4329 861 4383 diverso
893 4325 1391 4381 innumerabiliter
1409 4324 1588 4378 secari
1613 4341 1798 4394 posse,

109 4414 302 4483 itaque
335 4415 435 4469 tibi
457 4415 565 4486 ipsi
594 4415 1125 4469 hocinveniendum
1156 4412 1398 4466 dimitto.
1422 4415 1484 4465 E.
1521 4413 1632 4481 Ego
1666 4410 1807 4465 illud

110 4506 251 4571 puto
282 4518 397 4555 non
427 4518 591 4573 posse
622 4502 819 4568 dividi,
842 4504 998 4573 quod
1043 4501 1297 4554 medium
1329 4500 1388 4553 in
1420 4500 1603 4568 ﬁgura
1627 4514 1805 4569 pone-

111 4589 330 4649 bamus,
364 4591 512 4667 unde
544 4590 603 4643 in
633 4595 886 4645 extrema
932 4590 1100 4643 lineas
1126 4590 1431 4643 ducuntur.
1466 4588 1605 4640 Nam
1645 4586 1691 4639 si
1721 4587 1807 4641 di-

111 4676 341 4743 viditur,
386 4666 744 4748 longitudine
784 4682 881 4732 aut
915 4678 1089 4731 etiam
1125 4676 1425 4730 latitudine
1461 4691 1653 4729 carere
1690 4691 1809 4728 non

111 4768 318 4832 potest.
365 4764 475 4819 Sed
534 4764 581 4819 si
631 4766 1052 4837 longitudinem
1105 4766 1283 4818 solam
1314 4765 1503 4829 habet,
1539 4780 1654 4816 non
1687 4763 1807 4832 jam

114 4852 264 4907 unde
296 4852 584 4907 ducuntur
614 4854 799 4920 linere,
834 4854 931 4908 sed
960 4853 1363 4923 ipsalineaest.
1393 4852 1448 4907 Si
1475 4869 1608 4905 vero
1635 4852 1807 4904 etiam

114 4940 290 4993 latum
322 4946 426 5009 est,
461 4942 619 4995 aliud
651 4942 935 4995 desiderat
962 4940 1214 4994 medium
1246 4956 1277 4993 a
1316 4956 1429 5010 quo
1461 4940 1517 4993 in
1558 4944 1810 4993 extrema

114 5027 431 5081 latitudinis
471 5028 639 5082 linea:
670 5029 969 5082 ducantur.
1003 5028 1318 5095 Utrumque
1348 5031 1537 5079 autem
1570 5027 1679 5080 hoc
1725 5042 1809 5079 ra-

114 5115 190 5167 tio
244 5115 490 5185 respuit.
537 5117 600 5169 Id
643 5117 749 5169 erit
788 5117 963 5187 igitur
1001 5116 1154 5185 quod
1203 5114 1380 5169 dividi
1418 5120 1684 5184 nequeat.
1733 5115 1807 5169 Λ.

116 5202 281 5257 Recte
313 5204 471 5257 dicis.
501 5204 604 5258 Sed
642 5220 836 5259 nonne
866 5204 969 5257 tibi
996 5203 1212 5273 aliquid
1243 5204 1352 5255 tale
1382 5202 1605 5255 videtur
1636 5202 1808 5255 etiam

119 5289 256 5345 illud
289 5291 443 5345 unde
472 5292 623 5345 linea
650 5292 896 5360 ducitur,
926 5291 1031 5345 etsi
1057 5292 1243 5360 figura
1270 5291 1527 5344 nondum
1558 5290 1627 5343 sit
1649 5291 1809 5360 cujus

120 5379 372 5433 medium
403 5379 832 5452 intelligamus?
880 5380 1023 5433 Illud
1055 5380 1209 5434 enim
1243 5379 1367 5432 dico
1396 5378 1564 5432 lineae
1599 5378 1809 5450 princi-

123 5466 277 5533 pium
311 5484 343 5521 a
390 5484 504 5539 quo
552 5467 754 5540 incipit
803 5469 1123 5538 longitudo,
1156 5468 1309 5538 quod
1360 5468 1487 5522 volo
1532 5467 1654 5521 sine
1694 5468 1810 5521 ulla

1681 248 1894 305 LIBER
1944 248 2039 304 UN
2046 248 2149 305 US.

3498 258 3631 311 1046

1929 374 2288 444 longitudine
2312 374 2617 447 intelligas.
2658 377 2799 430 Nam
2818 377 2865 431 si
2887 378 3306 447 longitudinem
3336 380 3627 451 intelligis,

1927 478 2293 534 nequaquam
2321 464 2864 535 profectointelligis
2886 468 3035 519 unde
3061 468 3187 537 ipsa
3209 468 3411 537 incipit
3439 469 3630 537 longi-

1928 551 2087 603 tudo.
2120 554 2182 605 E.
2216 553 2348 605 Tale
2380 552 2614 605 omnino
2662 555 2740 606 Α.
2792 556 2905 607 Hoc
2940 570 3077 624 ergo
3110 556 3265 623 quod
3289 556 3409 625 jam
3440 561 3495 608 te
3538 556 3625 609 in-

1926 638 2183 708 telligere
2232 639 2418 707 video,
2465 640 2926 709 potentissimum
2978 643 3263 710 omnium,
3337 659 3465 713 quae
3528 645 3626 697 de-

1926 730 2239 780 monstrata
2268 732 2424 783 sunt.
2476 728 2767 799 Siquidem
2798 730 2903 782 hoc
2948 735 3051 797 est,
3084 732 3238 800 quod
3288 732 3506 785 nullam
3541 734 3626 786 di-

1925 814 2205 867 visionem
2236 815 2516 885 patiatur;
2546 821 2601 869 et
2627 821 2901 886 punctum
2928 823 3175 883 vocatur,
3210 836 3338 872 cum
3370 821 3625 873 medium

1924 903 2081 956 tenet
2108 903 2308 973 ﬁgurae
2335 920 2345 956 :
2371 904 2417 957 si
2446 909 2634 957 autem
2653 905 3003 975 principium
3025 905 3188 959 lineae
3209 910 3292 959 est
3320 908 3404 959 vel
3436 907 3623 975 lineis,

1924 993 2023 1042 aut
2054 990 2225 1043 etiam
2258 990 2390 1044 finis
2416 1011 2430 1057 ;
2470 992 2557 1044 vel
2587 1009 2717 1045 cum
2746 992 2982 1045 omnino
3012 993 3228 1063 aliquid
3278 998 3436 1047 notat
3474 996 3625 1064 quod

1924 1076 2047 1129 sine
2077 1079 2334 1147 partibus
2367 1079 2806 1148 intelligendum
2847 1080 2938 1144 sit,
2983 1097 3086 1133 nec
3120 1084 3314 1133 tamen
3370 1082 3625 1134 obtineat

1924 1164 2124 1235 ﬁgura:
2156 1167 2431 1232 medium,
2454 1168 2682 1237 signum
2707 1167 2931 1221 dicitur.
2960 1170 3051 1221 Est
3074 1185 3207 1238 ergo
3227 1169 3455 1239 signum
3488 1174 3625 1223 nota

1923 1251 2044 1305 sine
2084 1253 2362 1321 partibus.
2401 1256 2494 1307 Est
2533 1258 2725 1308 autem
2757 1260 3056 1324 punctum,
3090 1260 3229 1309 nota
3262 1257 3514 1310 medium
3550 1256 3622 1309 li—

1924 1355 2083 1408 guraa
2108 1344 2325 1393 tenens.
2360 1343 2441 1394 lta
2470 1341 2535 1394 ﬁt
2556 1346 2618 1394 ut
2648 1358 2817 1394 omne
2848 1347 3126 1411 punctum
3160 1342 3333 1395 etiam
3391 1343 3620 1412 signum

1924 1426 2014 1493 sit,
2046 1443 2158 1481 non
2188 1432 2379 1481 autem
2403 1444 2574 1481 omne
2606 1428 2835 1498 signum
2863 1433 3135 1497 punctum
3171 1428 3449 1483 videatur.
3483 1431 3620 1483 Volo

1921 1514 2077 1568 enim
2105 1516 2172 1569 de
2201 1515 2289 1569 his
2318 1515 2647 1569 nominibus
2674 1515 2826 1569 inter
2854 1532 2957 1568 nos
2987 1516 3308 1581 convenire,
3344 1521 3407 1569 ut
3432 1516 3623 1569 minus

1921 1601 1980 1656 in
2014 1603 2357 1673 disputando
2387 1603 2946 1674 circumloquamur:
2980 1619 3310 1674 quanquam
3365 1604 3621 1674 plerique

1918 1694 2197 1757 punctum
2222 1690 2530 1758 appellent,
2567 1706 2681 1743 non
2704 1690 2859 1759 quod
2890 1690 3077 1743 omnis
3112 1690 3314 1759 ﬁgurae
3345 1690 3618 1756 medium,

1920 1778 2021 1831 sed
2051 1777 2205 1848 quod
2234 1778 2408 1830 solius
2440 1777 2634 1830 circuli
2664 1778 2747 1830 vel
2782 1777 2913 1846 pilae
2944 1782 3130 1844 tenet;
3170 1777 3395 1831 tametsi
3429 1778 3621 1831 minus

1920 1865 2086 1920 nobis
2116 1866 2184 1919 de
2210 1865 2500 1918 vocabulis
2534 1866 2909 1918 laborandum
2943 1871 3047 1919 est.
3078 1869 3141 1919 E.
3176 1865 3491 1920 Assentior.

2277 1954 2500 2006 CAPUT
2546 1954 2660 2006 ΧΠ.
2694 1984 2761 1991 -
2790 1956 2984 2007 Punctz’
3000 1956 3260 2021 potentia.

1993 2043 2077 2094 19.
2106 2043 2183 2093 Α.
2217 2040 2381 2093 Vides
2410 2044 2559 2093 certe
2590 2040 2761 2093 etiam
2801 2045 3080 2110 quantum
3118 2040 3321 2095 valeat.
3364 2040 3507 2094 Nam
3548 2040 3617 2093 ab

1918 2126 2041 2198 ipso
2074 2126 2277 2196 incipit
2308 2128 2478 2194 linea,
2509 2127 2632 2197 ipso
2660 2128 3001 2181 terminatur
3028 2146 3040 2195 ;
3074 2129 3317 2198 ﬁguram
3351 2128 3519 2181 rectis
3551 2128 3617 2181 li-

1918 2215 2038 2269 neis
2069 2216 2285 2269 nullam
2318 2216 2577 2269 videmus
2623 2216 2747 2269 ﬁeri
2794 2232 2979 2285 posse,
3038 2216 3146 2269 nisi
3192 2216 3314 2285 ipso
3367 2215 3618 2285 angulus

1917 2304 2250 2369 claudatur;
2285 2302 2489 2357 deinde
2547 2304 2948 2373 undecumque
2990 2303 3169 2356 secari
3213 2303 3363 2356 linea
3405 2308 3614 2372 potest,

1915 2408 2020 2461 per
2066 2392 2253 2461 ipsum
2303 2396 2541 2453 secatur,
2595 2407 2725 2444 cum
2777 2391 2964 2459 ipsum
3016 2391 3248 2444 omnino
3291 2391 3511 2443 nullam
3558 2390 3617 2444 in

1918 2496 1976 2532 se
2025 2479 2291 2532 admittat
2337 2479 2683 2545 sectionem;
2725 2479 2883 2532 nulla
2932 2478 3081 2532 linea
3120 2479 3309 2543 lineze,
3358 2479 3466 2532 nisi
3514 2495 3617 2548 per

1914 2567 2106 2636 ipsum
2129 2568 2447 2637 copulatur.
2481 2569 2773 2620 Postremo
2804 2582 2935 2619 cum
2958 2566 3174 2619 czeteris
3202 2566 3389 2635 planis
3418 2564 3618 2635 tignris

1918 2656 2069 2725 (nam
2100 2656 2167 2709 de
2197 2655 2500 2709 altitudine
2532 2655 2719 2708 adhuc
2748 2655 2890 2707 nihil
2923 2654 3185 2719 diximus)
3218 2670 3345 2707 eam
3389 2670 3615 2723 praepo-

1915 2743 2164 2796 nendam
2193 2742 2340 2795 ratio
2368 2742 2845 2795 demonstraverit
2883 2758 3012 2812 quae
3061 2742 3271 2795 circulo
3311 2742 3614 2803 clauditur,

1914 2834 2151 2899 propter
2181 2846 2467 2882 summam
2496 2829 2883 2899 aequalitatem
2911 2849 2925 2895 ;
2949 2846 3076 2898 qua?
3100 2829 3209 2881 alia
3240 2829 3618 2897 ipsiusaequa-

1915 2916 2091 2969 litatis
2145 2916 2464 2971 moderatio
2497 2921 2599 2981 est,
2643 2932 2815 2986 quam
2846 2921 3120 2985 punctum
3153 2916 3212 2968 in
3261 2914 3451 2968 medio
3483 2932 3615 2968 con-

1915 3003 2217 3057 stitutum?
2247 3004 2419 3057 Multa
2448 3004 2516 3057 de
2564 3003 2735 3073 hujus
2792 3003 3049 3073 potentia
3079 3003 3189 3057 dici
3223 3006 3480 3073 possunt,
3516 3003 3614 3055 sed

1916 3092 2159 3145 adhibeo
2190 3092 2445 3157 modum,
2477 3095 2534 3145 et
2563 3091 2667 3144 tibi
2697 3090 2806 3161 ipsi
2846 3091 3151 3162 cogitanda
3180 3092 3346 3161 plura
3378 3090 3613 3160 permit-

1914 3186 1991 3235 to.
2020 3183 2085 3235 E.
2121 3181 2263 3235 Sane
2294 3185 2358 3234 ut
2394 3181 2653 3247 videtur;
2686 3196 2803 3233 non
2842 3181 2997 3234 enim
3042 3196 3132 3233 me
3172 3179 3467 3250 requirere
3524 3179 3614 3247 pi-

1915 3269 2092 3338 gebit,
2144 3268 2191 3322 si
2236 3268 2375 3339 quid
2425 3268 2599 3323 fuerit
2655 3268 2989 3322 obscurius:
3048 3284 3216 3322 cerno
3269 3272 3459 3321 autem
3500 3282 3616 3321 me-

1914 3356 2202 3423 diocriter,
2233 3361 2297 3411 ut
2326 3361 2490 3427 puto,
2522 3372 2795 3428 magnam
2832 3357 3005 3427 hujus
3049 3356 3199 3426 signi
3251 3372 3371 3411 esse
3417 3359 3614 3425 poten-

1913 3444 2076 3499 tiam.

1984 3536 2072 3589 20.
2104 3536 2182 3588 Α.
2216 3536 2375 3587 Nunc
2414 3550 2551 3603 ergo
2593 3534 2736 3588 illud
2788 3533 3039 3595 attende,
3085 3548 3216 3586 eum
3255 3536 3312 3585 et
3363 3531 3498 3601 quid
3545 3531 3616 3584 sit

1913 3621 2164 3693 signum,
2208 3626 2263 3675 et
2310 3622 2449 3692 quid
2493 3622 2564 3675 sit
2602 3620 2932 3692 longitudo,
2984 3624 3039 3673 et
3079 3619 3220 3689 quid
3259 3618 3332 3673 sit
3368 3619 3612 3673 latitudo

1910 3712 2305 3778 perspexeris;
2351 3708 2491 3779 quid
2530 3710 2740 3763 horum
2788 3708 2895 3762 tibi
2938 3707 3200 3761 videatur
3247 3705 3500 3771 alterius,
3558 3710 3615 3759 et

1911 3797 2074 3866 cujus
2103 3796 2381 3867 indigere,
2428 3798 2549 3850 sine
2593 3814 2707 3868 quo
2756 3812 2877 3851 esse
2914 3812 3029 3849 non
3086 3794 3286 3865 possit.
3321 3797 3387 3848 E.
3440 3794 3613 3847 Video

1913 3885 2068 3956 quod
2102 3885 2341 3939 latitudo
2370 3885 2731 3955 longitudine
2763 3885 3040 3955 indigeat,
3076 3883 3197 3937 sine
3240 3899 3354 3954 qua
3382 3898 3615 3953 prorsus

1913 3973 2158 4044 intelligi
2189 3990 2304 4027 non
2328 3977 2531 4045 potest.
2563 3976 2780 4029 Rursus
2809 3973 3233 4043 longitudinem
3265 3988 3435 4026 cerno
3484 3972 3614 4025 lati-

1913 4062 2112 4117 tudine
2144 4063 2378 4133 quidem
2413 4080 2528 4117 non
2579 4062 2839 4133 indigere
2875 4067 2942 4115 ut
2999 4062 3090 4127 sit,
3142 4061 3236 4114 sed
3288 4060 3406 4114 sine
3452 4060 3613 4129 signo

1913 4151 2011 4205 illo
2043 4167 2163 4204 esse
2216 4167 2333 4204 non
2381 4168 2565 4220 posse.
2600 4151 2746 4205 Illud
2777 4155 2970 4204 autem
3017 4149 3245 4219 signum
3276 4164 3379 4217 per
3410 4151 3613 4201 semet-

1914 4236 2103 4305 ipsum
2134 4254 2253 4291 esse
2290 4242 2344 4291 et
2378 4238 2592 4291 nullius
2642 4239 2854 4292 horum
2908 4236 3189 4305 indigere,
3243 4235 3613 4287 manifestum

1915 4328 2017 4377 est.
2048 4328 2124 4378 Α.
2182 4327 2265 4378 Ita
2304 4330 2385 4378 est
2432 4330 2494 4378 ut
2542 4325 2719 4389 dicis;
2772 4326 2869 4379 sed
2916 4322 3244 4393 diligentius
3293 4321 3608 4385 considera,

1916 4416 2107 4465 utrum
2155 4412 2395 4466 latitudo
2437 4429 2568 4467 vere
2612 4402 2865 4484 undique
2915 4410 3094 4466 secari
3147 4415 3353 4479 queat;
3396 4426 3468 4462 an
3507 4410 3610 4461 ali-

1916 4501 2099 4554 cunde
2127 4517 2230 4554 nec
2261 4502 2385 4571 ipsa
2432 4502 2739 4555 sectionem
2778 4501 2959 4572 possit
3004 4498 3320 4562 admittere,
3354 4498 3613 4563 quamvis

1914 4590 2043 4659 plus
2072 4589 2334 4643 admittat
2355 4606 2529 4660 quam
2550 4591 2718 4644 linea.
2744 4593 2808 4644 E.
2843 4586 3041 4642 Nescio
3068 4601 3300 4656 prorsus
3322 4585 3474 4638 unde
3496 4602 3611 4638 non

1914 4677 2113 4746 possit.
2148 4680 2223 4731 Α.
2258 4678 2433 4732 Credo
2464 4684 2517 4731 te
2546 4694 2665 4731 non
2697 4675 3005 4739 recordari;
3050 4689 3184 4727 nam
3212 4673 3427 4726 nescire
3466 4673 3615 4728 istud

1917 4766 2073 4818 nullo
2118 4766 2283 4819 modo
2323 4782 2556 4837 posses:
2606 4781 2779 4835 quare
2836 4761 3340 4817 commonefaciam
3391 4766 3446 4815 te
3504 4762 3613 4815 isto

1916 4852 2105 4906 modo.
2144 4853 2303 4907 Certe
2343 4853 2499 4907 enim
2537 4852 2894 4906 latitudinem
2925 4850 3003 4904 sic
3032 4848 3323 4919 intelligis,
3356 4853 3421 4903 ut
3462 4850 3612 4920 cogi-

1916 4940 2131 4994 tatione
2162 4946 2261 4994 tua
2304 4941 2372 4994 de
2416 4940 2715 4994 altitudine
2764 4939 2906 4993 nihil
2954 4954 3213 5007 usurpes.
3246 4940 3309 4990 E.
3368 4937 3457 4991 Sic
3492 4954 3615 4989 om-

1918 5029 2077 5083 nino.
2111 5030 2181 5084 A.
2239 5030 2482 5083 Accedat
2526 5028 2702 5099 igitur
2746 5028 2881 5082 huic
2922 5024 3214 5080 latitudini
3261 5024 3519 5089 altitudo,
3562 5029 3618 5077 et

1919 5117 2204 5187 responde
2240 5118 2359 5186 jam
2416 5121 2609 5171 utrum
2650 5117 2824 5171 etiam
2873 5114 3088 5185 aliquid
3143 5112 3465 5178 accesserit,
3500 5128 3613 5181 quo

1920 5205 2099 5274 magis
2124 5205 2377 5275 undique
2409 5205 2585 5258 secari
2621 5208 2810 5275 queat.
2854 5206 2919 5258 E.
2957 5203 3090 5256 Mire
3135 5200 3369 5254 omnino
3408 5200 3614 5253 admo-

1916 5293 2113 5346 nuisti.
2149 5294 2307 5347 Nunc
2338 5294 2491 5346 enim
2537 5293 2699 5347 video
2744 5308 2860 5346 non
2913 5292 3098 5344 solum
3127 5290 3373 5357 desuper
3414 5290 3510 5339 aut
3548 5302 3617 5338 ex

1920 5380 2180 5433 inferiori
2208 5386 2390 5449 parte,
2426 5382 2521 5435 sed
2553 5399 2586 5434 a
2627 5380 2899 5434 lateribus
2930 5393 3159 5450 quoque
3182 5373 3407 5429 admitti
3451 5389 3617 5442 posse

1926 5468 2255 5534 sectionem,
2314 5468 2573 5540 nihilque
2614 5469 2849 5524 omnino
2898 5464 3258 5529 remansisse,
3310 5462 3463 5516 unde
3500 5476 3619 5515 non
