4098 6182
420 251 438 300 1
451 241 551 299 047

409 375 581 442 queat
628 374 927 442 penetrare
973 371 1192 425 divisio.
1247 372 1432 435 Quare
1487 371 1856 426 manifestum
1902 374 2004 437 est,
2051 373 2108 425 et

409 458 776 513 latitudinem
827 474 896 512 ex
941 459 1030 513 his
1067 459 1324 531 partibus
1371 459 1549 513 secari
1605 475 1724 513 non
1760 475 1945 530 posse,
2004 475 2110 531 per

411 563 554 618 quas
583 551 907 602 surrectura
938 552 1022 602 est
1050 547 1312 602 altitudo.

483 656 572 708 2i.
603 654 676 708 Α.
711 653 994 718 Quoniam
1032 653 1137 707 tibi
1169 653 1364 722 igitur,
1396 653 1443 706 si
1469 669 1590 707 non
1619 653 1802 721 fallor,
1835 660 1890 709 et
1919 655 2108 726 longi-

415 740 573 809 tudo,
603 750 658 795 et
685 740 948 807 latitudo,
985 745 1041 794 et
1068 741 1310 794 altitudo
1345 746 1479 795 nota
1512 747 1625 805 est;
1665 759 1882 813 quaero,
1918 749 2112 797 utrum

410 828 633 898 possint
661 828 856 881 deesse
886 828 1000 882 duo
1029 827 1343 897 superiora,
1394 829 1494 882 ubi
1538 829 1721 884 aderit
1750 830 2009 884 altitudo.
2041 834 2108 886 Ε.

409 915 541 969 Sine
566 913 922 984 longitudine
953 914 1186 985 quidem
1219 915 1379 970 video
1409 932 1534 970 esse
1574 933 1689 970 non
1733 934 1893 988 posse
1925 919 2114 972 altitu-

411 1001 626 1067 dinem,
659 1001 780 1054 sine
809 1002 1111 1056 latitudine
1133 1007 1325 1056 autem
1358 1008 1558 1074 potest.
1597 1007 1674 1060 Α.
1707 1005 1847 1059 Redi
1879 1021 2013 1076 ergo
2041 1006 2113 1060 ad

405 1088 815 1159 cogitationem
863 1090 1204 1158 latitudinis,
1256 1097 1312 1146 et
1349 1092 1396 1145 si
1445 1108 1573 1146 eam
1625 1093 1789 1163 quasi
1826 1093 2113 1162 jacentem

408 1177 601 1232 animo
647 1178 1002 1247 ﬁguraveris,
1044 1178 1301 1248 erigatur
1338 1179 1398 1232 in
1441 1180 1740 1250 quodlibet
1781 1182 1950 1247 latus,
1990 1187 2114 1235 tan-

409 1281 586 1336 quam
667 1266 714 1319 si
772 1282 899 1319 eam
980 1267 1153 1320 velles
1234 1283 1338 1336 per
1415 1267 1835 1335 tenuissimam,
1900 1269 1999 1322 ubi
2053 1285 2112 1323 se

412 1355 617 1407 clausa:
644 1353 840 1422 januse
865 1355 1139 1424 jungunt,
1174 1354 1434 1408 educere.
1471 1359 1556 1409 An
1604 1357 1861 1410 nondum
1902 1357 2114 1410 intelli-

417 1440 506 1510 gis
537 1440 678 1511 quid
703 1441 875 1494 velim
895 1443 924 1495 ‘?
952 1444 1014 1496 E.
1049 1442 1312 1511 Intelligo
1342 1443 1479 1512 quid
1526 1445 1700 1512 dicas,
1732 1443 1828 1497 sed
1857 1445 2114 1498 nondum

415 1528 652 1582 fortasse
705 1527 846 1599 quid
892 1529 1049 1584 velis.
1099 1532 1171 1583 A.
1205 1530 1352 1584 Illud
1399 1529 1612 1584 scilicet
1659 1535 1721 1584 ut
1748 1532 2112 1601 respondeas,

420 1619 615 1669 utrum
647 1615 725 1670 sic
771 1621 958 1670 erecta
998 1617 1241 1672 latitudo
1282 1618 1542 1672 videatur
1583 1619 1687 1672 tibi
1730 1619 2007 1689 migrasse
2056 1619 2115 1674 in

413 1703 796 1770 altitudinem,
826 1709 883 1758 et
914 1705 1233 1758 latitudinis
1257 1706 1380 1775 jam
1412 1722 1622 1760 nomen
1653 1708 2116 1777 descriptionem-

413 1805 526 1860 que
565 1790 856 1858 amisisse;
917 1808 993 1845 an
1046 1792 1229 1846 adhuc
1273 1783 1504 1846 maneat
1551 1793 1812 1861 latitudo,
1858 1795 2116 1865 quamvis

406 1878 486 1931 ita
515 1877 590 1930 sit
609 1878 906 1932 collocata.
947 1882 1018 1933 E.
1053 1881 1292 1934 Videtur
1332 1881 1477 1934 mihi
1523 1882 1766 1936 altitudo
1799 1899 1918 1937 esse
1947 1884 2111 1940 facta.

408 1966 480 2019 A.
523 1965 954 2032 Recordarisne,
1004 1967 1260 2029 obsecro,
1323 1969 1809 2039 quemadmodum
1869 1973 2116 2026 altitudi-

412 2069 546 2107 nem
577 2053 1031 2108 deﬁnieramus?
1085 2059 1151 2110 E.
1207 2057 1492 2110 Recordor
1539 2059 1727 2128 plane,
1760 2063 1814 2112 et
1861 2076 1950 2114 me
1993 2061 2114 2131 jam

411 2140 492 2194 sic
541 2141 902 2211 respondisse
932 2143 1128 2212 pudet.
1164 2145 1307 2198 Nam
1341 2145 1513 2199 etiam
1563 2147 1670 2200 hoc
1725 2147 1896 2200 modo
1950 2148 2115 2217 quasi

413 2234 602 2283 erecta
632 2229 868 2284 latitudo
901 2230 1206 2285 sectionem
1237 2249 1340 2302 per
1369 2233 1606 2302 longum
1635 2234 1900 2288 deorsum
1923 2250 2116 2290 versus

416 2334 531 2371 non
561 2317 806 2372 admittit
833 2336 846 2372 :
898 2335 1076 2390 quare
1101 2321 1259 2374 nulla
1286 2321 1346 2374 in
1367 2337 1433 2374 ea
1461 2327 1700 2391 possunt
1728 2322 2003 2378 interiora
2030 2341 2118 2379 co-

416 2404 606 2474 gitari,
643 2405 903 2475 quamvis
932 2405 1188 2460 medium
1227 2412 1285 2460 et
1322 2413 1573 2462 extrema
1615 2410 1956 2478 cogitentur.
2016 2413 2114 2466 Se-

415 2491 666 2545 cundum
710 2497 903 2545 autem
943 2493 1298 2562 superiorem
1337 2495 1884 2550 demonstrationem
1929 2499 2117 2553 altitu-

413 2577 583 2644 dinis,
634 2595 808 2648 quam
837 2579 1015 2633 fecisti
1047 2586 1110 2634 ut
1141 2583 1488 2649 recordarer,
1538 2584 1698 2637 nulla
1753 2584 1992 2639 omnino
2033 2591 2118 2641 est

416 2666 678 2733 altitudo,
707 2666 804 2720 ubi
819 2667 961 2722 nihil
989 2667 1144 2722 intus
1172 2669 1409 2739 cogitari
1429 2675 1727 2740 potest..4.
1754 2673 1924 2727 Recte
1955 2674 2114 2744 dicis,

417 2760 474 2809 et
503 2756 581 2809 sic
611 2761 664 2809 te
712 2756 949 2810 omnino
979 2757 1308 2812 meminisse
1356 2760 1678 2828 cupiebam.
1730 2762 2115 2826 Quamobrem

415 2843 558 2898 illud
582 2845 703 2914 jam
756 2846 882 2898 volo
919 2847 1283 2916 respondeas,
1310 2852 1506 2902 utrum
1537 2849 1677 2902 falso
1720 2865 1917 2904 verum
1957 2856 2113 2905 ante-

415 2949 615 3002 ponas.
646 2935 714 2987 E.
745 2935 870 2988 Jam
915 2934 1050 2988 hinc
1106 2935 1387 3003 dubitare,
1435 2937 1784 2991 incredibilis
1829 2926 2115 2994 dementia

416 3025 518 3074 est.
551 3024 623 3076 A.
663 3021 760 3074 Dic
789 3037 946 3092 ergo,
983 3039 1177 3093 quasso
1210 3027 1284 3092 te,
1319 3019 1740 3097 numquidnam
1785 3043 1918 3081 vera
1964 3028 2116 3082 linea

417 3113 521 3174 est,
553 3125 683 3178 quae
703 3125 806 3178 per
830 3110 1064 3179 longum
1090 3111 1266 3164 secari
1293 3118 1479 3182 potest
1503 3130 1515 3178 ;
1549 3119 1647 3168 aut
1675 3131 1873 3168 verum
1887 3115 2116 3186 signum

424 3196 580 3265 quod
607 3196 725 3249 ullo
766 3197 938 3250 modo
969 3199 1147 3252 secari
1177 3203 1362 3269 potest
1389 3217 1402 3266 ;
1427 3207 1526 3255 aut
1553 3217 1686 3256 vera
1707 3202 2114 3274 latitudo,quee

424 3299 556 3336 cum
611 3288 797 3337 erecta
846 3289 948 3351 est,
983 3290 1045 3338 ut
1097 3285 1361 3349 diximus,
1403 3289 1714 3344 sectionem
1743 3307 1847 3360 per
1877 3292 2116 3362 longum

420 3370 685 3424 deorsum
715 3387 909 3425 versus
940 3372 1234 3428 admittit?
1263 3378 1330 3429 E.
1364 3376 1516 3430 Nihil
1548 3377 1760 3431 minus.

422 3457 645 3513 CAPUT
669 3456 811 3514 XIII.
835 3489 900 3500 —
933 3463 1162 3516 Aninzus
1200 3465 1542 3532 incorporeus
1587 3468 1754 3520 cernit
1779 3468 2111 3538 incorporea.

1019 3552 1258 3605 Animus
1287 3553 1421 3621 quid
1451 3556 1544 3608 sit.

489 3637 576 3689 22.
610 3641 685 3691 Α.
716 3637 1048 3708 Unquamne
1078 3639 1254 3709 igitur
1284 3641 1462 3694 oculis
1499 3641 1621 3696 istis
1669 3645 1977 3712 corporeis,
2027 3645 2117 3699 vel

418 3721 531 3774 tale
561 3728 857 3791 punctum,
878 3725 967 3777 vel
993 3726 1166 3779 talem
1197 3725 1430 3796 lineam,
1449 3729 1534 3781 vel
1555 3728 1726 3782 talem
1757 3729 2116 3783 latitudinem

417 3806 657 3863 vidisti?
687 3812 754 3864 Ε,
801 3810 1043 3864 Omnino
1096 3829 1411 3882 nunquam.
1465 3816 1590 3868 Non
1628 3816 1781 3869 enim
1837 3822 1968 3870 sunt
2010 3817 2118 3871 ista

421 3911 711 3963 corporea.
741 3900 814 3949 A.
844 3898 1018 3967 Atqui
1048 3898 1095 3951 si
1121 3915 1395 3968 corporea
1427 3904 1719 3972 corporeis
1750 3905 1925 3958 oculis
1972 3907 2117 3960 mira

421 3983 670 4052 quadam
701 3999 892 4038 rerum
941 3987 1278 4055 cognatione
1320 3996 1671 4056 cernuntur;
1719 3998 1944 4062 oportet
1987 3995 2109 4048 ani-

423 4087 584 4125 mum
613 4087 728 4142 quo
757 4071 1020 4127 videmus
1048 4074 1148 4128 illa
1184 4075 1585 4147 incorporalia,
1629 4096 1970 4150 corporeum
2000 4099 2121 4137 cor-

420 4175 594 4230 pusve
619 4175 738 4214 non
767 4176 910 4216 esse.
942 4163 1029 4216 An
1059 4167 1120 4216 tu
1147 4163 1313 4217 aliter
1338 4166 1624 4221 existimas
1645 4169 1674 4222 ?
1719 4172 1784 4223 E.
1816 4172 1955 4240 Age,
1999 4173 2123 4241 jam

417 4247 666 4303 concedo
697 4264 904 4318 corpus
943 4265 1060 4304 non
1089 4267 1209 4304 esse
1239 4252 1500 4308 animum
1543 4257 1628 4310 vel
1658 4256 1972 4328 quidquam
1998 4276 2124 4314 cor-

419 4352 661 4406 poreum
686 4353 700 4403 ;
735 4337 874 4408 quid
896 4343 982 4392 est
1011 4339 1267 4410 tandem,
1299 4342 1389 4395 dic
1419 4343 1562 4398 mihi
1593 4345 1618 4395 ‘I
1641 4347 1715 4399 Α.
1738 4346 1874 4400 Vide
1895 4347 2124 4403 interim

421 4429 614 4479 utrum
628 4425 950 4480 confectum
964 4427 1036 4481 sit
1068 4443 1260 4482 carere
1283 4429 1447 4485 illum
1472 4431 1571 4485 illa
1595 4433 1754 4486 omni
1782 4435 2121 4504 quantitate,

422 4512 491 4566 de
523 4529 638 4583 qua
667 4529 818 4567 nunc
847 4514 1087 4585 quaastio
1116 4521 1202 4570 est
1227 4533 1238 4570 :
1274 4533 1407 4572 nam
1439 4520 1573 4589 quid
1604 4521 1675 4574 sit
1702 4522 1950 4588 animus,
1983 4522 2125 4576 obli-

421 4604 545 4652 tum
579 4605 634 4653 te
656 4617 776 4654 esse
805 4603 982 4657 miror
1011 4603 1205 4673 priore
1235 4604 1384 4659 inter
1411 4623 1512 4661 nos
1543 4609 1886 4678 quaastiones
1913 4611 2124 4665 discus-

423 4703 572 4741 sum.
603 4689 887 4744 Meninisti
916 4691 1073 4746 enim
1096 4697 1148 4747 te
1169 4694 1439 4764 quaesisse
1455 4696 1741 4764 primitus,
1759 4698 1912 4751 unde
1939 4703 2120 4753 esset:

422 4775 581 4845 quod
611 4775 830 4830 duobus
864 4780 1049 4834 modis
1079 4798 1113 4834 a
1140 4781 1303 4836 nobis
1333 4787 1634 4838 tractatum
1685 4801 1806 4839 esse
1859 4786 2121 4855 memini,

420 4878 560 4925 uno,
594 4878 710 4932 quo
737 4865 900 4934 quasi
930 4867 999 4921 de
1031 4869 1262 4939 regione
1286 4871 1407 4941 ejus
1437 4872 1742 4943 qumsitum
1767 4878 1884 4940 est;
1918 4875 2119 4942 altero,

421 4956 758 5004 utrumnam
779 4969 848 5006 ex
863 4959 1034 5021 terra,
1049 4959 1138 5012 vel
1170 4958 1327 5029 igne,
1346 4961 1432 5014 vel
1461 4961 1572 5016 alio
1593 4962 1865 5033 quopiam
1880 4962 2120 5016 istorum

423 5038 849 5093 elementorum
885 5046 1049 5108 esset,
1080 5044 1167 5097 vel
1198 5060 1266 5098 ex
1299 5048 1589 5117 omnibus,
1621 5050 1708 5102 vel
1740 5066 1803 5102 ex
1833 5050 2120 5121 aliquibus

419 5126 648 5180 horum.
675 5127 737 5180 In
751 5142 865 5198 qua
894 5129 1212 5199 quaestione
1235 5133 1488 5188 constitit
1507 5134 1658 5189 inter
1671 5153 1792 5201 nos,
1808 5153 1925 5190 non
1940 5137 2121 5206 magis

421 5213 532 5268 hoc
556 5215 930 5284 quaarendum
954 5231 1073 5270 esse
1118 5234 1290 5288 quam
1313 5221 1466 5276 unde
1489 5223 1742 5292 sitterra,
1775 5225 1861 5276 vel
1889 5224 1936 5277 si
1971 5225 2122 5294 quod

421 5301 578 5357 aliud
592 5303 1014 5358 elementorum
1028 5304 1855 5381 singulorum.Intelligendum
1869 5317 1955 5366 est
1967 5313 2123 5366 enim

421 5405 753 5461 quanquam
784 5393 932 5446 Deus
963 5392 1160 5447 fecerit
1180 5394 1461 5464 animum,
1481 5398 1689 5454 habere
1717 5400 1882 5454 illum
1907 5405 2123 5454 certam

421 5478 818 5551 substantiam,
853 5498 982 5553 quae
1009 5497 1197 5553 neque
1216 5487 1463 5552 terrena,
1499 5503 1683 5559 neque
1713 5488 1903 5564 ignea,
1936 5505 2122 5561 neque

1433 249 1527 302 DE
1566 248 2026 314 QUANTITATE
2065 247 2337 314 ANIM/E,
2382 246 2434 301 S.
2478 245 2861 302 AUGUSTINI

3762 256 3867 311 1048
3911 276 3924 289 ·

2223 370 2377 425 aeria
2405 369 2496 436 sit,
2527 383 2716 438 neque
2754 367 3026 422 humida:
3071 367 3182 421 nisi
3211 368 3358 422 forte
3412 369 3781 426 arbitrandum
3805 381 3872 429 est

2219 460 2400 512 Deum
2426 463 2593 512 terra»
2626 455 2850 510 dedisse
2887 459 2954 510 ut
2992 455 3137 510 nihil
3182 456 3340 512 aliud
3371 457 3443 512 sit
3469 474 3639 529 quam
3666 466 3813 528 terra,
3833 470 3875 515 et

2219 563 2336 600 non
2363 546 2586 600 dedisse
2617 544 2811 599 animo
2837 548 2902 598 ut
2922 543 3067 597 nihil
3092 544 3454 616 aliud-quam
3484 546 3702 600 animus
3729 547 3806 601 sit.
3831 550 3874 602 Si

2220 640 2409 689 autem
2443 633 2675 688 deliniri
2703 633 2806 687 tibi
2835 633 3099 686 animum
3154 633 3256 695 vis,
3291 639 3347 688 et
3391 634 3518 688 ideo
3547 637 3744 706 quaeris
3769 639 3874 707 quid

2220 723 2293 778 sit
2321 724 2583 788 animus;
2626 721 2788 774 facile
2815 721 3152 789 respondeo.
3187 723 3329 776 Nam
3368 722 3510 776 mihi
3539 724 3751 778 videtur
3776 743 3870 779 esse

2219 809 2534 865 substantia
2555 808 2824 879 quadam
2841 821 3083 880 rationis
3097 809 3402 879 particeps,
3430 811 3678 881 regendo
3690 814 3874 882 corpori

2221 898 2666 953 accommodata.

2223 987 2447 1041 CAPUT
2478 987 2616 1041 XIV.
2657 1015 2724 1023 —
2753 985 2988 1039 Animus
3033 987 3375 1055 incorporeus
3414 991 3673 1056 quantum
3714 989 3870 1040 valeat.

2292 1094 2381 1146 23.
2413 1092 2610 1161 Itaque
2636 1089 2778 1143 illud
2796 1089 2984 1159 potius
2999 1090 3250 1154 attende,
3271 1090 3420 1144 unde
3445 1090 3744 1160 ambigitur
3757 1108 3872 1144 nunc

2221 1184 2416 1233 utrum
2446 1177 2732 1249 quantitas
2761 1183 2818 1231 et
2845 1177 3030 1248 quasi,
3062 1177 3216 1231 utita
3241 1177 3446 1243 dicam,
3467 1179 3643 1231 locale
3668 1179 3871 1247 spatium

2222 1267 2416 1320 animo
2446 1267 2628 1320 ullum
2651 1266 2748 1319 sit.
2791 1266 2929 1319 Nam
2962 1264 3217 1335 profecto
3251 1265 3388 1337 quia
3417 1282 3624 1336 corpus
3653 1283 3760 1319 non
3787 1273 3870 1331 est;

2224 1371 2408 1425 neque
2441 1355 2597 1408 enim
2626 1353 2790 1407 aliter
2820 1353 3156 1424 incorporea
3199 1354 3317 1407 ulla
3356 1353 3374 1384 ί
3417 1370 3648 1407 cernere
3685 1355 3872 1420 valeret,

2225 1447 2287 1496 ut
2317 1441 2576 1512 superior
2608 1441 2751 1494 ratio
2796 1441 3258 1507 demonstrabat;
3296 1443 3497 1512 procul
3555 1441 3720 1495 dubio
3750 1447 3869 1494 caret

2224 1530 2408 1600 spatio
2439 1546 2554 1600 quo
2577 1545 2818 1599 corpora
2846 1529 3198 1583 metiuntur:
3228 1535 3286 1583 et
3317 1530 3388 1583 ob
3418 1530 3529 1583 hoc
3566 1534 3706 1583 recte
3735 1530 3871 1594 credi,

2223 1623 2322 1672 aut
2352 1617 2608 1689 cogitari,
2644 1623 2742 1671 aut
2762 1617 3009 1688 intelligi
3036 1617 3163 1671 talis
3195 1619 3313 1687 ejus
3344 1617 3632 1688 quantitas
3662 1634 3765 1671 non
3796 1635 3873 1688 po-

2224 1711 2351 1760 test.
2384 1705 2442 1760 Si
2472 1709 2664 1759 autem
2701 1710 2756 1760 te
2799 1709 3003 1774 movet,
3044 1720 3145 1758 cur
3168 1709 3327 1758 tanta
3356 1705 3506 1771 coeli,
3555 1711 3732 1767 terrae,
3780 1722 3873 1758 ma-

2221 1794 2413 1865 risque
2443 1793 2624 1864 spatia
2642 1793 2916 1848 memoria
2940 1793 3249 1858 contineat,
3283 1809 3415 1846 cum
3448 1793 3521 1846 sit
3551 1793 3665 1864 ipse
3693 1793 3865 1846 nullius

2225 1881 2588 1952 quantitatis;
2623 1881 2768 1934 mira
2797 1881 3062 1951 quaedam
3093 1880 3174 1933 vis
3204 1885 3308 1946 est,
3336 1897 3514 1950 quam
3545 1886 3724 1935 tamen
3749 1896 3804 1934 ex
3820 1879 3871 1932 iis

2223 1986 2353 2040 quae
2383 1987 2416 2024 a
2461 1969 2626 2024 nobis
2656 1973 2946 2038 comperta
2993 1971 3145 2034 sunt,
3185 1973 3470 2038 quantum
3513 1968 3658 2022 inest
3682 1968 3868 2038 ingenio

2223 2063 2322 2112 tuo
2369 2057 2624 2124 luminis,
2669 2056 3121 2110 animadvertere
3166 2059 3346 2125 potes.
3391 2056 3454 2110 Si
3501 2057 3652 2110 enim
3703 2071 3867 2124 corpus

2224 2147 2448 2199 nullum
2477 2150 2578 2213 est,
2614 2150 2673 2198 ut
2703 2144 2846 2198 ratio
2871 2144 2992 2214 jam
3017 2144 3283 2208 ostendit,
3335 2145 3498 2214 quod
3542 2144 3870 2214 longitudine,

2222 2233 2550 2299 latitudine,
2571 2232 2871 2286 altitudine
2898 2236 3106 2297 careat,
3128 2231 3389 2302 nihilque
3419 2233 3628 2285 horam
3648 2232 3745 2285 nisi
3770 2245 3868 2284 cum

2225 2323 2349 2376 aliis
2395 2321 2617 2376 duobus
2658 2337 2781 2375 esse
2834 2321 2895 2373 in
2939 2335 3176 2389 corpore
3213 2325 3436 2389 potest;
3489 2321 3676 2374 animo
3719 2326 3868 2373 tamen

2225 2410 2398 2464 etiam
2449 2410 2628 2463 solam
2670 2409 2884 2462 lineam
2912 2408 3184 2462 interiore
3213 2409 3470 2478 quodam
3514 2408 3692 2473 oculo,
3736 2407 3786 2459 id
3809 2411 3870 2457 est

2223 2497 2621 2568 intelligentia,
2649 2497 2842 2551 videre
2871 2513 3200 2550 concessum
3230 2501 3316 2550 est
3339 2513 3352 2549 :
3386 2497 3630 2550 arbitror
3657 2512 3746 2548 nos
3769 2510 3865 2546 con-

2225 2587 2422 2640 cedere
2454 2586 2530 2639 sic
2561 2585 2819 2639 animum
2867 2601 3075 2654 corpus
3119 2600 3239 2638 non
3269 2600 3413 2652 esse,
3464 2591 3526 2638 ut
3572 2585 3641 2637 sit
3678 2596 3868 2652 corpore

2225 2675 2446 2729 melior.
2480 2674 2602 2738 Quo
2640 2689 2926 2739 concesso,
2966 2688 3084 2726 non
3115 2673 3321 2742 opinor
3364 2672 3731 2727 dubitandum
3759 2686 3867 2734 esse,

2225 2779 2358 2819 eum
2383 2762 2556 2816 etiam
2584 2762 2736 2816 linea
2765 2777 2885 2815 esse
2922 2761 3217 2814 meliorem
3241 2777 3254 2815 :
3295 2761 3604 2815 ridiculum
3633 2767 3710 2814 est
3749 2757 3868 2812 enim

2223 2867 2354 2906 cum
2401 2851 2509 2904 tria
2547 2850 2646 2904 illa
2691 2849 2865 2903 insint
2910 2849 3134 2919 corpori
3175 2854 3238 2903 ut
3282 2865 3494 2919 corpus
3537 2850 3624 2915 sit,
3665 2865 3765 2902 non
3802 2845 3865 2900 liis

2225 2937 2490 2992 omnibus
2519 2952 2640 2990 esse
2670 2936 2986 3003 meliorem,
3015 2935 3113 3006 qui
3151 2951 3393 3004 corpore
3447 2940 3531 2989 est
3570 2936 3766 2990 melior.
3813 2937 3863 2984 At

2223 3026 2348 3097 ipsa
2375 3025 2547 3092 linea,
2581 3041 2693 3096 qua
2719 3024 2920 3078 melior
2950 3040 3070 3081 esse
3107 3024 3471 3078 convincitur
3499 3025 3726 3088 animus,
3767 3021 3862 3074 ideo

2223 3114 2440 3168 caeteris
2485 3114 2708 3167 duobus
2753 3117 3000 3183 praestat,
3048 3111 3184 3182 quia
3229 3113 3425 3166 minus
3477 3129 3644 3185 quam
3673 3112 3757 3164 illa
3782 3109 3865 3162 duo

2225 3202 2402 3256 secari
2430 3205 2642 3272 potest.
2673 3204 2848 3255 Porro
2878 3201 2976 3253 illa
3005 3201 3117 3254 duo
3149 3216 3217 3254 eo
3248 3201 3438 3270 magis
3464 3205 3712 3254 secantur
3732 3209 3861 3267 quam

2223 3291 2394 3356 linea,
2448 3307 2561 3362 quo
2615 3289 2798 3359 magis
2855 3305 2912 3342 se
2955 3288 3015 3342 in
3064 3288 3314 3358 spatium
3357 3289 3715 3342 distendunt:
3753 3285 3862 3338 linea

2225 3394 2357 3432 vero
2379 3377 2626 3448 spatium
2657 3377 2765 3430 nisi
2795 3375 3166 3447 longitudinis
3181 3377 3406 3430 nullum
3432 3377 3618 3439 habet,
3643 3390 3741 3446 quo
3766 3370 3859 3424 sub-

2223 3467 2337 3520 lato
2368 3465 2513 3541 nihil
2535 3465 2769 3518 omnino
2781 3469 3040 3519 remanet
3061 3464 3244 3535 spatii.
3263 3465 3624 3535 Quapropter
3642 3457 3863 3534 quidquid

2223 3555 2376 3609 linea
2420 3554 2628 3608 melius
2683 3558 2786 3620 est,
2838 3570 3064 3607 necesse
3121 3559 3206 3607 est
3262 3555 3427 3608 nullo
3487 3555 3661 3624 spatio
3713 3551 3787 3615 sit,
3825 3550 3863 3598 et

2226 3643 2462 3697 omnino
2493 3641 2669 3696 dividi
2699 3642 2990 3711 secarique
3020 3657 3138 3695 non
3157 3642 3358 3711 possit.
3391 3644 3620 3696 Frustra
3640 3640 3802 3711 igitur,
3823 3639 3863 3686 ut

2225 3731 2452 3802 opinor,
2485 3729 2862 3800 quantitatem
2902 3729 3102 3795 animi,
3139 3746 3269 3800 quas
3308 3731 3472 3784 nulla
3520 3736 3620 3795 est,
3662 3724 3858 3780 invenire

2227 3821 2573 3884 laboramus,
2589 3834 2717 3872 cum
2731 3818 3026 3882 eumlinea
3045 3819 3424 3872 concedamus
3453 3835 3576 3872 esse
3603 3816 3856 3871 meliorem.

2226 3908 2295 3961 Et
2325 3907 2372 3960 si
2403 3907 2720 3976 figurarum
2770 3905 3031 3960 omnium
3060 3907 3367 3976 planarum
3418 3908 3516 3962 illa
3569 3905 3760 3976 optima
3803 3903 3859 3951 est

2225 4010 2353 4064 quae
2375 3994 2584 4048 circulo
2604 3993 2918 4063 efﬁngitur,
2941 3993 3001 4047 in
3029 4009 3142 4064 qua
3170 3993 3316 4047 ratio
3339 3994 3537 4048 docuit
3558 3992 3687 4047 nihil
3708 3986 3858 4043 melius

2231 4099 2350 4136 esse
2381 4087 2588 4152 puncto
2644 4087 2813 4152 atque
2871 4082 3183 4152 potentius,
3229 4083 3386 4152 quod
3427 4083 3582 4135 nullo
3628 4078 3857 4134 dubitante

2229 4170 2486 4240 partibus
2513 4174 2664 4224 caret
2689 4190 2704 4236 ;
2734 4169 2872 4240 quid
2901 4169 3114 4223 mirum
3143 4169 3190 4222 si
3218 4169 3414 4224 anima
3444 4185 3626 4241 neque
3647 4174 3858 4234 corporea

2229 4259 2320 4321 sit,
2356 4274 2542 4329 neque
2560 4259 2675 4311 ulla
2687 4263 2783 4311 aut
2802 4257 3160 4328 longitudine
3189 4264 3476 4328 porrecta,
3507 4263 3601 4311 aut
3619 4251 3857 4309 latitudine

2228 4346 2453 4411 diffusa,
2490 4351 2589 4400 aut
2617 4345 2919 4400 altitudine
2952 4346 3192 4401 solidata
3219 4366 3233 4413 ;
3264 4350 3320 4400 et
3348 4351 3542 4400 tamen
3573 4347 3767 4398 tantum
3790 4351 3856 4387 va-

2229 4434 2342 4488 leat
2395 4434 2454 4487 in
2501 4450 2761 4504 corpore,
2811 4437 2874 4488 ut
2902 4450 3078 4504 penes
3111 4449 3234 4488 eam
3266 4434 3340 4488 sit
3381 4433 3632 4505 regimen
3657 4426 3856 4483 omnium

2228 4522 2638 4587 membrorum,
2659 4527 2717 4575 et
2735 4521 2896 4592 quasi
2913 4522 3082 4575 cardo
3106 4521 3340 4592 quidam
3360 4522 3421 4575 in
3444 4517 3856 4592 agendo,cuncta-

2226 4625 2357 4663 rum
2385 4609 2769 4679 corporalium
2802 4608 3124 4662 motionum
3143 4611 3172 4663 ?
3647 4648 3674 4664 .

2298 4699 2385 4751 24.
2423 4697 2565 4751 Cum
2595 4696 2959 4765 autemjoculi
2987 4697 3259 4763 medium,
3283 4713 3414 4768 quae
3441 4695 3652 4768 pupilla
3678 4688 3852 4745 dicitur,

2228 4785 2373 4839 nihil
2401 4784 2560 4838 aliud
2590 4783 2664 4838 sit
2691 4800 2865 4855 quam
2897 4785 3182 4855 quoddam
3213 4790 3492 4856 punctum
3522 4781 3678 4847 oculi,
3702 4779 3751 4832 in
3775 4786 3856 4844 quo

2227 4877 2420 4928 tamen
2459 4876 2617 4926 tanta
2661 4872 2745 4926 vis
2791 4877 2894 4938 est,
2938 4877 3002 4926 ut
3047 4889 3115 4927 eo
3164 4873 3473 4927 dimidium
3504 4871 3711 4930 caelum,
3739 4862 3856 4952 cuius

2225 4961 2513 5016 ineffabile
2547 4961 2792 5032 spatium
2824 4966 2926 5027 est,
2949 4977 3012 5014 ex
3045 4961 3239 5030 aliquo
3273 4960 3550 5014 eminenti
3589 4959 3700 5011 loco
3739 4962 3853 5004 cerni

2227 5050 2662 5121 collustrarique
2691 5051 2902 5121 possit;
2945 5067 3061 5104 non
3104 5051 3378 5104 abhorret
3420 5068 3454 5104 a
3490 5065 3615 5102 vero
3650 5043 3850 5129 animt-1.1.11

2227 5155 2418 5193 carere
2450 5138 2608 5192 omni
2637 5155 2910 5209 corporea
2950 5138 3367 5209 magnitudine,
3422 5153 3547 5208 qua:
3582 5133 3739 5188 tribus
3773 5124 3850 5217 illis

2226 5227 2561 5282 differentiis
2583 5232 3032 5292 consummatur,
3067 5228 3328 5298 quamvis
3367 5239 3652 5296 corporum
3678 5228 3850 5283 magm-

2226 5315 2450 5370 tudines
2494 5316 2776 5386 quaslibet
2812 5315 3117 5385 imaginari
3158 5320 3352 5386 queat.
3399 5314 3504 5370 Sed
3550 5308 3722 5382 paucis
3755 5301 3848 5356 licel

2227 5401 2350 5472 ipso
2381 5403 2574 5455 animo
2595 5403 2853 5457 animum
2880 5418 3131 5466 cernere,
3159 5402 3217 5456 id
3247 5409 3332 5456 est
3359 5407 3423 5456 ut
3446 5402 3562 5470 ipse
3597 5413 3649 5450 se
3677 5391 3846 5446 alii!!!“s

2291 5500 2305 5532 ι
2338 5498 2489 5557 Edd.,
2519 5497 2621 5549 illa
2643 5511 2869 5548 cernere.
2893 5499 3039 5557 Mss.,
3061 5498 3200 5549 ulla.
3357 5486 3366 5492 ’
