4098 6182
239 236 373 288 1049

229 359 419 413 videat
444 379 458 423 ;
481 358 630 412 videt
651 363 844 414 autem
866 376 969 431 per
987 361 1445 432 intelligentiam.
1482 364 1622 418 Huic
1649 364 1755 418 soli
1776 364 1932 419 enim

228 447 364 500 licet
403 446 594 500 videre
634 446 779 501 nihil
824 464 943 503 esse
972 454 1034 504 in
1062 451 1232 505 rebus
1262 452 1550 523 potentius
1581 457 1635 507 et
1667 453 1930 524 magniﬁ-

229 534 452 588 centius
478 535 547 587 iis
572 536 814 604 naturis,
843 554 993 608 quae,
1024 544 1089 593 ut
1111 540 1189 593 ita
1219 541 1425 609 dicam,
1460 541 1580 595 sine
1612 542 1934 595 tumoribus

230 639 353 678 esse
382 623 816 692 intelliguntur:
851 631 1045 680 tumor
1073 628 1227 682 enim
1260 646 1375 683 non
1406 630 1651 684 absurde
1676 631 1933 701 appella-

229 717 324 765 tur
350 711 600 782 corporis
624 714 982 782 magnitudo,
1014 732 1141 786 quae
1164 717 1211 769 si
1239 719 1741 789 magnipendenda
1762 724 1929 785 esset,

227 801 361 870 plus
391 800 555 853 nobis
588 802 839 869 profecto
871 804 1160 875 elephanti
1192 812 1476 879 saperent.
1514 808 1673 871 Quod
1705 808 1753 860 si
1784 806 1935 878 quis-

232 903 407 957 quam
426 903 625 941 eorum
647 895 920 959 cognatus
942 892 1090 945 dicet
1111 895 1447 964 elephantos
1471 911 1590 949 esse
1614 896 1929 965 sapientes;

232 976 382 1029 sensi
414 975 568 1029 enim
596 978 854 1046 quamvis
882 980 1192 1048 admirans,
1223 984 1372 1036 sensi
1396 988 1588 1038 tamen
1611 984 1781 1037 etiam
1802 984 1935 1037 hinc

231 1063 492 1117 homines
517 1080 666 1133 saepe
688 1066 1014 1137 ambigere;
1045 1068 1207 1135 illud,
1238 1077 1521 1140 quantum
1558 1073 1782 1143 Opinor,
1824 1072 1933 1126 sal-

232 1155 350 1204 tem
380 1152 668 1221 concedet,
712 1154 841 1223 plus
872 1156 1032 1209 asino
1080 1174 1279 1227 sapere
1309 1161 1643 1229 speculam:
1687 1176 1932 1231 quorum

228 1255 562 1309 comparare
588 1241 1016 1311 magnitudines
1042 1246 1173 1314 plus
1195 1248 1446 1317 profecto
1469 1254 1553 1301 est
1574 1265 1746 1319 quam
1770 1249 1933 1301 asini-

229 1343 413 1381 num:
447 1328 533 1381 vel
581 1330 733 1398 quod
787 1332 957 1385 etiam
1002 1334 1070 1387 de
1111 1336 1271 1388 oculo
1315 1336 1661 1403 dicebamus,
1695 1338 1786 1389 cui
1818 1353 1933 1390 non

230 1415 447 1484 liqueat
486 1418 692 1486 aquilae
740 1421 974 1474 oculum
1008 1423 1186 1477 multo
1218 1440 1391 1494 quam
1439 1430 1632 1478 noster
1673 1434 1777 1490 est,
1812 1440 1933 1478 esse

229 1504 552 1557 breviorem
575 1508 603 1558 ?
633 1522 746 1576 quo
773 1512 966 1563 tamen
1012 1511 1111 1564 illa
1150 1512 1392 1566 sublime
1441 1513 1521 1567 ita
1548 1514 1763 1579 volans,
1796 1519 1862 1568 ut
1902 1530 1936 1566 a

229 1590 487 1646 nobisin
536 1597 694 1647 tanta
742 1596 864 1649 luce
914 1598 1142 1653 difﬁcile
1188 1605 1469 1667 cernatur,
1514 1602 1785 1655 latentem
1828 1602 1933 1655 sub

226 1680 461 1733 fructice
510 1681 892 1751 lepusculum,
952 1692 1007 1740 et
1037 1688 1140 1741 sub
1185 1690 1450 1743 ﬂuctibus
1486 1690 1700 1759 piscem
1743 1689 1933 1743 videre

227 1773 522 1837 comperta
552 1774 653 1824 est.
689 1771 849 1835 Quod
895 1774 941 1827 si
970 1775 1030 1828 in
1078 1775 1218 1845 ipsis
1258 1777 1536 1843 sensibus,
1578 1777 1786 1847 quibus
1826 1777 1934 1830 nisi

228 1869 505 1923 corporea
539 1859 750 1912 sentire
782 1878 898 1915 non
927 1863 1122 1917 datum
1164 1870 1265 1925 est,
1314 1865 1457 1918 nihil
1491 1866 1561 1918 ad
1592 1882 1733 1931 rem,
1762 1864 1822 1918 id
1851 1870 1935 1919 est

226 1943 301 1995 ad
328 1942 441 1996 vim
473 1946 774 2015 sentiendi,
805 1951 954 2004 valet
984 1953 1239 2022 corporis
1268 1953 1604 2022 magnitudo
1631 1970 1644 2019 ;
1674 1958 1932 2006 metuen-

228 2030 445 2084 dumne
476 2038 577 2100 est,
612 2052 825 2106 quaeso,
859 2055 931 2092 ne
962 2040 1188 2094 animus
1220 2042 1528 2107 humanus,
1560 2042 1721 2111 cujus
1748 2042 1932 2094 excel-

227 2119 461 2187 lentior,
491 2127 547 2176 et
579 2141 723 2195 pene
743 2128 898 2182 solus
918 2134 1181 2199 aspectus
1204 2135 1287 2183 est
1309 2131 1432 2201 ipsa
1454 2130 1599 2184 ratio
1622 2147 1736 2201 qua
1761 2130 1932 2185 etiam

227 2221 289 2258 sc
319 2206 579 2265 invenire
605 2214 860 2282 molitur,
894 2217 1039 2270 nihil
1070 2218 1158 2285 sit,
1185 2218 1231 2271 si
1256 2218 1418 2271 illum
1448 2218 1647 2272 eadem
1678 2220 1844 2284 ratio,
1874 2218 1933 2272 id

227 2298 315 2347 est
345 2311 404 2349 se
436 2296 557 2366 ipse
592 2298 610 2331 ¹
641 2303 800 2356 omni
830 2304 1246 2374 magnitudine,
1286 2323 1399 2377 qua
1430 2306 1722 2361 obtinetur
1749 2307 1929 2375 locus,

226 2398 421 2436 carere
442 2388 785 2445 convicerit?
806 2393 1005 2463 Magna
1026 2395 1310 2463 quaedam,
1335 2395 1500 2449 crede
1514 2395 1674 2460 mihi,
1700 2410 1929 2464 magna,

225 2470 331 2522 sed
362 2470 483 2525 sine
534 2477 645 2530 ulla
696 2481 842 2535 mole
888 2482 957 2535 de
1008 2482 1202 2537 animo
1241 2482 1544 2553 cogitanda
1584 2487 1733 2537 sunt.
1770 2483 1932 2547 Quod

224 2554 451 2612 facilius
481 2562 762 2635 contingit
810 2566 899 2633 iis,
950 2566 1050 2637 qui
1099 2573 1199 2621 aut
1251 2568 1397 2622 bene
1445 2569 1653 2622 eruditi
1702 2570 1768 2623 ad
1810 2569 1932 2623 haec

223 2656 524 2720 accedunt,
556 2669 672 2707 non
708 2654 894 2707 studio
925 2654 1112 2709 inanis
1147 2656 1365 2727 glorias,
1395 2657 1489 2711 sed
1520 2656 1710 2710 divino
1737 2672 1931 2710 amore

222 2742 485 2797 veritatis
528 2743 782 2807 accensi;
820 2746 919 2795 aut
948 2743 1047 2813 qui
1085 2743 1209 2813 jam
1245 2744 1304 2797 in
1336 2744 1425 2797 his
1458 2744 1783 2815 quaerendis
1812 2760 1932 2797 ver-

223 2835 446 2895 santur,
500 2829 762 2899 quamvis
800 2829 987 2883 minus
1040 2830 1249 2885 eruditi
1307 2833 1379 2886 ad
1430 2832 1823 2903 investiganda
1866 2848 1931 2885 ea

226 2918 509 2986 venerint,
542 2916 587 2970 si
610 2917 895 2987 patienter
922 2918 1085 2972 bonis
1116 2936 1175 2972 se
1210 2920 1418 2973 dociles
1450 2922 1727 2989 praebent,
1761 2925 1929 2991 atque

223 3008 296 3060 ab
324 3006 481 3059 omni
505 3022 813 3076 corporum
834 3007 1273 3070 consuetudine,
1305 3013 1587 3078 quantum
1608 3008 1665 3062 in
1692 3009 1796 3061 hac
1818 3008 1929 3062 vita

223 3094 601 3166 permittitur,
634 3099 812 3148 semet
844 3100 1125 3149 avertunt.
1176 3096 1327 3149 Fieri
1356 3100 1551 3150 autem
1589 3113 1704 3150 non
1746 3101 1931 3166 potest

227 3183 476 3254 quadam
501 3182 691 3236 divina
708 3183 1084 3253 providentia,
1105 3189 1167 3237 ut
1188 3185 1469 3255 religiosis
1482 3184 1687 3238 animis
1709 3185 1928 3255 seipsos

226 3278 286 3327 et
316 3273 495 3325 Deum
528 3288 716 3338 suum,
748 3272 806 3325 id
832 3277 919 3326 est
949 3273 1243 3327 veritatem
1274 3275 1388 3345 pie,
1421 3280 1568 3328 caste
1600 3291 1664 3328 ac
1693 3275 1929 3345 diligen-

224 3366 316 3415 ter
343 3360 753 3430 quaerentibus,
786 3360 1119 3415 inveniendi
1148 3362 1385 3416 facultas
1417 3362 1581 3416 desit.

334 3450 560 3503 CAPUT
588 3449 693 3502 XV.
728 3478 796 3488 -—
825 3450 1097 3519 Objicitur
1123 3452 1363 3505 animam
1390 3454 1546 3505 aetate
1573 3465 1818 3504 crescere.

298 3540 388 3591 25.
420 3537 527 3591 Sed
555 3538 626 3590 ab
650 3537 755 3590 ista
776 3538 1114 3608 quaestione,
1138 3538 1247 3591 nisi
1274 3538 1411 3609 quid
1432 3539 1615 3592 adhuc
1635 3544 1687 3592 te
1716 3544 1925 3605 movet,

219 3626 344 3695 jam
367 3625 720 3691 recedamus,
746 3625 793 3679 si
815 3628 999 3695 placet
1023 3645 1036 3693 ;
1059 3631 1115 3679 et
1135 3626 1207 3680 ad
1224 3626 1335 3679 alia
1354 3631 1741 3681 transeamus:
1768 3626 1930 3697 quid-

225 3713 368 3784 quid
396 3719 588 3767 autem
618 3714 687 3767 de
732 3714 847 3767 illis
880 3714 1081 3784 ﬁguris
1113 3714 1405 3784 loquacius
1435 3731 1468 3768 a
1497 3715 1663 3768 nobis
1692 3714 1928 3769 fortasse

225 3800 581 3869 disputatum
604 3805 687 3853 est
710 3816 883 3870 quam
911 3801 1159 3867 volebas,
1187 3801 1403 3855 videbis
1425 3806 1703 3872 quantum
1724 3802 1794 3855 ad
1821 3802 1929 3855 alia

224 3888 453 3953 valebit,
505 3889 551 3941 si
597 3889 743 3941 hanc
794 3888 1268 3958 disceptationem
1313 3890 1530 3960 aliquid
1563 3906 1629 3943 eo
1674 3890 1927 3960 adjutam

224 3991 345 4028 esse
386 3974 682 4041 concedis;
732 3991 867 4028 nam
908 3981 964 4028 et
1011 3982 1233 4029 exercet
1278 3976 1538 4029 animum
1580 3977 1689 4030 hoc
1748 3993 1928 4047 genus

223 4063 680 4132 disciplinarum,
706 4063 775 4117 ad
795 4062 1095 4116 subtiliora
1116 4065 1419 4131 cernenda,
1452 4080 1523 4117 ne
1548 4065 1671 4117 luce
1695 4064 1927 4118 illorum

224 4166 615 4220 repercussus,
651 4156 708 4204 et
740 4167 865 4204 eam
897 4152 1177 4205 sustinere
1208 4168 1324 4205 non
1354 4153 1565 4219 valens,
1602 4152 1663 4205 in
1699 4152 1927 4206 easdem

224 4238 489 4292 tenebras
534 4254 673 4308 quas
720 4239 917 4309 fugere
958 4239 1240 4309 cupiebat,
1281 4240 1524 4293 libenter
1552 4239 1839 4309 refugiat;
1874 4244 1929 4293 et

224 4326 392 4380 affert
422 4331 780 4396 argumenta,
804 4326 915 4381 nisi
944 4327 1129 4393 fallor,
1171 4326 1505 4395 certissima,
1537 4327 1743 4397 quibus
1773 4328 1926 4397 quod

222 4413 401 4468 fuerit
422 4414 718 4468 inventum
746 4420 919 4485 atque
941 4416 1286 4486 confectum,
1309 4416 1703 4486 impudentem
1724 4414 1928 4468 habeat

223 4500 664 4569 dubitationem,
720 4508 999 4573 quantum
1034 4502 1257 4557 homini
1286 4502 1422 4557 talia
1450 4502 1728 4574 vestigare
1754 4505 1775 4537 ²
1802 4518 1928 4573 per-

224 4589 467 4643 missum
515 4596 600 4644 est
645 4595 687 4645 ³.
730 4591 914 4645 Minus
957 4591 1113 4645 enim
1152 4607 1257 4662 ego
1289 4592 1358 4646 de
1386 4592 1476 4646 his
1506 4592 1675 4645 rebus
1706 4591 1921 4657 dubito,

290 4730 306 4792 ξ
339 4728 423 4792 Sic
453 4730 575 4778 Mss.
598 4730 662 4778 At
684 4731 767 4779 Er.
796 4735 849 4780 et
876 4732 996 4779 Lov.
1022 4730 1221 4780 habent
1241 4730 1429 4792 ipsam.

230 4790 546 4899 Migginan
569 4792 675 4847 ΕΓ..
716 4798 981 4855 quantum
1013 4794 1213 4843 homini
1252 4790 1355 4844 tati
1390 4794 1722 4857 investigari.
1774 4795 1925 4852 \'en.,

419 4868 445 4899 0
491 4868 516 4899 Γ
553 4891 565 4899 .

222 4864 565 4911 investigare,

286 4868 644 4979 micigiggi’sr.
663 4919 715 4963 et
726 4916 846 4963 Lov.
868 4917 1214 4978 interponunt
1230 4916 1411 4965 isthaec
1424 4918 1587 4966 verba
1606 4933 1616 4964 :
1640 4920 1663 4965 1
1667 4917 1927 4979 mpudens

222 4976 483 5041 dubitatio
510 4978 714 5027 duobus
749 4979 910 5041 modis
942 4976 1056 5033 ﬁeri
1084 4982 1445 5041 cognoscitur:
1467 4980 1601 5028 dum
1631 4976 1733 5028 aut
1762 4978 1927 5028 homo

219 5037 317 5104 qui
346 5039 548 5104 ratione
572 5042 644 5087 uti
665 5041 840 5104 potest,
862 5040 921 5088 in
937 5037 1321 5104 tantum'hebes
1338 5044 1584 5104 pigerque
1605 5042 1676 5089 ad
1695 5054 1923 5104 (μιανθη-

219 5098 352 5148 dam
373 5101 637 5149 veritatem
653 5098 900 5162 efﬁcitur,
917 5106 976 5151 ut
986 5103 1105 5163 plus
1121 5103 1251 5151 velit
1266 5102 1320 5151 in
1338 5098 1561 5151 tenebris
1579 5098 1834 5151 vanitatis
1851 5117 1928 5151 re-

218 5172 465 5219 manere,
504 5176 665 5224 quam
700 5166 755 5211 in
786 5176 843 5212 eo
871 5166 1011 5225 quod
1037 5179 1069 5213 a
1098 5167 1342 5213 Creatore
1363 5177 1458 5213 suo
1484 5167 1553 5212 est
1581 5165 1825 5214 conditus
1856 5165 1927 5213 ad

216 5227 450 5284 seipsum
469 5226 628 5273 semel
650 5228 702 5274 et
724 5229 885 5273 Deum
910 5239 1065 5274 suum
1082 5238 1212 5275 vera
1230 5226 1639 5276 ratiocmatione
1659 5227 1929 5275 invenien—

219 5283 352 5333 du’m
397 5286 930 5349 investigandumque
952 5286 1236 5345 laborare;
1275 5292 1370 5338 aut
1396 5292 1505 5335 tam
1530 5289 1773 5349 improba
1802 5302 1925 5337 con-

218 5348 469 5412 tumacia,
496 5360 561 5397 ea.
590 5362 702 5410 quae
726 5349 793 5398 ab
816 5348 1339 5412 aliistaborantibus
1358 5350 1583 5399 studiose
1604 5348 1653 5398 et
1683 5354 1768 5412 pie
1789 5364 1926 5412 qua-

218 5364 469 5395 ιιηηασια
496 5364 561 5397 ea
590 5364 702 5410 qua:
726 5364 793 5398 ao
816 5364 940 5399 ams
966 5364 1339 5399 wooramwus
1358 5364 1583 5399 stuawse
1604 5364 1653 5398 et
1722 5364 1768 5398 ie
1789 5364 1926 5412 quac-

218 5408 457 5474 rentibus
472 5413 521 5458 et
535 5412 754 5461 inventa
772 5409 1072 5474 etconf‘ecta
1088 5417 1230 5467 sunt,
1252 5414 1479 5474 inveniri
1495 5419 1544 5461 et
1567 5364 1750 5473 con/{lci
1764 5425 1926 5474 posse

218 5469 499 5520 dubitare:
536 5485 698 5535 neque
723 5472 894 5523 aliam
921 5469 980 5522 ob
1011 5483 1225 5522 causam
1254 5472 1464 5535 faciunt
1488 5476 1585 5523 nisi
1608 5469 1815 5536 quod-ct
1841 5488 1920 5523 se-

1759 238 1970 295 LlBER
2018 238 2219 294 ΗΝυᾷ

3618 252 3756 303 1050

2042 379 2216 434 quam
2258 363 2327 416 de
2365 362 2435 416 iis
2478 380 2619 434 quas
2666 366 2787 419 istis
2829 367 3006 419 oculis
3051 368 3311 421 videmus
3359 384 3491 422 cum
3543 369 3749 439 pituita

2044 467 2269 522 semper
2289 451 2504 505 bellum
2522 453 2868 523 gerentibus.
2886 455 3031 518 Quid
3055 454 3207 509 enim
3233 456 3423 509 minus
3446 457 3748 511 ferendum

2044 545 2100 594 et
2132 540 2483 594 audiendum
2514 546 2617 606 est,
2666 558 2840 611 quam
2885 544 3049 597 fateri
3084 561 3185 597 nos
3218 547 3437 598 ratione
3472 550 3748 615 praestare

2042 628 2239 682 bestiis
2275 630 2315 693 ¹,
2372 634 2427 681 et
2475 645 2600 681 eam
2639 646 2761 683 rem
2809 631 2974 683 fateri
3010 648 3131 684 esse
3163 632 3386 703 aliquid
3420 650 3590 703 quam
3624 650 3746 687 cor-

2043 733 2219 787 poreo
2249 717 2469 771 lumine
2502 718 2798 783 sentimus,
2829 734 3004 787 quam
3027 720 3201 771 etiam
3234 722 3531 774 nonnullae
3554 721 3749 775 bestiae

2045 804 2249 857 melius
2289 811 2560 871 cernunt;
2606 806 2662 859 id
2714 811 2905 859 autem
2956 807 3111 876 quod
3160 807 3381 861 ratione
3432 810 3745 875 intuemur,

2042 892 2186 945 nihil
2220 908 2338 945 esse
2388 892 2786 946 contendere?
2835 893 2995 956 Quod
3040 893 3085 946 si
3130 893 3414 947 diceretur
3448 897 3560 948 tale
3602 912 3745 962 esse,

2042 980 2211 1050 quale
2249 980 2383 1033 illud
2419 986 2522 1046 est,
2559 981 2714 1051 quod
2745 981 2895 1034 oculi
2926 981 3139 1048 vident,
3174 982 3318 1035 nihil
3346 984 3603 1051 profecto
3636 984 3747 1037 dici

2042 1084 2207 1138 posse
2238 1068 2533 1137 indignius
2572 1068 2879 1123 videretur.

2113 1159 2200 1211 26.
2240 1160 2307 1210 E.
2357 1156 2587 1226 Accipio
2630 1157 2734 1209 ista
2783 1156 3157 1211 libentissime
3212 1161 3381 1228 atque
3430 1159 3744 1213 assentior:

2044 1244 2143 1297 sed
2176 1243 2317 1296 illud
2362 1260 2453 1297 me
2484 1249 2697 1310 movet,
2731 1260 2861 1297 cum
2903 1260 3193 1313 corporeae
3226 1246 3585 1315 quantitatis,
3631 1263 3749 1300 non

2042 1347 2160 1383 esse
2195 1331 2448 1384 animum
2478 1348 2566 1383 res
2591 1330 2671 1384 ita
2700 1332 2851 1384 clara
2881 1331 2951 1384 sit
2977 1332 3139 1397 mihi,
3174 1337 3237 1386 ut
3267 1334 3504 1387 omnino
3537 1350 3745 1404 quem-

2042 1418 2354 1471 admodum
2394 1418 2651 1471 resistam
2694 1417 2787 1470 ilis
2832 1419 3210 1487 argumentis,
3258 1426 3315 1473 et
3361 1421 3496 1490 quid
3545 1437 3747 1474 eorum

2042 1522 2161 1559 non
2189 1505 2513 1572 concedam,
2546 1522 2783 1576 prorsus
2810 1506 3106 1575 ignorem;
3145 1507 3423 1575 primum,
3452 1524 3553 1562 cur
3583 1514 3749 1563 aetate

2042 1599 2108 1648 ut
2137 1610 2344 1664 corpus
2374 1594 2593 1660 crescit,
2622 1594 2702 1648 ita
2730 1599 2787 1648 et
2805 1595 2998 1648 anima
3020 1596 3106 1649 vel
3137 1601 3352 1649 crescat
3380 1598 3467 1650 vel
3497 1613 3749 1650 crescere

2042 1681 2321 1735 videatur.
2348 1681 2484 1745 Quis
2506 1682 2661 1734 enim
2693 1687 2864 1751 neget
2892 1698 3099 1752 pueros
3131 1683 3400 1750 infantes,
3437 1700 3508 1737 ne
3538 1685 3748 1738 bestia-

2042 1784 2175 1822 rum
2200 1768 2434 1839 quidem
2459 1770 2871 1822 nonnullarum
2899 1770 3127 1823 astutiae
3150 1772 3604 1841 comparandos?
3622 1772 3750 1842 quis

2045 1862 2235 1911 autem
2278 1857 2518 1923 dubitet,
2550 1857 2663 1909 illis
2693 1858 3073 1911 crescentibus
3121 1858 3293 1912 etiam
3336 1859 3519 1929 ipsam
3567 1859 3627 1913 in
3668 1860 3748 1913 eis

2045 1952 2467 2021 quodammodo
2492 1968 2743 2005 crescere
2770 1952 3053 2005 rationem
3074 1955 3102 2006 ?
3136 1952 3375 2020 Deinde,
3408 1953 3456 2005 si
3486 1969 3590 2022 per
3618 1970 3748 2022 spa-

2041 2039 2191 2093 tium
2220 2040 2306 2093 sui
2334 2040 2588 2110 corporis
2609 2040 2801 2093 anima
2820 2039 3184 2109 distenditur,
3209 2041 3500 2111 quomodo
3529 2041 3745 2095 nullius

2044 2127 2375 2198 quantitatis
2421 2129 2548 2183 est?
2594 2128 2640 2181 si
2671 2132 2861 2182 autem
2891 2129 3021 2197 {non
3054 2126 3419 2196 distenditur,
3453 2130 3745 2200 quomodo

2042 2214 2217 2267 sentit
2236 2214 2448 2285 ubique
2480 2220 2832 2285 pungentem
2852 2217 2881 2269 ‘?
2898 2218 2971 2270 A.
3008 2215 3257 2270 Omnino
3288 2233 3355 2269 ea
3384 2216 3597 2287 quaeris
3617 2232 3747 2286 quae

2040 2318 2134 2355 me
2163 2319 2392 2373 quoque
2422 2319 2573 2373 saepe
2603 2308 2945 2357 moverunt:
2978 2303 3175 2374 itaque
3206 2320 3323 2358 non
3346 2320 3474 2358 sum
3504 2305 3747 2374 impara-

2040 2395 2131 2445 tus
2154 2392 2253 2445 tibi
2279 2393 2647 2462 respondere,
2672 2397 2735 2445 ut
2760 2392 2901 2445 mihi
2919 2393 3074 2445 soleo
3101 2412 3115 2459 ;
3138 2397 3334 2446 utrum
3360 2397 3551 2447 autem
3576 2393 3746 2460 bene,

2040 2480 2187 2534 ratio
2219 2496 2349 2550 quae
2388 2486 2442 2534 te
2485 2480 2603 2551 agit
2639 2480 2959 2550 judicabit:
3004 2481 3423 2551 qualecumque
3464 2481 3523 2535 id
3555 2486 3745 2536 tamen

2041 2567 2132 2635 sit,
2163 2569 2291 2638 plus
2330 2572 2480 2621 certe
2510 2584 2626 2621 non
2657 2584 2907 2638 possum,
2960 2568 3070 2621 nisi
3115 2568 3261 2621 forte
3294 2568 3508 2639 aliquid
3539 2569 3746 2623 melius

2040 2671 2170 2709 cum
2214 2656 2591 2726 disputamus,
2640 2656 2703 2709 in
2748 2662 3003 2709 mentem
3044 2656 3316 2709 divinitus
3362 2656 3601 2709 venerit.
3638 2656 3744 2710 Sed

2040 2758 2296 2813 agamus,
2345 2743 2393 2795 si
2440 2744 2643 2812 placet,
2690 2758 2849 2796 more
2889 2748 3104 2809 nostro,
3146 2747 3211 2796 ut
3248 2742 3390 2796 duce
3430 2742 3651 2796 ratione
3682 2746 3744 2796 tu

2038 2832 2141 2885 tibi
2174 2831 2295 2901 ipse
2325 2830 2688 2901 respondeas.
2724 2832 2803 2883 Ac
2827 2830 2987 2899 prius
3016 2845 3365 2899 quaeramus,
3399 2834 3592 2883 utrum
3624 2846 3743 2883 cre-

2039 2919 2247 2973 scentis
2278 2935 2406 2971 cum
2452 2933 2692 2988 corpore
2735 2917 2916 2971 animi
2948 2922 3167 2970 certum
3208 2921 3616 2987 argumentum
3647 2917 3740 2983 sit,

2039 3007 2193 3078 quod
2208 3005 2391 3060 aetatis
2412 3020 2639 3059 accessu
2653 3004 2838 3073 aptior
2848 3003 3117 3057 humanae
3130 3002 3532 3057 consuetudini
3544 3003 3737 3067 homo,

2039 3100 2095 3149 et
2113 3095 2174 3147 in
2201 3110 2267 3149 ea
2288 3094 2471 3164 magis
2490 3092 2788 3163 magisque
2809 3093 3029 3163 peritus
3055 3098 3158 3147 est.
3189 3096 3252 3146 E.
3286 3094 3405 3163 Age
3431 3097 3493 3145 ut
3513 3093 3734 3162 placet;

2038 3199 2171 3237 nam
2211 3188 2269 3237 et
2314 3198 2419 3253 ego
2466 3182 2523 3235 id
2565 3197 2747 3251 genus
2795 3181 3036 3235 docendi
3076 3197 3139 3234 ac
3186 3180 3439 3235 discendi
3492 3180 3739 3233 maxime

2036 3271 2251 3341 probo:
2284 3270 2473 3324 nescio
2515 3286 2628 3341 quo
2660 3269 2816 3323 enim
2846 3270 3015 3323 modo
3047 3286 3176 3323 cum
3210 3269 3266 3323 id
3297 3269 3451 3340 quod
3482 3268 3737 3321 nesciens

2038 3359 2365 3429 quaerebam
2396 3359 2517 3428 ipse
2542 3358 2878 3429 respondeo,
2902 3358 2965 3411 ﬁt
2998 3358 3122 3428 ipsa
3152 3356 3404 3411 inventio
3428 3373 3545 3411 non
3565 3357 3735 3410 modo

2037 3463 2118 3514 re,
2153 3448 2253 3501 sed
2284 3447 2658 3501 admiratione
2685 3450 2707 3481 ²
2737 3446 2908 3501 etiam
2935 3446 3173 3499 dulcior.

2038 3538 2261 3591 CAPUT
2312 3538 2445 3590 XVI.
2501 3566 2565 3576 —
2608 3536 2979 3604 Respondetur
3021 3535 3310 3603 objectiom'
3350 3539 3399 3587 et
3438 3533 3740 3588 ostenditur

2213 3626 2454 3679 animam
2486 3627 2600 3679 sine
2642 3639 2891 3692 corporeo
2929 3626 3249 3676 incremento
3286 3625 3557 3691 proﬁcere.

2107 3716 2195 3767 27.
2239 3715 2311 3767 A.
2362 3712 2461 3765 Dic
2492 3727 2628 3781 ergo
2670 3716 2861 3765 utrum
2893 3711 2999 3765 tibi
3045 3712 3230 3780 majus
3266 3715 3323 3764 et
3368 3709 3575 3763 melius
3624 3710 3737 3763 duo

2036 3801 2320 3872 quaedam,
2354 3816 2427 3853 an
2454 3815 2637 3854 unum
2669 3804 2839 3870 atque
2884 3799 3036 3854 idem
3068 3815 3189 3853 esse
3230 3798 3488 3852 videatur
3518 3797 3740 3852 duobus

2035 3889 2364 3943 nominibus
2386 3887 2775 3959 appellatum?
2798 3890 2862 3942 E.
2889 3887 3013 3941 Scio
3036 3887 3192 3941 aliud
3214 3902 3335 3940 esse
3354 3885 3508 3958 quod
3528 3888 3736 3957 majus,

2034 3978 2191 4031 aliud
2237 3978 2393 4048 quod
2434 3978 2639 4029 melius
2669 3976 2930 4030 dicimus.
2965 3977 3035 4029 A.
3068 3976 3214 4039 Quid
3244 3975 3454 4028 horum
3486 3975 3734 4028 duorum

2036 4070 2120 4119 est
2139 4065 2300 4135 cujus
2322 4080 2443 4118 esse
2472 4070 2638 4135 putes
2668 4064 3047 4135 quantitatem
3068 4065 3095 4117 ?
3120 4066 3184 4118 E.
3218 4064 3277 4117 Id
3299 4063 3560 4117 videlicet
3580 4063 3735 4132 quod

2036 4154 2220 4223 majus
2241 4153 2503 4206 dicimus.
2527 4154 2596 4207 A.
2622 4153 2769 4215 Quid
2790 4168 2920 4205 cum
2940 4153 3183 4207 duarum
3205 4152 3520 4221 ﬁgurarum
3532 4156 3736 4203 rotun-

2034 4242 2165 4294 dam
2186 4241 2465 4311 quadrata
2495 4240 2794 4294 meliorem
2820 4257 2940 4293 esse
2962 4241 3303 4294 conﬁtemur
3320 4239 3347 4293 ?
3367 4238 3733 4309 quantitasne

2032 4329 2088 4383 id
2116 4328 2268 4393 facit,
2301 4345 2373 4381 an
2403 4328 2539 4398 quid
2566 4328 2720 4381 aliud
2740 4329 2769 4381 ?
2798 4332 2863 4384 E.
2899 4330 3064 4383 Nullo
3096 4328 3263 4381 modo
3293 4325 3603 4397 quantitas,
3636 4325 3733 4378 sed

2033 4416 2132 4471 illa
2151 4416 2219 4469 de
2242 4432 2356 4487 qua
2377 4415 2639 4486 superius
2668 4417 2913 4486 egimus,
2941 4416 3240 4487 aequalitas
3260 4415 3357 4484 buj
3368 4430 3431 4466 us
3452 4413 3732 4467 excellen-

2033 4505 2127 4558 tiae
2157 4520 2324 4558 causa
2353 4509 2454 4559 est.
2491 4505 2561 4559 A.
2593 4506 2754 4559 Nunc
2784 4521 2920 4575 ergo
2950 4503 3094 4558 illud
3126 4503 3375 4567 attende,
3405 4506 3600 4555 utrum
3628 4500 3734 4555 tibi

2032 4594 2292 4648 videatur
2321 4594 2498 4647 virtus
2538 4594 2833 4664 aequalitas
2881 4593 3147 4663 quaedam
3177 4607 3295 4644 esse
3327 4590 3476 4657 vitae,
3523 4590 3735 4643 rationi

2033 4682 2290 4752 undique
2342 4682 2767 4735 consentientis.
2818 4681 2960 4734 Nam
2999 4679 3046 4731 si
3095 4677 3252 4731 aliud
3284 4678 3353 4731 ab
3383 4676 3493 4730 alio
3526 4676 3587 4730 in
3620 4677 3734 4731 vita

2032 4796 2269 4859 metipsis
2302 4799 2512 4845 inventa
2540 4810 2643 4843 non
2681 4798 2821 4859 sint;
2862 4792 3005 4857 quod
3028 4805 3191 4859 genus
3220 4792 3433 4859 inuidia:
3456 4792 3735 4859 impuden-

2032 4854 2295 4907 tissiinum
2321 4870 2433 4907 esse
2469 4861 2615 4907 ratio
2646 4856 2842 4917 probat
2867 4854 3229 4917 Equaeomnia
3252 4856 3443 4904 absunt
3465 4869 3496 4903 a
3525 4854 3648 4902 Bad.
3680 4861 3732 4903 et

2033 4934 2063 4967 a
2096 4921 2215 4967 Mss.
2244 4947 2301 4955 —
2331 4920 2536 4968 Absunt
2565 4918 2721 4966 etiam
2753 4932 2782 4965 a
2809 4918 2923 4965 Par.
2992 4918 3060 4965 M.

2098 4984 2111 5015 1
2139 4983 2282 5035 Lov.,
2306 4981 2454 5029 nobis
2468 4984 2673 5029 ratione
2694 4986 2939 5042 praestare
2956 4979 3164 5029 bestias.
3191 4978 3291 5027 Sed
3314 4978 3596 5042 legendum
3611 4989 3731 5024 cum

2033 5043 2148 5091 aliis
2173 5044 2327 5091 editis
2351 5047 2403 5090 et
2423 5043 2543 5089 Mss.
2574 5039 2862 5099 codicibus,
2890 5054 2991 5090 nos
3018 5044 3221 5090 ratione
3238 5039 3503 5103 praestare
3527 5039 3729 5103 bestiis.

2034 5105 2090 5152 Id
2109 5104 2616 5167 quippeAugustino
2644 5103 3031 5167 intolerandum
3058 5103 3143 5150 hic
3161 5101 3385 5167 videtur,
3403 5103 3446 5167 si
3470 5101 3587 5163 quis
3611 5112 3732 5146 con-

2032 5164 2219 5230 tendat
2234 5164 2500 5225 obiectum
2520 5166 2874 5230 rat_i_onis_e_sse
2898 5166 3048 5221 nihil,
3064 5166 3189 5213 dum
3204 5165 3367 5230 ipsius
3393 5164 3535 5230 visus
3549 5174 3733 5230 corpo-

2032 5229 2104 5277 rei
2132 5224 2393 5289 objectum
2420 5240 2531 5275 esse
2558 5227 2755 5289 aliquid
2778 5227 3036 5275 fateatur:
3059 5232 3109 5276 et
3130 5224 3387 5274 rationem
3413 5224 3581 5289 affert,
3608 5224 3730 5283 quia

2031 5285 2234 5356 ratione
2266 5289 2478 5356 quidem
2512 5285 2823 5356 praes—tamus
2865 5290 3066 5356 bestiis,
3104 5290 3230 5351 ipsae
3269 5300 3390 5336 vero
3423 5285 3732 5348 plerumque

2030 5352 2175 5400 visus
2204 5351 2571 5413 perspicuitate
2602 5352 2755 5399 nobis
2786 5356 3053 5413 praestant.

2094 5366 2175 5399 sus
2204 5366 2571 5413 perspicuitate
2602 5366 2755 5399 DODIS
2822 5366 3053 5399 raestant.

2094 5415 2114 5447 ²
2143 5414 2289 5480 L0v.._
2319 5415 2483 5480 animi
2514 5416 2751 5480 ratione;
2786 5366 3124 5480 ﬁbrariorum
3156 5411 3313 5480 lapsu
3347 5422 3439 5471 pro
3468 5406 3730 5458 ammira-

2033 5477 2187 5534 tione,
2220 5476 2293 5523 uti
2320 5475 2569 5537 scriptum
2600 5480 2711 5523 erat
2735 5476 2789 5523 in
2818 5476 3050 5537 antiquis
3075 5472 3358 5522 codicibus.
