4080 6178
426 246 552 296 1051

418 363 718 433 discrepet,
749 363 952 432 magis,
971 363 1031 416 ni
1051 361 1236 421 fallor,
1265 360 1630 425 offendimur,
1665 375 1838 431 quam
1859 359 1906 412 si
1928 359 2119 431 aliqua

419 468 554 523 pars
589 451 806 516 circuli,
843 452 1060 521 majore
1089 449 1387 507 minoreve
1422 449 1718 502 intervallo
1761 464 1934 518 quam
1992 450 2118 502 alia}

418 544 612 610 partes
639 540 809 593 distet
833 556 863 592 a
889 543 1119 609 puncto.
1146 541 1231 592 An
1259 542 1321 590 tu
1351 537 1516 590 aliter
1545 535 1876 590 existimas?
1900 539 1964 590 E.
1994 539 2118 590 Imo

423 628 730 693 assentior,
785 631 841 681 et
892 629 1036 681 hanc
1079 643 1206 696 quae
1259 626 1356 679 abs
1387 629 1442 677 te
1487 624 1771 694 descripta
1801 629 1902 686 est,
1934 625 2116 694 probo

425 733 546 769 esse
601 716 906 781 virtutem;
955 731 1088 768 nam
1147 717 1202 767 et
1255 713 1400 766 ratio
1443 729 1558 766 non
1615 713 1853 766 dicenda
1897 717 1982 766 est
2019 718 2120 768 aut

425 804 820 868 existimanda,
866 802 978 856 nisi
1016 817 1179 867 vera;
1212 805 1266 854 et
1296 803 1456 871 cujus
1483 800 1598 854 vita
1623 817 1728 870 per
1757 801 1951 854 omnia
1981 818 2116 856 cou-

423 892 598 962 gruit,
645 890 890 958 veritati,
941 890 987 943 is
1053 893 1138 942 est
1178 889 1432 962 profecto
1463 890 1547 942 vel
1605 891 1779 956 solus,
1824 892 1938 956 ‘vel‘
1966 896 2116 946 certe

421 977 689 1046 maxime,
730 977 829 1047 qui
857 977 1004 1031 bene
1034 981 1200 1048 atque
1231 977 1467 1031 honeste
1498 977 1636 1030 vivit
1663 996 1678 1046 ;
1713 982 1769 1031 et
1800 979 1900 1048 qui
1929 979 2006 1032 ita
2044 979 2118 1033 sit

419 1067 670 1129 affectus,
709 1066 862 1119 solus
894 1065 1102 1119 habere
1133 1066 1427 1132 virtutem,
1459 1070 1517 1119 et
1546 1081 1612 1118 ea
1642 1065 1828 1119 vivere
1851 1067 2114 1136 judican-

419 1155 522 1208 dus
556 1157 657 1207 est.
703 1155 774 1208 A.
809 1155 990 1208 Probe
1021 1153 1197 1208 dicis:
1230 1155 1328 1208 sed
1367 1158 1518 1208 certe
1549 1153 1721 1208 etiam
1765 1154 1906 1209 illud
1936 1155 2112 1221 vides,

420 1245 482 1295 ut
511 1241 736 1312 Opinor,
761 1241 1095 1295 similiorem
1123 1258 1241 1296 esse
1271 1241 1466 1295 virtuti
1490 1241 1766 1296 circulum
1798 1242 2114 1312 ﬁgurarum

416 1330 722 1398 planarum
770 1329 882 1382 alia
930 1329 1207 1400 qualibet.
1248 1329 1388 1383 Hinc
1431 1333 1513 1383 est
1560 1329 1715 1382 enim
1765 1331 1919 1400 quod
1964 1331 2115 1400 apud

420 1419 718 1471 Horatium
742 1417 965 1488 magnis
979 1418 1240 1472 laudibus
1262 1418 1507 1471 solemus
1529 1419 1797 1472 extollere
1811 1418 1982 1486 illum
1998 1435 2114 1473 ver-

418 1522 566 1572 sum,
596 1521 709 1576 quo
736 1505 838 1572 ait,
871 1521 1002 1559 cum
1031 1506 1099 1560 de
1131 1505 1386 1576 sapiente
1417 1511 1631 1576 ageret,

574 1611 740 1662 Fortis
765 1615 817 1661 et
837 1612 891 1661 in
917 1626 971 1661 se
1000 1613 1112 1676 ipso
1136 1616 1278 1661 totus
1303 1617 1442 1661 teres
1462 1617 1617 1676 atque
1646 1613 1926 1663 rotundus.

1067 1693 1248 1752 (Serm.
1276 1691 1364 1742 lib.
1391 1695 1438 1751 2,
1468 1695 1638 1742 satira
1662 1695 1708 1751 7,
1735 1707 1784 1742 υ.
1808 1694 1906 1755 60.)

418 1808 491 1860 Et
523 1808 672 1860 recte
700 1821 713 1860 :
742 1822 875 1861 nam
896 1823 1084 1878 neque
1106 1807 1167 1860 in
1205 1807 1383 1860 animi
1413 1807 1575 1862 bonis
1610 1808 1926 1880 quidquam
1960 1809 2113 1864 iuve-

414 1894 526 1962 nis,
558 1895 711 1966 quod
742 1895 925 1966 magis
984 1895 1091 1949 sibi
1122 1912 1187 1950 ex
1220 1896 1373 1950 omni
1405 1901 1562 1966 parte
1593 1897 1907 1952 consentiat
1936 1914 2111 1969 quam

413 1983 722 2050 virtutem;
775 2000 962 2052 neque
1014 1985 1075 2038 in
1115 1985 1301 2055 planis
1347 1985 1548 2054 ﬁguris
1589 2003 1761 2056 quam
1811 1986 2106 2040 circulum.

416 2072 798 2135 Quamobrem
829 2072 876 2126 si
915 2073 1160 2127 circulus
1206 2090 1323 2127 non
1363 2075 1760 2144 magnitudine
1793 2076 1978 2145 spatii,
2011 2075 2110 2129 sed

416 2162 662 2230 quadam
687 2161 1138 2214 conformatione
1159 2162 1379 2216 cazteris
1398 2167 1632 2232 praestat
1656 2179 1669 2228 ;
1692 2167 1904 2234 quanto
1925 2164 2108 2235 magis

413 2248 484 2300 de
514 2245 721 2299 virtute
767 2247 1208 2301 existimandum
1241 2252 1347 2316 est,
1398 2249 1550 2319 quod
1580 2266 1694 2303 non
1737 2250 1969 2320 majoris
2001 2252 2108 2310 loci

415 2334 809 2404 occupatione,
833 2335 927 2388 sed
945 2335 1138 2388 divina
1156 2336 1400 2404 quadam
1424 2337 1798 2407 congruentia
1822 2339 2107 2393 rationum

417 2426 588 2491 atque
615 2423 918 2476 concordia
947 2428 1180 2477 caeteras
1207 2424 1533 2478 affectiones
1560 2425 1739 2479 animi
1762 2430 2036 2496 superat?

485 2512 576 2564 28.
610 2511 753 2564 Cum
784 2514 972 2564 autem
999 2527 1146 2582 puer
1171 2511 1398 2582 proficit
1423 2513 1804 2580 laudabiliter,
1838 2516 1905 2568 ad
1933 2533 2105 2586 quam

411 2613 532 2651 rem
578 2597 763 2668 magis
805 2615 979 2669 quam
1022 2599 1091 2653 ad
1128 2600 1399 2654 virtutem
1443 2601 1716 2671 proﬁcere
1755 2602 2004 2658 dicitur?
2034 2621 2107 2658 an

413 2701 528 2738 non
569 2685 674 2739 tibi
716 2685 989 2740 videtur?
1024 2689 1089 2741 E.
1142 2687 1499 2742 Manifestum
1529 2694 1631 2744 est.
1671 2691 1743 2744 A.
1777 2692 1903 2745 Non
1931 2692 2107 2761 igitur

411 2772 515 2826 tibi
555 2773 723 2827 debet
752 2773 932 2828 videri
959 2774 1185 2828 animus
1228 2776 1374 2830 sicut
1409 2793 1614 2847 corpus
1646 2780 1944 2834 crescendo
1975 2798 2103 2835 cum

411 2866 576 2915 aetate
601 2862 878 2932 proficere
903 2879 916 2916 :
939 2863 1292 2933 proﬁciendo
1325 2864 1480 2919 enim
1502 2865 1570 2918 ad
1601 2866 1871 2921 virtutem
1900 2885 2104 2939 perve-

410 2951 513 3016 nit,
542 2966 713 3021 quam
746 2951 994 3005 fatemur
1021 2953 1180 3006 nulla
1209 2953 1377 3022 spatii
1408 2954 1821 3024 magnitudine,
1854 2958 1950 3011 sed
1983 2974 2103 3012 ma-

408 3054 521 3107 gna
550 3039 603 3091 vi
633 3039 965 3093 constantiae
995 3041 1294 3110 pulchram
1319 3058 1439 3095 esse
1470 3047 1639 3113 atque
1667 3045 1974 3114 perfectam
2000 3066 2012 3101 :
2048 3051 2105 3101 et

409 3126 457 3178 si
478 3126 633 3180 aliud
655 3131 740 3179 est
764 3127 971 3196 majus,
1002 3129 1157 3182 aliud
1185 3129 1411 3192 melius,
1437 3135 1504 3184 ut
1518 3131 1637 3201 jam
1665 3133 1905 3201 dedisti;
1935 3135 2101 3204 quid-

410 3214 548 3284 quid
580 3214 771 3267 anima
817 3231 945 3268 cum
985 3220 1149 3269 aztate
1192 3218 1438 3286 proficit,
1479 3235 1824 3290 composque
1863 3222 2101 3276 rationis

411 3303 495 3368 fit,
528 3318 644 3356 non
674 3302 818 3356 mihi
847 3303 1072 3357 videtur
1094 3304 1219 3358 ﬁeri
1249 3307 1451 3375 major,
1483 3307 1579 3360 sed
1611 3308 1831 3362 melior.
1865 3310 2026 3373 Quod
2056 3311 2100 3364 si

408 3391 802 3445 membrorum
833 3391 888 3446 id
927 3392 1138 3446 faceret
1165 3395 1540 3465 magnitudo;
1576 3412 1642 3449 eo
1687 3397 1928 3469 quisque
1958 3416 2101 3468 pru-

409 3479 638 3533 dentior
666 3484 831 3543 esset,
855 3496 968 3551 quo
998 3481 1224 3552 longior
1249 3487 1347 3536 aut
1374 3483 1612 3538 validior
1636 3501 1649 3538 :
1676 3487 1830 3556 quod
1859 3504 1917 3540 se
1939 3488 2102 3542 aliter

405 3569 616 3623 habere
636 3585 774 3636 non,
800 3569 1025 3640 opinor,
1054 3570 1311 3641 negabis.
1334 3575 1398 3626 E.
1424 3572 1561 3636 Quis
1587 3573 1736 3628 istud
1762 3577 2101 3643 negaverit?

404 3658 514 3713 Sed
559 3662 755 3711 tamen
784 3674 915 3712 cum
951 3659 1227 3728 proficere
1257 3660 1511 3715 animam
1537 3678 1640 3734 per
1671 3666 1896 3718 aetatem
1926 3665 2099 3720 etiam

404 3749 464 3798 tu
495 3746 807 3809 concedas;
837 3745 1016 3800 miror
1044 3747 1144 3818 qui
1187 3748 1389 3814 ﬁat,nt
1419 3750 1606 3804 omnis
1637 3751 1970 3822 quantitatis
2010 3769 2101 3808 ex-

404 3846 555 3902 pers,
589 3831 811 3884 etiamsi
855 3848 972 3886 non
1001 3834 1393 3889 membrorum
1437 3837 1641 3906 spatio,
1683 3842 1741 3891 at
1771 3843 1921 3892 certe
1953 3844 2095 3894 tem-

407 3918 566 3988 poris
595 3919 913 3990 adjuvetur.

407 4024 634 4078 CAPUT
675 4024 837 4080 XVII.
873 4053 935 4065 —
978 4025 1182 4079 Anima
1226 4029 1403 4096 spatio
1451 4031 1703 4098 temporis
1737 4045 1968 4085 crescere
2010 4031 2097 4085 di-

982 4115 1125 4168 citur
1153 4117 1530 4184 metaphorice.

479 4221 566 4272 29.
610 4219 816 4274 Desine
865 4219 1084 4289 mirari,
1124 4238 1259 4275 nam
1307 4226 1362 4276 et
1390 4222 1482 4276 hic
1527 4223 1633 4278 tibi
1673 4223 1848 4279 simili
1879 4226 2098 4280 ratione

410 4307 747 4377 respondeo.
768 4309 836 4362 Ut
857 4307 1010 4362 enim
1033 4310 1425 4365 membrorum
1449 4313 1784 4383 magnitudo
1806 4314 1935 4368 ideo
1959 4315 2100 4368 nihil

406 4395 568 4450 affert
596 4396 919 4466 argumenti
941 4413 1041 4450 cur
1060 4397 1310 4452 animam
1333 4399 1582 4469 adjuvet,
1609 4402 1760 4471 quod
1785 4403 1951 4456 multi
1981 4403 2098 4456 exi-

405 4482 640 4538 lioribus
669 4484 1142 4557 brevioribusque
1182 4487 1452 4540 membris
1498 4489 1893 4557 prudentiores
1941 4491 2098 4544 inve-

406 4571 644 4624 niuntur
688 4574 1030 4643 quibusdam
1078 4591 1287 4645 magna
1333 4577 1482 4630 mole
1522 4578 1774 4647 corporis
1806 4578 2097 4648 praeditis;

405 4657 484 4710 ita
528 4659 798 4728 quoniam
847 4662 1107 4730 juniores
1158 4664 1462 4716 nonnullos
1521 4663 1842 4718 senioribus
1899 4665 2098 4735 pleris-

407 4761 518 4816 que
557 4745 740 4814 magis
788 4747 1096 4803 industrios
1141 4756 1313 4821 atque
1364 4743 1625 4805 strenuus
1664 4752 1942 4821 videmus,
1983 4771 2100 4808 non

407 4833 572 4888 video
601 4849 702 4886 cur
744 4837 999 4905 putanda
1041 4839 1158 4892 sint
1201 4839 1382 4910 spatia
1427 4840 1702 4910 temporis
1747 4840 1808 4894 in
1839 4842 2100 4896 aetatibus

406 4922 760 4976 incrementa
810 4927 874 4976 ut
917 4927 1270 4995 corporibus,
1317 4928 1396 4982 sic
1428 4929 1634 4982 animis
1666 4930 1838 4995 dare;
1877 4947 2007 4984 cum
2048 4936 2104 4985 et

414 5010 537 5081 ipsa
581 5026 836 5080 corpora,
877 5012 1086 5082 quibus
1115 5031 1215 5085 per
1243 5021 1472 5087 tempus
1501 5034 1752 5072 crescere
1784 5023 1951 5090 atque
1981 5036 2100 5073 am-

406 5099 593 5170 pliora
632 5099 813 5169 spatia
840 5103 1033 5154 tenere
1081 5118 1409 5158 concessum
1463 5109 1567 5175 est,
1608 5123 1758 5177 saepe
1787 5107 1902 5162 sint
1931 5125 2103 5162 anno-

407 5189 559 5242 siora
590 5188 868 5256 breviora,
916 5205 1030 5242 non
1069 5192 1240 5245 modo
1281 5193 1502 5261 senilia,
1543 5211 1672 5265 quae
1703 5196 2102 5266 magnitudine

407 5277 683 5348 temporis
731 5278 1147 5332 contrahuntur
1190 5285 1359 5350 atque
1392 5283 1770 5351 minuuntur;
1800 5285 1897 5339 sed
1927 5285 2099 5338 etiam

404 5382 742 5436 puerorum,
790 5383 934 5438 quos
977 5366 1484 5424 animadvertimus
1526 5371 1613 5424 his
1656 5371 1944 5427 breviores
1982 5389 2102 5427 esse

402 5469 636 5524 corpore
668 5456 877 5526 quibus
908 5459 1040 5511 sunt
1068 5459 1234 5510 (etate
1262 5458 1527 5532 majores.
1557 5458 1614 5512 Si
1643 5460 1817 5530 igitur
1843 5466 2104 5530 porrecta

1491 241 1582 293 DE
1621 238 2081 305 QUANTITATE
2121 235 2395 304 ANIMZE,
2439 235 2492 291 S.
2533 233 2921 291 AUGUSTINI

3739 247 3833 299 1052

2227 359 2287 412 in
2326 359 2643 430 plurimum
2679 361 2962 428 tempora,
3012 373 3084 412 ne
3130 358 3264 429 ipsis
3310 360 3537 430 quidem
3573 366 3837 434 corporibus

2229 447 2642 519 magnitudinis
2670 448 2916 501 afferunt
2935 463 3166 502 causam
3188 463 3202 502 :
3228 450 3325 503 sed
3356 450 3536 503 omnis
3562 451 3648 505 illa
3664 455 3838 509 seminis

2224 537 2309 591 vis
2329 541 2432 605 est,
2456 542 2510 590 et
2529 537 2911 607 quorumdam
2932 542 3152 591 natura:
3176 553 3547 592 numerorum
3570 557 3687 594 sane
3704 545 3839 596 occul-

2225 629 2438 692 torum,
2461 629 2517 678 et
2538 624 2854 678 difﬁcilium
2876 625 2947 678 ad
2975 625 3426 694 diguoscendum
3451 643 3464 678 :
3488 634 3679 697 quanto
3701 631 3839 684 minus

2226 713 2618 767 arbitrandum
2657 716 2742 765 est
2771 713 2944 782 longo
2973 717 3232 784 tempore
3263 715 3515 768 animam
3542 716 3654 770 fieri
3676 718 3840 789 longio-

2224 817 2369 869 rem,
2399 800 2534 871 quia
2564 816 2688 853 eam
2721 799 2979 854 videmus
3007 817 3115 854 usu
3147 817 3339 855 rerum
3382 807 3547 874 atque
3583 805 3840 861 assiduitate

2226 890 2406 943 multa
2435 888 2696 942 didicisse
2716 887 2743 939 ‘7

2295 980 2381 1032 30.
2410 977 2568 1042 Quod
2591 977 2637 1030 si
2665 981 2718 1030 te
2743 976 2884 1030 illud
2914 982 3124 1041 movet,
3148 979 3302 1049 quod
3326 980 3569 1032 solemus
3588 997 3700 1034 eam
3717 998 3840 1051 quam

2224 1066 2402 1122 Graeci
2449 1073 2781 1136 μακροθυμῗαν
2828 1071 3050 1135 vocant,
3097 1067 3589 1137 longanimitatem
3629 1068 3841 1139 interpre-

2221 1154 2331 1208 tari
2361 1154 2847 1222 ;animadvertere
2872 1154 3004 1208 licet
3025 1170 3058 1206 a
3079 1171 3316 1224 corpore
3347 1155 3418 1208 ad
3447 1156 3685 1210 animum
3711 1160 3842 1210 multa

2220 1242 2395 1296 verba
2441 1242 2755 1304 transferri,
2793 1242 2935 1296 sicut
2969 1243 3040 1296 ab
3083 1242 3275 1296 animo
3313 1243 3387 1297 ad
3425 1259 3660 1312 corpus:
3689 1261 3793 1298 nam
3814 1247 3843 1298 si

2221 1335 2475 1383 montem
2496 1329 2841 1400 improbum,
2867 1335 2924 1382 et
2939 1329 3316 1400 justissimam
3340 1332 3599 1384 tellurem
3623 1331 3741 1385 dixit
3762 1333 3842 1386 Vir-

2222 1418 2394 1488 gilius
2434 1417 2668 1486 (zEneid.
2720 1419 2813 1472 lib.
2857 1422 2941 1484 12,
2973 1434 3026 1472 υ.
3066 1421 3165 1473 687
3193 1436 3206 1485 ;
3241 1419 3435 1487 Georg.
3469 1421 3560 1473 lib.
3595 1423 3644 1483 2,
3670 1436 3714 1474 v.
3739 1423 3844 1487 460),

2222 1523 2350 1578 quae
2369 1507 2540 1561 verba
2571 1505 2754 1560 cernis
2773 1507 2843 1560 ab
2865 1505 3058 1561 animo
3089 1507 3160 1561 ad
3186 1523 3431 1578 corpora
3461 1523 3578 1562 esse
3602 1509 3840 1572 translata;

2221 1595 2359 1666 quid
2372 1594 2584 1649 mirum
2596 1593 2644 1648 si
2658 1599 2857 1648 mutua
2868 1595 2988 1649 vice
3001 1595 3493 1666 longanimitatem
3509 1595 3742 1660 dicimus,
3753 1612 3844 1649 cum

2135 1749 2139 1753 ι
2221 1683 2390 1754 longa
2413 1683 2525 1736 nisi
2551 1699 2792 1752 corpora
2822 1699 2941 1736 esse
2965 1699 3080 1737 non
3101 1683 3371 1754 possint?
3394 1686 3469 1737 Ea
3490 1700 3616 1737 vero
3635 1683 3846 1737 intervir-

2219 1776 2278 1825 tu
2288 1775 2370 1824 tes
2391 1787 2519 1842 qua:
2538 1771 2859 1842 appellatur
2878 1771 3057 1824 animi
3078 1772 3437 1841 magnitudo,
3462 1772 3527 1826 ad
3549 1772 3743 1825 nullum
3760 1789 3844 1840 spa-

2218 1860 2385 1926 tium,
2408 1860 2508 1914 sed
2529 1859 2597 1913 ad
2617 1859 2732 1913 vim
2755 1859 3085 1930 quamdam,
3104 1859 3160 1912 id
3177 1860 3346 1914 estad
3360 1864 3684 1930 potestatem
3697 1864 3844 1929 poten-

2218 1948 2472 2018 tiamque
2496 1947 2675 2002 animi
2693 1948 2870 2001 relata
2882 1952 3030 2001 recte
3054 1948 3426 2018 intelligitur;
3450 1949 3621 2002 virtus
3639 1964 3696 2001 eo
3712 1947 3844 2017 pluris

2219 2037 2577 2102 mstimanda,
2593 2053 2707 2107 quo
2721 2037 2886 2106 plura
2901 2036 3232 2090 contemnit.
3247 2037 3361 2091 Sed
3379 2038 3448 2091 de
3461 2037 3561 2090 hac
3574 2041 3690 2106 post
3705 2037 3844 2105 loqua-

2219 2143 2370 2196 mur,
2403 2143 2535 2180 cum
2574 2143 2896 2197 quaeremus
2940 2130 3153 2198 quanta
3182 2127 3254 2180 sit
3297 2127 3514 2192 anima,
3559 2128 3685 2180 sicut
3713 2126 3842 2195 queri

2220 2214 2444 2274 assolet.
2472 2217 2721 2284 quantus
2744 2215 2917 2268 fuerit
2940 2215 3228 2279 Hercules,
3252 2214 3537 2268 factorum
3563 2211 3842 2273 excellentia,

2219 2317 2336 2354 non
2366 2301 2517 2354 mole
2541 2300 2966 2355 membrorum:
2994 2301 3074 2354 ita
3104 2302 3259 2354 enim
3291 2317 3470 2371 supra
3495 2298 3840 2356 distribuimus.

2219 2389 2455 2459 Oportet
2481 2394 2671 2443 autem
2693 2407 2846 2444 nunc
2875 2395 2930 2444 te
2951 2390 3242 2444 recordari
3271 2389 3430 2460 quod
3459 2389 3526 2443 de
3555 2392 3743 2458 puncto
3760 2388 3843 2455 jam

2217 2478 2352 2532 satis
2381 2478 2602 2549 egimus
2629 2494 2641 2531 :
2692 2495 2826 2532 nam
2876 2478 2935 2532 id
2973 2478 3442 2548 potentissimum
3475 2492 3606 2542 esse,
3636 2475 3845 2528 maxime-

2217 2581 2328 2636 que
2358 2565 2420 2618 in
2448 2565 2647 2634 figuris
2684 2565 2971 2619 dominari
3018 2565 3162 2618 ratio
3195 2564 3456 2618 docebat.
3501 2561 3729 2616 Potentia
3752 2575 3844 2612 vero

2215 2658 2386 2724 atque
2407 2654 2736 2708 dominatus
2758 2669 2948 2707 nonne
2971 2657 3260 2707 ostentant
3283 2651 3595 2722 quamdam
3625 2648 3843 2720 magnitu-

2215 2739 2408 2793 dinem
2428 2742 2457 2794 ?
2486 2745 2543 2795 et
2567 2741 2627 2794 in
2661 2745 2870 2811 puncto
2903 2744 3094 2793 tamen
3126 2739 3354 2792 nullum
3385 2737 3627 2807 spatium
3650 2734 3840 2805 reperie-

2211 2828 2434 2882 bamus.
2461 2831 2584 2883 Non
2605 2829 2781 2899 igitur
2801 2843 3076 2898 magnum
3090 2828 3176 2880 vel
3194 2827 3492 2897 ingentem
3506 2825 3735 2878 animum
3751 2837 3839 2875 cum

2213 2919 2475 2973 audimus
2492 2924 2591 2974 aut
2613 2919 2876 2984 dicimus,
2898 2922 3175 2988 quantum
3197 2915 3305 2969 loci
3326 2920 3582 2986 occupet,
3604 2915 3686 2967 sed
3706 2926 3837 2982 quan-

2211 3011 2333 3062 tum
2365 3007 2562 3078 possit,
2592 3006 2958 3076 cogitandum
2987 3009 3092 3059 est.
3125 3005 3515 3069 Quamobrem
3553 3003 3594 3056 si
3623 3003 3723 3071 jam
3756 2998 3837 3069 pri-

2211 3111 2372 3150 mum
2419 3099 2823 3166 argumentum
2866 3098 3050 3162 tuum,
3091 3109 3206 3164 quo
3242 3093 3348 3146 tibi
3381 3109 3482 3164 per
3520 3096 3718 3145 aetatem
3742 3101 3830 3140 cum

2210 3199 2446 3254 corpore
2477 3184 2698 3238 animus
2745 3198 2993 3236 crescere
3038 3181 3366 3251 videbatur,
3415 3180 3549 3235 satis
3589 3180 3832 3234 discussum

2211 3277 2331 3338 est;
2363 3276 2720 3326 transeamus
2747 3271 2816 3325 ad
2841 3271 3021 3324 aliud.

2211 3393 2436 3447 CAPUT
2469 3393 2655 3447 XVIII.
2699 3421 2768 3431 —
2810 3389 3089 3459 Loquendi
3113 3391 3378 3456 facultas,
3415 3405 3574 3458 quam
3599 3402 3713 3458 puer
3730 3399 3834 3455 pau-

2281 3482 2434 3534 latim
2455 3481 2781 3548 assequitur,
2807 3495 2913 3533 non
2945 3479 3232 3532 tribuenda
3252 3480 3590 3532 incrementis
3612 3477 3783 3529 enim.

2282 3599 2367 3650 3t.
2396 3598 2460 3650 E.
2496 3594 2693 3649 Nescio
2734 3598 2929 3648 utrum
2980 3593 3174 3647 omnia
3220 3609 3352 3663 quae
3401 3609 3493 3647 me
3542 3607 3648 3645 non
3675 3589 3829 3642 frustra

2209 3699 2440 3738 movere
2470 3685 2731 3748 assolent,
2778 3682 3060 3754 persecuti
3096 3681 3419 3748 fuerimus;
3472 3685 3526 3735 et
3560 3678 3673 3734 ﬁeri
3701 3677 3832 3746 potest

2209 3776 2275 3826 ut
2294 3771 2745 3826 recordationem
2777 3787 2964 3825 meam
2991 3770 3181 3841 aliqua
3211 3770 3476 3840 fugiant:
3513 3771 3832 3822 verumtaman

2210 3861 2366 3930 quod
2395 3876 2545 3914 nunc
2568 3860 2629 3913 in
2654 3863 2905 3912 mentem
2926 3859 3081 3913 venit
3100 3859 3398 3912 videamus
3429 3859 3592 3929 quale
3621 3855 3696 3919 sit,
3723 3850 3827 3922 quod

2207 3963 2355 4017 puer
2386 3945 2571 4000 infans
2620 3963 2733 4000 non
2782 3945 3036 4015 loquitur
3087 3949 3258 4015 atque
3310 3945 3376 3998 in
3415 3942 3696 3998 crescendo
3733 3952 3831 3992 asa.L

2209 4034 2424 4105 quitur.
2456 4035 2527 4088 A.
2575 4034 2754 4087 Facile
2798 4037 2881 4086 est
2921 4033 3070 4086 istud
3097 4049 3109 4086 :
3144 4049 3275 4086 nam
3307 4032 3477 4086 credo
3500 4029 3664 4085 videri
3689 4026 3766 4080 tibi
3789 4039 3831 4076 ea

2208 4123 2408 4193 lingua
2444 4139 2732 4194 quemque
2762 4122 2934 4192 loqui,
2972 4137 3085 4191 qua
3113 4121 3436 4191 loquuntur
3465 4118 3701 4174 homines
3731 4116 3831 4166 inter

2210 4228 2352 4281 quos
2388 4215 2554 4264 natus
2603 4210 2987 4279 educatusque
3018 4209 3090 4263 sit
3138 4212 3197 4263 E.
3237 4209 3417 4262 Nemo
3458 4209 3511 4262 id
3543 4207 3755 4277 ignorat.
3783 4201 3827 4253 Α.

2209 4298 2503 4354 Constitue
2531 4315 2667 4368 ergo
2697 4297 3027 4368 quempiam
3059 4297 3139 4351 ibi
3172 4301 3370 4350 natum
3401 4302 3567 4368 atque
3596 4295 3745 4347 altum
3768 4285 3832 4338 ubi

2208 4386 2472 4442 homines
2505 4403 2620 4440 non
2661 4387 3046 4456 loquerentur,
3081 4386 3177 4439 sed
3219 4384 3454 4439 nutibus
3486 4382 3831 4437 membrorum-

2208 4493 2316 4547 que
2346 4479 2509 4529 motu
2539 4473 2907 4544 cogitationes
2950 4489 3080 4526 suas
3110 4472 3339 4526 sibimet
3371 4468 3748 4542 expromendas
3779 4461 3828 4514 5i-

2209 4567 2487 4635 gnarent;
2519 4578 2710 4616 nonne
2739 4577 2933 4615 censes
2965 4577 3097 4614 eum
3125 4561 3262 4614 talia
3306 4576 3428 4614 esse
3459 4560 3731 4618 facturum,
3765 4563 3830 4635 nc;

2210 4633 2320 4722 quo
2371 4652 2713 4717 locuturum,
2761 4649 2859 4719 qui
2905 4649 3238 4720 loquentem
3287 4648 3579 4701 neminem
3607 4633 3828 4730 audierit?

2209 4743 2273 4794 E.
2307 4741 2445 4793 Nolo
2475 4756 2566 4793 me
2590 4739 2695 4792 hoc
2720 4737 3071 4808 interroges,
3096 4737 3248 4807 quod
3271 4735 3398 4790 ﬁeri
3421 4751 3534 4790 non
3557 4733 3732 4804 potest.
3757 4725 3830 4787 Qui

2211 4827 2363 4882 enim
2394 4828 2534 4881 tales
2563 4825 2844 4894 homines,
2867 4825 3018 4879 inter
3040 4841 3184 4896 quos
3205 4839 3552 4896 quemquam
3580 4824 3743 4874 natum
3767 4827 3829 4864 σο-

2211 4915 2389 4984 gitare
2420 4914 2633 4985 possim
2651 4916 2680 4967 ?
2699 4915 2771 4968 A.
2804 4915 2959 4967 Itane
2988 4918 3053 4966 tu
3075 4929 3192 4967 non
3218 4912 3407 4966 vidisti
3437 4905 3713 4966 Mediolani
3737 4899 3828 4954 ado-

2211 5005 2520 5059 lescentem
2556 5002 2945 5057 honestissimi
2976 5001 3233 5071 corporis
3257 5007 3314 5054 et
3341 4995 3738 5070 elegantissima:
3761 5002 3828 5040 ω’·

2212 5091 2497 5157 banitatis,
2531 5095 2754 5145 mutum
2786 5095 2976 5144 tamen
3021 5094 3190 5160 atque
3222 5089 3302 5144 ita
3335 5088 3583 5150 surdum,
3613 5087 3668 5135 ut
3692 5087 3827 5144 neque

2213 5180 2350 5233 alios
2380 5179 2489 5232 nisi
2519 5183 2678 5234 motu
2702 5177 2954 5248 corporis
2985 5177 3353 5247 intelligeret,
3379 5190 3558 5245 neque
3581 5173 3686 5241 ipse
3710 5163 3829 5219 aliter

2211 5284 2339 5339 quae
2386 5269 2553 5322 vellet
2587 5267 2950 5338 ‘significaret
2979 5267 3009 5319 ?
3057 5265 3148 5319 hic
3180 5267 3196 5300 ¹
3229 5265 3382 5318 enim
3432 5270 3511 5318 est
3546 5255 3823 5314 notissimns.

2211 5471 2245 5520 ἀ
2275 5412 2290 5444 ¹
2324 5423 2375 5458 m
2514 5409 2677 5469 hinc;
2719 5410 2831 5457 Par.
2875 5409 2965 5457 Er.
3008 5409 3141 5458 Ven.
3176 5409 3317 5456 Lov..
3348 5405 3431 5456 hic
3475 5408 3525 5453 et
3557 5398 3715 5448 melius
3744 5389 3821 5452 qni-

2249 5485 2346 5520 em.
2469 5507 2482 5520 .

2249 5485 2346 5521 em.
2415 5485 2482 5520 M.
