4098 6182
212 212 343 263 1053

204 332 345 385 Nam
384 344 490 399 ego
522 328 651 383 novi
673 328 951 383 rusticum
989 328 1296 399 quemdam
1324 330 1678 402 loquentem,
1714 332 1782 387 de
1811 332 1897 385 lo-

203 424 414 489 quente
445 434 643 484 uxore,
670 417 815 471 ﬁlios
845 432 1042 470 omnes
1074 433 1258 471 mares
1286 423 1456 489 atque
1490 419 1729 473 feminas
1761 435 1899 490 qua-

201 512 333 561 tuor
361 507 495 571 fere,
526 511 625 559 aut
656 524 722 559 eo
755 506 1000 575 amplius
1038 506 1175 574 (non
1205 507 1359 560 enim
1390 508 1525 560 satis
1559 525 1710 561 nunc
1744 524 1900 561 com-

200 594 458 664 memini)
484 598 669 647 mutos
701 594 1013 664 surdosque
1045 594 1327 663 genuisse.
1360 597 1500 649 Nam
1540 613 1605 649 ex
1634 613 1699 650 eo
1732 598 1887 667 quod

199 683 362 754 loqui
394 699 509 736 non
543 686 823 753 poterant,
853 682 998 735 muti
1026 701 1039 748 ;
1066 698 1134 735 ex
1165 699 1229 735 eo
1254 687 1448 737 autem
1477 685 1630 754 quod
1652 686 1811 738 nulla
1834 686 1902 739 si-

200 788 314 841 gna
338 771 448 824 nisi
482 770 656 824 oculis
700 770 1065 840 colligebant,
1110 770 1282 824 etiam
1313 772 1469 825 surdi
1500 772 1899 843 intelligeban-

198 864 310 913 tur.
354 864 409 914 Ε.
443 860 611 912 Illum
646 875 777 911 vero
834 875 939 929 ego
970 859 1115 913 bene
1172 858 1327 928 novi,
1360 866 1415 913 et
1442 861 1511 914 de
1542 862 1664 914 istis
1710 863 1899 916 nescio

199 949 407 1020 quibus
436 948 601 1001 credo
634 947 769 1000 tibi:
805 948 902 1000 sed
935 964 1212 1017 quorsum
1243 947 1397 1002 ista?
1423 952 1501 1003 Α.
1537 950 1677 1013 Quia
1708 951 1900 1005 dixisti

196 1053 311 1090 non
342 1042 396 1089 te
426 1052 589 1106 posse
621 1035 869 1105 cogitare
897 1035 1045 1088 inter
1067 1036 1204 1089 tales
1230 1036 1493 1090 homines
1527 1038 1679 1091 nasci
1702 1056 1901 1110 quem-

194 1125 372 1195 piam.
404 1127 471 1178 E.
505 1125 615 1177 Nec
646 1139 798 1176 nunc
828 1124 977 1177 aliud
1003 1124 1168 1177 dico:
1202 1140 1335 1177 nam
1366 1124 1524 1191 istos,
1556 1126 1663 1179 nisi
1708 1128 1895 1193 fallor,

196 1214 348 1266 inter
367 1229 463 1265 eos
485 1211 995 1282 quiloquereutur,
1028 1216 1188 1265 natos
1216 1228 1335 1265 esse
1358 1214 1638 1267 concedis.
1666 1217 1742 1269 Α.
1775 1217 1899 1269 Non

195 1299 464 1369 equidem
495 1298 825 1367 negaverim
852 1314 864 1352 :
902 1298 998 1352 sed
1029 1314 1160 1351 cum
1185 1299 1307 1368 jam
1354 1300 1501 1353 inter
1546 1317 1650 1354 nos
1680 1306 1900 1355 constet

194 1387 508 1441 nonnullos
537 1387 680 1440 tales
704 1386 970 1439 homines
1021 1402 1140 1440 esse
1187 1402 1391 1456 posse;
1436 1404 1629 1458 qumso
1663 1390 1896 1459 cogites,

196 1476 245 1529 si
266 1491 332 1529 ex
354 1475 463 1528 hoc
483 1490 691 1545 genere
730 1490 853 1528 mas
889 1478 946 1528 et
983 1473 1197 1527 femina
1218 1474 1618 1545 jungerentur,
1651 1477 1900 1549 atquein

196 1563 453 1634 aliquam
493 1578 857 1634 quocumque
890 1578 1023 1617 casu
1053 1564 1225 1617 delati
1256 1564 1647 1633 solitudinem,
1684 1567 1784 1621 ubi
1814 1572 1897 1621 ta-

195 1667 334 1706 men
362 1652 549 1705 vivere
597 1652 871 1719 valerent,
916 1651 1218 1722 gignerent
1262 1652 1447 1707 ﬁlium
1490 1670 1607 1707 non
1636 1656 1895 1723 surdum,

194 1739 685 1811 quemadmodum
715 1744 861 1793 esset
902 1756 1031 1793 cum
1060 1739 1394 1809 parentibus
1419 1740 1522 1794 iste
1554 1743 1848 1797 locuturus
1870 1747 1899 1798 ‘?

193 1830 261 1881 E.
293 1827 790 1891 Quemadmodum
812 1844 1026 1894 censes,
1056 1828 1166 1881 nisi
1203 1833 1265 1882 ut
1290 1835 1555 1899 parentes
1583 1830 1634 1884 ei
1664 1832 1893 1899 dabant,

186 1916 274 1969 ita
304 1922 467 1987 gestu
496 1916 660 1987 signa
688 1916 1086 1971 redditurum?
1130 1917 1237 1971 Sed
1296 1921 1487 1971 tamen
1518 1934 1665 1988 puer
1692 1935 1898 1990 parvus

191 2020 267 2058 ne
296 2006 405 2059 hoc
422 2005 655 2076 quidem
686 2010 913 2075 posset:
948 2021 1123 2075 quare
1155 2004 1253 2057 illa
1274 2006 1418 2059 ratio
1452 2022 1579 2059 mea
1600 2012 1793 2061 manet
1814 2007 1898 2061 in-

195 2097 382 2164 tegra.
422 2093 570 2157 Quid
596 2094 752 2146 enim
786 2093 959 2147 refert
1002 2097 1193 2146 utrum
1238 2094 1419 2164 loqui,
1452 2111 1525 2148 an
1556 2100 1781 2165 gestum
1812 2096 1895 2149 fa-

192 2198 323 2235 cere
348 2182 650 2235 crescendo
679 2187 1036 2252 assequatur,
1055 2198 1185 2235 cum
1214 2182 1285 2235 ad
1314 2182 1563 2236 animam
1587 2188 1897 2256 utrumque

192 2270 500 2340 pertineat,
534 2285 707 2340 quam
732 2270 899 2324 fateri
940 2271 1207 2323 nolumus
1232 2287 1481 2325 crescere
1500 2272 1528 2326 ?

270 2362 359 2413 3'2.
384 2361 465 2413 Α.
496 2359 619 2412 Jam
642 2358 786 2411 mihi
816 2358 1023 2412 videris
1043 2359 1217 2413 etiam
1245 2376 1375 2413 cum
1404 2360 1462 2413 in
1488 2361 1622 2415 fune
1655 2361 1897 2432 quisque

191 2447 476 2508 ambulat,
511 2446 851 2517 ampliorem
903 2446 1128 2499 credere
1168 2447 1318 2500 hunc
1364 2447 1573 2501 habere
1620 2448 1895 2515 animam,

191 2550 373 2605 quam
406 2550 500 2587 eos
530 2534 666 2604 quid
696 2533 755 2587 id
783 2534 965 2587 iacere
991 2538 1302 2605 nequeunt.
1331 2538 1395 2589 E.
1430 2537 1541 2589 Hoc
1570 2536 1727 2590 aliud
1770 2542 1855 2590 est
1880 2553 1892 2590 :

191 2622 326 2694 quis
359 2622 513 2676 enim
544 2624 649 2677 hoc
680 2638 796 2676 non
828 2622 1018 2677 videat
1046 2639 1165 2677 esse
1184 2623 1447 2678 artis?A.
1480 2626 1608 2687 Cur,
1641 2625 1893 2692 obsecro,

189 2711 377 2765 artis?
407 2727 480 2764 an
510 2711 645 2782 quia
676 2711 915 2765 didicit?
944 2715 1009 2766 E.
1038 2714 1117 2765 Ita
1138 2728 1288 2767 vero.
1316 2716 1393 2766 Α.
1429 2714 1612 2777 Quare
1638 2715 1894 2785 tibiergo

188 2800 393 2867 etiam,
442 2800 490 2853 si
546 2800 699 2854 aliud
756 2800 997 2870 quisque
1038 2800 1235 2868 discat,
1290 2818 1402 2854 non
1441 2802 1578 2855 artis
1624 2802 1896 2860 videtur?

188 2892 259 2945 E.
294 2890 466 2943 Plane
498 2888 778 2960 quidquid
800 2889 1055 2955 discitur,
1086 2890 1241 2953 artis,
1276 2890 1411 2943 artis
1432 2906 1552 2944 esse
1573 2907 1691 2945 non
1722 2908 1890 2962 nego.

186 2979 269 3030 Α.
302 2977 425 3029 Non
454 2992 589 3046 ergo
623 2976 715 3029 ille
748 2976 943 3029 didicit
972 2992 1005 3029 a
1037 2976 1369 3046 parentibus
1398 2978 1624 3047 gestum
1664 2979 1845 3033 fecere
1866 2980 1894 3034 ?

188 3068 263 3119 E.
308 3063 512 3117 Didicit
538 3080 692 3118 sane.
731 3067 803 3118 Α.
842 3064 1079 3134 Oportet
1108 3064 1286 3134 igitur
1316 3070 1372 3119 et
1400 3066 1505 3120 hoc
1536 3083 1653 3120 non
1683 3068 1893 3123 animm

187 3152 493 3206 crescendo
525 3151 836 3221 amplioris,
887 3152 985 3205 sed
1033 3152 1363 3207 imitatorite
1410 3154 1707 3223 cujusdam
1757 3156 1892 3211 artis

187 3258 313 3295 esse
344 3242 636 3296 concedas.
664 3245 729 3297 E.
760 3243 884 3295 Non
902 3258 1136 3312 possum
1164 3242 1271 3295 hoc
1300 3244 1626 3298 concedere.
1645 3248 1721 3298 Α.
1746 3246 1892 3317 Ergo

186 3346 307 3383 non
338 3346 508 3383 omne
540 3330 691 3400 quod
723 3330 957 3384 discitur
986 3330 1120 3384 artis
1151 3334 1255 3396 est,
1288 3332 1442 3402 quod
1474 3348 1623 3387 nunc
1659 3349 1892 3388 conces-

184 3435 365 3472 seras.
398 3421 464 3472 E.
498 3420 649 3472 Artis
691 3418 946 3473 omnino.
975 3420 1046 3474 A.
1084 3420 1209 3472 Non
1255 3435 1389 3490 ergo
1436 3420 1529 3473 ille
1571 3422 1769 3476 didicit
1797 3441 1893 3494 ge-

182 3511 363 3571 stum,
396 3507 550 3577 quod
582 3507 718 3561 item
746 3524 862 3561 non
900 3507 1091 3561 minus
1126 3506 1375 3561 dederas.
1411 3510 1477 3561 E.
1528 3508 1756 3576 Didicit,
1794 3512 1891 3565 sed

181 3596 298 3649 hoc
319 3611 435 3648 non
470 3600 555 3649 est
582 3596 736 3649 artis.
762 3598 845 3649 A.
880 3594 1054 3665 Atqui
1075 3599 1137 3649 tu
1171 3595 1343 3665 paulo
1374 3598 1506 3648 ante
1530 3596 1720 3649 dixisti
1752 3598 1890 3652 artis

181 3699 310 3738 esse
342 3684 493 3753 quod
522 3683 776 3737 discitur.
800 3687 866 3738 E.
907 3687 1045 3753 Age,
1074 3684 1198 3754 jam
1228 3684 1497 3749 concedo,
1543 3688 1598 3738 et
1634 3686 1795 3755 loqui
1836 3692 1892 3742 et

180 3776 416 3842 gestum
452 3771 656 3841 facere,
688 3789 754 3825 eo
786 3772 939 3841 quod
970 3787 1037 3825 ea
1067 3771 1391 3839 didicimus,
1428 3772 1564 3826 artis
1609 3789 1747 3827 esse.
1784 3774 1888 3827 Ta-

179 3875 322 3913 men
353 3858 478 3912 alim
506 3863 639 3912 sunt
681 3863 849 3921 artes,
884 3875 1045 3929 quas,
1075 3859 1213 3913 dum
1243 3859 1303 3912 in
1334 3860 1473 3913 alios
1515 3860 1885 3928 intendimus,

180 3947 460 4001 discimus
494 3964 506 4013 ;
540 3948 687 4013 aliae,
741 3964 870 4018 quae
918 3964 951 4002 a
997 3948 1285 4019 magistris
1330 3948 1661 4002 inseruntur
1700 3949 1882 4004 nobis.

178 4039 263 4089 A.
288 4036 439 4099 Quas
467 4036 697 4090 tandem
726 4036 968 4089 istarum
996 4042 1165 4106 putas
1197 4036 1470 4103 animam,
1522 4054 1589 4090 ex
1634 4054 1700 4090 eo
1732 4038 1886 4108 quod

179 4123 435 4194 amplior
459 4124 575 4191 fiat,
617 4124 901 4194 adipisci?
931 4141 1077 4178 anne
1118 4125 1359 4178 omnes?
1400 4128 1464 4179 E.
1515 4127 1639 4179 Non
1688 4142 1884 4180 omnes

174 4218 345 4284 puto,
378 4215 473 4267 sed
499 4214 625 4268 illas
656 4214 998 4284 superiores.
1030 4217 1107 4267 A.
1158 4215 1358 4267 Nonne
1404 4213 1507 4267 tibi
1540 4229 1605 4267 ex
1650 4214 1756 4267 hoc
1785 4231 1883 4284 ge-

175 4318 320 4355 nere
351 4302 575 4355 videtur
594 4301 653 4355 in
684 4302 819 4355 fune
867 4302 1158 4355 ambulare
1181 4302 1207 4355 ‘7
1236 4317 1370 4355 nam
1398 4305 1453 4354 et
1477 4302 1585 4354 hoc
1614 4301 1880 4368 videndo,

175 4396 244 4444 ut
275 4390 541 4456 arbitror,
570 4390 670 4461 qui
700 4391 759 4444 id
788 4390 1001 4443 faciunt
1027 4394 1428 4459 assequuntur.
1464 4391 1529 4442 E.
1564 4390 1647 4442 Ita
1676 4390 1877 4443 credo:

173 4478 277 4530 sed
321 4481 513 4530 tamen
562 4493 678 4530 non
721 4494 919 4530 omnes
966 4476 1066 4547 qui
1112 4478 1233 4530 haec
1273 4478 1528 4547 spectant
1576 4480 1634 4529 et
1667 4492 1879 4548 magno

172 4564 372 4619 studio
402 4565 718 4632 intuentur,
748 4566 973 4635 assequi
1003 4568 1259 4635 possunt,
1311 4565 1407 4618 sed
1448 4564 1545 4635 qui
1585 4564 1755 4635 hujus
1798 4566 1881 4619 rei

171 4652 487 4722 magistros
518 4652 836 4721 patiuntur.
863 4655 940 4705 Α.
976 4653 1124 4705 Bene
1169 4668 1301 4705 sane
1328 4652 1465 4705 dicis
1491 4670 1503 4718 ;
1540 4669 1670 4705 nam
1692 4658 1748 4707 et
1775 4653 1883 4707 hoc

172 4741 288 4795 tibi
334 4741 509 4794 etiam
556 4741 625 4794 de
672 4740 957 4793 locutione
1024 4739 1457 4809 responderim:
1510 4740 1677 4793 multi
1727 4742 1880 4795 enim

169 4828 361 4883 Graeci
416 4833 472 4883 et
499 4828 654 4882 aliud
689 4844 867 4897 genus
897 4827 1107 4897 lingua:
1150 4827 1403 4881 crebrius
1450 4844 1555 4881 nos
1586 4830 1880 4898 loquentes

171 4916 444 4984 audiunt,
476 4933 651 4988 quam
680 4916 1077 4970 funambulum
1106 4917 1509 4986 spectant;qui
1532 4922 1595 4971 ut
1622 4917 1879 4987 linguam

168 5009 435 5059 nostram
478 5006 718 5072 discant,
764 5005 1246 5076 quemadmodum
1294 5022 1396 5058 nos
1443 5022 1572 5059 cum
1622 5006 1878 5076 ipsorum

165 5111 348 5148 nosse
381 5096 664 5158 volumus,
715 5111 864 5165 saepe
903 5094 1190 5163 magistris
1217 5094 1538 5148 traduntur.
1572 5096 1707 5159 Quae
1748 5112 1877 5151 cum

165 5182 256 5236 ita
278 5183 412 5243 sint,
446 5184 624 5237 miror
653 5200 753 5237 cur
780 5182 985 5237 animm
1024 5182 1391 5236 incrementis
1440 5183 1693 5237 tribuere
1741 5186 1878 5238 velis

165 5272 336 5341 quod
368 5272 683 5342 loquuntur
712 5272 1006 5337 homines;
1032 5272 1186 5341 quod
1205 5275 1393 5324 autem
1424 5270 1483 5323 in
1517 5272 1651 5324 fune
1674 5273 1875 5325 ambu-

168 5362 320 5421 lant,
363 5359 530 5412 nolis.
564 5362 628 5414 E.
664 5360 861 5413 Nescio
910 5359 1195 5429 quomodo
1224 5358 1330 5411 ista
1361 5359 1695 5413 confundis:
1742 5378 1874 5415 nam

166 5446 280 5517 qui
302 5452 366 5500 ut
396 5448 649 5517 linguam
682 5453 933 5501 nostram
965 5446 1161 5515 discat,
1186 5446 1457 5517 magistro
1487 5448 1751 5517 traditur,
1777 5466 1877 5503 no-

1715 208 1926 263 LIBER
1990 209 2193 265 UNUS.

3576 224 3712 277 1054

2013 334 2276 390 vitaliam
2294 339 2984 412 quamdamsuam,quam
2998 358 3151 410 eum,
3181 346 3335 415 quod
3368 346 3489 415 ejus
3520 348 3713 403 anima

2011 422 2271 487 creverit,
2302 429 2440 494 puto
2469 424 2767 491 didicisse;
2818 444 2948 483 cum
2993 434 3187 484 autem
3218 432 3385 485 discit
3432 434 3701 501 alienam,

2011 526 2128 564 non
2157 513 2422 582 ampliori
2447 513 2675 580 animae,
2708 516 2804 569 sed
2834 517 2941 569 arti
2980 519 3189 573 tribuo.
3224 522 3293 574 Α.
3326 521 3471 584 Quid
3516 524 3560 575 si
3611 524 3706 577 illo

2014 600 2113 671 qui
2136 600 2283 653 inter
2312 606 2498 655 mutos
2529 608 2695 656 natus
2726 608 2894 674 atque
2926 606 3069 659 altus
3092 610 3195 671 est,
3230 625 3356 661 sero
3389 626 3451 662 ac
3474 611 3596 680 jam
3618 614 3706 682 ju-

2011 688 2169 741 venis
2192 689 2251 742 in
2282 690 2422 743 alios
2453 690 2717 745 homines
2749 692 3005 745 incidens
3036 694 3193 765 loqui
3224 697 3538 765 didicisset,
3574 716 3705 754 cum

2012 776 2179 830 aliam
2210 777 2465 849 linguam
2512 780 2728 833 nullam
2783 783 3017 835 nosset?
3050 799 3115 835 eo
3163 787 3421 853 tempore
3470 792 3707 855 putares

2012 864 2262 919 animam
2288 867 2407 936 ejus
2437 868 2695 935 crevisse,
2730 886 2842 939 quo
2883 869 3039 941 loqui
3070 871 3393 926 didicerat?
3428 877 3489 928 Ε.
3542 877 3705 929 Nun-

2011 970 2185 1024 quam
2214 954 2396 1008 isthuc
2425 956 2608 1010 ausim
2640 956 2863 1023 dicere;
2898 962 2953 1011 et
2993 960 3113 1028 jam
3149 960 3285 1013 cedo
3329 961 3554 1023 rationi,
3600 979 3705 1016 nec

2009 1046 2149 1111 puto
2179 1042 2472 1111 amplioris
2496 1044 2702 1097 animae
2737 1051 3139 1116 argumentum
3172 1064 3290 1100 esse
3331 1049 3481 1117 quod
3515 1050 3702 1119 loqui-

2010 1146 2156 1194 mur,
2190 1148 2262 1184 ne
2295 1136 2351 1185 et
2393 1132 2531 1185 alias
2579 1150 2777 1186 omnes
2820 1139 2968 1187 artes
2998 1152 3170 1205 cogar
3207 1136 3371 1189 fateri
3403 1138 3706 1191 crescendo

2010 1219 2263 1273 animam
2292 1224 2649 1273 consecutam
2676 1238 2687 1274 :
2717 1222 2871 1292 quod
2903 1223 2948 1275 si
2989 1222 3204 1289 dixero,
3256 1224 3396 1277 illud
3436 1230 3709 1296 sequetur

2008 1308 2339 1373 absurdum,
2391 1308 2714 1363 decrescere
2762 1310 3013 1364 animam
3064 1327 3194 1365 cum
3254 1312 3507 1382 quidque
3560 1313 3705 1367 obli-

2007 1395 2259 1449 viscitur.

2010 1500 2233 1555 CAPUT
2262 1502 2392 1556 XIX.
2415 1531 2487 1541 --
2522 1505 2733 1558 Anima
2770 1504 3029 1574 quomodo
3082 1520 3314 1561 crescere
3352 1507 3591 1561 minuive
3620 1507 3706 1561 di-

2772 1596 2935 1647 citur.

2082 1697 2167 1749 32.
2199 1696 2269 1750 A.
2306 1696 2454 1751 Bene
2488 1697 2779 1767 intelligis,
2834 1703 2891 1753 et
2934 1715 3134 1754 verum
3184 1705 3249 1755 ut
3294 1701 3511 1767 audias,
3557 1705 3708 1756 recte

2008 1782 2214 1836 dicitur
2242 1784 2433 1837 anima
2474 1786 2744 1840 discendo
2774 1787 2937 1857 quasi
2964 1804 3243 1855 crescere,
3287 1793 3343 1841 et
3372 1793 3565 1842 contra
3597 1790 3706 1843 mi-

2009 1870 2111 1924 nui
2167 1871 2527 1940 dedisceudo,
2590 1875 2685 1927 sed
2722 1877 3004 1929 translato
3064 1878 3258 1941 verbo,
3326 1882 3389 1931 ut
3443 1878 3708 1948 superius

2009 1960 2378 2014 ostendimus.
2412 1963 2625 2015 Tamen
2668 1962 2810 2017 illud
2839 1965 3152 2018 cavendum
3178 1969 3280 2026 est,
3302 1981 3373 2019 ne
3405 1966 3566 2036 quasi
3584 1984 3709 2035 spa-

2008 2048 2156 2102 tium
2178 2049 2283 2103 loci
2315 2051 2499 2120 majus
2533 2067 2807 2121 occupare
2838 2053 3119 2121 videatur,
3151 2053 3288 2107 dum
3333 2053 3538 2107 dicitur
3586 2069 3707 2108 cre-

2009 2154 2162 2190 scere
2186 2154 2199 2203 ;
2233 2138 2330 2192 sed
2362 2139 2637 2209 majorem
2666 2141 2975 2210 quamdam
3001 2142 3114 2194 vim
3142 2141 3382 2209 peritior
3402 2158 3575 2212 quam
3601 2143 3707 2195 im-

2008 2225 2251 2293 peritior
2302 2226 2512 2280 habere
2573 2228 2645 2281 ad
2697 2229 3006 2298 agendum.
3057 2229 3245 2299 Magni
3291 2234 3483 2283 tamen
3532 2232 3707 2283 refert

2010 2313 2202 2382 qualia
2231 2313 2345 2367 sint
2375 2314 2474 2367 illa
2502 2316 2626 2385 ipsa
2652 2332 2781 2386 qua:
2813 2317 2997 2382 discit,
3031 2317 3237 2388 quibus
3277 2318 3704 2387 quodammodo

2007 2400 2232 2455 videtur
2261 2404 2475 2473 augeri.
2528 2406 2668 2458 Nam
2704 2409 2763 2457 ut
2819 2405 2879 2458 in
2910 2422 3145 2476 corpore
3175 2405 3285 2459 tria
3332 2411 3466 2459 sunt
3494 2422 3707 2474 genera

2008 2489 2494 2545 incrementorum
2546 2509 2727 2546 unum
2781 2494 3186 2562 necessarium,
3247 2510 3362 2563 quo
3429 2495 3705 2548 naturalis

2008 2578 2406 2633 convenientia
2447 2580 2721 2650 impletur
2763 2582 2823 2634 in
2871 2584 3457 2648 membris;alterum
3506 2599 3704 2653 super-

2006 2667 2209 2735 ﬂuum,
2236 2684 2349 2738 quo
2382 2686 2414 2721 a
2438 2669 2656 2722 cmteris
2699 2670 2971 2723 membris
3001 2671 3220 2739 integra
3248 2671 3574 2723 valetudine
3601 2687 3702 2723 au-

2007 2757 2194 2826 gendo
2222 2756 2438 2827 aliquid
2468 2756 2771 2828 discrepat,
2803 2774 2907 2827 per
2931 2759 3084 2829 quod
3110 2759 3396 2812 interdum
3428 2758 3615 2811 evenit
3641 2764 3705 2812 ut

2006 2844 2155 2897 senis
2185 2844 2381 2914 digitis
2408 2850 2714 2898 nascantur
2740 2846 3022 2911 homines,
3047 2850 3102 2900 et
3121 2847 3394 2916 pleraque
3416 2846 3546 2909 alia,
3574 2862 3703 2917 qua:

2004 2948 2133 2985 cum
2172 2936 2384 3002 praeter
2412 2932 2881 2987 consuetudinem
2921 2934 3100 2988 nimia
3139 2938 3291 2999 sunt,
3343 2938 3703 2987 monstruosa

2003 3020 2395 3087 nominantur;
2439 3020 2672 3075 tertium
2721 3022 2975 3087 noxium,
3024 3022 3176 3093 quod
3206 3038 3334 3075 cum
3367 3022 3586 3089 accidit,
3619 3026 3705 3076 tu-

2004 3124 2130 3161 mor
2156 3112 2420 3175 vocatur;
2464 3125 2597 3162 nam
2628 3110 2799 3164 etiam
2828 3111 2905 3165 sic
2935 3113 3196 3166 membra
3225 3127 3476 3166 crescere
3509 3111 3704 3165 dicun-

2003 3200 2114 3263 tur,
2142 3201 2199 3249 et
2227 3212 2423 3250 revera
2454 3198 2645 3251 locum
2683 3204 2963 3270 occupant
2998 3200 3359 3270 ampliorem,
3394 3201 3492 3255 sed
3525 3216 3703 3271 expu-

2003 3289 2176 3356 gnata
2198 3284 2350 3339 bona
2404 3286 2726 3340 valetudine
2752 3304 2763 3341 :
2800 3288 2879 3341 ita
2910 3289 2971 3342 in
3002 3289 3194 3343 animo
3243 3290 3509 3361 quzedam
3540 3288 3704 3360 quasi

2002 3373 2285 3427 naturalia
2320 3373 2673 3428 incrementa
2718 3380 2870 3441 sunt,
2921 3394 3050 3431 cum
3082 3378 3333 3431 honestis
3375 3383 3431 3433 et
3458 3378 3525 3431 ad
3557 3378 3700 3431 bene

2001 3464 2281 3532 beateque
2314 3462 2618 3517 vivendum
2667 3466 3103 3521 accommodatis
3144 3466 3460 3536 disciplinis
3503 3466 3702 3535 augeri

2002 3549 2229 3602 dicitur.
2262 3548 2403 3602 Cum
2424 3565 2558 3602 vero
2582 3566 2646 3603 ea
2674 3551 2957 3612 discimus,
2992 3568 3120 3622 qua:
3151 3551 3503 3605 mirabiliora
3526 3568 3699 3622 quam

2000 3637 2232 3691 utiliora
2258 3640 2431 3703 sunt;
2461 3653 2792 3709 quanquam
2825 3640 3117 3693 nonnullis
3150 3640 3318 3693 rebus
3358 3641 3698 3710 plerumque

2001 3729 2345 3795 opportuna,
2394 3740 2809 3794 supervacanea
2858 3732 3051 3781 tamen
3100 3732 3156 3781 et
3198 3728 3267 3781 de
3307 3728 3406 3780 illo
3450 3728 3697 3781 secundo

1999 3829 2209 3885 genere
2238 3814 2595 3867 numeranda
2625 3821 2775 3869 sunt.
2801 3818 2924 3870 Non
2956 3817 3109 3870 enim
3133 3817 3179 3869 si
3203 3818 3441 3887 quidam
3466 3816 3695 3881 tibicen,

1997 3908 2061 3958 ut
2100 3905 2274 3955 Varro
2318 3905 2515 3955 auctor
2553 3908 2659 3973 est,
2704 3904 2782 3958 ita
2831 3907 3107 3975 populum
3156 3904 3453 3959 delectavit
3501 3909 3563 3958 ut
3600 3921 3699 3958 rex

1997 3994 2182 4064 ﬁeret,
2210 3995 2339 4049 ideo
2377 3992 2631 4046 animum
2666 4000 2932 4048 nostrum
2963 3994 3060 4046 illo
3092 3994 3335 4047 artiﬁcio
3367 3994 3697 4062 augendum

1993 4087 2197 4152 putare
2255 4084 2554 4138 debemus:
2598 4082 2735 4153 quia
2779 4098 2883 4135 nec
2926 4082 3173 4150 majores
3229 4097 3402 4151 quam
3458 4081 3695 4133 humani

1996 4175 2146 4238 sunt,
2184 4172 2381 4225 dentes
2411 4172 2620 4225 habere
2652 4170 2948 4236 vellemus,
2979 4169 3025 4221 si
3079 4168 3454 4232 audisaemus,
3489 4184 3521 4220 a
3552 4184 3693 4236 quo-

1994 4258 2171 4326 piam,
2219 4260 2369 4329 quod
2410 4259 2551 4312 tales
2597 4257 2884 4323 habuerit,
2930 4272 3127 4310 morsu
3165 4256 3384 4309 hostem
3408 4259 3691 4308 necatum.

1994 4346 2237 4399 Noxium
2266 4364 2399 4400 vero
2428 4347 2567 4400 illud
2596 4350 2680 4399 est
2706 4361 2885 4415 genus
2912 4346 3141 4411 artium,
3174 4360 3287 4415 quo
3318 4343 3495 4397 animi
3538 4344 3690 4396 vale-

1992 4436 2131 4489 tudo
2162 4435 2483 4489 sauciatur:
2510 4452 2643 4489 nam
2675 4439 2729 4488 et
2759 4435 2931 4489 odore
2970 4451 3033 4487 ac
3062 4450 3260 4503 sapore
3294 4433 3435 4485 mire
3480 4432 3690 4502 dijudi-

1993 4540 2119 4578 care
2150 4525 2465 4594 pulmenta,
2499 4530 2554 4579 et
2583 4541 2695 4595 quo
2728 4525 2853 4577 lacu
2882 4522 3052 4594 piscis
3081 4526 3276 4591 captus
3310 4522 3398 4585 sit,
3432 4522 3521 4575 vel
3554 4538 3691 4591 quo-

1991 4616 2166 4667 tenne
2193 4613 2391 4666 vinum
2423 4614 2515 4683 sit,
2541 4630 2704 4667 nosse
2722 4613 2906 4667 dicere
2924 4610 3247 4681 ’,qua:dam
3262 4616 3345 4663 est
3368 4610 3691 4664 miseranda

1989 4702 2225 4773 peritia;
2259 4706 2314 4755 et
2339 4702 2427 4754 his
2457 4702 2674 4755 artibus
2704 4717 2832 4754 cum
2861 4699 3021 4769 quasi
3051 4698 3289 4751 crevisse
3311 4699 3503 4752 anima
3528 4699 3687 4753 vide-

1990 4797 2106 4856 tur,
2140 4808 2268 4862 qua:
2299 4792 2556 4862 neglecta
2578 4795 2771 4844 mente
2803 4788 3037 4842 deﬂuxit
3056 4788 3113 4840 in
3128 4804 3347 4855 sensus,
3368 4788 3509 4842 nihil
3534 4788 3689 4841 aliud

1990 4896 2164 4951 quam
2194 4880 2472 4933 tumuisse
2502 4879 2590 4932 vel
2630 4878 2802 4932 etiam
2837 4876 3196 4929 contabuisse
3223 4876 3532 4946 judicauda
3579 4881 3681 4930 est.

2160 4986 2385 5040 CAPUT
2414 4986 2526 5039 XX.
2566 5014 2634 5022 —
2664 4984 2872 5035 Anima
2902 4982 3170 5051 numquid
3192 4998 3258 5035 ea:
3284 4998 3338 5037 se
3361 4984 3517 5036 sciat.

2062 5092 2149 5144 34.
2183 5094 2246 5145 Ε.
2274 5089 2500 5159 Accipio
2530 5089 2638 5142 ista
2696 5092 2752 5141 et
2803 5088 3100 5156 assentior,
3151 5105 3257 5142 nec
3308 5092 3498 5141 tamen
3541 5086 3679 5140 nihil

1989 5195 2170 5249 angor
2201 5196 2267 5231 ex
2298 5196 2364 5232 eo
2396 5178 2548 5247 quod
2581 5176 2848 5247 imperita
2898 5178 3155 5231 omnium
3203 5193 3396 5230 rerum
3435 5180 3489 5229 et
3520 5176 3687 5229 bruta

1988 5272 2071 5320 est
2093 5267 2301 5332 anima,
2336 5282 2508 5337 quam
2540 5266 2598 5319 in
2631 5282 2809 5337 puero
2848 5282 3044 5320 recens
3074 5270 3207 5320 nato
3240 5269 3517 5335 quantum
3553 5264 3685 5317 licet

1987 5354 2341 5424 inspicimus.
2374 5356 2483 5408 Cur
2509 5354 2663 5408 enim
2698 5356 2911 5409 nullam
2947 5360 3127 5410 artem
3156 5370 3347 5409 secum
3379 5352 3591 5420 attulit,
3636 5353 3683 5406 si

2062 5462 2075 5493 ¹
2109 5464 2325 5521 Discere,
2345 5460 2497 5523 juxta
2526 5462 2641 5509 Par.
2670 5461 2736 5509 M.
