4098 6182
441 282 574 334 ίοὸὕ

437 398 655 449 aeterna
687 393 925 446 est?A.
970 389 1232 458 Magnam
1279 383 1534 450 omnino,
1582 398 1873 453 magnam,
1919 385 1977 436 et
2022 395 2136 451 qua

434 482 626 536 nescio
659 485 859 534 utrum
874 476 1189 548 quidquam
1211 475 1398 544 majus
1422 471 1905 543 sit,quaestionem
1918 484 2132 548 moves,

435 571 496 624 in
527 585 640 640 qua
665 547 1124 622 tantuminostrm
1156 562 1386 616 sibimet
1414 561 1711 630 opiniones
1739 547 2132 624 adversantur,

435 663 499 711 ut
529 656 638 710 tibi
668 655 862 709 anima
891 653 1130 716 nullam,
1164 650 1305 704 mihi
1334 654 1529 704 contra
1549 665 1746 702 omnes
1767 652 1913 701 artes
1943 661 2136 700 secum

435 744 693 798 attulisse
723 743 1012 808 videatur;
1043 755 1147 793 nec
1177 739 1331 793 aliud
1372 737 1688 808 quidquam
1737 752 1854 788 esse
1887 735 1942 789 id
1983 733 2138 802 quod

437 833 646 887 dicitur
666 831 901 895 discere,
927 844 1101 900 quam
1122 826 1412 881 reminisci
1434 830 1490 879 et
1509 823 1796 878 recordari
1812 824 1909 892 (α),
1931 822 2039 876 Sed
2060 821 2137 874 vi-

437 921 608 973 desne
651 933 824 990 quam
862 916 1036 986 hujus
1074 913 1350 984 temporis
1379 928 1493 965 non
1526 911 1617 980 sit,
1650 915 1844 963 utrum
1899 909 2006 963 ista
2034 907 2138 960 ha-

434 1009 612 1062 beant
645 1007 726 1060 ita
755 1021 896 1070 sese,
921 1003 1214 1074 requirere
1231 1002 1259 1055 ‘I
1282 1002 1442 1054 Nunc
1455 999 1611 1052 enim
1634 998 1856 1068 agimus
1876 1003 1941 1051 ut
1970 1013 2138 1066 appa-

433 1099 578 1158 reat,
613 1093 660 1146 si
686 1095 1028 1164 potest,non
1061 1107 1185 1144 eam
1211 1088 1521 1143 secundum
1554 1086 1662 1139 loci
1691 1085 1874 1155 spatia
1902 1099 2136 1154 parvam

441 1198 782 1252 magnamve
815 1178 1134 1244 nominari;
1169 1177 1548 1231 aeternitatem
1581 1179 1768 1228 autem
1802 1174 1922 1243 ejus
1954 1173 1999 1226 si
2023 1173 2140 1226 ulla

439 1277 544 1335 est,
581 1275 905 1340 opportune
936 1266 1318 1321 scrutabimur
1347 1281 1474 1319 cum
1508 1262 1648 1318 illud
1681 1262 1835 1333 quod
1869 1266 2138 1332 quartum

434 1357 696 1429 posuisti.
747 1357 860 1411 Cur
909 1354 1137 1424 corpori
1196 1354 1368 1407 fuerit
1420 1353 1568 1418 data,
1620 1356 1900 1421 quantum
1930 1349 2014 1403 fas
2056 1353 2139 1403 est

432 1451 676 1500 tractare
706 1442 1068 1514 cmperimus.
1105 1441 1250 1506 Quid
1283 1441 1439 1494 enim
1471 1440 1542 1494 ad
1569 1441 1744 1493 talem
1795 1439 1918 1509 ejus
1950 1453 2138 1508 quan-

433 1534 658 1588 titatem
690 1532 915 1600 attinet,
949 1545 1248 1600 semperne
1279 1545 1351 1582 an
1381 1544 1497 1582 non
1531 1525 1960 1597 semperfuerit,
1983 1526 2136 1580 futu-

434 1637 566 1675 rave
599 1620 692 1689 sit,
723 1625 824 1674 aut
846 1619 996 1689 quod
1021 1633 1175 1672 nunc
1196 1617 1462 1688 imperita
1482 1632 1634 1669 nunc
1653 1615 1839 1684 perita
1854 1620 1939 1668 est
1969 1631 1982 1680 ;
2008 1629 2138 1668 cum

434 1715 491 1764 et
523 1711 765 1779 longum
796 1712 1042 1778 tempus,
1073 1722 1142 1759 ne
1172 1704 1508 1775 corporibus
1537 1704 1770 1774 quidem
1795 1703 1994 1756 afferre
2018 1719 2136 1756 ma-

433 1796 754 1866 gnitudinis
787 1810 1038 1860 causam,
1072 1792 1332 1864 superius
1371 1791 1840 1862 probaverimus;
1882 1794 1938 1844 et
1977 1789 2138 1860 peri-

433 1884 574 1938 tiam
601 1882 966 1936 notissimum
996 1881 1069 1935 sit
1093 1897 1256 1952 posse
1275 1881 1492 1934 nullam
1513 1879 1709 1933 adesse
1736 1877 2134 1943 crescentibus,

433 1988 498 2025 ac
531 1986 682 2040 saepe
697 1968 1122 2024 senescentibus
1145 1971 1528 2038 opportunam
1544 1983 1663 2020 esse
1683 1984 1696 2034 ;
1713 1967 2006 2037 multaque
2028 1966 2140 2018 alia

433 2059 587 2114 dicta
616 2058 730 2112 sint
759 2057 918 2126 satis,
965 2062 1032 2110 ut
1077 2056 1301 2126 opinor,
1349 2056 1419 2110 ad
1463 2055 1973 2110 demonstrandum
2019 2070 2140 2108 non

432 2163 568 2202 cum
622 2143 1015 2216 magnitudine
1048 2143 1322 2214 corporis,
1361 2159 1535 2214 quam
1565 2148 1702 2196 eetas
1744 2141 1928 2209 affert,
1965 2141 2137 2196 etiam

433 2237 692 2291 animam
719 2235 846 2288 ﬁeri
875 2233 1232 2304 ampliorem.

441 2324 670 2379 CAPUT
717 2323 846 2378 XXI.
891 2350 960 2361 —
1012 2322 1166 2374 Vires
1207 2321 1267 2373 in
1307 2319 1509 2388 majori
1548 2321 1705 2372 aetate
1758 2318 1991 2386 majores
2032 2333 2140 2373 non

742 2412 873 2463 sunt
899 2411 1276 2474 argumentum
1305 2408 1586 2460 crescentis
1611 2406 1824 2458 enim.

509 2501 598 2554 35.
631 2497 816 2562 Quare
845 2495 1164 2562 videamus,
1200 2495 1249 2548 si
1280 2496 1487 2565 placet,
1518 2492 1660 2546 illud
1691 2494 1936 2547 alterum
1966 2509 2137 2562 argu-

439 2590 702 2641 mentum
742 2589 908 2638 tuum
960 2583 1128 2654 quale
1184 2582 1276 2649 sit,
1336 2581 1490 2652 quod
1527 2597 1630 2652 per
1663 2585 1850 2635 totum
1889 2581 2139 2652 spatium

437 2673 692 2744 corporis
725 2675 907 2726 tactus
927 2670 1174 2725 sentitur
1197 2670 1268 2734 ab
1298 2669 1508 2736 anima,
1534 2685 1708 2740 quam
1729 2669 1896 2739 spatii
1923 2669 2138 2724 nullius

438 2777 562 2816 esse
590 2761 878 2814 volumus.
906 2762 973 2814 E.
1006 2758 1264 2813 Sinerem
1296 2759 1414 2828 jam
1446 2758 1518 2812 ad
1564 2757 1706 2812 illud
1740 2757 1992 2826 transiri,
2025 2758 2136 2812 nisi

434 2851 504 2906 de
530 2849 744 2904 viribus
769 2847 1072 2902 dicendum
1097 2846 1315 2917 aliquid
1339 2845 1664 2900 arbitrarer.
1688 2845 1834 2910 Quid
1864 2851 1949 2900 est
1981 2846 2134 2900 enim

432 2939 564 3006 hoc,
600 2937 755 3008 quod
785 2935 1040 2990 auctiora
1067 2951 1172 3005 per
1191 2939 1417 2988 aetatem
1438 2950 1680 3004 corpora
1706 2934 1852 2988 vires
1881 2935 2142 3006 praebent

436 3026 645 3081 animae
674 3024 1004 3094 ampliores,
1033 3021 1079 3076 si
1109 3038 1240 3076 cum
1270 3022 1361 3076 bis
1387 3022 1632 3093 amplior
1670 3038 1786 3076 non
1816 3022 1881 3076 tit
1905 3021 2141 3075 anima?

437 3115 783 3184 Quanquam
813 3111 970 3166 enim
998 3109 1181 3164 virtus
1212 3110 1442 3180 animm,
1471 3110 1620 3164 vires
1661 3115 1855 3164 autem
1883 3109 2142 3179 corporis

437 3202 630 3272 putari
653 3201 872 3254 soleant
895 3219 910 3266 ;
933 3214 1232 3269 nunquam
1261 3201 1456 3252 tamen
1479 3199 1550 3253 ab
1580 3198 1772 3252 anima
1799 3214 1892 3250 eas
1917 3197 2140 3266 abjudi-

438 3288 708 3356 caverim,
742 3303 873 3341 cum
901 3286 1129 3340 videam
1167 3285 1226 3339 in
1255 3285 1528 3340 exanimis
1576 3285 1910 3356 corporibus
1956 3285 2141 3338 nullas

442 3391 580 3429 esse.
618 3376 726 3429 Per
765 3389 974 3444 corpus
1005 3373 1241 3443 quidem
1270 3373 1506 3440 viribus,
1552 3373 1712 3427 sicuti
1745 3373 2023 3438 sensibus,
2056 3371 2142 3426 uti

439 3462 691 3517 animam
726 3478 841 3516 non
872 3461 1197 3532 negandum
1221 3466 1339 3529 est;
1360 3466 1553 3516 tamen
1575 3462 1842 3533 quoniam
1875 3461 1983 3514 ista
2011 3465 2144 3514 sunt

438 3553 676 3607 viventis
703 3551 910 3618 ofﬁcia,
935 3551 1063 3622 quis
1088 3551 1212 3605 haec
1235 3550 1577 3606 dubitaverit
1589 3551 1656 3604 ad
1671 3550 1923 3605 animam
1952 3551 2142 3622 potius

441 3642 728 3713 pertinere
746 3641 774 3696 ?
804 3640 946 3696 Cum
975 3639 1156 3710 igitur
1187 3639 1433 3709 majores
1462 3639 1610 3692 vires
1639 3639 1700 3692 in
1729 3639 1922 3711 pueris
1964 3656 2142 3710 gran—

444 3729 718 3785 diuscnlis
743 3744 914 3800 quam
943 3728 1003 3782 in
1026 3728 1341 3782 infantibus
1367 3743 1487 3782 esse
1509 3727 1824 3796 videamus,
1855 3743 1918 3782 ac
1935 3727 2140 3782 deinde

443 3819 848 3878 adolescentes,
895 3817 1248 3886 juvenesque
1295 3816 1354 3870 in
1407 3817 1526 3870 dies
1573 3817 1789 3871 viribus
1843 3821 2138 3886 praestent,

443 3902 623 3954 donec
652 3917 848 3954 rursus
877 3919 1114 3973 corpore
1127 3909 1451 3958 senescente
1481 3904 2139 3972 minuantur;nonleve,

442 3992 725 4058 quantum
775 3989 918 4043 mihi
960 3989 1200 4056 videtur,
1260 3991 1562 4044 crescentis
1599 4008 1730 4046 cum
1771 4009 2030 4064 corpore,
2078 4009 2142 4048 ac

447 4076 654 4131 deinde
685 4077 1029 4132 senescentis
1056 4078 1264 4132 animus
1303 4079 1580 4134 indicium
1611 4085 1713 4135 est.

521 4167 608 4220 36.
634 4166 705 4220 A.
741 4166 866 4220 Non
893 4183 1305 4238 usquequaque
1331 4167 1643 4223 absurdum
1672 4173 1757 4224 est
1780 4169 1935 4241 quod
1964 4168 2138 4224 dicis:

446 4253 543 4308 sed
575 4269 682 4325 ego
715 4253 861 4308 vires
891 4271 1008 4309 non
1038 4255 1219 4326 magis
1247 4255 1305 4310 in
1335 4257 1712 4328 amplitudine
1737 4257 1988 4329 corporis
2013 4262 2143 4312 aeta-

443 4341 631 4412 tisque
664 4342 1054 4411 incrementis,
1096 4360 1269 4414 quam
1297 4344 1359 4398 in
1390 4346 1795 4401 exercitatione
1824 4347 2071 4418 quadam
2086 4351 2144 4401 et

449 4431 898 4485 conformatione
929 4431 946 4464 ‘
984 4433 1378 4487 membrorum
1433 4450 1552 4489 esse
1599 4436 1752 4490 soleo
1789 4440 2031 4506 putare:
2081 4435 2139 4490 id

448 4517 591 4570 adeo
623 4523 687 4572 ut
712 4519 815 4573 tibi
844 4520 1103 4591 probem,
1140 4537 1336 4591 quaero
1374 4522 1473 4576 abs
1503 4527 1557 4576 te
1592 4528 1784 4578 utrum
1817 4523 1994 4578 alium
2028 4523 2138 4578 alio

440 4605 791 4674 pertinacius
823 4609 1113 4664 ambulare
1160 4626 1223 4663 ac
1264 4609 1454 4664 minus
1484 4611 1807 4682 defetigari,
1856 4613 2141 4682 majorum

445 4691 656 4746 virium
685 4709 804 4748 esse
852 4697 1193 4752 arbitreris?
1245 4701 1311 4754 Ε.
1367 4700 1452 4752 Ita
1492 4699 1697 4754 sentio.
1737 4703 1816 4754 A.
1867 4701 1978 4755 Cur
2006 4716 2142 4770 ergo

444 4795 592 4848 puer
619 4781 800 4835 multo
831 4785 1075 4855 amplius
1105 4787 1326 4841 itineris
1345 4787 1715 4842 conﬁciebam
1746 4788 1867 4842 sine
1896 4789 2138 4856 defectu,

448 4883 580 4921 cum
611 4872 934 4938 aucupandi
956 4874 1144 4928 studio
1175 4875 1235 4929 in
1263 4876 1607 4931 ambulando
1637 4892 1945 4941 exercerer,
1969 4894 2142 4947 quam

443 4954 780 5010 adolescens
810 4973 940 5012 cum
969 4976 1060 5014 me
1081 4964 1152 5016 ad
1184 4963 1291 5017 alia
1319 4964 1529 5032 studia,
1559 4965 1768 5035 quibus
1796 4966 1992 5020 sedere
2023 4982 2142 5020 ma-

450 5044 538 5114 gis
569 5045 834 5114 cogebar,
879 5050 1278 5119 contulissem;
1313 5053 1358 5105 si
1405 5053 1696 5108 accedenti
1735 5055 1910 5124 mtati,
1955 5059 2011 5109 et
2038 5071 2143 5125 per

446 5132 846 5188 hancanimae'
867 5138 1140 5191 crescenti
1151 5140 1298 5194 vires
1310 5141 1616 5212 ampliores
1626 5141 1950 5196 tribuenda:
1972 5145 2142 5197 sunt?

447 5221 661 5276 Deinde
683 5222 742 5276 in
774 5223 914 5294 ipsis
941 5226 1281 5282 luctatorum
1311 5231 1642 5300 corporibus
1669 5231 1996 5302 palaestritae
2024 5248 2140 5286 non

501 5356 515 5417 ἕ
556 5354 640 5404 Sic
667 5355 794 5417 Mss.
832 5359 897 5406 At
925 5357 1077 5417 Edd.,
1101 5358 1529 5417 conﬁrmatione.

497 5416 517 5450 ³
560 5417 707 5476 Lov.,
735 5416 958 5468 homini.
985 5419 1086 5468 Alii
1114 5416 1339 5476 codices.
1371 5423 1580 5473 animae.

503 5494 577 5557 (a)
598 5497 696 5545 Vid
732 5501 752 5546 1
786 5499 1014 5549 Retract.
1041 5514 1154 5563 cap.
1181 5503 1228 5558 8,
1255 5513 1309 5549 n.
1335 5503 1382 5549 2.

1476 267 1569 321 DE
1608 261 2066 331 QUANTITATE
2105 257 2379 324 ANIM/E,
2422 258 2476 312 S.
2517 257 2900 314 AUGUSTINI

3771 263 3872 316 1056

2243 377 2452 431 molem
2483 393 2547 431 ac
2575 377 3054 448 magnitudinem,
3083 377 3178 432 sed
3210 378 3388 433 nodos
3406 381 3669 450 quosdam
3692 382 3874 437 lacerto-

2244 483 2395 532 rum,
2426 470 2481 519 et
2510 466 2807 520 destrictos
2837 472 3010 532 toros,
3043 467 3403 538 ﬁguramque
3433 484 3650 522 omnem
3675 471 3876 540 corporis

2244 554 2353 608 sibi
2391 559 2806 624 congruentem
2836 555 3177 624 peritissime
3209 555 3534 624 inspiciunt,
3578 563 3629 610 et
3654 557 3769 611 hinc
3796 576 3876 629 po-

2243 643 2356 696 tius
2387 647 2730 714 argumenta
2769 643 2976 696 virium
3019 643 3312 714 colligunt.
3361 644 3494 708 Qum
3523 649 3698 698 tamen
3727 646 3877 700 omnia

2241 747 2452 802 parum
2483 732 2692 795 valent,
2727 731 2840 784 nisi
2870 733 2952 784 vis
2979 732 3118 785 artis
3151 738 3206 786 et
3251 732 3654 786 exercitationis
3680 735 3874 788 accedat.

2244 819 2408 890 Saepe
2437 819 2610 874 etiam
2640 819 2824 873 visum
2848 824 2954 888 est,
2987 819 3237 889 ingentis
3272 821 3524 890 corporis
3551 822 3688 874 viros
3712 823 3771 875 ab
3794 823 3877 876 exi-

2247 909 2375 978 guis
2407 908 2792 978 brevibusque
2826 909 3106 978 superari,
3152 910 3240 962 vel
3287 909 3346 962 in
3395 902 3695 977 mo‘vendis,
3730 911 3799 964 vel
3835 911 3876 964 in

2245 997 2496 1051 ferendis
2528 997 2997 1066 ponderibus,vel
3022 997 3080 1049 in
3099 996 3222 1066 ipso
3253 997 3424 1050 etiam
3457 997 3755 1051 luctamine.
3775 999 3876 1051 Nam

2246 1085 2697 1156 olympionicum
2714 1084 3237 1154 quemlibetlassari
3267 1085 3326 1138 in
3356 1085 3554 1138 itinere
3583 1085 3732 1138 citius
3749 1103 3876 1156 quam

2246 1173 2764 1228 circumforaneum
2795 1167 2817 1203 ί
2846 1171 3093 1242 aliquem
3121 1177 3514 1238 mercatorem,
3538 1172 3631 1242 qui
3652 1188 3748 1224 uno
3766 1172 3876 1224 illius

2247 1263 2431 1333 digito
2461 1261 2656 1316 collidi
2681 1261 2880 1331 possit,
2912 1260 3002 1314 cui
3034 1266 3116 1314 est
3145 1260 3499 1331 incognitum
3521 1260 3548 1312 ?
3577 1261 3741 1324 Quare
3768 1259 3803 1312 si
3840 1264 3876 1311 et

2246 1351 2398 1421 ipsas
2435 1350 2582 1404 vires
2632 1366 2749 1404 non
2787 1365 3054 1421 peraeque
3099 1365 3320 1407 omnes,
3377 1349 3473 1402 sed
3517 1349 3646 1402 alias
3673 1349 3731 1401 ad
3764 1348 3876 1400 aliud

2246 1439 2495 1510 aptiores
2524 1455 2762 1509 magnas
2789 1453 3056 1492 vocamus
3079 1454 3092 1504 ;
3145 1443 3203 1492 et
3230 1453 3568 1512 _corporum
3595 1436 3878 1490 lineamenta

2245 1527 2429 1597 magis
2447 1530 2503 1580 et
2522 1527 2722 1597 ﬁgura:
2737 1541 2909 1597 quam
2927 1524 3353 1596 magnitudines
3383 1526 3570 1579 valent
3597 1524 3878 1595 plurimum;

2246 1620 2303 1670 et
2332 1615 2374 1668 si
2419 1601 2849 1668 exercitationes
2891 1618 3118 1667 tantum
3167 1613 3437 1678 afferunt,
3484 1618 3546 1666 ut
3581 1611 3878 1665 celeberrime

2244 1703 2526 1757 creditum
2557 1703 2646 1766 sit,
2670 1702 2964 1756 hominem
2978 1702 3246 1769 tollendo
3277 1701 3532 1772 quotidie
3560 1701 3771 1754 vitulum
3790 1715 3877 1769 par-

2247 1807 2405 1858 vum,
2439 1791 2620 1861 egisse
2647 1796 2712 1844 ut
2737 1807 2869 1844 eum
2901 1790 3075 1844 etiam
3109 1795 3340 1843 taurum
3370 1789 3490 1844 sine
3519 1806 3674 1843 sensu
3701 1787 3876 1858 majoris

2247 1879 2459 1946 oneris,
2497 1879 2650 1949 quod
2679 1878 2952 1949 paulatim
2987 1877 3324 1943 addebatur,
3355 1878 3549 1931 tollere
3577 1893 3637 1930 ac
3661 1875 3874 1929 sustinere

2247 1973 2467 2039 posset:
2499 1982 2869 2038 nequaquam
2901 1965 3198 2036 amplioris
3241 1965 3425 2019 aetatis
3463 1965 3602 2018 vires
3650 1979 3761 2017 cum
3793 1978 3874 2015 cor-

2247 2072 2385 2127 pore
2417 2056 2670 2109 animam
2701 2055 2941 2108 crevisse
2981 2053 3325 2123 signiﬁcant.

2393 2146 2624 2200 CAPUT
2649 2145 2808 2199 XXII.
2833 2174 2902 2184 ——
2937 2144 3082 2198 Unde
3123 2146 3266 2197 vires
3291 2145 3529 2212 corporis
3556 2142 3772 2210 majores.

2323 2235 2410 2287 37.
2444 2233 2605 2298 Quod
2638 2233 2685 2286 si
2715 2232 2965 2302 amplius
2996 2231 3212 2302 aliquid
3247 2231 3579 2285 animalium
3593 2231 3776 2300 majora
3791 2244 3872 2280 coro

2248 2337 2408 2391 pora,
2444 2337 2511 2375 eo
2560 2321 2683 2391 ipso
2723 2337 2836 2391 quo
2868 2321 3086 2391 majora
3116 2325 3268 2382 sunt,
3305 2320 3521 2376 habent
3561 2319 3773 2381 virium;
3807 2315 3873 2369 illa

2248 2425 2421 2462 causa
2450 2413 2554 2475 est,
2590 2409 2744 2479 quod
2785 2409 2908 2478 lege
2948 2412 3166 2461 naturae
3193 2407 3402 2461 cedunt
3430 2407 3668 2477 pondera
3705 2404 3872 2458 minora

2249 2497 2592 2566 majoribus,
2629 2513 2746 2550 non
2777 2496 2948 2550 modo
2970 2513 3100 2550 cum
3129 2495 3198 2549 ad
3227 2496 3523 2566 proprium
3545 2496 3713 2549 locum
3729 2497 3872 2560 suopte

2248 2589 2395 2639 nutu
2426 2586 2714 2652 feruntur,
2753 2590 2814 2638 ut
2846 2585 3082 2638 humida
3104 2590 3161 2638 et
3179 2590 3428 2638 terrema
3457 2582 3732 2653 corporain
3745 2579 3872 2649 ipsius

2251 2673 2453 2728 mundi
2485 2674 2740 2728 medium
2768 2673 2954 2727 locum
2982 2672 3082 2744 qui
3108 2677 3190 2726 est
3217 2673 3474 2741 inﬁmus,
3505 2687 3683 2725 rursus
3697 2669 3814 2723 aeria
3835 2670 3872 2718 et

2245 2761 2412 2832 ignea
2447 2779 2674 2816 sursum
2693 2778 2920 2828 versus;
2952 2761 3048 2815 sed
3080 2761 3254 2814 etiam
3283 2777 3418 2815 cum
3449 2760 3628 2831 aliquo
3653 2760 3869 2812 tormento

2252 2856 2350 2904 aut
2371 2852 2526 2922 jactu
2562 2857 2662 2904 aut
2693 2851 2946 2920 impulsu
2979 2854 3075 2904 aut
3105 2851 3362 2920 repulsu,
3388 2865 3454 2903 eo
3485 2865 3592 2920 quo
3609 2863 3709 2902 non
3726 2848 3868 2916 sponte

2249 2939 2554 3004 ferrentur,
2589 2937 2644 2991 vi
2679 2937 2866 2992 aliena
2896 2937 2979 2991 ire
3009 2942 3309 3008 coguntur.
3345 2938 3487 2992 Nam
3515 2937 3560 2990 si
3601 2952 3656 2989 ex
3691 2935 3780 2986 alto
3809 2931 3865 2984 di-

2248 3025 2489 3088 miseris,
2524 3042 2856 3096 quanquam
2889 3025 3080 3092 simu],
3116 3025 3258 3080 duos
3288 3026 3504 3096 lapides
3523 3023 3866 3094 disparisquan-

2248 3114 2448 3180 titatis,
2483 3113 2649 3168 citius
2685 3113 2920 3184 quidem
2946 3100 3137 3184 major
3166 3115 3237 3168 ad
3266 3119 3479 3168 terram
3515 3113 3775 3184 pervenit:
3799 3106 3862 3159 sed

2249 3201 2359 3255 siei
2380 3201 2938 3272 minorsubjiciatur,
2971 3217 3153 3272 eoque
3181 3201 3582 3256 inevitabiliter
3608 3200 3860 3266 occupetur.

2248 3288 2395 3342 cedit
2425 3287 2700 3358 profecto,
2746 3287 3034 3358 simulque
3065 3288 3126 3342 in
3156 3289 3346 3342 solum
3379 3288 3673 3344 deducitur.
3705 3286 3810 3337 Item
3831 3277 3862 3329 si

2249 3376 2516 3446 dejicitur
2547 3381 2791 3446 desuper
2823 3377 3023 3445 major,
3056 3376 3246 3430 minor
3273 3383 3467 3432 autem
3499 3380 3675 3430 contra
3697 3381 3858 3424 sursum

2247 3480 2443 3518 versus
2468 3463 2680 3534 jacitur
2706 3480 2719 3531 ;
2763 3464 2860 3518 ubi
2892 3465 3115 3519 obviam
3145 3466 3431 3533 venerint,
3460 3459 3767 3534 repercussio
3788 3454 3858 3509 mi-

2247 3553 2405 3607 noris
2465 3557 2522 3607 et
2577 3553 2915 3606 retrocessio
2968 3553 3067 3607 ﬁat
3111 3570 3342 3608 necesse
3397 3558 3496 3608 est.
3529 3549 3669 3616 Quod
3696 3563 3752 3601 ne
3774 3544 3858 3597 ideo

2248 3641 2506 3695 accidere
2534 3646 2718 3712 putes,
2753 3642 2908 3712 quod
2934 3643 3123 3696 minor
3157 3647 3359 3696 contra
3389 3647 3637 3696 naturam
3664 3637 3712 3690 in
3733 3630 3858 3687 subli-

2248 3729 2366 3783 mia
2393 3729 2477 3782 ire
2531 3730 2862 3798 cogebatur,
2895 3730 3040 3784 alter
3073 3747 3206 3784 vero
3242 3731 3463 3801 majore
3494 3730 3691 3798 impetu
3728 3723 3855 3775 locum

2249 3833 2419 3871 suum
2449 3817 2718 3887 petebat;
2752 3817 2922 3872 facito
2955 3822 3017 3871 ut
3047 3819 3232 3888 major
3268 3818 3334 3872 in
3373 3832 3608 3890 superna
3627 3809 3854 3884 jaculetur.

2250 3909 2307 3960 et
2334 3905 2547 3959 minori
2585 3910 2844 3960 occurrat
2874 3906 2933 3959 in
2964 3912 3145 3961 terras
3187 3907 3408 3977 dejecto
3433 3924 3445 3961 :
3495 3903 3686 3959 videbis
3709 3894 3854 3952 nihilo-

2248 3995 2440 4049 minus
2478 3997 2773 4066 repulsum
2803 3996 3088 4050 minorem
3118 3996 3178 4050 in
3207 3997 3416 4051 coelum
3445 3995 3586 4066 cogi,
3625 3990 3708 4045 sed
3728 3996 3854 4052 τερετ·

2247 4099 2415 4137 cussu
2445 4083 2568 4154 ipso
2599 4083 2800 4137 cadere
2827 4083 2888 4136 in
2916 4083 3086 4138 aliam
3115 4071 3360 4154 partem,
3394 4087 3457 4138 ut
3484 4098 3589 4153 qua
3608 4073 3852 4146 expeditum

2251 4177 2358 4238 est,
2378 4172 2437 4225 in
2480 4171 2598 4225 ima
2631 4172 2966 4231 deferatur.
2991 4173 3134 4226 Item
3191 4171 3238 4224 si
3259 4172 3432 4225 ambo
3451 4185 3563 4224 non
3587 4169 3718 4221 motu
3739 4161 3851 4212 natu.

2247 4258 2370 4326 rali,
2397 4258 2496 4313 sed
2526 4275 2559 4312 a
2579 4259 2801 4312 duobus
2825 4258 2989 4330 quasi
3021 4259 3081 4312 in
3104 4275 3310 4328 campo
3338 4255 3697 4330 pugnantibus
3722 4247 3852 4302 adver-

2248 4363 2341 4400 sus
2390 4346 2632 4400 invicem
2678 4347 2836 4418 jacti,
2893 4347 3123 4402 sibimet
3165 4347 3224 4400 in
3259 4347 3452 4402 medio
3482 4342 3648 4416 spatio
3671 4331 3849 4403 complo-

2247 4435 2489 4502 dantur;
2528 4435 2656 4505 quis
2690 4435 3036 4490 dubitaverit
3068 4435 3353 4489 minorem
3387 4433 3580 4504 majori
3601 4444 3703 4484 esse
3723 4433 3850 4505 om}:

2248 4539 2397 4589 rum,
2426 4522 2488 4576 in
2519 4539 2644 4578 eam
2672 4529 2899 4594 partem
2930 4523 3108 4578 undei
3117 4539 3215 4593 pse
3245 4529 3426 4594 etquo
3439 4501 3851 4576 illeferebantur’?

2249 4611 2386 4675 Quae
2416 4626 2546 4665 cum
2579 4611 2657 4665 ita
2689 4611 2822 4672 sint,
2854 4611 2912 4665 id
2941 4615 3025 4665 est
3053 4627 3185 4665 cum
3219 4611 3463 4677 minora,
3498 4613 3557 4662 ut
3584 4605 3758 4660 dictum
3783 4595 3849 4650 est,

2247 4699 2506 4769 pondera
2561 4698 2878 4770 majoribus
2932 4700 3172 4765 cedant;
3233 4699 3478 4754 multum
3523 4701 3690 4749 tamen
3735 4681 3850 4737 refert

2249 4791 2466 4857 quanto
2497 4788 2556 4841 in
2584 4804 2706 4842 sese
2721 4791 2968 4858 agantur
2988 4788 3208 4858 impetu
3233 4803 3401 4841 :nam
3427 4787 3471 4840 si
3490 4783 3680 4852 majore
3697 4773 3848 4858 itnP‘_’tu

2248 4874 2459 4944 minor,
2486 4877 2642 4929 velut
2678 4875 3006 4930 vehementi
3040 4875 3234 4946 aliquo
3266 4879 3545 4929 tormento
3581 4856 3848 4923 emissusin-

2249 4964 2484 5034 tligatur
2536 4963 2745 5035 majori
2793 4965 2882 5018 vel
2927 4963 3107 5018 laxius
3141 4963 3411 5033 jaculato,
3446 4961 3528 5015 vel
3553 4960 3659 5030 jam
3684 4953 3848 5014 13118115"

2250 5052 2428 5106 scenti
2447 5069 2459 5118 ;
2475 5053 2737 5123 quamvis
2751 5053 2820 5107 ab
2835 5052 3038 5107 eodem
3057 5051 3292 5116 resiliat,
3316 5049 3552 5104 retardat
3565 5046 3702 5099 illum
3716 5041 3846 5123 tamen

2250 5145 2350 5195 aut
2389 5115 2561 5195 etiam
2602 5146 2756 5196 retro
2787 5141 2906 5212 agit
2936 5157 3042 5212 pro
3073 5139 3246 5194 modo
3278 5115 3486 5193 ictuum
3524 5139 3670 5204 atque
3694 5115 3847 5197 ponde'

2247 5245 2396 5283 rum.

2321 5321 2409 5372 38.
2445 5317 2541 5371 His
2579 5317 2863 5389 prmjactis
2892 5321 3062 5388 atque
3102 5315 3420 5380 intellectis,
3462 5310 3700 5383 quantum
3739 5305 3842 5367 ρτεε·

2313 5445 2326 5478 ι
2364 5442 2448 5490 Er.
2480 5445 2531 5491 et
2560 5443 2681 5490 Mss.
2714 5455 2924 5496 novem.
2949 5441 3432 5504 circumforanum.

2310 5506 2332 5540 θ
2364 5481 2505 5586 Far."
2513 5481 3490 5568 hii‘vea'.'n5€,‘desuetae:aeto
3519 5493 3601 5546 ille
3616 5481 3840 5553 ίρνεῡσιιτ·
