4080 6178
236 287 373 339 1057

229 422 361 459 sens
384 403 682 475 negotium
713 404 979 475 postulat,
1013 404 1141 460 vide
1171 422 1322 461 nunc
1352 423 1445 461 eas
1492 424 1622 479 qua:
1669 408 1939 463 dicuntur

228 493 295 547 in
333 493 681 548 animalibus
712 493 878 556 vires,
908 498 1103 548 utrum
1133 480 1338 549 rationi
1383 496 1517 551 huic
1568 503 1886 568 congruant
1918 516 1935 550 :

227 598 367 635 nam
398 598 640 653 corpora
671 582 931 636 omnium
963 583 1301 637 animalium
1331 585 1459 654 quis
1480 591 1653 656 negat
1683 603 1938 657 suopon-

227 671 368 724 dere
396 670 637 739 praedita
656 670 683 721 ?
713 670 872 733 Quod
902 671 1128 741 pondus
1158 676 1304 725 nutu
1335 673 1541 727 animae
1564 679 1777 740 actum,
1823 690 1937 744 quo

225 757 613 827 inclinaverit,
645 760 894 813 multum
926 761 1071 813 valet
1100 760 1499 830 magnitudine
1529 764 1783 833 propria.
1829 764 1938 818 Sed

225 852 406 901 nutus
436 846 646 900 animae
675 848 747 901 ad
777 847 1127 901 movendum
1157 849 1412 918 corporis
1456 852 1701 921 pondus,
1748 851 1939 905 nervis

226 935 395 1006 quasi
424 935 725 989 tormentis
752 935 970 989 utitur:
1006 952 1205 989 nervos
1236 941 1428 991 autem
1478 942 1703 1009 vegetat
1748 939 1939 993 mobi-

226 1024 519 1093 lioresque
548 1023 734 1077 effecit
760 1024 979 1077 siccitas
1008 1025 1276 1095 calorque
1334 1027 1662 1081 moderatus
1695 1044 1708 1082 :
1738 1032 1939 1082 contra

228 1128 333 1167 eos
357 1113 509 1165 laxat
538 1117 708 1183 atque
738 1112 993 1166 inﬁrmat
1018 1112 1479 1185 humidusrigor.
1498 1116 1696 1186 Itaque
1710 1132 1937 1181 somno,

230 1200 371 1271 quia
400 1217 533 1254 eum
562 1200 837 1271 frigidum
858 1205 913 1254 et
942 1201 1243 1255 humidum
1264 1203 1461 1257 dicunt
1491 1204 1697 1258 medici
1726 1208 1938 1274 etpro-

232 1289 394 1349 bant,
429 1289 685 1341 membra
714 1290 1089 1358 languescunt
1114 1310 1129 1356 ;
1158 1295 1328 1360 atque
1367 1292 1488 1361 ipse
1517 1293 1937 1361 expergefactu-

230 1392 365 1429 rum
378 1380 616 1429 conatus
647 1377 825 1429 multo
856 1382 941 1429 est
961 1377 1225 1446 debilior,
1256 1378 1501 1448 ideoque
1533 1380 1675 1433 nihil
1709 1384 1793 1432 est
1822 1379 1936 1433 fra-

228 1468 379 1519 ctius
409 1472 463 1520 et
485 1467 746 1520 enervius
773 1467 1120 1537 lethargicis.
1150 1470 1221 1521 At
1244 1468 1525 1538 quosdam
1545 1468 1935 1538 phreneticus,

230 1552 444 1621 quibus
473 1552 683 1622 vigiliae
714 1557 771 1606 et
814 1552 969 1605 vini‘
1001 1552 1084 1605 vis
1115 1557 1170 1605 et
1199 1557 1378 1607 acutae
1408 1554 1614 1620 febres,
1661 1554 1719 1607 id
1750 1558 1832 1607 est
1859 1559 1939 1607 tot

230 1640 417 1693 calida
442 1641 571 1711 plus
599 1640 779 1694 nimio
810 1656 1013 1694 nervos
1046 1641 1292 1694 tendunt
1338 1645 1509 1711 atque
1552 1642 1782 1705 durant,
1813 1656 1936 1694 ma-

220 1728 448 1797 joribus
489 1728 703 1782 viribus
748 1728 1163 1798 quamintegra
1184 1728 1509 1783 valetudine
1559 1728 1827 1783 reluctari
1880 1731 1938 1781 et

231 1816 417 1869 multa
448 1816 632 1870 facere
685 1816 1049 1870 manifestum
1082 1823 1186 1883 est,
1220 1832 1350 1870 cum
1380 1833 1581 1871 eorum
1628 1833 1833 1887 corpus
1867 1816 1938 1869 sit

230 1903 579 1973 mgritudine
608 1904 954 1958 attenuatius
994 1910 1050 1957 et
1075 1905 1303 1960 exilius.
1345 1906 1403 1959 Si
1458 1906 1637 1976 igitur
1688 1910 1745 1959 et
1791 1909 1933 1958 nutu

229 1992 461 2057 animae,
491 1997 548 2046 et
575 2008 885 2046 nervorum
917 1994 1165 2063 quodam
1197 1993 1687 2063 machinamento,
1720 1996 1775 2047 et
1797 2009 1937 2063 pon-

230 2081 368 2135 dere
397 2081 651 2151 corporis
690 2081 946 2134 conﬁunt
984 2082 1072 2134 hae
1102 2098 1231 2152 qum
1286 2082 1434 2135 vires
1486 2082 1765 2135 vocantur
1793 2098 1807 2147 ;
1838 2098 1935 2134 vo-

230 2170 425 2223 luntas
454 2174 660 2223 nutum
689 2169 938 2235 exhibet,
968 2170 1067 2240 qui
1084 2170 1324 2240 pronior
1352 2170 1418 2224 ﬁt
1444 2186 1543 2240 spe
1564 2171 1648 2223 vel
1673 2169 1929 2234 audacia,

230 2257 562 2311 retunditur
590 2262 783 2311 autem
811 2258 1035 2326 timore,
1068 2259 1165 2313 sed
1209 2260 1391 2313 multo
1441 2259 1623 2330 magis
1664 2258 1936 2328 despera-

230 2345 389 2399 tione
420 2345 582 2416 (nam
610 2346 672 2399 in
692 2350 849 2400 metu
878 2362 1008 2400 cum
1029 2347 1222 2417 aliqua
1236 2363 1365 2416 spes
1386 2348 1599 2414 subest,
1631 2348 1937 2401 vehemen-

232 2433 411 2487 tiores
428 2434 573 2489 vires
588 2450 862 2504 apparere
875 2436 1140 2503 assolent)
1162 2452 1175 2501 ;
1209 2435 1739 2490 machinamentum
1766 2435 1936 2489 conﬁ-

232 2522 459 2592 guratio
473 2523 739 2593 quaedam
754 2522 1006 2593 corporis
1020 2526 1265 2592 coaptat,
1287 2522 1625 2592 temperatio
1649 2523 1938 2577 modiﬁcat

230 2610 576 2663 valetudinis
605 2613 645 2675 ³,
672 2610 970 2663 conﬁrmat
999 2610 1416 2663 exercitationis
1431 2610 1747 2676 industria;
1782 2627 1934 2681 pon-

233 2695 340 2750 dus
367 2697 465 2751 dat
494 2698 672 2751 moles
698 2698 1108 2760 membrorum,
1143 2714 1318 2767 quam
1339 2703 1475 2752 setas
1497 2702 1554 2752 et
1582 2698 1935 2753 nutrimenta

231 2790 587 2855 comparant,
634 2785 952 2839 instaurant
1002 2790 1193 2839 autem
1241 2786 1363 2839 sola
1404 2786 1779 2840 nutrimenta.
1840 2787 1935 2840 his

232 2874 501 2927 omnibus
530 2874 628 2944 qui
659 2874 954 2944 aequaliter
1008 2873 1299 2944 praevalet,
1334 2873 1627 2928 mirandus
1676 2880 1763 2928 est
1803 2874 1936 2927 viri-

229 2962 358 3028 bus,
391 2967 447 3015 et
476 2966 635 3015 tanto
665 2962 905 3015 estalius
930 2962 1041 3015 alio
1066 2961 1390 3029 invalidior,
1414 2967 1628 3031 quanto
1657 2964 1785 3033 plus
1801 2979 1931 3016 eum

230 3048 339 3101 ista
368 3048 657 3102 deﬁciunt.
692 3050 892 3119 Fitque
918 3065 1070 3119 saepe
1101 3052 1164 3102 ut
1192 3049 1469 3119 pertinaci
1498 3053 1664 3119 nutu,
1696 3049 1932 3104 meliore

233 3136 693 3189 machinamento
724 3137 888 3203 alius,
922 3138 1182 3207 quamvis
1212 3154 1450 3207 parvum
1480 3138 1707 3208 pondus
1734 3155 1933 3209 corpo-

233 3224 311 3277 ris
341 3225 540 3293 egerit,
577 3224 752 3277 alium
785 3226 998 3295 majore
1037 3226 1187 3279 mole
1216 3226 1525 3295 prmditum
1554 3226 1761 3280 vincat.
1785 3229 1932 3281 Rur-

233 3329 443 3382 susque
474 3329 891 3383 nonnunquam
925 3317 1081 3367 tanta
1108 3315 1290 3368 moles
1322 3318 1427 3383 est,
1482 3318 1545 3368 ut
1574 3315 1797 3369 etiamsi
1822 3315 1929 3368 im-

230 3399 521 3453 becilliore
535 3400 663 3454 nisu
677 3405 895 3470 agatur,
922 3400 1211 3471 opprimat
1249 3407 1445 3456 tamen
1465 3417 1706 3472 parvum
1734 3403 1929 3456 adver-

232 3487 452 3541 sarium
480 3489 662 3541 multo
694 3490 1086 3543 vehementius
1098 3490 1467 3544 innitentem.
1500 3493 1641 3545 Cum
1660 3507 1792 3544 vero
1816 3506 1931 3545 non

230 3578 461 3647 pondus
490 3577 762 3647 corporis,
796 3594 900 3631 nec
930 3578 1247 3632 moderatio
1277 3594 1607 3638 nervorum,
1631 3578 1729 3631 sed
1760 3582 1931 3632 nutus

229 3666 377 3735 ipse,
421 3666 479 3719 id
525 3671 610 3719 est
652 3665 879 3719 animus
935 3667 1104 3735 cedit,
1152 3670 1214 3719 ut
1252 3666 1489 3720 omnino
1537 3667 1814 3720 valentior
1860 3667 1931 3720 al)

228 3753 567 3809 omnimodo
595 3754 952 3819 invalidiore,
1009 3756 1107 3809 sed
1145 3759 1338 3809 tamen
1369 3755 1626 3809 timidior
1655 3755 1724 3808 ab
1756 3756 1931 3810 auda-

229 3841 385 3894 ciore
418 3847 756 3911 superetur;
791 3842 979 3896 nescio
1010 3847 1204 3897 utrum
1234 3842 1467 3907 viribus,
1504 3842 1932 3897 attribuendum

228 3929 327 3983 sit.
361 3929 477 3982 Nisi
498 3930 625 4000 quis
649 3930 798 3984 dicat
810 3932 1019 3985 habere
1043 3932 1319 4001 quasdam
1336 3948 1465 3985 suas
1486 3931 1635 3985 vires
1656 3932 1932 3998 animam,

229 4017 442 4086 quibus
472 4018 525 4071 ei
555 4019 742 4087 major
796 4019 1055 4085 audacia,
1085 4021 1174 4073 vel
1228 4019 1435 4074 ﬁducia
1465 4020 1724 4090 pariatur
1750 4036 1761 4073 :
1806 4036 1936 4090 qua:

230 4121 367 4159 cum
404 4105 567 4159 alteri
619 4106 844 4165 absunt,
902 4108 1065 4160 alteri
1122 4108 1349 4174 desunt,
1400 4112 1535 4161 tunc
1592 4108 1937 4178 intelligitur

232 4198 517 4263 quantum
548 4195 774 4248 animus
801 4196 1027 4265 corpori
1062 4212 1185 4263 suo,
1218 4196 1393 4251 etiam
1430 4196 1492 4249 in
1519 4212 1585 4250 eo
1626 4196 1780 4267 quod
1833 4211 1938 4266 per

232 4298 444 4353 corpus
473 4283 683 4353 agitur,
715 4284 1035 4338 antecellat.

310 4374 396 4425 39.
425 4371 807 4434 Quamobrem
832 4388 963 4425 cum
992 4371 1196 4425 infanti
1216 4387 1394 4443 puero
1428 4372 1581 4425 solus
1611 4370 1681 4424 ad
1706 4370 1934 4424 trahen-

241 4461 383 4513 dum
413 4460 625 4529 aliquid
656 4461 745 4513 vel
777 4460 1171 4531 repellendum
1194 4465 1369 4513 nutus
1392 4459 1465 4514 sit
1482 4459 1741 4530 integer;
1774 4459 1935 4512 nervi

236 4550 431 4600 autem
461 4552 516 4600 et
545 4552 780 4618 propter
809 4552 1093 4601 recentem
1123 4548 1429 4618 minusque
1459 4548 1768 4619 perfectam
1798 4563 1933 4600 con-

231 4635 639 4688 formationem
687 4635 989 4702 inhabiles,
1030 4640 1084 4689 et
1122 4641 1356 4707 propter
1388 4637 1691 4690 humorem
1722 4636 1821 4706 qui
1850 4636 1935 4689 illi

233 4724 389 4777 (atati
420 4724 688 4777 exuberat
717 4724 975 4791 marcidi,
1025 4728 1081 4778 et
1130 4729 1365 4795 propter
1413 4725 1631 4778 nullam
1660 4724 1933 4777 exercita-

229 4814 449 4865 tionem
481 4813 773 4883 languidi:
806 4814 1030 4882 pcndus
1080 4829 1212 4867 vero
1244 4813 1384 4867 adeo
1416 4814 1487 4865 sit
1524 4813 1815 4883 exiguum,
1873 4815 1935 4864 ut

230 4917 306 4955 ne
332 4902 399 4955 ab
432 4903 541 4955 alio
572 4901 802 4971 quidem
832 4902 1145 4970 impactum
1186 4901 1434 4970 graviter
1464 4906 1686 4972 urgeat,
1721 4917 1933 4970 oppor-

228 4990 542 5060 tuniusque
573 4990 647 5043 sit
695 4990 765 5043 ad
823 4990 1235 5059 accipiendam,
1270 5006 1443 5059 quam
1476 4990 1547 5043 ad
1576 4989 1934 5042 inferendam

226 5078 554 5131 molestiam
583 5093 597 5129 :
630 5076 758 5148 quis
785 5082 871 5131 est
900 5077 999 5147 qui
1025 5093 1155 5130 cum
1187 5077 1308 5129 haec
1330 5076 1524 5130 omnia
1549 5092 1677 5146 qua:
1707 5076 1930 5143 desunt,

226 5166 539 5220 contulisse
570 5182 752 5220 annos
784 5166 1006 5230 viderit,
1041 5166 1301 5236 viresque
1349 5182 1454 5235 per
1510 5182 1607 5219 eos
1653 5165 1811 5219 datas
1840 5181 1933 5219 co-

227 5256 512 5326 gnoverit,
545 5255 787 5309 crevisse
820 5256 1092 5319 animam,
1138 5270 1266 5324 qua:
1306 5254 1393 5307 his
1424 5254 1485 5306 in
1525 5253 1645 5307 dies
1692 5253 1932 5324 amplio-

226 5343 391 5397 ribus
417 5348 635 5412 utatur,
681 5348 832 5398 recte
898 5359 962 5396 ac
1010 5343 1327 5413 prudenter
1380 5342 1711 5398 existimet?
1745 5344 1935 5397 Potest

294 5469 307 5501 ¹
350 5465 474 5516 Vitii
499 5466 651 5527 juxta
682 5466 800 5513 Par.
838 5466 905 5514 M.

290 5530 313 5563 ²
344 5529 430 5577 Sic
461 5525 583 5576 Mss.
613 5530 679 5576 At
710 5528 864 5587 Edd.,
895 5525 1242 5579 valetudines.

1771 286 1983 343 LIBER
2026 286 2229 344 UNUS.

3618 291 3751 344 1058

2052 411 2208 464 enim
2239 410 2367 475 iste,
2401 408 2449 462 si
2476 408 2545 463 ab
2575 408 2765 479 aliquo
2782 408 3014 478 juvene,
3046 424 3221 479 quem
3250 409 3535 465 velamine
3569 412 3755 466 inter-

2045 499 2232 568 posito
2264 514 2382 551 non
2410 496 2740 566 conspiciat,
2772 512 2974 567 parvos
3023 513 3087 549 ac
3110 497 3264 550 leves
3294 498 3565 565 calamos,
3617 501 3743 553 laxo

2047 603 2179 640 arcu
2219 591 2498 658 quantum
2526 590 2711 654 potest
2744 586 3038 654 jaculatos,
3062 584 3266 639 viderit
3294 602 3413 639 non
3442 586 3609 656 longe
3640 587 3745 653 ire,

2045 691 2291 746 moxque
2339 674 2626 740 recidere;
2684 690 2745 727 ac
2793 678 2927 743 post
2982 675 3281 743 paululum
3334 675 3569 744 sagittas
3624 676 3745 745 jam

2045 764 2194 817 ferro
2229 780 2448 835 graves,
2481 762 2750 833 pennulis
2780 766 3008 830 vegetas
3051 764 3092 826 ¹,
3135 778 3309 815 nervo
3365 763 3747 817 intentissimo

2047 852 2299 916 emissas,
2335 852 2541 905 ccelum
2574 850 3023 904 remotissimum
3055 855 3281 920 petere;
3312 850 3569 921 ﬁdesque
3600 851 3748 905 facta

2046 940 2237 1007 fuerit,
2268 941 2395 1010 pari
2434 944 2637 993 conatu
2671 938 2919 992 hominis
2974 942 3286 1008 utrumque
3341 954 3464 991 esse
3496 940 3740 1005 factum;

2046 1028 2283 1082 crevisse
2310 1028 2473 1081 illum
2504 1026 2728 1081 tantillo
2759 1030 3036 1097 tempore,
3066 1030 3238 1096 atque
3269 1031 3505 1080 auctum
3532 1026 3745 1081 viribus

2045 1116 2332 1170 arbitrari.
2364 1116 2486 1179 Quo
2519 1114 2658 1185 quid
2691 1114 2800 1168 dici
2828 1119 3013 1184 potest
3041 1115 3362 1183 perversius
3383 1114 3410 1167 ?

2114 1203 2201 1261 [ιο.
2238 1203 2455 1256 Deinde
2488 1202 2680 1255 anima
2709 1202 2756 1254 si
2804 1201 3022 1263 crescit,
3060 1202 3185 1255 vide
3234 1218 3410 1272 quam
3459 1202 3533 1256 sit
3580 1202 3751 1257 insci-

2044 1297 2189 1359 tum,
2222 1291 2578 1344 incrementa
2607 1290 2727 1359 ejus
2750 1289 2819 1343 de
2848 1289 3063 1342 viribus
3091 1290 3344 1359 corporis
3371 1291 3599 1345 credere
3626 1308 3637 1357 ;
3673 1292 3742 1345 de

2045 1377 2210 1446 copia
2241 1376 2627 1430 doctrinarum
2668 1392 2785 1429 non
2816 1378 3083 1442 credere;
3115 1393 3245 1430 cum
3293 1378 3406 1431 illis
3437 1380 3623 1432 solum
3656 1397 3747 1433 ac-

2044 1465 2371 1518 commodet
2396 1469 2625 1531 nutum,
2660 1465 2765 1519 hoc
2796 1465 2914 1517 sola
2943 1464 3259 1533 possideat.
3300 1468 3369 1518 At
3418 1466 3464 1519 si
3494 1484 3745 1521 crescere

2043 1551 2297 1606 animam
2348 1556 2639 1623 putamus,
2690 1568 2821 1605 cum
2876 1552 3103 1605 additur
3131 1552 3382 1617 viribus;
3415 1553 3599 1607 minui
3641 1571 3746 1624 pu-

2043 1641 2215 1694 tanda
2244 1644 2347 1706 est,
2380 1656 2510 1694 cum
2563 1639 2831 1693 demitur.
2870 1641 3130 1693 Demitur
3160 1644 3351 1694 autem
3406 1640 3464 1694 in
3496 1646 3743 1705 senecta,

2044 1727 2293 1781 demitur
2316 1728 2377 1781 in
2429 1728 2625 1781 labore
2659 1727 3019 1794 studiorum;
3054 1732 3222 1797 atque
3260 1728 3348 1781 his
3388 1730 3748 1799 temporibus

2042 1816 2313 1871 doctrinae
2340 1816 2601 1887 aggerari
2648 1820 2818 1886 atque
2874 1816 3087 1869 exstrui
3134 1815 3361 1882 solent;
3394 1833 3581 1887 neque
3626 1819 3739 1872 ullo

2042 1906 2216 1959 modo
2247 1905 2450 1959 eodem
2477 1909 2737 1974 tempore
2768 1903 2937 1957 simul
2966 1903 3162 1973 augeri
3193 1904 3509 1974 quidquam
3543 1910 3600 1958 et
3630 1906 3739 1959 mi-

2044 1993 2146 2046 nui
2178 1998 2381 2062 potest.
2414 1993 2645 2047 Nullum
2675 1992 2849 2063 igitur
2871 1992 3174 2045 crescentis
3202 1992 3409 2046 anima:
3435 2008 3746 2061 argumen-

2043 2086 2166 2136 tum
2195 2085 2301 2151 est,
2333 2081 2480 2135 vires
2511 2082 2571 2134 in
2624 2081 2827 2151 majori
2884 2084 3049 2134 aetate
3101 2080 3367 2150 majores.
3411 2080 3584 2133 Multa
3631 2078 3742 2132 alia

2044 2170 2153 2224 dici
2186 2174 2425 2240 possunt
2457 2189 2473 2223 :
2508 2170 2605 2223 sed
2635 2170 2681 2222 si
2706 2171 2828 2239 jam
2858 2169 2961 2223 tibi
2990 2168 3362 2233 satisfactum,
3392 2173 3475 2221 est
3502 2168 3738 2221 modum

2044 2259 2308 2325 adhibeo,
2340 2263 2406 2312 ut
2450 2258 2521 2311 ad
2551 2257 2664 2311 alia
2692 2262 3065 2311 transeamus.
3099 2259 3165 2310 E.
3234 2256 3369 2310 Mihi
3423 2272 3556 2309 vero
3610 2256 3746 2309 satis

2041 2363 2379 2418 persuasum
2411 2351 2509 2408 est,
2544 2346 2787 2416 majores
2834 2345 2982 2399 vires
3025 2360 3141 2399 non
3174 2361 3241 2399 ex
3288 2361 3356 2399 eo
3413 2360 3535 2399 esse
3589 2345 3745 2415 quod

2042 2435 2235 2489 anima
2274 2434 2516 2489 creverit
2550 2450 2562 2488 :
2596 2450 2753 2503 nam,
2786 2437 2850 2488 ut
2902 2433 3012 2487 alia
3068 2433 3328 2487 omittam
3386 2449 3515 2503 quae
3561 2434 3660 2487 abs
3691 2440 3746 2486 te

2041 2524 2326 2578 subtiliter
2355 2524 2501 2578 dicta
2529 2526 2681 2589 sunt,
2714 2521 2938 2576 insania
2990 2526 3045 2575 et
3092 2521 3292 2575 morbo
3341 2522 3593 2592 corporis
3624 2520 3745 2575 ani-

2041 2629 2198 2667 mam
2227 2627 2497 2677 crescere,
2530 2626 2662 2665 cum
2689 2610 2881 2679 ipsum
2917 2625 3123 2679 corpus
3174 2610 3488 2675 minuatur,
3522 2626 3594 2663 ne
3624 2609 3745 2680 ipse

2042 2701 2277 2771 quidem
2305 2698 2675 2770 phreneticus
2689 2698 2914 2767 dixerit,
2936 2697 3028 2751 cui
3042 2697 3187 2751 vires
3215 2698 3398 2751 multo
3410 2698 3741 2767 ampliores.

2043 2805 2217 2859 quam
2276 2804 2415 2841 sano
2466 2802 2587 2841 esse
2637 2787 2842 2852 solent,
2894 2801 3063 2840 nemo
3122 2784 3323 2839 nescit.
3375 2784 3532 2838 Unde
3600 2784 3744 2837 mihi

2042 2876 2289 2930 maxime
2319 2875 2547 2929 videtur
2575 2874 2635 2927 in
2666 2873 2856 2928 nervis
2886 2890 3005 2927 esse
3034 2888 3203 2926 omne
3234 2872 3387 2942 quod
3436 2871 3742 2939 miramur,

2040 2981 2169 3019 cum
2220 2968 2431 3034 praeter
2478 2979 2636 3033 spem
2688 2962 2834 3014 vires
2874 2960 2935 3014 in
2999 2959 3273 3030 quopiam
3321 2958 3735 3029 reperiuntur:

2042 3067 2236 3122 quare,
2271 3066 2389 3116 oro,
2422 3049 2736 3119 aggredere
2760 3048 2879 3118 jam
2932 3046 3078 3102 illud
3132 3045 3221 3099 cui
3266 3049 3421 3099 totus
3450 3044 3688 3099 intendo
3724 3061 3737 3098 :

2039 3156 2142 3194 cur
2170 3139 2380 3204 anima,
2412 3138 2460 3191 si
2496 3152 2611 3191 non
2653 3136 2799 3190 tanti
2842 3135 3011 3206 spatii
3058 3133 3520 3205 magnitudinem
3568 3133 3745 3187 habet

2041 3226 2244 3299 quanti
2274 3243 2479 3296 corpus
2506 3230 2610 3292 est,
2645 3226 2855 3295 ubique
2878 3224 3030 3278 illius
3051 3227 3072 3259 ²
3098 3223 3270 3277 sentit
3289 3238 3419 3276 cum
3442 3221 3745 3291 tangitur?

2040 3317 2264 3372 CAPUT
2318 3316 2503 3369 XXIII.
2541 3344 2606 3353 —-
2650 3316 2862 3367 Anima
2913 3314 3128 3367 tametsi
3180 3327 3283 3381 per
3331 3316 3498 3365 totum
3546 3325 3741 3378 corpus

2110 3408 2292 3469 sentit,
2320 3420 2427 3458 non
2447 3403 2655 3458 idcirco
2684 3407 2762 3457 est
2794 3418 2913 3457 cum
2942 3417 3160 3471 corpore
3188 3405 3428 3455 extensa.
3446 3399 3588 3469 Quid
3611 3414 3730 3453 scn-

2109 3508 2200 3548 sus
2222 3498 2271 3547 et
2303 3492 2566 3561 quomodo
2586 3494 2650 3560 ﬁt
2670 3493 2828 3545 visio.

2109 3583 2199 3635 41.
2226 3582 2298 3636 Α.
2324 3582 2442 3649 Age
2481 3595 2635 3644 vero,
2670 3578 3070 3648 aggrediamur
3100 3576 3255 3647 quod
3285 3576 3387 3641 vis,
3415 3575 3512 3628 sed
3557 3575 3742 3629 multo

2040 3674 2095 3724 te
2125 3669 2270 3723 mihi
2296 3668 2598 3723 attentiore
2626 3684 2769 3737 opus
2819 3670 2923 3731 est,
2984 3681 3158 3735 quam
3190 3670 3243 3718 te
3291 3664 3526 3718 fortasse
3558 3663 3743 3717 existi-

2041 3772 2163 3809 mas
2194 3772 2314 3809 esse
2344 3756 2569 3810 debere.
2598 3756 2781 3818 Quare
2828 3753 2998 3808 facito
3021 3758 3084 3807 ut
3106 3770 3279 3824 quam
3301 3753 3549 3806 maxime
3570 3753 3741 3819 adsis,

2043 3861 2106 3897 ac
2132 3844 2475 3914 respondeas
2503 3842 2647 3897 mihi
2676 3842 2951 3913 quidnam
3008 3841 3110 3895 tibi
3161 3841 3421 3895 videatur
3462 3841 3567 3894 iste
3625 3856 3745 3894 esse

2046 3948 2245 3986 sensus
2284 3949 2399 4003 quo
2430 3933 2625 3986 anima
2648 3947 2752 4003 per
2800 3947 3004 4001 corpus
3046 3930 3266 3985 utitur:
3302 3947 3437 3985 nam
3475 3930 3598 4001 ipse
3625 3931 3747 4001 jam

2040 4021 2275 4075 nomine
2302 4021 2535 4091 proprio
2558 4037 2753 4075 sensus
2784 4019 3009 4074 dicitur.
3040 4022 3105 4074 E.
3140 4018 3347 4073 Sensus
3392 4035 3513 4073 esse
3562 4018 3739 4089 quin-

2043 4126 2155 4179 que
2180 4098 2376 4164 audire
2408 4110 2585 4175 soleo,
2626 4109 2870 4174 videndi,
2927 4108 3219 4173 audiendi,
3256 4106 3585 4172 olfaciendi,
3636 4123 3745 4176 gu-

2042 4199 2228 4251 standi
2256 4203 2427 4268 atque
2456 4198 2731 4267 tangendi
2766 4214 2778 4251 :
2812 4198 2939 4267 plus
2962 4197 3097 4267 quid
3126 4196 3505 4266 respondeam
3530 4194 3743 4247 nescio.

2040 4287 2113 4341 Α.
2147 4286 2381 4339 Partitio
2413 4285 2913 4339 istavetustissima
2926 4290 3027 4353 est,
3054 4290 3111 4339 et
3134 4285 3252 4338 fere
3281 4284 3343 4336 in
3373 4282 3745 4337 concionibus

2042 4373 2345 4427 celebrata.
2378 4374 2593 4426 Vellem
2624 4376 2819 4426 autem
2849 4372 3077 4426 deﬁniri
3100 4371 3244 4425 mihi
3275 4371 3373 4425 abs
3401 4376 3477 4437 te,
3501 4370 3637 4440 quid
3671 4370 3745 4423 sit

2040 4462 2161 4533 ipse
2192 4477 2410 4527 sensus,
2445 4465 2510 4514 ut
2538 4461 2735 4515 eadem
2768 4460 3102 4514 deﬁnitione
3129 4458 3323 4513 omnia
3355 4459 3455 4512 illa
3484 4458 3741 4512 include-

2042 4554 2259 4615 rentur,
2294 4566 2479 4619 neque
2510 4549 2661 4603 aliud
2692 4549 3008 4620 quidquam
3026 4548 3181 4618 quod
3205 4562 3403 4600 sensus
3436 4562 3551 4599 non
3574 4550 3740 4612 esset,

2039 4637 2100 4691 in
2129 4654 2195 4689 ea
2221 4636 2636 4706 intelligeretur
2668 4654 2679 4690 :
2714 4637 2811 4690 sed
2841 4635 2956 4689 siid
2987 4651 3104 4687 non
3134 4633 3509 4704 potest,nihil
3540 4651 3738 4705 urgeo.

2041 4726 2189 4780 Illud
2216 4726 2366 4779 enim
2388 4726 2544 4796 quod
2575 4726 2710 4779 satis
2740 4730 2843 4790 est,
2873 4727 3023 4777 certe
3044 4728 3207 4794 potes
3236 4739 3425 4777 meam
3455 4722 3742 4778 deﬁnitio-

2040 4830 2173 4867 nem
2201 4814 2287 4866 vel
2312 4813 2572 4867 refellere
2604 4812 2691 4865 vel
2730 4812 2998 4882 probarc.
3029 4816 3093 4866 E.
3136 4812 3251 4865 Hoc
3294 4811 3462 4865 modo
3494 4811 3599 4865 tibi
3625 4812 3743 4865 for-

2039 4906 2183 4955 tasse
2214 4918 2331 4955 non
2359 4902 2553 4967 deero,
2587 4905 2867 4971 quantum
2913 4900 3111 4955 valeo:
3158 4916 3277 4954 non
3320 4900 3477 4953 enim
3527 4905 3585 4953 et
3637 4900 3743 4953 hoc

2041 5006 2266 5059 semper
2296 4994 2380 5043 est
2408 4989 2588 5042 facile.
2614 4990 2685 5043 A.
2716 4988 2957 5042 Attende
2981 5005 3116 5059 ergo
3142 5005 3154 5041 :
3179 5004 3314 5042 nam
3342 5004 3573 5042 sensum
3599 4992 3740 5057 puto

2040 5094 2182 5144 esse,
2218 5094 2335 5131 non
2364 5078 2540 5131 latere
2568 5076 2820 5130 animam
2853 5077 3005 5147 quod
3027 5077 3243 5148 patitur
3270 5093 3493 5148 corpus.
3528 5078 3586 5129 F.
3614 5077 3739 5128 Pla-

2040 5170 2128 5220 cet
2152 5165 2294 5219 mihi
2321 5165 2442 5219 haec
2480 5164 2756 5219 deﬁnitio.
2790 5164 2861 5219 Α.
2892 5165 3100 5219 Adesto
3136 5181 3274 5235 ergo
3300 5164 3435 5218 huic
3464 5167 3739 5231 tanquam

2038 5260 2175 5320 tuae,
2205 5270 2267 5307 ac
2305 5258 2465 5307 tuere
2496 5253 2673 5317 illam,
2724 5254 2862 5307 dum
2911 5269 2945 5306 a
2986 5270 3080 5307 me
3100 5253 3393 5324 paulisper
3436 5250 3735 5306 refellitur.

2036 5346 2104 5399 E.
2136 5342 2360 5397 Tuebor
2386 5357 2541 5411 sane,
2590 5340 2637 5394 si
2692 5346 2757 5396 tu
2800 5342 3121 5412 adjuveris;
3174 5341 3263 5395 sin
3313 5338 3571 5406 minime,
3616 5338 3738 5409 jam

2351 5462 2563 5514 annalis
2584 5465 2778 5514 restat.

2339 5541 2380 5574 r.
2412 5526 2542 5576 Ven.
2571 5528 2767 5589 ubique
2790 5524 2911 5578 illa.
2939 5526 3063 5575 Lov.
3085 5523 3275 5586 ubique
3309 5523 3455 5574 ictus.

2102 5466 2117 5498 1
2154 5464 2276 5513 Lov.

2104 5525 2121 5553 ²
2154 5526 2269 5575 Par.
