  <div class='ocr_page' id='page_1' title='image "/cluster/home/n/w/nwhite01/storage/ocr_20150623/32/hvd.32044096580550/549.png"; bbox 0 0 4098 6182; ppageno 0'>
   <div class='ocr_carea' id='block_1_1' title="bbox 428 314 562 365">
    <p class='ocr_par' dir='ltr' id='par_1_1' title="bbox 428 314 562 365">
     <span class='ocr_line' id='line_1_1' title="bbox 428 314 562 365; baseline -0.007 0"><span class='ocrx_word' id='word_1_1' title='bbox 428 314 562 365; x_wconf 78' lang='grc'>1059</span> 
     </span>
    </p>
   </div>
   <div class='ocr_carea' id='block_1_2' title="bbox 424 422 2116 500">
    <p class='ocr_par' dir='ltr' id='par_1_2' title="bbox 424 422 2116 500">
     <span class='ocr_line' id='line_1_2' title="bbox 424 422 2116 500; baseline -0.005 -16"><span class='ocrx_word' id='word_1_2' title='bbox 424 430 567 485; x_wconf 89' lang='lat' dir='ltr'>mihi</span> <span class='ocrx_word' id='word_1_3' title='bbox 597 428 860 500; x_wconf 87' lang='lat' dir='ltr'>displicet</span> <span class='ocrx_word' id='word_1_4' title='bbox 889 443 902 481; x_wconf 91' lang='lat'>:</span> <span class='ocrx_word' id='word_1_5' title='bbox 934 443 1051 481; x_wconf 92' lang='lat' dir='ltr'>non</span> <span class='ocrx_word' id='word_1_6' title='bbox 1080 425 1234 480; x_wconf 90' lang='lat' dir='ltr'>enim</span> <span class='ocrx_word' id='word_1_7' title='bbox 1271 425 1479 479; x_wconf 82' lang='lat' dir='ltr'>frustra</span> <span class='ocrx_word' id='word_1_8' title='bbox 1506 423 1613 477; x_wconf 82' lang='lat' dir='ltr'>tibi</span> <span class='ocrx_word' id='word_1_9' title='bbox 1661 423 1778 476; x_wconf 90' lang='lat' dir='ltr'>visa</span> <span class='ocrx_word' id='word_1_10' title='bbox 1827 427 1909 489; x_wconf 84' lang='lat' dir='ltr'>est</span> <span class='ocrx_word' id='word_1_11' title='bbox 1946 422 2116 476; x_wconf 87' lang='lat' dir='ltr'>refel-</span> 
     </span>
    </p>
   </div>
   <div class='ocr_carea' id='block_1_3' title="bbox 423 511 2120 581">
    <p class='ocr_par' dir='ltr' id='par_1_3' title="bbox 423 511 2120 581">
     <span class='ocr_line' id='line_1_3' title="bbox 423 511 2120 581; baseline -0.006 -8"><span class='ocrx_word' id='word_1_12' title='bbox 423 519 612 573; x_wconf 83' lang='lat' dir='ltr'>lenda.</span> <span class='ocrx_word' id='word_1_13' title='bbox 641 519 714 572; x_wconf 85' lang='grc' dir='ltr'>Λ.</span> <span class='ocrx_word' id='word_1_14' title='bbox 767 517 892 570; x_wconf 86' lang='lat' dir='ltr'>Noli</span> <span class='ocrx_word' id='word_1_15' title='bbox 919 515 1088 568; x_wconf 90' lang='lat' dir='ltr'>nimis</span> <span class='ocrx_word' id='word_1_16' title='bbox 1118 531 1183 567; x_wconf 82' lang='lat' dir='ltr'>ex</span> <span class='ocrx_word' id='word_1_17' title='bbox 1214 512 1543 567; x_wconf 86' lang='lat' dir='ltr'>auctoritate</span> <span class='ocrx_word' id='word_1_18' title='bbox 1571 511 1841 581; x_wconf 90' lang='lat' dir='ltr'>pendere,</span> <span class='ocrx_word' id='word_1_19' title='bbox 1875 527 2120 581; x_wconf 74' lang='lat' dir='ltr'>praeser-</span> 
     </span>
    </p>
   </div>
   <div class='ocr_carea' id='block_1_4' title="bbox 425 599 2120 675">
    <p class='ocr_par' dir='ltr' id='par_1_4' title="bbox 425 599 2120 675">
     <span class='ocr_line' id='line_1_4' title="bbox 425 599 2120 675; baseline -0.005 -15"><span class='ocrx_word' id='word_1_20' title='bbox 425 606 532 660; x_wconf 85' lang='lat' dir='ltr'>tim</span> <span class='ocrx_word' id='word_1_21' title='bbox 563 622 690 660; x_wconf 89' lang='lat' dir='ltr'>mea</span> <span class='ocrx_word' id='word_1_22' title='bbox 721 621 847 675; x_wconf 66' lang='lat' dir='ltr'>quae</span> <span class='ocrx_word' id='word_1_23' title='bbox 874 605 1031 657; x_wconf 88' lang='lat' dir='ltr'>nulla</span> <span class='ocrx_word' id='word_1_24' title='bbox 1056 607 1171 668; x_wconf 90' lang='lat' dir='ltr'>est;</span> <span class='ocrx_word' id='word_1_25' title='bbox 1205 606 1261 655; x_wconf 91' lang='lat' dir='ltr'>et</span> <span class='ocrx_word' id='word_1_26' title='bbox 1290 600 1444 671; x_wconf 91' lang='lat' dir='ltr'>quod</span> <span class='ocrx_word' id='word_1_27' title='bbox 1475 600 1556 653; x_wconf 89' lang='lat' dir='ltr'>ait</span> <span class='ocrx_word' id='word_1_28' title='bbox 1599 599 1883 653; x_wconf 83' lang='lat' dir='ltr'>Horatius.</span> <span class='ocrx_word' id='word_1_29' title='bbox 1919 600 2120 667; x_wconf 79' lang='lat' dir='ltr'>Sapere</span> 
     </span>
    </p>
   </div>
   <div class='ocr_carea' id='block_1_5' title="bbox 425 687 2119 764">
    <p class='ocr_par' dir='ltr' id='par_1_5' title="bbox 425 687 2119 764">
     <span class='ocr_line' id='line_1_5' title="bbox 425 687 2119 764; baseline -0.006 -17"><span class='ocrx_word' id='word_1_30' title='bbox 425 693 566 747; x_wconf 87' lang='lat' dir='ltr'>aude</span> <span class='ocrx_word' id='word_1_31' title='bbox 596 693 799 764; x_wconf 80' lang='lat' dir='ltr'>(Epist.</span> <span class='ocrx_word' id='word_1_32' title='bbox 853 691 948 745; x_wconf 75' lang='lat' dir='ltr'>lib.</span> <span class='ocrx_word' id='word_1_33' title='bbox 987 695 1035 759; x_wconf 82' lang='lat' dir='ltr'>t,</span> <span class='ocrx_word' id='word_1_34' title='bbox 1077 692 1234 757; x_wconf 78' lang='lat' dir='ltr'>epist.</span> <span class='ocrx_word' id='word_1_35' title='bbox 1285 691 1339 755; x_wconf 78' lang='lat'>2,</span> <span class='ocrx_word' id='word_1_36' title='bbox 1366 705 1418 742; x_wconf 89' lang='grc' dir='ltr'>υ.</span> <span class='ocrx_word' id='word_1_37' title='bbox 1449 691 1530 756; x_wconf 84' lang='grc'>39)</span> <span class='ocrx_word' id='word_1_38' title='bbox 1569 704 1581 741; x_wconf 92' lang='lat'><strong>:</strong></span> <span class='ocrx_word' id='word_1_39' title='bbox 1615 704 1687 741; x_wconf 89' lang='lat' dir='ltr'>ne</span> <span class='ocrx_word' id='word_1_40' title='bbox 1745 703 1860 742; x_wconf 90' lang='lat' dir='ltr'>non</span> <span class='ocrx_word' id='word_1_41' title='bbox 1892 692 1947 741; x_wconf 90' lang='lat' dir='ltr'>te</span> <span class='ocrx_word' id='word_1_42' title='bbox 1979 687 2119 740; x_wconf 82' lang='lat' dir='ltr'>ratio</span> 
     </span>
    </p>
   </div>
   <div class='ocr_carea' id='block_1_6' title="bbox 426 776 2121 851">
    <p class='ocr_par' dir='ltr' id='par_1_6' title="bbox 426 776 2121 851">
     <span class='ocr_line' id='line_1_6' title="bbox 426 776 2121 851; baseline -0.003 -17"><span class='ocrx_word' id='word_1_43' title='bbox 426 781 692 851; x_wconf 85' lang='lat' dir='ltr'>subjuget</span> <span class='ocrx_word' id='word_1_44' title='bbox 720 780 1054 849; x_wconf 86' lang='lat' dir='ltr'>priusquam</span> <span class='ocrx_word' id='word_1_45' title='bbox 1085 782 1290 830; x_wconf 90' lang='lat' dir='ltr'>metus.</span> <span class='ocrx_word' id='word_1_46' title='bbox 1323 780 1394 832; x_wconf 88' lang='grc' dir='ltr'>Ε.</span> <span class='ocrx_word' id='word_1_47' title='bbox 1427 777 1541 846; x_wconf 86' lang='lat' dir='ltr'>Ego</span> <span class='ocrx_word' id='word_1_48' title='bbox 1572 793 1806 846; x_wconf 89' lang='lat' dir='ltr'>prorsus</span> <span class='ocrx_word' id='word_1_49' title='bbox 1833 776 1979 830; x_wconf 87' lang='lat' dir='ltr'>nihil</span> <span class='ocrx_word' id='word_1_50' title='bbox 2007 792 2121 829; x_wconf 84' lang='lat' dir='ltr'>me-</span> 
     </span>
    </p>
   </div>
   <div class='ocr_carea' id='block_1_7' title="bbox 425 864 2122 937">
    <p class='ocr_par' dir='ltr' id='par_1_7' title="bbox 425 864 2122 937">
     <span class='ocr_line' id='line_1_7' title="bbox 425 864 2122 937; baseline -0.002 -16"><span class='ocrx_word' id='word_1_51' title='bbox 425 873 544 933; x_wconf 90' lang='lat' dir='ltr'>tuo,</span> <span class='ocrx_word' id='word_1_52' title='bbox 578 883 809 937; x_wconf 87' lang='lat' dir='ltr'>quoquo</span> <span class='ocrx_word' id='word_1_53' title='bbox 841 882 931 918; x_wconf 88' lang='lat' dir='ltr'>res</span> <span class='ocrx_word' id='word_1_54' title='bbox 984 864 1157 918; x_wconf 91' lang='lat' dir='ltr'>modo</span> <span class='ocrx_word' id='word_1_55' title='bbox 1187 865 1526 934; x_wconf 88' lang='lat' dir='ltr'>processerit</span> <span class='ocrx_word' id='word_1_56' title='bbox 1554 880 1567 918; x_wconf 91' lang='lat'><strong>:</strong></span> <span class='ocrx_word' id='word_1_57' title='bbox 1603 881 1718 918; x_wconf 88' lang='lat' dir='ltr'>non</span> <span class='ocrx_word' id='word_1_58' title='bbox 1749 865 1902 918; x_wconf 90' lang='lat' dir='ltr'>enim</span> <span class='ocrx_word' id='word_1_59' title='bbox 1932 880 2122 918; x_wconf 90' lang='lat' dir='ltr'>errare</span> 
     </span>
    </p>
   </div>
   <div class='ocr_carea' id='block_1_8' title="bbox 423 941 2121 1022">
    <p class='ocr_par' dir='ltr' id='par_1_8' title="bbox 423 941 2121 1022">
     <span class='ocr_line' id='line_1_8' title="bbox 423 941 2121 1022; baseline -0.001 -14"><span class='ocrx_word' id='word_1_60' title='bbox 423 972 516 1009; x_wconf 91' lang='lat' dir='ltr'>me</span> <span class='ocrx_word' id='word_1_61' title='bbox 550 954 717 1008; x_wconf 88' lang='lat' dir='ltr'>sines.</span> <span class='ocrx_word' id='word_1_62' title='bbox 748 953 856 1008; x_wconf 90' lang='lat' dir='ltr'>Sed</span> <span class='ocrx_word' id='word_1_63' title='bbox 875 953 996 1022; x_wconf 84' lang='lat' dir='ltr'>jam</span> <span class='ocrx_word' id='word_1_64' title='bbox 1027 941 1216 1022; x_wconf 81' lang='lat' dir='ltr'>incipe</span> <span class='ocrx_word' id='word_1_65' title='bbox 1246 952 1292 1004; x_wconf 91' lang='lat' dir='ltr'>si</span> <span class='ocrx_word' id='word_1_66' title='bbox 1312 951 1448 1022; x_wconf 92' lang='lat' dir='ltr'>quid</span> <span class='ocrx_word' id='word_1_67' title='bbox 1478 952 1674 1020; x_wconf 86' lang='lat' dir='ltr'>habes,</span> <span class='ocrx_word' id='word_1_68' title='bbox 1702 969 1775 1007; x_wconf 92' lang='lat' dir='ltr'>ne</span> <span class='ocrx_word' id='word_1_69' title='bbox 1805 952 2121 1008; x_wconf 79' lang='lat' dir='ltr'>differendo</span> 
     </span>
    </p>
   </div>
   <div class='ocr_carea' id='block_1_9' title="bbox 423 1041 1517 1115">
    <p class='ocr_par' dir='ltr' id='par_1_9' title="bbox 423 1041 1517 1115">
     <span class='ocr_line' id='line_1_9' title="bbox 423 1041 1517 1115; baseline -0.003 -17"><span class='ocrx_word' id='word_1_70' title='bbox 423 1043 612 1115; x_wconf 82' lang='lat' dir='ltr'>potius</span> <span class='ocrx_word' id='word_1_71' title='bbox 642 1058 815 1114; x_wconf 88' lang='lat' dir='ltr'>quam</span> <span class='ocrx_word' id='word_1_72' title='bbox 847 1041 1194 1096; x_wconf 88' lang='lat' dir='ltr'>adversando</span> <span class='ocrx_word' id='word_1_73' title='bbox 1224 1041 1517 1111; x_wconf 84' lang='lat' dir='ltr'>defatiger.</span> 
     </span>
    </p>
   </div>
   <div class='ocr_carea' id='block_1_10' title="bbox 494 1129 2122 1204">
    <p class='ocr_par' dir='ltr' id='par_1_10' title="bbox 494 1129 2122 1204">
     <span class='ocr_line' id='line_1_10' title="bbox 494 1129 2122 1204; baseline -0.001 -20"><span class='ocrx_word' id='word_1_74' title='bbox 494 1135 582 1184; x_wconf 79' lang='lat'>42.</span> <span class='ocrx_word' id='word_1_75' title='bbox 617 1135 694 1186; x_wconf 89' lang='lat'>.4.</span> <span class='ocrx_word' id='word_1_76' title='bbox 726 1131 823 1184; x_wconf 92' lang='lat' dir='ltr'>Dic</span> <span class='ocrx_word' id='word_1_77' title='bbox 850 1131 1027 1200; x_wconf 88' lang='lat' dir='ltr'>igitur</span> <span class='ocrx_word' id='word_1_78' title='bbox 1058 1130 1196 1200; x_wconf 89' lang='lat' dir='ltr'>quid</span> <span class='ocrx_word' id='word_1_79' title='bbox 1228 1129 1480 1204; x_wconf 77' lang='lat' dir='ltr'>patiatur</span> <span class='ocrx_word' id='word_1_80' title='bbox 1529 1145 1732 1200; x_wconf 90' lang='lat' dir='ltr'>corpus</span> <span class='ocrx_word' id='word_1_81' title='bbox 1783 1133 1948 1184; x_wconf 91' lang='lat' dir='ltr'>tuum</span> <span class='ocrx_word' id='word_1_82' title='bbox 1993 1145 2122 1182; x_wconf 90' lang='lat' dir='ltr'>cum</span> 
     </span>
    </p>
   </div>
   <div class='ocr_carea' id='block_1_11' title="bbox 427 1217 2122 1288">
    <p class='ocr_par' dir='ltr' id='par_1_11' title="bbox 427 1217 2122 1288">
     <span class='ocr_line' id='line_1_11' title="bbox 427 1217 2122 1288; baseline -0.002 -14"><span class='ocrx_word' id='word_1_83' title='bbox 427 1237 518 1274; x_wconf 89' lang='lat' dir='ltr'>me</span> <span class='ocrx_word' id='word_1_84' title='bbox 546 1218 735 1272; x_wconf 84' lang='lat' dir='ltr'>vides?</span> <span class='ocrx_word' id='word_1_85' title='bbox 772 1222 836 1273; x_wconf 93' lang='lat' dir='ltr'>E.</span> <span class='ocrx_word' id='word_1_86' title='bbox 871 1217 1343 1285; x_wconf 61' lang='lat' dir='ltr'>Patiturpmnino</span> <span class='ocrx_word' id='word_1_87' title='bbox 1373 1217 1588 1288; x_wconf 87' lang='lat' dir='ltr'>aliquid</span> <span class='ocrx_word' id='word_1_88' title='bbox 1622 1234 1636 1271; x_wconf 89' lang='lat'><strong>:</strong></span> <span class='ocrx_word' id='word_1_89' title='bbox 1668 1234 1803 1270; x_wconf 91' lang='lat' dir='ltr'>nam</span> <span class='ocrx_word' id='word_1_90' title='bbox 1835 1218 1986 1272; x_wconf 91' lang='lat' dir='ltr'>oculi</span> <span class='ocrx_word' id='word_1_91' title='bbox 2007 1217 2122 1270; x_wconf 90' lang='lat' dir='ltr'>mei</span> 
     </span>
    </p>
   </div>
   <div class='ocr_carea' id='block_1_12' title="bbox 426 1304 2122 1378">
    <p class='ocr_par' dir='ltr' id='par_1_12' title="bbox 426 1304 2122 1378">
     <span class='ocr_line' id='line_1_12' title="bbox 426 1304 2122 1378; baseline -0.001 -18"><span class='ocrx_word' id='word_1_92' title='bbox 426 1311 636 1378; x_wconf 87' lang='lat' dir='ltr'>partes,</span> <span class='ocrx_word' id='word_1_93' title='bbox 667 1306 778 1359; x_wconf 89' lang='lat' dir='ltr'>nisi</span> <span class='ocrx_word' id='word_1_94' title='bbox 806 1306 993 1371; x_wconf 88' lang='lat' dir='ltr'>fallor,</span> <span class='ocrx_word' id='word_1_95' title='bbox 1026 1305 1283 1374; x_wconf 89' lang='lat' dir='ltr'>corporis</span> <span class='ocrx_word' id='word_1_96' title='bbox 1315 1305 1428 1358; x_wconf 92' lang='lat' dir='ltr'>mei</span> <span class='ocrx_word' id='word_1_97' title='bbox 1456 1309 1622 1371; x_wconf 86' lang='lat' dir='ltr'>sunt;</span> <span class='ocrx_word' id='word_1_98' title='bbox 1653 1304 1752 1375; x_wconf 90' lang='lat' dir='ltr'>qui</span> <span class='ocrx_word' id='word_1_99' title='bbox 1783 1305 1828 1358; x_wconf 91' lang='lat' dir='ltr'>si</span> <span class='ocrx_word' id='word_1_100' title='bbox 1857 1305 2003 1359; x_wconf 91' lang='lat' dir='ltr'>nihil</span> <span class='ocrx_word' id='word_1_101' title='bbox 2028 1321 2122 1375; x_wconf 90' lang='lat' dir='ltr'>pa-</span> 
     </span>
    </p>
   </div>
   <div class='ocr_carea' id='block_1_13' title="bbox 421 1393 2118 1463">
    <p class='ocr_par' dir='ltr' id='par_1_13' title="bbox 421 1393 2118 1463">
     <span class='ocr_line' id='line_1_13' title="bbox 421 1393 2118 1463; baseline -0.001 -15"><span class='ocrx_word' id='word_1_102' title='bbox 421 1400 700 1454; x_wconf 85' lang='lat' dir='ltr'>terentur,</span> <span class='ocrx_word' id='word_1_103' title='bbox 733 1393 1024 1463; x_wconf 91' lang='lat' dir='ltr'>quomodo</span> <span class='ocrx_word' id='word_1_104' title='bbox 1055 1397 1110 1446; x_wconf 88' lang='lat' dir='ltr'>te</span> <span class='ocrx_word' id='word_1_105' title='bbox 1141 1393 1438 1446; x_wconf 89' lang='lat' dir='ltr'>viderem?</span> <span class='ocrx_word' id='word_1_106' title='bbox 1486 1395 1562 1446; x_wconf 93' lang='lat'>.4.</span> <span class='ocrx_word' id='word_1_107' title='bbox 1597 1395 1667 1446; x_wconf 86' lang='lat' dir='ltr'>At</span> <span class='ocrx_word' id='word_1_108' title='bbox 1696 1409 1811 1446; x_wconf 89' lang='lat' dir='ltr'>non</span> <span class='ocrx_word' id='word_1_109' title='bbox 1852 1393 1982 1446; x_wconf 88' lang='lat' dir='ltr'>satis</span> <span class='ocrx_word' id='word_1_110' title='bbox 2013 1399 2118 1460; x_wconf 89' lang='lat' dir='ltr'>est,</span> 
     </span>
    </p>
   </div>
   <div class='ocr_carea' id='block_1_14' title="bbox 422 1479 2118 1552">
    <p class='ocr_par' dir='ltr' id='par_1_14' title="bbox 422 1479 2118 1552">
     <span class='ocr_line' id='line_1_14' title="bbox 422 1479 2118 1552; baseline -0.001 -17"><span class='ocrx_word' id='word_1_111' title='bbox 422 1488 486 1535; x_wconf 90' lang='lat' dir='ltr'>ut</span> <span class='ocrx_word' id='word_1_112' title='bbox 541 1482 884 1552; x_wconf 87' lang='lat' dir='ltr'>persuadeas</span> <span class='ocrx_word' id='word_1_113' title='bbox 937 1486 1067 1534; x_wconf 89' lang='lat' dir='ltr'>tuos</span> <span class='ocrx_word' id='word_1_114' title='bbox 1111 1481 1304 1533; x_wconf 89' lang='lat' dir='ltr'>oculos</span> <span class='ocrx_word' id='word_1_115' title='bbox 1355 1480 1570 1550; x_wconf 90' lang='lat' dir='ltr'>aliquid</span> <span class='ocrx_word' id='word_1_116' title='bbox 1624 1481 1766 1550; x_wconf 90' lang='lat' dir='ltr'>pati,</span> <span class='ocrx_word' id='word_1_117' title='bbox 1802 1479 1911 1533; x_wconf 88' lang='lat' dir='ltr'>nisi</span> <span class='ocrx_word' id='word_1_118' title='bbox 1945 1480 2118 1534; x_wconf 90' lang='lat' dir='ltr'>etiam</span> 
     </span>
    </p>
   </div>
   <div class='ocr_carea' id='block_1_15' title="bbox 423 1567 2120 1641">
    <p class='ocr_par' dir='ltr' id='par_1_15' title="bbox 423 1567 2120 1641">
     <span class='ocr_line' id='line_1_15' title="bbox 423 1567 2120 1641; baseline 0 -19"><span class='ocrx_word' id='word_1_119' title='bbox 423 1570 563 1641; x_wconf 92' lang='lat' dir='ltr'>quid</span> <span class='ocrx_word' id='word_1_120' title='bbox 589 1569 881 1639; x_wconf 89' lang='lat' dir='ltr'>patiantur</span> <span class='ocrx_word' id='word_1_121' title='bbox 911 1568 1329 1622; x_wconf 89' lang='lat' dir='ltr'>ostenderis.E.</span> <span class='ocrx_word' id='word_1_122' title='bbox 1359 1568 1501 1632; x_wconf 86' lang='lat' dir='ltr'>Quid</span> <span class='ocrx_word' id='word_1_123' title='bbox 1517 1567 1768 1635; x_wconf 84' lang='lat' dir='ltr'>tandem,</span> <span class='ocrx_word' id='word_1_124' title='bbox 1797 1568 1906 1621; x_wconf 89' lang='lat' dir='ltr'>nisi</span> <span class='ocrx_word' id='word_1_125' title='bbox 1933 1568 2120 1638; x_wconf 91' lang='lat' dir='ltr'>ipsum</span> 
     </span>
    </p>
   </div>
   <div class='ocr_carea' id='block_1_16' title="bbox 420 1657 2120 1727">
    <p class='ocr_par' dir='ltr' id='par_1_16' title="bbox 420 1657 2120 1727">
     <span class='ocr_line' id='line_1_16' title="bbox 420 1657 2120 1727; baseline -0.001 -16"><span class='ocrx_word' id='word_1_126' title='bbox 420 1659 606 1711; x_wconf 91' lang='lat' dir='ltr'>visum</span> <span class='ocrx_word' id='word_1_127' title='bbox 636 1658 665 1710; x_wconf 90' lang='lat'>?</span> <span class='ocrx_word' id='word_1_128' title='bbox 694 1674 826 1710; x_wconf 89' lang='lat' dir='ltr'>nam</span> <span class='ocrx_word' id='word_1_129' title='bbox 855 1657 1064 1710; x_wconf 86' lang='lat' dir='ltr'>vident.</span> <span class='ocrx_word' id='word_1_130' title='bbox 1099 1657 1156 1710; x_wconf 91' lang='lat' dir='ltr'>Si</span> <span class='ocrx_word' id='word_1_131' title='bbox 1187 1657 1339 1709; x_wconf 91' lang='lat' dir='ltr'>enim</span> <span class='ocrx_word' id='word_1_132' title='bbox 1391 1673 1482 1709; x_wconf 90' lang='lat' dir='ltr'>me</span> <span class='ocrx_word' id='word_1_133' title='bbox 1513 1673 1747 1726; x_wconf 81' lang='lat' dir='ltr'>rogares</span> <span class='ocrx_word' id='word_1_134' title='bbox 1777 1657 1918 1727; x_wconf 91' lang='lat' dir='ltr'>quid</span> <span class='ocrx_word' id='word_1_135' title='bbox 1961 1662 2120 1726; x_wconf 79' lang='lat' dir='ltr'>pate-</span> 
     </span>
    </p>
   </div>
   <div class='ocr_carea' id='block_1_17' title="bbox 421 1743 2120 1815">
    <p class='ocr_par' dir='ltr' id='par_1_17' title="bbox 421 1743 2120 1815">
     <span class='ocr_line' id='line_1_17' title="bbox 421 1743 2120 1815; baseline 0 -16"><span class='ocrx_word' id='word_1_136' title='bbox 421 1750 581 1799; x_wconf 89' lang='lat' dir='ltr'>retur</span> <span class='ocrx_word' id='word_1_137' title='bbox 609 1750 911 1815; x_wconf 71' lang='lat' dir='ltr'>cegrotans,</span> <span class='ocrx_word' id='word_1_138' title='bbox 945 1743 1346 1814; x_wconf 63' lang='lat' dir='ltr'>wgritudinem</span> <span class='ocrx_word' id='word_1_139' title='bbox 1377 1744 1814 1814; x_wconf 87' lang='lat' dir='ltr'>responderem;</span> <span class='ocrx_word' id='word_1_140' title='bbox 1849 1745 1990 1815; x_wconf 91' lang='lat' dir='ltr'>quid</span> <span class='ocrx_word' id='word_1_141' title='bbox 2020 1762 2120 1799; x_wconf 90' lang='lat' dir='ltr'>cu-</span> 
     </span>
    </p>
   </div>
   <div class='ocr_carea' id='block_1_18' title="bbox 419 1832 2119 1903">
    <p class='ocr_par' dir='ltr' id='par_1_18' title="bbox 419 1832 2119 1903">
     <span class='ocr_line' id='line_1_18' title="bbox 419 1832 2119 1903; baseline 0.001 -18"><span class='ocrx_word' id='word_1_142' title='bbox 419 1833 606 1903; x_wconf 90' lang='lat' dir='ltr'>piens,</span> <span class='ocrx_word' id='word_1_143' title='bbox 637 1833 1040 1903; x_wconf 88' lang='lat' dir='ltr'>cupiditatem;</span> <span class='ocrx_word' id='word_1_144' title='bbox 1065 1832 1201 1903; x_wconf 91' lang='lat' dir='ltr'>quid</span> <span class='ocrx_word' id='word_1_145' title='bbox 1215 1836 1493 1886; x_wconf 88' lang='lat' dir='ltr'>metuens.</span> <span class='ocrx_word' id='word_1_146' title='bbox 1522 1837 1743 1887; x_wconf 88' lang='lat' dir='ltr'>metum</span> <span class='ocrx_word' id='word_1_147' title='bbox 1768 1849 1780 1900; x_wconf 90' lang='lat'>;</span> <span class='ocrx_word' id='word_1_148' title='bbox 1816 1833 1950 1903; x_wconf 90' lang='lat' dir='ltr'>quid</span> <span class='ocrx_word' id='word_1_149' title='bbox 1978 1849 2119 1903; x_wconf 89' lang='lat' dir='ltr'>gau-</span> 
     </span>
    </p>
   </div>
   <div class='ocr_carea' id='block_1_19' title="bbox 421 1919 2118 1992">
    <p class='ocr_par' dir='ltr' id='par_1_19' title="bbox 421 1919 2118 1992">
     <span class='ocr_line' id='line_1_19' title="bbox 421 1919 2118 1992; baseline -0.001 -16"><span class='ocrx_word' id='word_1_150' title='bbox 421 1922 587 1988; x_wconf 87' lang='lat' dir='ltr'>dens,</span> <span class='ocrx_word' id='word_1_151' title='bbox 611 1920 910 1991; x_wconf 79' lang='lat' dir='ltr'>gaudium.</span> <span class='ocrx_word' id='word_1_152' title='bbox 943 1922 1055 1974; x_wconf 88' lang='lat' dir='ltr'>Cur</span> <span class='ocrx_word' id='word_1_153' title='bbox 1083 1937 1219 1990; x_wconf 87' lang='lat' dir='ltr'>ergo</span> <span class='ocrx_word' id='word_1_154' title='bbox 1232 1919 1822 1992; x_wconf 89' lang='lat' dir='ltr'>rogantiquidvidens</span> <span class='ocrx_word' id='word_1_155' title='bbox 1843 1922 2118 1991; x_wconf 88' lang='lat' dir='ltr'>patiatur,</span> 
     </span>
    </p>
   </div>
   <div class='ocr_carea' id='block_1_20' title="bbox 419 2007 2123 2078">
    <p class='ocr_par' dir='ltr' id='par_1_20' title="bbox 419 2007 2123 2078">
     <span class='ocr_line' id='line_1_20' title="bbox 419 2007 2123 2078; baseline 0.001 -15"><span class='ocrx_word' id='word_1_156' title='bbox 419 2026 534 2063; x_wconf 92' lang='lat' dir='ltr'>non</span> <span class='ocrx_word' id='word_1_157' title='bbox 565 2013 712 2062; x_wconf 90' lang='lat' dir='ltr'>recte</span> <span class='ocrx_word' id='word_1_158' title='bbox 762 2008 954 2078; x_wconf 78' lang='lat' dir='ltr'>ipsum</span> <span class='ocrx_word' id='word_1_159' title='bbox 1004 2007 1191 2060; x_wconf 89' lang='lat' dir='ltr'>visum</span> <span class='ocrx_word' id='word_1_160' title='bbox 1249 2008 1672 2077; x_wconf 82' lang='lat' dir='ltr'>respondeam?</span> <span class='ocrx_word' id='word_1_161' title='bbox 1717 2011 1793 2062; x_wconf 83' lang='lat'>-4.</span> <span class='ocrx_word' id='word_1_162' title='bbox 1827 2009 1934 2064; x_wconf 89' lang='lat' dir='ltr'>Sed</span> <span class='ocrx_word' id='word_1_163' title='bbox 1967 2010 2123 2064; x_wconf 91' lang='lat' dir='ltr'>enim</span> 
     </span>
    </p>
   </div>
   <div class='ocr_carea' id='block_1_21' title="bbox 421 2097 2121 2169">
    <p class='ocr_par' dir='ltr' id='par_1_21' title="bbox 421 2097 2121 2169">
     <span class='ocr_line' id='line_1_21' title="bbox 421 2097 2121 2169; baseline 0 -18"><span class='ocrx_word' id='word_1_164' title='bbox 421 2099 676 2169; x_wconf 82' lang='lat' dir='ltr'>gaudens</span> <span class='ocrx_word' id='word_1_165' title='bbox 708 2098 982 2168; x_wconf 85' lang='lat' dir='ltr'>gaudium</span> <span class='ocrx_word' id='word_1_166' title='bbox 1007 2097 1197 2151; x_wconf 88' lang='lat' dir='ltr'>sentit.</span> <span class='ocrx_word' id='word_1_167' title='bbox 1227 2099 1313 2152; x_wconf 81' lang='lat' dir='ltr'>An</span> <span class='ocrx_word' id='word_1_168' title='bbox 1345 2097 1582 2168; x_wconf 85' lang='lat' dir='ltr'>negabis</span> <span class='ocrx_word' id='word_1_169' title='bbox 1602 2099 1631 2150; x_wconf 74' lang='lat' dir='ltr'>‘P</span> <span class='ocrx_word' id='word_1_170' title='bbox 1657 2101 1728 2152; x_wconf 88' lang='lat' dir='ltr'>E.</span> <span class='ocrx_word' id='word_1_171' title='bbox 1777 2099 1898 2152; x_wconf 92' lang='lat' dir='ltr'>Imo</span> <span class='ocrx_word' id='word_1_172' title='bbox 1932 2115 2121 2152; x_wconf 78' lang='lat' dir='ltr'>assen-</span> 
     </span>
    </p>
   </div>
   <div class='ocr_carea' id='block_1_22' title="bbox 418 2185 2113 2257">
    <p class='ocr_par' dir='ltr' id='par_1_22' title="bbox 418 2185 2113 2257">
     <span class='ocr_line' id='line_1_22' title="bbox 418 2185 2113 2257; baseline 0.001 -17"><span class='ocrx_word' id='word_1_173' title='bbox 418 2187 550 2241; x_wconf 88' lang='lat' dir='ltr'>tior.</span> <span class='ocrx_word' id='word_1_174' title='bbox 583 2191 660 2242; x_wconf 76' lang='grc' dir='ltr'><em>Α,</em></span> <span class='ocrx_word' id='word_1_175' title='bbox 696 2189 810 2241; x_wconf 85' lang='lat' dir='ltr'>Hoc</span> <span class='ocrx_word' id='word_1_176' title='bbox 842 2191 898 2240; x_wconf 92' lang='lat' dir='ltr'>et</span> <span class='ocrx_word' id='word_1_177' title='bbox 929 2187 999 2241; x_wconf 89' lang='lat' dir='ltr'>de</span> <span class='ocrx_word' id='word_1_178' title='bbox 1029 2185 1248 2240; x_wconf 60' lang='lat' dir='ltr'>caeteris</span> <span class='ocrx_word' id='word_1_179' title='bbox 1290 2187 1819 2257; x_wconf 85' lang='lat' dir='ltr'>perturbationibus</span> <span class='ocrx_word' id='word_1_180' title='bbox 1850 2187 2113 2241; x_wconf 87' lang='lat' dir='ltr'>dixerim.</span> 
     </span>
    </p>
   </div>
   <div class='ocr_carea' id='block_1_23' title="bbox 422 2274 2123 2345">
    <p class='ocr_par' dir='ltr' id='par_1_23' title="bbox 422 2274 2123 2345">
     <span class='ocr_line' id='line_1_23' title="bbox 422 2274 2123 2345; baseline -0.001 -14"><span class='ocrx_word' id='word_1_181' title='bbox 422 2279 488 2331; x_wconf 92' lang='lat' dir='ltr'>E.</span> <span class='ocrx_word' id='word_1_182' title='bbox 520 2275 609 2330; x_wconf 91' lang='lat' dir='ltr'>Sic</span> <span class='ocrx_word' id='word_1_183' title='bbox 637 2275 842 2330; x_wconf 90' lang='lat' dir='ltr'>habeo.</span> <span class='ocrx_word' id='word_1_184' title='bbox 872 2278 951 2331; x_wconf 93' lang='lat'>.4.</span> <span class='ocrx_word' id='word_1_185' title='bbox 987 2274 1275 2345; x_wconf 88' lang='lat' dir='ltr'>Quidquid</span> <span class='ocrx_word' id='word_1_186' title='bbox 1302 2279 1493 2329; x_wconf 91' lang='lat' dir='ltr'>autem</span> <span class='ocrx_word' id='word_1_187' title='bbox 1527 2274 1676 2328; x_wconf 92' lang='lat' dir='ltr'>oculi</span> <span class='ocrx_word' id='word_1_188' title='bbox 1704 2274 1983 2344; x_wconf 90' lang='lat' dir='ltr'>sentiunt,</span> <span class='ocrx_word' id='word_1_189' title='bbox 2015 2274 2123 2329; x_wconf 91' lang='lat' dir='ltr'>hoc</span> 
     </span>
    </p>
   </div>
   <div class='ocr_carea' id='block_1_24' title="bbox 420 2362 2121 2432">
    <p class='ocr_par' dir='ltr' id='par_1_24' title="bbox 420 2362 2121 2432">
     <span class='ocr_line' id='line_1_24' title="bbox 420 2362 2121 2432; baseline -0.001 -13"><span class='ocrx_word' id='word_1_190' title='bbox 420 2364 630 2419; x_wconf 85' lang='lat' dir='ltr'>vident.</span> <span class='ocrx_word' id='word_1_191' title='bbox 667 2367 732 2418; x_wconf 88' lang='lat' dir='ltr'>E.</span> <span class='ocrx_word' id='word_1_192' title='bbox 767 2363 934 2417; x_wconf 86' lang='lat' dir='ltr'>Nullo</span> <span class='ocrx_word' id='word_1_193' title='bbox 967 2363 1138 2416; x_wconf 90' lang='lat' dir='ltr'>modo</span> <span class='ocrx_word' id='word_1_194' title='bbox 1169 2362 1319 2416; x_wconf 89' lang='lat' dir='ltr'>istud</span> <span class='ocrx_word' id='word_1_195' title='bbox 1340 2363 1600 2417; x_wconf 86' lang='lat' dir='ltr'>dederim</span> <span class='ocrx_word' id='word_1_196' title='bbox 1630 2383 1644 2429; x_wconf 88' lang='lat'>;</span> <span class='ocrx_word' id='word_1_197' title='bbox 1678 2363 1805 2432; x_wconf 89' lang='lat' dir='ltr'>quis</span> <span class='ocrx_word' id='word_1_198' title='bbox 1835 2362 1990 2416; x_wconf 92' lang='lat' dir='ltr'>enim</span> <span class='ocrx_word' id='word_1_199' title='bbox 2021 2363 2121 2417; x_wconf 88' lang='lat' dir='ltr'>do-</span> 
     </span>
    </p>
   </div>
   <div class='ocr_carea' id='block_1_25' title="bbox 419 2450 2119 2521">
    <p class='ocr_par' dir='ltr' id='par_1_25' title="bbox 419 2450 2119 2521">
     <span class='ocr_line' id='line_1_25' title="bbox 419 2450 2119 2521; baseline 0 -15"><span class='ocrx_word' id='word_1_200' title='bbox 419 2453 600 2506; x_wconf 88' lang='lat' dir='ltr'>lorem</span> <span class='ocrx_word' id='word_1_201' title='bbox 631 2451 836 2516; x_wconf 79' lang='lat' dir='ltr'>videat,</span> <span class='ocrx_word' id='word_1_202' title='bbox 879 2467 1051 2521; x_wconf 90' lang='lat' dir='ltr'>quem</span> <span class='ocrx_word' id='word_1_203' title='bbox 1101 2455 1294 2504; x_wconf 88' lang='lat' dir='ltr'>tamen</span> <span class='ocrx_word' id='word_1_204' title='bbox 1347 2467 1499 2521; x_wconf 70' lang='lat' dir='ltr'>saepe</span> <span class='ocrx_word' id='word_1_205' title='bbox 1533 2450 1685 2504; x_wconf 91' lang='lat' dir='ltr'>oculi</span> <span class='ocrx_word' id='word_1_206' title='bbox 1724 2450 2022 2504; x_wconf 87' lang='lat' dir='ltr'>sentiunt?</span> <span class='ocrx_word' id='word_1_207' title='bbox 2047 2454 2119 2506; x_wconf 85' lang='lat' dir='ltr'>A.</span> 
     </span>
    </p>
   </div>
   <div class='ocr_carea' id='block_1_26' title="bbox 420 2538 2120 2612">
    <p class='ocr_par' dir='ltr' id='par_1_26' title="bbox 420 2538 2120 2612">
     <span class='ocr_line' id='line_1_26' title="bbox 420 2538 2120 2612; baseline -0.002 -17"><span class='ocrx_word' id='word_1_208' title='bbox 420 2545 674 2612; x_wconf 78' lang='lat' dir='ltr'>Apparet</span> <span class='ocrx_word' id='word_1_209' title='bbox 703 2544 758 2594; x_wconf 91' lang='lat' dir='ltr'>te</span> <span class='ocrx_word' id='word_1_210' title='bbox 791 2539 859 2593; x_wconf 92' lang='lat' dir='ltr'>de</span> <span class='ocrx_word' id='word_1_211' title='bbox 881 2539 1059 2593; x_wconf 90' lang='lat' dir='ltr'>oculis</span> <span class='ocrx_word' id='word_1_212' title='bbox 1092 2555 1288 2609; x_wconf 87' lang='lat' dir='ltr'>agere:</span> <span class='ocrx_word' id='word_1_213' title='bbox 1323 2539 1469 2593; x_wconf 90' lang='lat' dir='ltr'>bene</span> <span class='ocrx_word' id='word_1_214' title='bbox 1498 2538 1719 2609; x_wconf 89' lang='lat' dir='ltr'>vigilas.</span> <span class='ocrx_word' id='word_1_215' title='bbox 1746 2539 1942 2610; x_wconf 88' lang='lat' dir='ltr'>Itaque</span> <span class='ocrx_word' id='word_1_216' title='bbox 1971 2540 2120 2607; x_wconf 88' lang='lat' dir='ltr'>vide,</span> 
     </span>
    </p>
   </div>
   <div class='ocr_carea' id='block_1_27' title="bbox 419 2627 2120 2698">
    <p class='ocr_par' dir='ltr' id='par_1_27' title="bbox 419 2627 2120 2698">
     <span class='ocr_line' id='line_1_27' title="bbox 419 2627 2120 2698; baseline -0.001 -15"><span class='ocrx_word' id='word_1_217' title='bbox 419 2634 614 2683; x_wconf 89' lang='lat' dir='ltr'>utrum</span> <span class='ocrx_word' id='word_1_218' title='bbox 641 2633 707 2682; x_wconf 89' lang='lat' dir='ltr'>ut</span> <span class='ocrx_word' id='word_1_219' title='bbox 722 2629 976 2698; x_wconf 88' lang='lat' dir='ltr'>gaudens</span> <span class='ocrx_word' id='word_1_220' title='bbox 1003 2628 1302 2698; x_wconf 89' lang='lat' dir='ltr'>gaudendo</span> <span class='ocrx_word' id='word_1_221' title='bbox 1342 2627 1619 2698; x_wconf 88' lang='lat' dir='ltr'>gaudium</span> <span class='ocrx_word' id='word_1_222' title='bbox 1639 2627 1811 2682; x_wconf 90' lang='lat' dir='ltr'>sentit</span> <span class='ocrx_word' id='word_1_223' title='bbox 1843 2627 1922 2681; x_wconf 90' lang='lat' dir='ltr'>ita</span> <span class='ocrx_word' id='word_1_224' title='bbox 1947 2628 2120 2682; x_wconf 86' lang='lat' dir='ltr'>etiam</span> 
     </span>
    </p>
   </div>
   <div class='ocr_carea' id='block_1_28' title="bbox 421 2715 2121 2786">
    <p class='ocr_par' dir='ltr' id='par_1_28' title="bbox 421 2715 2121 2786">
     <span class='ocr_line' id='line_1_28' title="bbox 421 2715 2121 2786; baseline 0 -16"><span class='ocrx_word' id='word_1_225' title='bbox 421 2717 626 2772; x_wconf 87' lang='lat' dir='ltr'>videns</span> <span class='ocrx_word' id='word_1_226' title='bbox 654 2717 898 2771; x_wconf 90' lang='lat' dir='ltr'>videndo</span> <span class='ocrx_word' id='word_1_227' title='bbox 933 2715 1139 2770; x_wconf 87' lang='lat' dir='ltr'>sentiat</span> <span class='ocrx_word' id='word_1_228' title='bbox 1188 2716 1394 2771; x_wconf 89' lang='lat' dir='ltr'>visum.</span> <span class='ocrx_word' id='word_1_229' title='bbox 1446 2719 1510 2770; x_wconf 89' lang='lat' dir='ltr'>E.</span> <span class='ocrx_word' id='word_1_230' title='bbox 1560 2719 1648 2770; x_wconf 82' lang='lat' dir='ltr'>An</span> <span class='ocrx_word' id='word_1_231' title='bbox 1690 2716 1856 2770; x_wconf 89' lang='lat' dir='ltr'>aliter</span> <span class='ocrx_word' id='word_1_232' title='bbox 1893 2717 2121 2786; x_wconf 78' lang='lat' dir='ltr'>potest?</span> 
     </span>
    </p>
   </div>
   <div class='ocr_carea' id='block_1_29' title="bbox 423 2804 2122 2876">
    <p class='ocr_par' dir='ltr' id='par_1_29' title="bbox 423 2804 2122 2876">
     <span class='ocr_line' id='line_1_29' title="bbox 423 2804 2122 2876; baseline -0.001 -17"><span class='ocrx_word' id='word_1_233' title='bbox 423 2807 494 2859; x_wconf 86' lang='grc' dir='ltr'>Α.</span> <span class='ocrx_word' id='word_1_234' title='bbox 529 2805 815 2876; x_wconf 91' lang='lat' dir='ltr'>Ouidquid</span> <span class='ocrx_word' id='word_1_235' title='bbox 842 2810 1034 2858; x_wconf 88' lang='lat' dir='ltr'>autem</span> <span class='ocrx_word' id='word_1_236' title='bbox 1076 2805 1274 2858; x_wconf 90' lang='lat' dir='ltr'>videns</span> <span class='ocrx_word' id='word_1_237' title='bbox 1325 2804 1570 2858; x_wconf 89' lang='lat' dir='ltr'>videndo</span> <span class='ocrx_word' id='word_1_238' title='bbox 1618 2804 1808 2871; x_wconf 89' lang='lat' dir='ltr'>sentit,</span> <span class='ocrx_word' id='word_1_239' title='bbox 1861 2804 1916 2858; x_wconf 89' lang='lat' dir='ltr'>id</span> <span class='ocrx_word' id='word_1_240' title='bbox 1951 2805 2122 2858; x_wconf 90' lang='lat' dir='ltr'>etiam</span> 
     </span>
    </p>
   </div>
   <div class='ocr_carea' id='block_1_30' title="bbox 423 2890 2124 2962">
    <p class='ocr_par' dir='ltr' id='par_1_30' title="bbox 423 2890 2124 2962">
     <span class='ocr_line' id='line_1_30' title="bbox 423 2890 2124 2962; baseline 0 -16"><span class='ocrx_word' id='word_1_241' title='bbox 423 2894 613 2948; x_wconf 83' lang='lat' dir='ltr'>videat</span> <span class='ocrx_word' id='word_1_242' title='bbox 654 2910 879 2947; x_wconf 89' lang='lat' dir='ltr'>necesse</span> <span class='ocrx_word' id='word_1_243' title='bbox 908 2898 1011 2947; x_wconf 90' lang='lat' dir='ltr'>est.</span> <span class='ocrx_word' id='word_1_244' title='bbox 1043 2896 1110 2948; x_wconf 92' lang='lat' dir='ltr'>E.</span> <span class='ocrx_word' id='word_1_245' title='bbox 1146 2894 1273 2946; x_wconf 80' lang='lat' dir='ltr'>Non</span> <span class='ocrx_word' id='word_1_246' title='bbox 1317 2896 1400 2946; x_wconf 89' lang='lat' dir='ltr'>est</span> <span class='ocrx_word' id='word_1_247' title='bbox 1443 2907 1672 2946; x_wconf 89' lang='lat' dir='ltr'>necesse</span> <span class='ocrx_word' id='word_1_248' title='bbox 1707 2909 1719 2945; x_wconf 93' lang='lat'><strong>:</strong></span> <span class='ocrx_word' id='word_1_249' title='bbox 1753 2891 1890 2962; x_wconf 91' lang='lat' dir='ltr'>quid</span> <span class='ocrx_word' id='word_1_250' title='bbox 1919 2891 2075 2945; x_wconf 90' lang='lat' dir='ltr'>enim</span> <span class='ocrx_word' id='word_1_251' title='bbox 2096 2890 2124 2946; x_wconf 79' lang='lat'>?</span> 
     </span>
    </p>
   </div>
   <div class='ocr_carea' id='block_1_31' title="bbox 422 2979 2125 3047">
    <p class='ocr_par' dir='ltr' id='par_1_31' title="bbox 422 2979 2125 3047">
     <span class='ocr_line' id='line_1_31' title="bbox 422 2979 2125 3047; baseline -0.001 -12"><span class='ocrx_word' id='word_1_252' title='bbox 422 2981 469 3035; x_wconf 92' lang='lat' dir='ltr'>si</span> <span class='ocrx_word' id='word_1_253' title='bbox 501 2998 758 3036; x_wconf 88' lang='lat' dir='ltr'>amorem</span> <span class='ocrx_word' id='word_1_254' title='bbox 790 2981 1033 3035; x_wconf 91' lang='lat' dir='ltr'>videndo</span> <span class='ocrx_word' id='word_1_255' title='bbox 1073 2981 1299 3047; x_wconf 88' lang='lat' dir='ltr'>sentiat,</span> <span class='ocrx_word' id='word_1_256' title='bbox 1337 2997 1478 3034; x_wconf 90' lang='lat' dir='ltr'>num</span> <span class='ocrx_word' id='word_1_257' title='bbox 1525 2985 1583 3035; x_wconf 91' lang='lat' dir='ltr'>et</span> <span class='ocrx_word' id='word_1_258' title='bbox 1623 2996 1880 3034; x_wconf 91' lang='lat' dir='ltr'>amorem</span> <span class='ocrx_word' id='word_1_259' title='bbox 1923 2979 2125 3034; x_wconf 83' lang='lat' dir='ltr'>videt?</span> 
     </span>
    </p>
   </div>
   <div class='ocr_carea' id='block_1_32' title="bbox 421 3067 2123 3139">
    <p class='ocr_par' dir='ltr' id='par_1_32' title="bbox 421 3067 2123 3139">
     <span class='ocr_line' id='line_1_32' title="bbox 421 3067 2123 3139; baseline -0.002 -15"><span class='ocrx_word' id='word_1_260' title='bbox 421 3071 496 3124; x_wconf 85' lang='lat' dir='ltr'>A.</span> <span class='ocrx_word' id='word_1_261' title='bbox 539 3069 871 3124; x_wconf 84' lang='lat' dir='ltr'>Cautissime</span> <span class='ocrx_word' id='word_1_262' title='bbox 907 3085 970 3122; x_wconf 89' lang='lat' dir='ltr'>ac</span> <span class='ocrx_word' id='word_1_263' title='bbox 1018 3067 1419 3139; x_wconf 89' lang='lat' dir='ltr'>sagacissime;</span> <span class='ocrx_word' id='word_1_264' title='bbox 1449 3068 1672 3139; x_wconf 87' lang='lat' dir='ltr'>gaudeo</span> <span class='ocrx_word' id='word_1_265' title='bbox 1708 3068 1861 3139; x_wconf 90' lang='lat' dir='ltr'>quod</span> <span class='ocrx_word' id='word_1_266' title='bbox 1893 3067 2123 3122; x_wconf 78' lang='lat' dir='ltr'>difficile</span> 
     </span>
    </p>
   </div>
   <div class='ocr_carea' id='block_1_33' title="bbox 424 3156 2127 3227">
    <p class='ocr_par' dir='ltr' id='par_1_33' title="bbox 424 3156 2127 3227">
     <span class='ocr_line' id='line_1_33' title="bbox 424 3156 2127 3227; baseline 0 -17"><span class='ocrx_word' id='word_1_267' title='bbox 424 3157 722 3226; x_wconf 89' lang='lat' dir='ltr'>deciperis.</span> <span class='ocrx_word' id='word_1_268' title='bbox 755 3156 867 3210; x_wconf 89' lang='lat' dir='ltr'>Sed</span> <span class='ocrx_word' id='word_1_269' title='bbox 894 3172 1046 3210; x_wconf 93' lang='lat' dir='ltr'>nunc</span> <span class='ocrx_word' id='word_1_270' title='bbox 1075 3157 1300 3210; x_wconf 89' lang='lat' dir='ltr'>attende</span> <span class='ocrx_word' id='word_1_271' title='bbox 1327 3173 1338 3210; x_wconf 93' lang='lat'>:</span> <span class='ocrx_word' id='word_1_272' title='bbox 1367 3157 1641 3227; x_wconf 90' lang='lat' dir='ltr'>quoniam</span> <span class='ocrx_word' id='word_1_273' title='bbox 1693 3157 1948 3211; x_wconf 88' lang='lat' dir='ltr'>constitit</span> <span class='ocrx_word' id='word_1_274' title='bbox 1975 3157 2127 3210; x_wconf 86' lang='lat' dir='ltr'>inter</span> 
     </span>
    </p>
   </div>
   <div class='ocr_carea' id='block_1_34' title="bbox 425 3244 2124 3315">
    <p class='ocr_par' dir='ltr' id='par_1_34' title="bbox 425 3244 2124 3315">
     <span class='ocr_line' id='line_1_34' title="bbox 425 3244 2124 3315; baseline 0 -17"><span class='ocrx_word' id='word_1_275' title='bbox 425 3261 548 3310; x_wconf 89' lang='lat' dir='ltr'>nos,</span> <span class='ocrx_word' id='word_1_276' title='bbox 585 3261 882 3298; x_wconf 90' lang='lat' dir='ltr'>nonomne</span> <span class='ocrx_word' id='word_1_277' title='bbox 898 3245 1050 3314; x_wconf 92' lang='lat' dir='ltr'>quod</span> <span class='ocrx_word' id='word_1_278' title='bbox 1068 3244 1217 3298; x_wconf 92' lang='lat' dir='ltr'>oculi</span> <span class='ocrx_word' id='word_1_279' title='bbox 1246 3245 1526 3307; x_wconf 89' lang='lat' dir='ltr'>sentiunt,</span> <span class='ocrx_word' id='word_1_280' title='bbox 1555 3261 1743 3315; x_wconf 89' lang='lat' dir='ltr'>neque</span> <span class='ocrx_word' id='word_1_281' title='bbox 1769 3260 1939 3298; x_wconf 91' lang='lat' dir='ltr'>omne</span> <span class='ocrx_word' id='word_1_282' title='bbox 1967 3245 2124 3315; x_wconf 90' lang='lat' dir='ltr'>quod</span> 
     </span>
    </p>
   </div>
   <div class='ocr_carea' id='block_1_35' title="bbox 429 3331 2125 3402">
    <p class='ocr_par' dir='ltr' id='par_1_35' title="bbox 429 3331 2125 3402">
     <span class='ocr_line' id='line_1_35' title="bbox 429 3331 2125 3402; baseline 0 -16"><span class='ocrx_word' id='word_1_283' title='bbox 429 3332 674 3386; x_wconf 91' lang='lat' dir='ltr'>videndo</span> <span class='ocrx_word' id='word_1_284' title='bbox 707 3331 972 3396; x_wconf 87' lang='lat' dir='ltr'>sentitur,</span> <span class='ocrx_word' id='word_1_285' title='bbox 999 3331 1217 3396; x_wconf 90' lang='lat' dir='ltr'>videri;</span> <span class='ocrx_word' id='word_1_286' title='bbox 1250 3336 1490 3402; x_wconf 89' lang='lat' dir='ltr'>putasne</span> <span class='ocrx_word' id='word_1_287' title='bbox 1521 3333 1631 3386; x_wconf 94' lang='lat' dir='ltr'>hoc</span> <span class='ocrx_word' id='word_1_288' title='bbox 1675 3332 1878 3386; x_wconf 86' lang='lat' dir='ltr'>saltem</span> <span class='ocrx_word' id='word_1_289' title='bbox 1924 3349 2125 3386; x_wconf 91' lang='lat' dir='ltr'>verum</span> 
     </span>
    </p>
   </div>
   <div class='ocr_carea' id='block_1_36' title="bbox 427 3419 2126 3492">
    <p class='ocr_par' dir='ltr' id='par_1_36' title="bbox 427 3419 2126 3492">
     <span class='ocr_line' id='line_1_36' title="bbox 427 3419 2126 3492; baseline -0.001 -17"><span class='ocrx_word' id='word_1_290' title='bbox 427 3438 568 3487; x_wconf 75' lang='lat' dir='ltr'>esse,</span> <span class='ocrx_word' id='word_1_291' title='bbox 611 3437 779 3474; x_wconf 89' lang='lat' dir='ltr'>omne</span> <span class='ocrx_word' id='word_1_292' title='bbox 809 3419 964 3492; x_wconf 90' lang='lat' dir='ltr'>quod</span> <span class='ocrx_word' id='word_1_293' title='bbox 1021 3419 1242 3474; x_wconf 90' lang='lat' dir='ltr'>videtur</span> <span class='ocrx_word' id='word_1_294' title='bbox 1291 3420 1538 3474; x_wconf 87' lang='lat' dir='ltr'>sentiri?</span> <span class='ocrx_word' id='word_1_295' title='bbox 1579 3423 1644 3476; x_wconf 90' lang='lat' dir='ltr'>E.</span> <span class='ocrx_word' id='word_1_296' title='bbox 1688 3421 1803 3474; x_wconf 84' lang='lat' dir='ltr'>Hoc</span> <span class='ocrx_word' id='word_1_297' title='bbox 1851 3437 1984 3474; x_wconf 89' lang='lat' dir='ltr'>sane</span> <span class='ocrx_word' id='word_1_298' title='bbox 2014 3421 2126 3474; x_wconf 88' lang='lat' dir='ltr'>nisi</span> 
     </span>
    </p>
   </div>
   <div class='ocr_carea' id='block_1_37' title="bbox 425 3497 2126 3580">
    <p class='ocr_par' dir='ltr' id='par_1_37' title="bbox 425 3497 2126 3580">
     <span class='ocr_line' id='line_1_37' title="bbox 425 3497 2126 3580; baseline 0 -17"><span class='ocrx_word' id='word_1_299' title='bbox 425 3497 776 3576; x_wconf 87' lang='lat' dir='ltr'>concessero,</span> <span class='ocrx_word' id='word_1_300' title='bbox 813 3509 1100 3580; x_wconf 89' lang='lat' dir='ltr'>quomodo</span> <span class='ocrx_word' id='word_1_301' title='bbox 1134 3525 1332 3563; x_wconf 89' lang='lat' dir='ltr'>sensus</span> <span class='ocrx_word' id='word_1_302' title='bbox 1361 3508 1571 3578; x_wconf 90' lang='lat' dir='ltr'>poterit</span> <span class='ocrx_word' id='word_1_303' title='bbox 1620 3508 1811 3563; x_wconf 90' lang='lat' dir='ltr'>vocari</span> <span class='ocrx_word' id='word_1_304' title='bbox 1859 3509 2013 3580; x_wconf 91' lang='lat' dir='ltr'>quod</span> <span class='ocrx_word' id='word_1_305' title='bbox 2043 3510 2126 3563; x_wconf 89' lang='lat' dir='ltr'>vi-</span> 
     </span>
    </p>
   </div>
   <div class='ocr_carea' id='block_1_38' title="bbox 427 3596 2128 3668">
    <p class='ocr_par' dir='ltr' id='par_1_38' title="bbox 427 3596 2128 3668">
     <span class='ocr_line' id='line_1_38' title="bbox 427 3596 2128 3668; baseline -0.001 -15"><span class='ocrx_word' id='word_1_306' title='bbox 427 3600 671 3654; x_wconf 88' lang='lat' dir='ltr'>demus?</span> <span class='ocrx_word' id='word_1_307' title='bbox 699 3601 774 3652; x_wconf 87' lang='lat' dir='ltr'>A.</span> <span class='ocrx_word' id='word_1_308' title='bbox 808 3597 1004 3662; x_wconf 84' lang='lat' dir='ltr'>Quid?</span> <span class='ocrx_word' id='word_1_309' title='bbox 1053 3613 1219 3651; x_wconf 88' lang='lat' dir='ltr'>omne</span> <span class='ocrx_word' id='word_1_310' title='bbox 1269 3597 1420 3668; x_wconf 89' lang='lat' dir='ltr'>quod</span> <span class='ocrx_word' id='word_1_311' title='bbox 1472 3596 1770 3665; x_wconf 88' lang='lat' dir='ltr'>sentimus,</span> <span class='ocrx_word' id='word_1_312' title='bbox 1833 3614 2023 3651; x_wconf 89' lang='lat' dir='ltr'>nonne</span> <span class='ocrx_word' id='word_1_313' title='bbox 2071 3603 2128 3652; x_wconf 89' lang='lat' dir='ltr'>et</span> 
     </span>
    </p>
   </div>
   <div class='ocr_carea' id='block_1_39' title="bbox 425 3684 2124 3759">
    <p class='ocr_par' dir='ltr' id='par_1_39' title="bbox 425 3684 2124 3759">
     <span class='ocr_line' id='line_1_39' title="bbox 425 3684 2124 3759; baseline -0.001 -18"><span class='ocrx_word' id='word_1_314' title='bbox 425 3687 728 3759; x_wconf 88' lang='lat' dir='ltr'>patimur?</span> <span class='ocrx_word' id='word_1_315' title='bbox 755 3687 831 3740; x_wconf 89' lang='lat' dir='ltr'>E.</span> <span class='ocrx_word' id='word_1_316' title='bbox 867 3688 948 3740; x_wconf 89' lang='lat' dir='ltr'>Ita</span> <span class='ocrx_word' id='word_1_317' title='bbox 975 3690 1076 3740; x_wconf 89' lang='lat' dir='ltr'>est.</span> <span class='ocrx_word' id='word_1_318' title='bbox 1096 3687 1170 3740; x_wconf 85' lang='lat' dir='ltr'>A.</span> <span class='ocrx_word' id='word_1_319' title='bbox 1198 3685 1379 3754; x_wconf 82' lang='lat' dir='ltr'>Igitur</span> <span class='ocrx_word' id='word_1_320' title='bbox 1399 3684 1444 3739; x_wconf 90' lang='lat' dir='ltr'>si</span> <span class='ocrx_word' id='word_1_321' title='bbox 1473 3702 1644 3740; x_wconf 91' lang='lat' dir='ltr'>omne</span> <span class='ocrx_word' id='word_1_322' title='bbox 1675 3686 1829 3756; x_wconf 90' lang='lat' dir='ltr'>quod</span> <span class='ocrx_word' id='word_1_323' title='bbox 1849 3685 2124 3754; x_wconf 87' lang='lat' dir='ltr'>videmus,</span> 
     </span>
    </p>
   </div>
   <div class='ocr_carea' id='block_1_40' title="bbox 427 3774 2129 3846">
    <p class='ocr_par' dir='ltr' id='par_1_40' title="bbox 427 3774 2129 3846">
     <span class='ocr_line' id='line_1_40' title="bbox 427 3774 2129 3846; baseline 0 -17"><span class='ocrx_word' id='word_1_324' title='bbox 427 3776 728 3843; x_wconf 88' lang='lat' dir='ltr'>sentimus,</span> <span class='ocrx_word' id='word_1_325' title='bbox 761 3779 816 3828; x_wconf 91' lang='lat' dir='ltr'>et</span> <span class='ocrx_word' id='word_1_326' title='bbox 847 3791 1016 3828; x_wconf 91' lang='lat' dir='ltr'>omne</span> <span class='ocrx_word' id='word_1_327' title='bbox 1049 3775 1200 3844; x_wconf 90' lang='lat' dir='ltr'>quod</span> <span class='ocrx_word' id='word_1_328' title='bbox 1232 3774 1530 3842; x_wconf 89' lang='lat' dir='ltr'>sentimus,</span> <span class='ocrx_word' id='word_1_329' title='bbox 1557 3775 1844 3845; x_wconf 87' lang='lat' dir='ltr'>patimur;</span> <span class='ocrx_word' id='word_1_330' title='bbox 1876 3775 2129 3846; x_wconf 90' lang='lat' dir='ltr'>patimur</span> 
     </span>
    </p>
   </div>
   <div class='ocr_carea' id='block_1_41' title="bbox 429 3862 2127 3934">
    <p class='ocr_par' dir='ltr' id='par_1_41' title="bbox 429 3862 2127 3934">
     <span class='ocr_line' id='line_1_41' title="bbox 429 3862 2127 3934; baseline 0 -16"><span class='ocrx_word' id='word_1_331' title='bbox 429 3879 600 3918; x_wconf 91' lang='lat' dir='ltr'>omne</span> <span class='ocrx_word' id='word_1_332' title='bbox 629 3867 784 3932; x_wconf 90' lang='lat' dir='ltr'>quod</span> <span class='ocrx_word' id='word_1_333' title='bbox 813 3862 1091 3916; x_wconf 84' lang='lat' dir='ltr'>videmus.</span> <span class='ocrx_word' id='word_1_334' title='bbox 1123 3864 1188 3916; x_wconf 89' lang='lat' dir='ltr'>E.</span> <span class='ocrx_word' id='word_1_335' title='bbox 1223 3862 1376 3916; x_wconf 88' lang='lat' dir='ltr'>Nihil</span> <span class='ocrx_word' id='word_1_336' title='bbox 1405 3863 1625 3916; x_wconf 89' lang='lat' dir='ltr'>resisto.</span> <span class='ocrx_word' id='word_1_337' title='bbox 1659 3865 1729 3920; x_wconf 86' lang='lat' dir='ltr'>A.</span> <span class='ocrx_word' id='word_1_338' title='bbox 1757 3863 1970 3916; x_wconf 89' lang='lat' dir='ltr'>Pateris</span> <span class='ocrx_word' id='word_1_339' title='bbox 1991 3879 2127 3934; x_wconf 89' lang='lat' dir='ltr'>ergo</span> 
     </span>
    </p>
   </div>
   <div class='ocr_carea' id='block_1_42' title="bbox 429 3948 2125 4020">
    <p class='ocr_par' dir='ltr' id='par_1_42' title="bbox 429 3948 2125 4020">
     <span class='ocr_line' id='line_1_42' title="bbox 429 3948 2125 4020; baseline 0.002 -16"><span class='ocrx_word' id='word_1_340' title='bbox 429 3967 544 4017; x_wconf 89' lang='lat' dir='ltr'>me,</span> <span class='ocrx_word' id='word_1_341' title='bbox 573 3966 638 4004; x_wconf 87' lang='lat' dir='ltr'>ac</span> <span class='ocrx_word' id='word_1_342' title='bbox 669 3948 915 4002; x_wconf 81' lang='lat' dir='ltr'>vicissim</span> <span class='ocrx_word' id='word_1_343' title='bbox 951 3954 1008 4003; x_wconf 90' lang='lat' dir='ltr'>te</span> <span class='ocrx_word' id='word_1_344' title='bbox 1055 3965 1180 4020; x_wconf 89' lang='lat' dir='ltr'>ego,</span> <span class='ocrx_word' id='word_1_345' title='bbox 1231 3965 1362 4004; x_wconf 89' lang='lat' dir='ltr'>cum</span> <span class='ocrx_word' id='word_1_346' title='bbox 1406 3949 1654 4003; x_wconf 88' lang='lat' dir='ltr'>invicem</span> <span class='ocrx_word' id='word_1_347' title='bbox 1697 3966 1800 4004; x_wconf 91' lang='lat' dir='ltr'>nos</span> <span class='ocrx_word' id='word_1_348' title='bbox 1845 3950 2125 4008; x_wconf 90' lang='lat' dir='ltr'>videmus.</span> 
     </span>
    </p>
   </div>
   <div class='ocr_carea' id='block_1_43' title="bbox 429 4036 2056 4108">
    <p class='ocr_par' dir='ltr' id='par_1_43' title="bbox 429 4036 2056 4108">
     <span class='ocr_line' id='line_1_43' title="bbox 429 4036 2056 4108; baseline -0.001 -14"><span class='ocrx_word' id='word_1_349' title='bbox 429 4042 495 4094; x_wconf 87' lang='grc' dir='ltr'>Ε.</span> <span class='ocrx_word' id='word_1_350' title='bbox 529 4038 620 4094; x_wconf 92' lang='lat' dir='ltr'>Sic</span> <span class='ocrx_word' id='word_1_351' title='bbox 650 4037 932 4103; x_wconf 83' lang='lat' dir='ltr'>existimo,</span> <span class='ocrx_word' id='word_1_352' title='bbox 959 4041 1017 4091; x_wconf 90' lang='lat' dir='ltr'>et</span> <span class='ocrx_word' id='word_1_353' title='bbox 1044 4037 1114 4091; x_wconf 87' lang='lat' dir='ltr'>ad</span> <span class='ocrx_word' id='word_1_354' title='bbox 1147 4037 1254 4090; x_wconf 90' lang='lat' dir='ltr'>hoc</span> <span class='ocrx_word' id='word_1_355' title='bbox 1283 4053 1376 4091; x_wconf 89' lang='lat' dir='ltr'>me</span> <span class='ocrx_word' id='word_1_356' title='bbox 1406 4037 1550 4091; x_wconf 89' lang='lat' dir='ltr'>ratio</span> <span class='ocrx_word' id='word_1_357' title='bbox 1579 4036 1860 4092; x_wconf 82' lang='lat' dir='ltr'>instanter</span> <span class='ocrx_word' id='word_1_358' title='bbox 1883 4038 2056 4108; x_wconf 79' lang='lat' dir='ltr'>cogit.</span> 
     </span>
    </p>
   </div>
   <div class='ocr_carea' id='block_1_44' title="bbox 501 4123 2131 4195">
    <p class='ocr_par' dir='ltr' id='par_1_44' title="bbox 501 4123 2131 4195">
     <span class='ocr_line' id='line_1_44' title="bbox 501 4123 2131 4195; baseline -0.001 -13"><span class='ocrx_word' id='word_1_359' title='bbox 501 4129 593 4182; x_wconf 80' lang='grc'>43.</span> <span class='ocrx_word' id='word_1_360' title='bbox 629 4128 706 4180; x_wconf 87' lang='grc' dir='ltr'>Α.</span> <span class='ocrx_word' id='word_1_361' title='bbox 742 4123 945 4195; x_wconf 86' lang='lat' dir='ltr'>Accipe</span> <span class='ocrx_word' id='word_1_362' title='bbox 993 4129 1198 4178; x_wconf 75' lang='lat' dir='ltr'>caetera</span> <span class='ocrx_word' id='word_1_363' title='bbox 1230 4140 1243 4178; x_wconf 89' lang='lat'><strong>:</strong></span> <span class='ocrx_word' id='word_1_364' title='bbox 1280 4139 1414 4179; x_wconf 87' lang='lat' dir='ltr'>nam</span> <span class='ocrx_word' id='word_1_365' title='bbox 1449 4127 1617 4179; x_wconf 91' lang='lat' dir='ltr'>credo</span> <span class='ocrx_word' id='word_1_366' title='bbox 1657 4124 2131 4181; x_wconf 90' lang='lat' dir='ltr'>absurdissimum</span> 
     </span>
    </p>
   </div>
   <div class='ocr_carea' id='block_1_45' title="bbox 434 4212 2131 4285">
    <p class='ocr_par' dir='ltr' id='par_1_45' title="bbox 434 4212 2131 4285">
     <span class='ocr_line' id='line_1_45' title="bbox 434 4212 2131 4285; baseline 0 -16"><span class='ocrx_word' id='word_1_367' title='bbox 434 4220 491 4270; x_wconf 91' lang='lat' dir='ltr'>et</span> <span class='ocrx_word' id='word_1_368' title='bbox 519 4212 923 4269; x_wconf 91' lang='lat' dir='ltr'>stultissimum</span> <span class='ocrx_word' id='word_1_369' title='bbox 946 4212 1130 4268; x_wconf 91' lang='lat' dir='ltr'>videri</span> <span class='ocrx_word' id='word_1_370' title='bbox 1157 4212 1285 4282; x_wconf 91' lang='lat' dir='ltr'>tibi,</span> <span class='ocrx_word' id='word_1_371' title='bbox 1316 4213 1364 4267; x_wconf 92' lang='lat' dir='ltr'>si</span> <span class='ocrx_word' id='word_1_372' title='bbox 1395 4213 1524 4285; x_wconf 89' lang='lat' dir='ltr'>quis</span> <span class='ocrx_word' id='word_1_373' title='bbox 1550 4214 1796 4268; x_wconf 83' lang='lat' dir='ltr'>affirmet</span> <span class='ocrx_word' id='word_1_374' title='bbox 1828 4213 1909 4268; x_wconf 90' lang='lat' dir='ltr'>ibi</span> <span class='ocrx_word' id='word_1_375' title='bbox 1926 4218 1982 4268; x_wconf 89' lang='lat' dir='ltr'>te</span> <span class='ocrx_word' id='word_1_376' title='bbox 2011 4215 2131 4284; x_wconf 89' lang='lat' dir='ltr'>pati</span> 
     </span>
    </p>
   </div>
   <div class='ocr_carea' id='block_1_46' title="bbox 431 4301 2132 4376">
    <p class='ocr_par' dir='ltr' id='par_1_46' title="bbox 431 4301 2132 4376">
     <span class='ocr_line' id='line_1_46' title="bbox 431 4301 2132 4376; baseline -0.001 -18"><span class='ocrx_word' id='word_1_377' title='bbox 431 4303 669 4376; x_wconf 86' lang='lat' dir='ltr'>aliquod</span> <span class='ocrx_word' id='word_1_378' title='bbox 700 4319 926 4373; x_wconf 91' lang='lat' dir='ltr'>corpus,</span> <span class='ocrx_word' id='word_1_379' title='bbox 958 4301 1059 4356; x_wconf 89' lang='lat' dir='ltr'>ubi</span> <span class='ocrx_word' id='word_1_380' title='bbox 1085 4317 1199 4356; x_wconf 89' lang='lat' dir='ltr'>non</span> <span class='ocrx_word' id='word_1_381' title='bbox 1229 4306 1312 4356; x_wconf 88' lang='lat' dir='ltr'>est</span> <span class='ocrx_word' id='word_1_382' title='bbox 1340 4302 1531 4373; x_wconf 90' lang='lat' dir='ltr'>ipsum</span> <span class='ocrx_word' id='word_1_383' title='bbox 1562 4319 1767 4373; x_wconf 91' lang='lat' dir='ltr'>corpus</span> <span class='ocrx_word' id='word_1_384' title='bbox 1796 4303 1947 4374; x_wconf 89' lang='lat' dir='ltr'>quod</span> <span class='ocrx_word' id='word_1_385' title='bbox 1975 4307 2132 4373; x_wconf 88' lang='lat' dir='ltr'>pate-</span> 
     </span>
    </p>
   </div>
   <div class='ocr_carea' id='block_1_47' title="bbox 433 4390 2128 4462">
    <p class='ocr_par' dir='ltr' id='par_1_47' title="bbox 433 4390 2128 4462">
     <span class='ocr_line' id='line_1_47' title="bbox 433 4390 2128 4462; baseline -0.001 -15"><span class='ocrx_word' id='word_1_386' title='bbox 433 4393 532 4447; x_wconf 89' lang='lat' dir='ltr'>ris.</span> <span class='ocrx_word' id='word_1_387' title='bbox 563 4395 626 4447; x_wconf 89' lang='lat' dir='ltr'>E.</span> <span class='ocrx_word' id='word_1_388' title='bbox 663 4391 897 4446; x_wconf 86' lang='lat' dir='ltr'>Videtur</span> <span class='ocrx_word' id='word_1_389' title='bbox 927 4390 1260 4457; x_wconf 91' lang='lat' dir='ltr'>absurdum,</span> <span class='ocrx_word' id='word_1_390' title='bbox 1286 4395 1342 4445; x_wconf 92' lang='lat' dir='ltr'>et</span> <span class='ocrx_word' id='word_1_391' title='bbox 1365 4391 1444 4445; x_wconf 91' lang='lat' dir='ltr'>ita</span> <span class='ocrx_word' id='word_1_392' title='bbox 1475 4407 1595 4445; x_wconf 86' lang='lat' dir='ltr'>esse</span> <span class='ocrx_word' id='word_1_393' title='bbox 1628 4391 1856 4462; x_wconf 87' lang='lat' dir='ltr'>opinor,</span> <span class='ocrx_word' id='word_1_394' title='bbox 1881 4397 1943 4446; x_wconf 91' lang='lat' dir='ltr'>ut</span> <span class='ocrx_word' id='word_1_395' title='bbox 1967 4392 2128 4446; x_wconf 87' lang='lat' dir='ltr'>dicis.</span> 
     </span>
    </p>
   </div>
   <div class='ocr_carea' id='block_1_48' title="bbox 429 4479 2132 4545">
    <p class='ocr_par' dir='ltr' id='par_1_48' title="bbox 429 4479 2132 4545">
     <span class='ocr_line' id='line_1_48' title="bbox 429 4479 2132 4545; baseline -0.001 -10"><span class='ocrx_word' id='word_1_396' title='bbox 429 4484 508 4536; x_wconf 87' lang='lat'>.4.</span> <span class='ocrx_word' id='word_1_397' title='bbox 537 4480 683 4545; x_wconf 90' lang='lat' dir='ltr'>Quid</span> <span class='ocrx_word' id='word_1_398' title='bbox 717 4479 911 4534; x_wconf 87' lang='lat' dir='ltr'>illud?</span> <span class='ocrx_word' id='word_1_399' title='bbox 941 4495 1132 4533; x_wconf 89' lang='lat' dir='ltr'>nonne</span> <span class='ocrx_word' id='word_1_400' title='bbox 1172 4479 1538 4533; x_wconf 88' lang='lat' dir='ltr'>manifestum</span> <span class='ocrx_word' id='word_1_401' title='bbox 1573 4485 1656 4534; x_wconf 90' lang='lat' dir='ltr'>est</span> <span class='ocrx_word' id='word_1_402' title='bbox 1687 4479 1801 4533; x_wconf 86' lang='lat' dir='ltr'>alio</span> <span class='ocrx_word' id='word_1_403' title='bbox 1837 4481 1962 4534; x_wconf 92' lang='lat' dir='ltr'>loco</span> <span class='ocrx_word' id='word_1_404' title='bbox 2009 4495 2132 4534; x_wconf 91' lang='lat' dir='ltr'>esse</span> 
     </span>
    </p>
   </div>
   <div class='ocr_carea' id='block_1_49' title="bbox 435 4567 2133 4640">
    <p class='ocr_par' dir='ltr' id='par_1_49' title="bbox 435 4567 2133 4640">
     <span class='ocr_line' id='line_1_49' title="bbox 435 4567 2133 4640; baseline -0.001 -16"><span class='ocrx_word' id='word_1_405' title='bbox 435 4587 634 4624; x_wconf 89' lang='lat' dir='ltr'>meum</span> <span class='ocrx_word' id='word_1_406' title='bbox 666 4585 891 4640; x_wconf 90' lang='lat' dir='ltr'>corpus,</span> <span class='ocrx_word' id='word_1_407' title='bbox 919 4567 1030 4623; x_wconf 91' lang='lat' dir='ltr'>alio</span> <span class='ocrx_word' id='word_1_408' title='bbox 1052 4573 1216 4622; x_wconf 90' lang='lat' dir='ltr'>tuum</span> <span class='ocrx_word' id='word_1_409' title='bbox 1235 4569 1264 4621; x_wconf 93' lang='lat'>?</span> <span class='ocrx_word' id='word_1_410' title='bbox 1293 4571 1357 4622; x_wconf 90' lang='lat' dir='ltr'>E.</span> <span class='ocrx_word' id='word_1_411' title='bbox 1383 4567 1740 4622; x_wconf 86' lang='lat' dir='ltr'>Manifestum</span> <span class='ocrx_word' id='word_1_412' title='bbox 1773 4573 1874 4622; x_wconf 87' lang='lat' dir='ltr'>est.</span> <span class='ocrx_word' id='word_1_413' title='bbox 1897 4569 1968 4623; x_wconf 88' lang='lat' dir='ltr'>A.</span> <span class='ocrx_word' id='word_1_414' title='bbox 2000 4569 2133 4623; x_wconf 90' lang='lat' dir='ltr'>Sen-</span> 
     </span>
    </p>
   </div>
   <div class='ocr_carea' id='block_1_50' title="bbox 437 4655 2128 4728">
    <p class='ocr_par' dir='ltr' id='par_1_50' title="bbox 437 4655 2128 4728">
     <span class='ocr_line' id='line_1_50' title="bbox 437 4655 2128 4728; baseline 0 -18"><span class='ocrx_word' id='word_1_415' title='bbox 437 4657 590 4711; x_wconf 86' lang='lat' dir='ltr'>tiunt</span> <span class='ocrx_word' id='word_1_416' title='bbox 619 4661 812 4710; x_wconf 91' lang='lat' dir='ltr'>autem</span> <span class='ocrx_word' id='word_1_417' title='bbox 842 4672 1049 4728; x_wconf 88' lang='lat' dir='ltr'>corpus</span> <span class='ocrx_word' id='word_1_418' title='bbox 1087 4672 1283 4710; x_wconf 89' lang='lat' dir='ltr'>meum</span> <span class='ocrx_word' id='word_1_419' title='bbox 1325 4655 1474 4709; x_wconf 90' lang='lat' dir='ltr'>oculi</span> <span class='ocrx_word' id='word_1_420' title='bbox 1516 4655 1620 4722; x_wconf 85' lang='lat' dir='ltr'>tui,</span> <span class='ocrx_word' id='word_1_421' title='bbox 1671 4659 1729 4709; x_wconf 87' lang='lat' dir='ltr'>et</span> <span class='ocrx_word' id='word_1_422' title='bbox 1779 4656 1826 4708; x_wconf 91' lang='lat' dir='ltr'>si</span> <span class='ocrx_word' id='word_1_423' title='bbox 1857 4655 2128 4721; x_wconf 88' lang='lat' dir='ltr'>sentiunt,</span> 
     </span>
    </p>
   </div>
   <div class='ocr_carea' id='block_1_51' title="bbox 439 4743 2134 4816">
    <p class='ocr_par' dir='ltr' id='par_1_51' title="bbox 439 4743 2134 4816">
     <span class='ocr_line' id='line_1_51' title="bbox 439 4743 2134 4816; baseline 0.001 -18"><span class='ocrx_word' id='word_1_424' title='bbox 439 4744 639 4815; x_wconf 90' lang='lat' dir='ltr'>utique</span> <span class='ocrx_word' id='word_1_425' title='bbox 671 4745 1005 4814; x_wconf 89' lang='lat' dir='ltr'>patiuntur;</span> <span class='ocrx_word' id='word_1_426' title='bbox 1035 4761 1138 4799; x_wconf 90' lang='lat' dir='ltr'>nec</span> <span class='ocrx_word' id='word_1_427' title='bbox 1167 4749 1409 4815; x_wconf 90' lang='lat' dir='ltr'>possunt</span> <span class='ocrx_word' id='word_1_428' title='bbox 1455 4743 1536 4798; x_wconf 92' lang='lat' dir='ltr'>ibi</span> <span class='ocrx_word' id='word_1_429' title='bbox 1579 4743 1716 4813; x_wconf 90' lang='lat' dir='ltr'>pati,</span> <span class='ocrx_word' id='word_1_430' title='bbox 1741 4743 1837 4797; x_wconf 88' lang='lat' dir='ltr'>ubi</span> <span class='ocrx_word' id='word_1_431' title='bbox 1880 4744 1938 4798; x_wconf 92' lang='lat' dir='ltr'>id</span> <span class='ocrx_word' id='word_1_432' title='bbox 1982 4745 2134 4816; x_wconf 91' lang='lat' dir='ltr'>quod</span> 
     </span>
    </p>
   </div>
   <div class='ocr_carea' id='block_1_52' title="bbox 436 4832 2135 4904">
    <p class='ocr_par' dir='ltr' id='par_1_52' title="bbox 436 4832 2135 4904">
     <span class='ocr_line' id='line_1_52' title="bbox 436 4832 2135 4904; baseline 0.001 -18"><span class='ocrx_word' id='word_1_433' title='bbox 436 4833 754 4904; x_wconf 90' lang='lat' dir='ltr'>patiuntur,</span> <span class='ocrx_word' id='word_1_434' title='bbox 788 4848 903 4885; x_wconf 92' lang='lat' dir='ltr'>non</span> <span class='ocrx_word' id='word_1_435' title='bbox 932 4837 1051 4899; x_wconf 90' lang='lat' dir='ltr'>est;</span> <span class='ocrx_word' id='word_1_436' title='bbox 1085 4849 1188 4886; x_wconf 90' lang='lat' dir='ltr'>nec</span> <span class='ocrx_word' id='word_1_437' title='bbox 1208 4837 1400 4886; x_wconf 91' lang='lat' dir='ltr'>tamen</span> <span class='ocrx_word' id='word_1_438' title='bbox 1427 4832 1507 4887; x_wconf 87' lang='lat' dir='ltr'>ibi</span> <span class='ocrx_word' id='word_1_439' title='bbox 1528 4832 1781 4898; x_wconf 88' lang='lat' dir='ltr'>suntilli,</span> <span class='ocrx_word' id='word_1_440' title='bbox 1805 4833 1905 4886; x_wconf 90' lang='lat' dir='ltr'>ubi</span> <span class='ocrx_word' id='word_1_441' title='bbox 1930 4849 2135 4902; x_wconf 90' lang='lat' dir='ltr'>corpus</span> 
     </span>
    </p>
   </div>
   <div class='ocr_carea' id='block_1_53' title="bbox 440 4917 2134 4989">
    <p class='ocr_par' dir='ltr' id='par_1_53' title="bbox 440 4917 2134 4989">
     <span class='ocr_line' id='line_1_53' title="bbox 440 4917 2134 4989; baseline 0 -15"><span class='ocrx_word' id='word_1_442' title='bbox 440 4934 640 4974; x_wconf 88' lang='lat' dir='ltr'>meum</span> <span class='ocrx_word' id='word_1_443' title='bbox 672 4922 757 4972; x_wconf 90' lang='lat' dir='ltr'>est</span> <span class='ocrx_word' id='word_1_444' title='bbox 787 4933 801 4971; x_wconf 91' lang='lat'><strong>:</strong></span> <span class='ocrx_word' id='word_1_445' title='bbox 835 4917 1011 4988; x_wconf 89' lang='lat' dir='ltr'>igitur</span> <span class='ocrx_word' id='word_1_446' title='bbox 1035 4918 1114 4972; x_wconf 89' lang='lat' dir='ltr'>ibi</span> <span class='ocrx_word' id='word_1_447' title='bbox 1145 4919 1447 4989; x_wconf 90' lang='lat' dir='ltr'>patiuntur</span> <span class='ocrx_word' id='word_1_448' title='bbox 1475 4918 1574 4972; x_wconf 90' lang='lat' dir='ltr'>ubi</span> <span class='ocrx_word' id='word_1_449' title='bbox 1606 4935 1721 4972; x_wconf 90' lang='lat' dir='ltr'>non</span> <span class='ocrx_word' id='word_1_450' title='bbox 1753 4924 1903 4974; x_wconf 90' lang='lat' dir='ltr'>sunt.</span> <span class='ocrx_word' id='word_1_451' title='bbox 1926 4922 1990 4974; x_wconf 90' lang='lat' dir='ltr'>E.</span> <span class='ocrx_word' id='word_1_452' title='bbox 2018 4920 2134 4989; x_wconf 86' lang='lat' dir='ltr'>Ego</span> 
     </span>
    </p>
   </div>
   <div class='ocr_carea' id='block_1_54' title="bbox 441 5005 2136 5080">
    <p class='ocr_par' dir='ltr' id='par_1_54' title="bbox 441 5005 2136 5080">
     <span class='ocr_line' id='line_1_54' title="bbox 441 5005 2136 5080; baseline 0.001 -18"><span class='ocrx_word' id='word_1_453' title='bbox 441 5007 680 5080; x_wconf 90' lang='lat' dir='ltr'>quidem</span> <span class='ocrx_word' id='word_1_454' title='bbox 714 5005 813 5060; x_wconf 90' lang='lat' dir='ltr'>illa</span> <span class='ocrx_word' id='word_1_455' title='bbox 845 5007 1039 5060; x_wconf 88' lang='lat' dir='ltr'>omnia</span> <span class='ocrx_word' id='word_1_456' title='bbox 1069 5007 1343 5076; x_wconf 90' lang='lat' dir='ltr'>concessi,</span> <span class='ocrx_word' id='word_1_457' title='bbox 1375 5024 1503 5078; x_wconf 60' lang='lat' dir='ltr'>quae</span> <span class='ocrx_word' id='word_1_458' title='bbox 1536 5023 1649 5061; x_wconf 92' lang='lat' dir='ltr'>non</span> <span class='ocrx_word' id='word_1_459' title='bbox 1697 5009 2003 5062; x_wconf 90' lang='lat' dir='ltr'>concedere</span> <span class='ocrx_word' id='word_1_460' title='bbox 2043 5009 2136 5063; x_wconf 86' lang='lat' dir='ltr'>ab-</span> 
     </span>
    </p>
   </div>
   <div class='ocr_carea' id='block_1_55' title="bbox 442 5093 2135 5167">
    <p class='ocr_par' dir='ltr' id='par_1_55' title="bbox 442 5093 2135 5167">
     <span class='ocr_line' id='line_1_55' title="bbox 442 5093 2135 5167; baseline -0.001 -15"><span class='ocrx_word' id='word_1_461' title='bbox 442 5097 680 5152; x_wconf 91' lang='lat' dir='ltr'>surdum</span> <span class='ocrx_word' id='word_1_462' title='bbox 711 5093 977 5149; x_wconf 83' lang='lat' dir='ltr'>videbam</span> <span class='ocrx_word' id='word_1_463' title='bbox 1002 5111 1014 5148; x_wconf 91' lang='lat'><strong>:</strong></span> <span class='ocrx_word' id='word_1_464' title='bbox 1049 5095 1146 5148; x_wconf 91' lang='lat' dir='ltr'>sed</span> <span class='ocrx_word' id='word_1_465' title='bbox 1175 5096 1285 5149; x_wconf 92' lang='lat' dir='ltr'>hoc</span> <span class='ocrx_word' id='word_1_466' title='bbox 1310 5095 1576 5150; x_wconf 87' lang='lat' dir='ltr'>ultimum</span> <span class='ocrx_word' id='word_1_467' title='bbox 1611 5097 1763 5167; x_wconf 90' lang='lat' dir='ltr'>quod</span> <span class='ocrx_word' id='word_1_468' title='bbox 1795 5113 1858 5150; x_wconf 85' lang='lat' dir='ltr'>ex</span> <span class='ocrx_word' id='word_1_469' title='bbox 1887 5096 1972 5150; x_wconf 90' lang='lat' dir='ltr'>his</span> <span class='ocrx_word' id='word_1_470' title='bbox 2001 5113 2135 5150; x_wconf 88' lang='lat' dir='ltr'>con-</span> 
     </span>
    </p>
   </div>
   <div class='ocr_carea' id='block_1_56' title="bbox 440 5183 2138 5255">
    <p class='ocr_par' dir='ltr' id='par_1_56' title="bbox 440 5183 2138 5255">
     <span class='ocr_line' id='line_1_56' title="bbox 440 5183 2138 5255; baseline -0.002 -14"><span class='ocrx_word' id='word_1_471' title='bbox 440 5188 653 5242; x_wconf 87' lang='lat' dir='ltr'>fectum</span> <span class='ocrx_word' id='word_1_472' title='bbox 683 5188 788 5251; x_wconf 90' lang='lat' dir='ltr'>est,</span> <span class='ocrx_word' id='word_1_473' title='bbox 817 5183 895 5238; x_wconf 88' lang='lat' dir='ltr'>ita</span> <span class='ocrx_word' id='word_1_474' title='bbox 917 5187 1000 5237; x_wconf 90' lang='lat' dir='ltr'>est</span> <span class='ocrx_word' id='word_1_475' title='bbox 1028 5183 1350 5250; x_wconf 89' lang='lat' dir='ltr'>absurdius,</span> <span class='ocrx_word' id='word_1_476' title='bbox 1373 5189 1438 5238; x_wconf 90' lang='lat' dir='ltr'>ut</span> <span class='ocrx_word' id='word_1_477' title='bbox 1462 5184 1688 5238; x_wconf 89' lang='lat' dir='ltr'>illorum</span> <span class='ocrx_word' id='word_1_478' title='bbox 1710 5185 1899 5254; x_wconf 90' lang='lat' dir='ltr'>potius</span> <span class='ocrx_word' id='word_1_479' title='bbox 1921 5183 2138 5255; x_wconf 89' lang='lat' dir='ltr'>aliquid</span> 
     </span>
    </p>
   </div>
   <div class='ocr_carea' id='block_1_57' title="bbox 442 5272 2136 5342">
    <p class='ocr_par' dir='ltr' id='par_1_57' title="bbox 442 5272 2136 5342">
     <span class='ocr_line' id='line_1_57' title="bbox 442 5272 2136 5342; baseline -0.002 -13"><span class='ocrx_word' id='word_1_480' title='bbox 442 5281 657 5330; x_wconf 87' lang='lat' dir='ltr'>temere</span> <span class='ocrx_word' id='word_1_481' title='bbox 687 5290 778 5328; x_wconf 92' lang='lat' dir='ltr'>me</span> <span class='ocrx_word' id='word_1_482' title='bbox 802 5272 1044 5337; x_wconf 89' lang='lat' dir='ltr'>dedisse,</span> <span class='ocrx_word' id='word_1_483' title='bbox 1111 5288 1285 5342; x_wconf 91' lang='lat' dir='ltr'>quam</span> <span class='ocrx_word' id='word_1_484' title='bbox 1333 5273 1441 5326; x_wconf 87' lang='lat' dir='ltr'>hoc</span> <span class='ocrx_word' id='word_1_485' title='bbox 1491 5289 1693 5327; x_wconf 90' lang='lat' dir='ltr'>verum</span> <span class='ocrx_word' id='word_1_486' title='bbox 1741 5290 1861 5327; x_wconf 89' lang='lat' dir='ltr'>esse</span> <span class='ocrx_word' id='word_1_487' title='bbox 1895 5289 2136 5326; x_wconf 89' lang='lat' dir='ltr'>conson-</span> 
     </span>
    </p>
   </div>
   <div class='ocr_carea' id='block_1_58' title="bbox 439 5361 2137 5432">
    <p class='ocr_par' dir='ltr' id='par_1_58' title="bbox 439 5361 2137 5432">
     <span class='ocr_line' id='line_1_58' title="bbox 439 5361 2137 5432; baseline -0.001 -14"><span class='ocrx_word' id='word_1_488' title='bbox 439 5365 619 5419; x_wconf 89' lang='lat' dir='ltr'>tiam:</span> <span class='ocrx_word' id='word_1_489' title='bbox 649 5379 782 5418; x_wconf 87' lang='lat' dir='ltr'>nam</span> <span class='ocrx_word' id='word_1_490' title='bbox 815 5362 1004 5417; x_wconf 91' lang='lat' dir='ltr'>oculos</span> <span class='ocrx_word' id='word_1_491' title='bbox 1035 5377 1190 5414; x_wconf 90' lang='lat' dir='ltr'>meos</span> <span class='ocrx_word' id='word_1_492' title='bbox 1228 5361 1308 5414; x_wconf 90' lang='lat' dir='ltr'>ibi</span> <span class='ocrx_word' id='word_1_493' title='bbox 1351 5361 1564 5416; x_wconf 88' lang='lat' dir='ltr'>sentire</span> <span class='ocrx_word' id='word_1_494' title='bbox 1599 5361 1700 5416; x_wconf 90' lang='lat' dir='ltr'>ubi</span> <span class='ocrx_word' id='word_1_495' title='bbox 1729 5378 1847 5417; x_wconf 91' lang='lat' dir='ltr'>non</span> <span class='ocrx_word' id='word_1_496' title='bbox 1877 5365 2031 5432; x_wconf 91' lang='lat' dir='ltr'>sunt,</span> <span class='ocrx_word' id='word_1_497' title='bbox 2065 5379 2137 5417; x_wconf 88' lang='lat' dir='ltr'>ne</span> 
     </span>
    </p>
   </div>
   <div class='ocr_carea' id='block_1_59' title="bbox 437 5449 2138 5523">
    <p class='ocr_par' dir='ltr' id='par_1_59' title="bbox 437 5449 2138 5523">
     <span class='ocr_line' id='line_1_59' title="bbox 437 5449 2138 5523; baseline -0.001 -17"><span class='ocrx_word' id='word_1_498' title='bbox 437 5453 501 5506; x_wconf 90' lang='lat' dir='ltr'>in</span> <span class='ocrx_word' id='word_1_499' title='bbox 532 5453 743 5506; x_wconf 90' lang='lat' dir='ltr'>somnis</span> <span class='ocrx_word' id='word_1_500' title='bbox 773 5451 1009 5523; x_wconf 91' lang='lat' dir='ltr'>quidem</span> <span class='ocrx_word' id='word_1_501' title='bbox 1035 5449 1220 5503; x_wconf 87' lang='lat' dir='ltr'>dicere</span> <span class='ocrx_word' id='word_1_502' title='bbox 1254 5449 1541 5504; x_wconf 87' lang='lat' dir='ltr'>auderem.</span> <span class='ocrx_word' id='word_1_503' title='bbox 1579 5452 1644 5506; x_wconf 86' lang='lat'>4.</span> <span class='ocrx_word' id='word_1_504' title='bbox 1675 5451 1813 5506; x_wconf 79' lang='lat' dir='ltr'>Vide</span> <span class='ocrx_word' id='word_1_505' title='bbox 1841 5450 2018 5521; x_wconf 88' lang='lat' dir='ltr'>igitur</span> <span class='ocrx_word' id='word_1_506' title='bbox 2037 5451 2138 5506; x_wconf 90' lang='lat' dir='ltr'>ubi</span> 
     </span>
    </p>
   </div>
   <div class='ocr_carea' id='block_1_60' title="bbox 443 5536 2138 5614">
    <p class='ocr_par' dir='ltr' id='par_1_60' title="bbox 443 5536 2138 5614">
     <span class='ocr_line' id='line_1_60' title="bbox 443 5536 2138 5614; baseline -0.001 -19"><span class='ocrx_word' id='word_1_507' title='bbox 443 5539 822 5596; x_wconf 88' lang='lat' dir='ltr'>obdormieris</span> <span class='ocrx_word' id='word_1_508' title='bbox 853 5558 866 5596; x_wconf 88' lang='lat'><strong>:</strong></span> <span class='ocrx_word' id='word_1_509' title='bbox 900 5539 1041 5614; x_wconf 89' lang='lat' dir='ltr'>quid</span> <span class='ocrx_word' id='word_1_510' title='bbox 1070 5536 1222 5594; x_wconf 87' lang='lat' dir='ltr'>enim</span> <span class='ocrx_word' id='word_1_511' title='bbox 1253 5537 1360 5594; x_wconf 90' lang='lat' dir='ltr'>tibi</span> <span class='ocrx_word' id='word_1_512' title='bbox 1405 5539 1639 5595; x_wconf 85' lang='lat' dir='ltr'>tandem</span> <span class='ocrx_word' id='word_1_513' title='bbox 1688 5540 2011 5595; x_wconf 88' lang='lat' dir='ltr'>elaberetur</span> <span class='ocrx_word' id='word_1_514' title='bbox 2041 5539 2138 5594; x_wconf 85' lang='lat' dir='ltr'>in-</span> 
     </span>
    </p>
   </div>
   <div class='ocr_carea' id='block_1_61' title="bbox 1453 299 3848 369">
    <p class='ocr_par' dir='ltr' id='par_1_61' title="bbox 1453 299 3848 369">
     <span class='ocr_line' id='line_1_61' title="bbox 1453 299 3848 369; baseline -0 -11"><span class='ocrx_word' id='word_1_515' title='bbox 1453 305 1546 359; x_wconf 86' lang='lat' dir='ltr'><strong>DE</strong></span> <span class='ocrx_word' id='word_1_516' title='bbox 1586 301 2044 369; x_wconf 82' lang='lat' dir='ltr'>QUANTITATE</span> <span class='ocrx_word' id='word_1_517' title='bbox 2083 301 2368 368; x_wconf 66' lang='lat' dir='ltr'>ANIMAE,</span> <span class='ocrx_word' id='word_1_518' title='bbox 2412 300 2466 356; x_wconf 90' lang='lat' dir='ltr'>S.</span> <span class='ocrx_word' id='word_1_519' title='bbox 2508 299 2898 357; x_wconf 82' lang='lat' dir='ltr'>AUGUSTINI</span> <span class='ocrx_word' id='word_1_520' title='bbox 3751 306 3848 359; x_wconf 78' lang='lat' dir='ltr'><strong>l060</strong></span> 
     </span>
    </p>
   </div>
   <div class='ocr_carea' id='block_1_62' title="bbox 2231 417 3850 492">
    <p class='ocr_par' dir='ltr' id='par_1_62' title="bbox 2231 417 3850 492">
     <span class='ocr_line' id='line_1_62' title="bbox 2231 417 3850 492; baseline 0.003 -16"><span class='ocrx_word' id='word_1_521' title='bbox 2231 422 2474 489; x_wconf 88' lang='lat' dir='ltr'>cautius,</span> <span class='ocrx_word' id='word_1_522' title='bbox 2505 421 2552 476; x_wconf 91' lang='lat' dir='ltr'>si</span> <span class='ocrx_word' id='word_1_523' title='bbox 2581 426 2647 476; x_wconf 91' lang='lat' dir='ltr'>ut</span> <span class='ocrx_word' id='word_1_524' title='bbox 2674 422 2849 492; x_wconf 87' lang='lat' dir='ltr'>paulo</span> <span class='ocrx_word' id='word_1_525' title='bbox 2890 424 3020 475; x_wconf 88' lang='lat' dir='ltr'>ante</span> <span class='ocrx_word' id='word_1_526' title='bbox 3052 420 3319 492; x_wconf 87' lang='lat' dir='ltr'>vigilares</span> <span class='ocrx_word' id='word_1_527' title='bbox 3338 424 3368 475; x_wconf 84' lang='lat'>?</span> <span class='ocrx_word' id='word_1_528' title='bbox 3395 425 3457 477; x_wconf 87' lang='grc' dir='ltr'>Ε.</span> <span class='ocrx_word' id='word_1_529' title='bbox 3507 417 3767 479; x_wconf 59' lang='grc' dir='ltr'>Εῐιὶιηήιο</span> <span class='ocrx_word' id='word_1_530' title='bbox 3797 429 3850 481; x_wconf 89' lang='lat' dir='ltr'>id-</span> 
     </span>
    </p>
   </div>
   <div class='ocr_carea' id='block_1_63' title="bbox 2231 511 3852 582">
    <p class='ocr_par' dir='ltr' id='par_1_63' title="bbox 2231 511 3852 582">
     <span class='ocr_line' id='line_1_63' title="bbox 2231 511 3852 582; baseline 0.003 -19"><span class='ocrx_word' id='word_1_531' title='bbox 2231 511 2421 582; x_wconf 88' lang='lat' dir='ltr'>ipsum</span> <span class='ocrx_word' id='word_1_532' title='bbox 2449 527 2675 566; x_wconf 90' lang='lat' dir='ltr'>mecum</span> <span class='ocrx_word' id='word_1_533' title='bbox 2706 511 2904 564; x_wconf 91' lang='lat' dir='ltr'>sedulo</span> <span class='ocrx_word' id='word_1_534' title='bbox 2936 514 3219 580; x_wconf 89' lang='lat' dir='ltr'>pertracto</span> <span class='ocrx_word' id='word_1_535' title='bbox 3262 527 3326 564; x_wconf 90' lang='lat' dir='ltr'>ac</span> <span class='ocrx_word' id='word_1_536' title='bbox 3374 513 3588 566; x_wconf 88' lang='lat' dir='ltr'>revolvo</span> <span class='ocrx_word' id='word_1_537' title='bbox 3615 531 3630 565; x_wconf 91' lang='lat'><strong><em>:</em></strong></span> <span class='ocrx_word' id='word_1_538' title='bbox 3660 514 3778 568; x_wconf 85' lang='lat' dir='ltr'>nihil</span> <span class='ocrx_word' id='word_1_539' title='bbox 3797 520 3852 568; x_wconf 73' lang='lat' dir='ltr'>ta~</span> 
     </span>
    </p>
   </div>
   <div class='ocr_carea' id='block_1_64' title="bbox 2232 599 3852 670">
    <p class='ocr_par' dir='ltr' id='par_1_64' title="bbox 2232 599 3852 670">
     <span class='ocr_line' id='line_1_64' title="bbox 2232 599 3852 670; baseline 0.002 -18"><span class='ocrx_word' id='word_1_540' title='bbox 2232 616 2364 652; x_wconf 89' lang='lat' dir='ltr'>men</span> <span class='ocrx_word' id='word_1_541' title='bbox 2422 600 2606 653; x_wconf 87' lang='lat' dir='ltr'>elucet</span> <span class='ocrx_word' id='word_1_542' title='bbox 2653 599 2809 666; x_wconf 88' lang='lat' dir='ltr'>satis,</span> <span class='ocrx_word' id='word_1_543' title='bbox 2851 599 3008 670; x_wconf 90' lang='lat' dir='ltr'>quod</span> <span class='ocrx_word' id='word_1_544' title='bbox 3063 614 3155 652; x_wconf 90' lang='lat' dir='ltr'>me</span> <span class='ocrx_word' id='word_1_545' title='bbox 3201 599 3421 652; x_wconf 90' lang='lat' dir='ltr'>dedisse</span> <span class='ocrx_word' id='word_1_546' title='bbox 3477 600 3735 670; x_wconf 63' lang='lat' dir='ltr'>poeniteat,</span> <span class='ocrx_word' id='word_1_547' title='bbox 3774 603 3852 656; x_wconf 84' lang='lat' dir='ltr'>nisi</span> 
     </span>
    </p>
   </div>
   <div class='ocr_carea' id='block_1_65' title="bbox 2231 677 3850 758">
    <p class='ocr_par' dir='ltr' id='par_1_65' title="bbox 2231 677 3850 758">
     <span class='ocr_line' id='line_1_65' title="bbox 2231 677 3850 758; baseline 0.001 -17"><span class='ocrx_word' id='word_1_548' title='bbox 2231 687 2375 741; x_wconf 88' lang='lat' dir='ltr'>forte</span> <span class='ocrx_word' id='word_1_549' title='bbox 2406 687 2568 754; x_wconf 90' lang='lat' dir='ltr'>illud,</span> <span class='ocrx_word' id='word_1_550' title='bbox 2603 687 2756 758; x_wconf 91' lang='lat' dir='ltr'>quod</span> <span class='ocrx_word' id='word_1_551' title='bbox 2783 686 2933 740; x_wconf 90' lang='lat' dir='ltr'>oculi</span> <span class='ocrx_word' id='word_1_552' title='bbox 2965 687 3143 740; x_wconf 91' lang='lat' dir='ltr'>nostri</span> <span class='ocrx_word' id='word_1_553' title='bbox 3172 685 3425 740; x_wconf 89' lang='lat' dir='ltr'>sentiunt</span> <span class='ocrx_word' id='word_1_554' title='bbox 3473 703 3595 740; x_wconf 90' lang='lat' dir='ltr'>cum</span> <span class='ocrx_word' id='word_1_555' title='bbox 3620 677 3850 743; x_wconf 82' lang='lat' dir='ltr'>videmus:</span> 
     </span>
    </p>
   </div>
   <div class='ocr_carea' id='block_1_66' title="bbox 2231 774 3852 846">
    <p class='ocr_par' dir='ltr' id='par_1_66' title="bbox 2231 774 3852 846">
     <span class='ocr_line' id='line_1_66' title="bbox 2231 774 3852 846; baseline 0.001 -18"><span class='ocrx_word' id='word_1_556' title='bbox 2231 775 2385 829; x_wconf 91' lang='lat' dir='ltr'>visus</span> <span class='ocrx_word' id='word_1_557' title='bbox 2418 792 2665 846; x_wconf 89' lang='lat' dir='ltr'>namque</span> <span class='ocrx_word' id='word_1_558' title='bbox 2695 775 2819 845; x_wconf 89' lang='lat' dir='ltr'>ipse</span> <span class='ocrx_word' id='word_1_559' title='bbox 2850 774 3089 829; x_wconf 89' lang='lat' dir='ltr'>forsitan</span> <span class='ocrx_word' id='word_1_560' title='bbox 3119 775 3308 828; x_wconf 89' lang='lat' dir='ltr'>sentit.</span> <span class='ocrx_word' id='word_1_561' title='bbox 3354 777 3427 827; x_wconf 87' lang='lat'>.4.</span> <span class='ocrx_word' id='word_1_562' title='bbox 3460 775 3574 829; x_wconf 90' lang='lat' dir='ltr'>Imo</span> <span class='ocrx_word' id='word_1_563' title='bbox 3602 776 3672 828; x_wconf 87' lang='lat' dir='ltr'>ita</span> <span class='ocrx_word' id='word_1_564' title='bbox 3697 783 3798 830; x_wconf 86' lang='lat' dir='ltr'>est:</span> <span class='ocrx_word' id='word_1_565' title='bbox 3822 779 3852 830; x_wconf 89' lang='lat' dir='ltr'>is</span> 
     </span>
    </p>
   </div>
   <div class='ocr_carea' id='block_1_67' title="bbox 2232 863 3852 934">
    <p class='ocr_par' dir='ltr' id='par_1_67' title="bbox 2232 863 3852 934">
     <span class='ocr_line' id='line_1_67' title="bbox 2232 863 3852 934; baseline 0 -16"><span class='ocrx_word' id='word_1_566' title='bbox 2232 863 2390 918; x_wconf 91' lang='lat' dir='ltr'>enim</span> <span class='ocrx_word' id='word_1_567' title='bbox 2419 880 2476 917; x_wconf 90' lang='lat' dir='ltr'>se</span> <span class='ocrx_word' id='word_1_568' title='bbox 2504 864 2652 917; x_wconf 91' lang='lat' dir='ltr'>foras</span> <span class='ocrx_word' id='word_1_569' title='bbox 2681 863 2943 934; x_wconf 88' lang='lat' dir='ltr'>porrigit,</span> <span class='ocrx_word' id='word_1_570' title='bbox 2991 868 3048 917; x_wconf 90' lang='lat' dir='ltr'>et</span> <span class='ocrx_word' id='word_1_571' title='bbox 3095 879 3197 933; x_wconf 90' lang='lat' dir='ltr'>per</span> <span class='ocrx_word' id='word_1_572' title='bbox 3225 863 3417 918; x_wconf 91' lang='lat' dir='ltr'>oculos</span> <span class='ocrx_word' id='word_1_573' title='bbox 3466 863 3657 917; x_wconf 83' lang='lat' dir='ltr'>emicat</span> <span class='ocrx_word' id='word_1_574' title='bbox 3682 865 3852 934; x_wconf 82' lang='lat' dir='ltr'>longius</span> 
     </span>
    </p>
   </div>
   <div class='ocr_carea' id='block_1_68' title="bbox 2233 951 3853 1023">
    <p class='ocr_par' dir='ltr' id='par_1_68' title="bbox 2233 951 3853 1023">
     <span class='ocr_line' id='line_1_68' title="bbox 2233 951 3853 1023; baseline 0.002 -18"><span class='ocrx_word' id='word_1_575' title='bbox 2233 967 2699 1023; x_wconf 89' lang='lat' dir='ltr'>quaquaversum</span> <span class='ocrx_word' id='word_1_576' title='bbox 2730 955 2917 1021; x_wconf 88' lang='lat' dir='ltr'>potest</span> <span class='ocrx_word' id='word_1_577' title='bbox 2945 951 3188 1005; x_wconf 90' lang='lat' dir='ltr'>lustrare</span> <span class='ocrx_word' id='word_1_578' title='bbox 3218 951 3374 1022; x_wconf 91' lang='lat' dir='ltr'>quod</span> <span class='ocrx_word' id='word_1_579' title='bbox 3408 951 3693 1006; x_wconf 87' lang='lat' dir='ltr'>cernimus.</span> <span class='ocrx_word' id='word_1_580' title='bbox 3742 955 3853 1009; x_wconf 79' lang='lat' dir='ltr'>Unde</span> 
     </span>
    </p>
   </div>
   <div class='ocr_carea' id='block_1_69' title="bbox 2232 1039 3854 1111">
    <p class='ocr_par' dir='ltr' id='par_1_69' title="bbox 2232 1039 3854 1111">
     <span class='ocr_line' id='line_1_69' title="bbox 2232 1039 3854 1111; baseline 0.001 -17"><span class='ocrx_word' id='word_1_581' title='bbox 2232 1040 2296 1094; x_wconf 88' lang='lat' dir='ltr'>ﬁt</span> <span class='ocrx_word' id='word_1_582' title='bbox 2325 1044 2389 1094; x_wconf 89' lang='lat' dir='ltr'>ut</span> <span class='ocrx_word' id='word_1_583' title='bbox 2427 1039 2504 1094; x_wconf 91' lang='lat' dir='ltr'>ibi</span> <span class='ocrx_word' id='word_1_584' title='bbox 2533 1040 2726 1109; x_wconf 86' lang='lat' dir='ltr'>potius</span> <span class='ocrx_word' id='word_1_585' title='bbox 2754 1039 2962 1104; x_wconf 87' lang='lat' dir='ltr'>videat,</span> <span class='ocrx_word' id='word_1_586' title='bbox 2997 1039 3096 1094; x_wconf 88' lang='lat' dir='ltr'>ubi</span> <span class='ocrx_word' id='word_1_587' title='bbox 3152 1043 3236 1094; x_wconf 90' lang='lat' dir='ltr'>est</span> <span class='ocrx_word' id='word_1_588' title='bbox 3281 1040 3342 1094; x_wconf 92' lang='lat' dir='ltr'>id</span> <span class='ocrx_word' id='word_1_589' title='bbox 3395 1040 3545 1111; x_wconf 90' lang='lat' dir='ltr'>quod</span> <span class='ocrx_word' id='word_1_590' title='bbox 3586 1039 3738 1109; x_wconf 89' lang='lat' dir='ltr'>videt,</span> <span class='ocrx_word' id='word_1_591' title='bbox 3772 1058 3854 1095; x_wconf 91' lang='lat' dir='ltr'>non</span> 
     </span>
    </p>
   </div>
   <div class='ocr_carea' id='block_1_70' title="bbox 2231 1129 3853 1200">
    <p class='ocr_par' dir='ltr' id='par_1_70' title="bbox 2231 1129 3853 1200">
     <span class='ocr_line' id='line_1_70' title="bbox 2231 1129 3853 1200; baseline 0.001 -16"><span class='ocrx_word' id='word_1_592' title='bbox 2231 1131 2385 1184; x_wconf 89' lang='lat' dir='ltr'>unde</span> <span class='ocrx_word' id='word_1_593' title='bbox 2417 1129 2666 1200; x_wconf 91' lang='lat' dir='ltr'>erumpit</span> <span class='ocrx_word' id='word_1_594' title='bbox 2690 1134 2753 1183; x_wconf 89' lang='lat' dir='ltr'>ut</span> <span class='ocrx_word' id='word_1_595' title='bbox 2779 1129 2986 1184; x_wconf 89' lang='lat' dir='ltr'>videat.</span> <span class='ocrx_word' id='word_1_596' title='bbox 3021 1131 3142 1183; x_wconf 84' lang='lat' dir='ltr'>Non</span> <span class='ocrx_word' id='word_1_597' title='bbox 3187 1146 3292 1200; x_wconf 89' lang='lat' dir='ltr'>ego</span> <span class='ocrx_word' id='word_1_598' title='bbox 3337 1133 3401 1184; x_wconf 92' lang='lat' dir='ltr'>tu</span> <span class='ocrx_word' id='word_1_599' title='bbox 3450 1130 3619 1197; x_wconf 90' lang='lat' dir='ltr'>vides,</span> <span class='ocrx_word' id='word_1_600' title='bbox 3663 1147 3769 1184; x_wconf 90' lang='lat' dir='ltr'>cum</span> <span class='ocrx_word' id='word_1_601' title='bbox 3792 1149 3853 1186; x_wconf 86' lang='lat' dir='ltr'>me</span> 
     </span>
    </p>
   </div>
   <div class='ocr_carea' id='block_1_71' title="bbox 2233 1217 3851 1289">
    <p class='ocr_par' dir='ltr' id='par_1_71' title="bbox 2233 1217 3851 1289">
     <span class='ocr_line' id='line_1_71' title="bbox 2233 1217 3851 1289; baseline 0.001 -19"><span class='ocrx_word' id='word_1_602' title='bbox 2233 1217 2387 1271; x_wconf 82' lang='lat' dir='ltr'>vides</span> <span class='ocrx_word' id='word_1_603' title='bbox 2405 1219 2434 1271; x_wconf 86' lang='lat'>?</span> <span class='ocrx_word' id='word_1_604' title='bbox 2461 1221 2524 1271; x_wconf 88' lang='grc' dir='ltr'>Ε.</span> <span class='ocrx_word' id='word_1_605' title='bbox 2554 1217 2688 1281; x_wconf 91' lang='lat' dir='ltr'>Quis</span> <span class='ocrx_word' id='word_1_606' title='bbox 2713 1219 2819 1271; x_wconf 90' lang='lat' dir='ltr'>hoc</span> <span class='ocrx_word' id='word_1_607' title='bbox 2834 1217 3070 1271; x_wconf 88' lang='lat' dir='ltr'>insanus</span> <span class='ocrx_word' id='word_1_608' title='bbox 3085 1218 3337 1271; x_wconf 82' lang='lat' dir='ltr'>dixerit?</span> <span class='ocrx_word' id='word_1_609' title='bbox 3355 1219 3584 1272; x_wconf 90' lang='lat' dir='ltr'>omnino</span> <span class='ocrx_word' id='word_1_610' title='bbox 3608 1236 3700 1289; x_wconf 88' lang='lat' dir='ltr'>ego</span> <span class='ocrx_word' id='word_1_611' title='bbox 3723 1220 3851 1282; x_wconf 86' lang='lat' dir='ltr'>video,</span> 
     </span>
    </p>
   </div>
   <div class='ocr_carea' id='block_1_72' title="bbox 2233 1306 3851 1376">
    <p class='ocr_par' dir='ltr' id='par_1_72' title="bbox 2233 1306 3851 1376">
     <span class='ocr_line' id='line_1_72' title="bbox 2233 1306 3851 1376; baseline 0.001 -17"><span class='ocrx_word' id='word_1_612' title='bbox 2233 1307 2330 1360; x_wconf 93' lang='lat' dir='ltr'>sed</span> <span class='ocrx_word' id='word_1_613' title='bbox 2360 1306 2565 1360; x_wconf 90' lang='lat' dir='ltr'>emisso</span> <span class='ocrx_word' id='word_1_614' title='bbox 2589 1306 2713 1360; x_wconf 90' lang='lat' dir='ltr'>visu</span> <span class='ocrx_word' id='word_1_615' title='bbox 2750 1322 2854 1376; x_wconf 88' lang='lat' dir='ltr'>per</span> <span class='ocrx_word' id='word_1_616' title='bbox 2893 1307 3085 1360; x_wconf 89' lang='lat' dir='ltr'>oculos</span> <span class='ocrx_word' id='word_1_617' title='bbox 3115 1306 3302 1360; x_wconf 91' lang='lat' dir='ltr'>video.</span> <span class='ocrx_word' id='word_1_618' title='bbox 3336 1311 3410 1360; x_wconf 84' lang='grc' dir='ltr'>Α.</span> <span class='ocrx_word' id='word_1_619' title='bbox 3443 1311 3514 1360; x_wconf 82' lang='lat' dir='ltr'>At</span> <span class='ocrx_word' id='word_1_620' title='bbox 3556 1307 3599 1360; x_wconf 91' lang='lat' dir='ltr'>si</span> <span class='ocrx_word' id='word_1_621' title='bbox 3643 1313 3699 1361; x_wconf 91' lang='lat' dir='ltr'>tu</span> <span class='ocrx_word' id='word_1_622' title='bbox 3723 1308 3851 1371; x_wconf 84' lang='lat' dir='ltr'>vides,</span> 
     </span>
    </p>
   </div>
   <div class='ocr_carea' id='block_1_73' title="bbox 2232 1393 3853 1466">
    <p class='ocr_par' dir='ltr' id='par_1_73' title="bbox 2232 1393 3853 1466">
     <span class='ocr_line' id='line_1_73' title="bbox 2232 1393 3853 1466; baseline 0.001 -18"><span class='ocrx_word' id='word_1_623' title='bbox 2232 1399 2293 1448; x_wconf 92' lang='lat' dir='ltr'>tu</span> <span class='ocrx_word' id='word_1_624' title='bbox 2328 1394 2538 1461; x_wconf 87' lang='lat' dir='ltr'>sentis;</span> <span class='ocrx_word' id='word_1_625' title='bbox 2569 1393 2618 1448; x_wconf 92' lang='lat' dir='ltr'>si</span> <span class='ocrx_word' id='word_1_626' title='bbox 2646 1405 2710 1448; x_wconf 84' lang='lat' dir='ltr'>tu</span> <span class='ocrx_word' id='word_1_627' title='bbox 2739 1395 2935 1458; x_wconf 89' lang='lat' dir='ltr'>sentis,</span> <span class='ocrx_word' id='word_1_628' title='bbox 2978 1399 3042 1448; x_wconf 85' lang='lat' dir='ltr'>tu</span> <span class='ocrx_word' id='word_1_629' title='bbox 3071 1395 3280 1466; x_wconf 86' lang='lat' dir='ltr'>pateris</span> <span class='ocrx_word' id='word_1_630' title='bbox 3305 1412 3318 1461; x_wconf 93' lang='lat'>;</span> <span class='ocrx_word' id='word_1_631' title='bbox 3371 1412 3472 1449; x_wconf 91' lang='lat' dir='ltr'>nec</span> <span class='ocrx_word' id='word_1_632' title='bbox 3499 1400 3651 1465; x_wconf 89' lang='lat' dir='ltr'>potes</span> <span class='ocrx_word' id='word_1_633' title='bbox 3677 1396 3744 1449; x_wconf 89' lang='lat' dir='ltr'>ibi</span> <span class='ocrx_word' id='word_1_634' title='bbox 3767 1397 3853 1465; x_wconf 84' lang='lat' dir='ltr'>pati</span> 
     </span>
    </p>
   </div>
   <div class='ocr_carea' id='block_1_74' title="bbox 2235 1482 3856 1554">
    <p class='ocr_par' dir='ltr' id='par_1_74' title="bbox 2235 1482 3856 1554">
     <span class='ocr_line' id='line_1_74' title="bbox 2235 1482 3856 1554; baseline 0.001 -20"><span class='ocrx_word' id='word_1_635' title='bbox 2235 1482 2469 1553; x_wconf 86' lang='lat' dir='ltr'>aliquid,</span> <span class='ocrx_word' id='word_1_636' title='bbox 2521 1483 2618 1536; x_wconf 88' lang='lat' dir='ltr'>ubi</span> <span class='ocrx_word' id='word_1_637' title='bbox 2676 1498 2793 1536; x_wconf 92' lang='lat' dir='ltr'>non</span> <span class='ocrx_word' id='word_1_638' title='bbox 2847 1498 2940 1536; x_wconf 87' lang='lat' dir='ltr'>es:</span> <span class='ocrx_word' id='word_1_639' title='bbox 2984 1482 3065 1536; x_wconf 89' lang='lat' dir='ltr'>ibi</span> <span class='ocrx_word' id='word_1_640' title='bbox 3115 1487 3307 1537; x_wconf 90' lang='lat' dir='ltr'>autem</span> <span class='ocrx_word' id='word_1_641' title='bbox 3354 1499 3445 1538; x_wconf 88' lang='lat' dir='ltr'>me</span> <span class='ocrx_word' id='word_1_642' title='bbox 3476 1483 3640 1550; x_wconf 89' lang='lat' dir='ltr'>vides,</span> <span class='ocrx_word' id='word_1_643' title='bbox 3669 1483 3751 1537; x_wconf 86' lang='lat' dir='ltr'>ubi</span> <span class='ocrx_word' id='word_1_644' title='bbox 3781 1501 3856 1554; x_wconf 81' lang='lat' dir='ltr'>ego</span> 
     </span>
    </p>
   </div>
   <div class='ocr_carea' id='block_1_75' title="bbox 2235 1571 3854 1642">
    <p class='ocr_par' dir='ltr' id='par_1_75' title="bbox 2235 1571 3854 1642">
     <span class='ocr_line' id='line_1_75' title="bbox 2235 1571 3854 1642; baseline -0.001 -17"><span class='ocrx_word' id='word_1_645' title='bbox 2235 1588 2395 1636; x_wconf 90' lang='lat' dir='ltr'>sum;</span> <span class='ocrx_word' id='word_1_646' title='bbox 2427 1571 2506 1626; x_wconf 92' lang='lat' dir='ltr'>ibi</span> <span class='ocrx_word' id='word_1_647' title='bbox 2537 1571 2712 1642; x_wconf 90' lang='lat' dir='ltr'>igitur</span> <span class='ocrx_word' id='word_1_648' title='bbox 2735 1571 2968 1641; x_wconf 90' lang='lat' dir='ltr'>pateris,</span> <span class='ocrx_word' id='word_1_649' title='bbox 2998 1571 3098 1626; x_wconf 92' lang='lat' dir='ltr'>ubi</span> <span class='ocrx_word' id='word_1_650' title='bbox 3127 1587 3234 1640; x_wconf 87' lang='lat' dir='ltr'>ego</span> <span class='ocrx_word' id='word_1_651' title='bbox 3283 1588 3431 1626; x_wconf 92' lang='lat' dir='ltr'>sum.</span> <span class='ocrx_word' id='word_1_652' title='bbox 3485 1575 3553 1626; x_wconf 85' lang='lat' dir='ltr'>At</span> <span class='ocrx_word' id='word_1_653' title='bbox 3589 1572 3630 1625; x_wconf 92' lang='lat' dir='ltr'>si</span> <span class='ocrx_word' id='word_1_654' title='bbox 3665 1572 3744 1625; x_wconf 88' lang='lat' dir='ltr'>ubi</span> <span class='ocrx_word' id='word_1_655' title='bbox 3781 1589 3854 1642; x_wconf 80' lang='lat' dir='ltr'>ego</span> 
     </span>
    </p>
   </div>
   <div class='ocr_carea' id='block_1_76' title="bbox 2233 1659 3856 1730">
    <p class='ocr_par' dir='ltr' id='par_1_76' title="bbox 2233 1659 3856 1730">
     <span class='ocr_line' id='line_1_76' title="bbox 2233 1659 3856 1730; baseline 0.001 -18"><span class='ocrx_word' id='word_1_656' title='bbox 2233 1677 2379 1726; x_wconf 91' lang='lat' dir='ltr'>sum,</span> <span class='ocrx_word' id='word_1_657' title='bbox 2414 1664 2477 1714; x_wconf 92' lang='lat' dir='ltr'>tu</span> <span class='ocrx_word' id='word_1_658' title='bbox 2509 1659 2588 1714; x_wconf 89' lang='lat' dir='ltr'>ibi</span> <span class='ocrx_word' id='word_1_659' title='bbox 2618 1676 2734 1713; x_wconf 91' lang='lat' dir='ltr'>non</span> <span class='ocrx_word' id='word_1_660' title='bbox 2763 1675 2860 1724; x_wconf 89' lang='lat' dir='ltr'>es;</span> <span class='ocrx_word' id='word_1_661' title='bbox 2897 1675 3010 1730; x_wconf 90' lang='lat' dir='ltr'>quo</span> <span class='ocrx_word' id='word_1_662' title='bbox 3066 1663 3231 1730; x_wconf 85' lang='lat' dir='ltr'>pacto</span> <span class='ocrx_word' id='word_1_663' title='bbox 3261 1660 3472 1713; x_wconf 89' lang='lat' dir='ltr'>audeas</span> <span class='ocrx_word' id='word_1_664' title='bbox 3513 1659 3682 1713; x_wconf 86' lang='lat' dir='ltr'>dicere</span> <span class='ocrx_word' id='word_1_665' title='bbox 3729 1659 3856 1713; x_wconf 87' lang='lat' dir='ltr'>videri</span> 
     </span>
    </p>
   </div>
   <div class='ocr_carea' id='block_1_77' title="bbox 2234 1747 3854 1818">
    <p class='ocr_par' dir='ltr' id='par_1_77' title="bbox 2234 1747 3854 1818">
     <span class='ocr_line' id='line_1_77' title="bbox 2234 1747 3854 1818; baseline 0 -18"><span class='ocrx_word' id='word_1_666' title='bbox 2234 1763 2324 1800; x_wconf 91' lang='lat' dir='ltr'>me</span> <span class='ocrx_word' id='word_1_667' title='bbox 2355 1747 2454 1800; x_wconf 91' lang='lat' dir='ltr'>abs</span> <span class='ocrx_word' id='word_1_668' title='bbox 2483 1751 2559 1813; x_wconf 89' lang='lat' dir='ltr'>te,</span> <span class='ocrx_word' id='word_1_669' title='bbox 2581 1763 2814 1817; x_wconf 92' lang='lat' dir='ltr'>prorsus</span> <span class='ocrx_word' id='word_1_670' title='bbox 2843 1747 3067 1817; x_wconf 91' lang='lat' dir='ltr'>ignoro.</span> <span class='ocrx_word' id='word_1_671' title='bbox 3101 1749 3166 1802; x_wconf 91' lang='lat' dir='ltr'>E.</span> <span class='ocrx_word' id='word_1_672' title='bbox 3203 1747 3354 1812; x_wconf 90' lang='lat' dir='ltr'>Visu,</span> <span class='ocrx_word' id='word_1_673' title='bbox 3392 1747 3637 1818; x_wconf 88' lang='lat' dir='ltr'>inquam,</span> <span class='ocrx_word' id='word_1_674' title='bbox 3658 1752 3854 1816; x_wconf 86' lang='lat' dir='ltr'>porrecto</span> 
     </span>
    </p>
   </div>
   <div class='ocr_carea' id='block_1_78' title="bbox 2233 1833 3854 1905">
    <p class='ocr_par' dir='ltr' id='par_1_78' title="bbox 2233 1833 3854 1905">
     <span class='ocr_line' id='line_1_78' title="bbox 2233 1833 3854 1905; baseline -0.001 -17"><span class='ocrx_word' id='word_1_675' title='bbox 2233 1834 2294 1888; x_wconf 91' lang='lat' dir='ltr'>in</span> <span class='ocrx_word' id='word_1_676' title='bbox 2315 1851 2445 1889; x_wconf 90' lang='lat' dir='ltr'>eum</span> <span class='ocrx_word' id='word_1_677' title='bbox 2476 1835 2663 1888; x_wconf 90' lang='lat' dir='ltr'>locum</span> <span class='ocrx_word' id='word_1_678' title='bbox 2692 1835 2752 1887; x_wconf 91' lang='lat' dir='ltr'>in</span> <span class='ocrx_word' id='word_1_679' title='bbox 2800 1849 2915 1905; x_wconf 91' lang='lat' dir='ltr'>quo</span> <span class='ocrx_word' id='word_1_680' title='bbox 2950 1850 3030 1903; x_wconf 89' lang='lat' dir='ltr'>es,</span> <span class='ocrx_word' id='word_1_681' title='bbox 3082 1833 3248 1888; x_wconf 85' lang='lat' dir='ltr'>video</span> <span class='ocrx_word' id='word_1_682' title='bbox 3285 1839 3338 1888; x_wconf 89' lang='lat' dir='ltr'>te</span> <span class='ocrx_word' id='word_1_683' title='bbox 3371 1834 3463 1888; x_wconf 90' lang='lat' dir='ltr'>ubi</span> <span class='ocrx_word' id='word_1_684' title='bbox 3507 1851 3561 1888; x_wconf 92' lang='lat' dir='ltr'>es</span> <span class='ocrx_word' id='word_1_685' title='bbox 3593 1851 3604 1889; x_wconf 94' lang='lat'>:</span> <span class='ocrx_word' id='word_1_686' title='bbox 3633 1839 3683 1888; x_wconf 87' lang='lat' dir='ltr'>at</span> <span class='ocrx_word' id='word_1_687' title='bbox 3707 1850 3777 1888; x_wconf 87' lang='lat' dir='ltr'>me</span> <span class='ocrx_word' id='word_1_688' title='bbox 3801 1834 3854 1886; x_wconf 87' lang='lat' dir='ltr'>ibi</span> 
     </span>
    </p>
   </div>
   <div class='ocr_carea' id='block_1_79' title="bbox 2233 1922 3855 1992">
    <p class='ocr_par' dir='ltr' id='par_1_79' title="bbox 2233 1922 3855 1992">
     <span class='ocr_line' id='line_1_79' title="bbox 2233 1922 3855 1992; baseline -0.002 -15"><span class='ocrx_word' id='word_1_689' title='bbox 2233 1940 2352 1977; x_wconf 90' lang='lat' dir='ltr'>non</span> <span class='ocrx_word' id='word_1_690' title='bbox 2401 1939 2523 1977; x_wconf 89' lang='lat' dir='ltr'>esse</span> <span class='ocrx_word' id='word_1_691' title='bbox 2563 1922 2854 1977; x_wconf 85' lang='lat' dir='ltr'>confiteor.</span> <span class='ocrx_word' id='word_1_692' title='bbox 2897 1923 3003 1977; x_wconf 88' lang='lat' dir='ltr'>Sed</span> <span class='ocrx_word' id='word_1_693' title='bbox 3056 1922 3543 1992; x_wconf 89' lang='lat' dir='ltr'>quemadmodum</span> <span class='ocrx_word' id='word_1_694' title='bbox 3571 1923 3614 1975; x_wconf 91' lang='lat' dir='ltr'>si</span> <span class='ocrx_word' id='word_1_695' title='bbox 3657 1922 3786 1990; x_wconf 83' lang='lat' dir='ltr'>virga</span> <span class='ocrx_word' id='word_1_696' title='bbox 3819 1927 3855 1973; x_wconf 84' lang='lat' dir='ltr'>te</span> 
     </span>
    </p>
   </div>
   <div class='ocr_carea' id='block_1_80' title="bbox 2233 2011 3854 2082">
    <p class='ocr_par' dir='ltr' id='par_1_80' title="bbox 2233 2011 3854 2082">
     <span class='ocr_line' id='line_1_80' title="bbox 2233 2011 3854 2082; baseline -0.001 -17"><span class='ocrx_word' id='word_1_697' title='bbox 2233 2016 2550 2082; x_wconf 89' lang='lat' dir='ltr'>tangerem,</span> <span class='ocrx_word' id='word_1_698' title='bbox 2583 2027 2687 2081; x_wconf 90' lang='lat' dir='ltr'>ego</span> <span class='ocrx_word' id='word_1_699' title='bbox 2719 2012 2915 2082; x_wconf 87' lang='lat' dir='ltr'>utique</span> <span class='ocrx_word' id='word_1_700' title='bbox 2945 2017 3263 2081; x_wconf 90' lang='lat' dir='ltr'>tangerem,</span> <span class='ocrx_word' id='word_1_701' title='bbox 3297 2011 3469 2081; x_wconf 91' lang='lat' dir='ltr'>idque</span> <span class='ocrx_word' id='word_1_702' title='bbox 3495 2011 3759 2075; x_wconf 89' lang='lat' dir='ltr'>sentirem;</span> <span class='ocrx_word' id='word_1_703' title='bbox 3787 2026 3854 2062; x_wconf 84' lang='lat' dir='ltr'>ne-</span> 
     </span>
    </p>
   </div>
   <div class='ocr_carea' id='block_1_81' title="bbox 2235 2098 3853 2171">
    <p class='ocr_par' dir='ltr' id='par_1_81' title="bbox 2235 2098 3853 2171">
     <span class='ocr_line' id='line_1_81' title="bbox 2235 2098 3853 2171; baseline -0.001 -19"><span class='ocrx_word' id='word_1_704' title='bbox 2235 2117 2345 2171; x_wconf 91' lang='lat' dir='ltr'>que</span> <span class='ocrx_word' id='word_1_705' title='bbox 2377 2105 2569 2154; x_wconf 88' lang='lat' dir='ltr'>tamen</span> <span class='ocrx_word' id='word_1_706' title='bbox 2601 2116 2706 2170; x_wconf 91' lang='lat' dir='ltr'>ego</span> <span class='ocrx_word' id='word_1_707' title='bbox 2737 2099 2816 2153; x_wconf 89' lang='lat' dir='ltr'>ibi</span> <span class='ocrx_word' id='word_1_708' title='bbox 2845 2115 3048 2165; x_wconf 88' lang='lat' dir='ltr'>essem,</span> <span class='ocrx_word' id='word_1_709' title='bbox 3083 2099 3183 2153; x_wconf 90' lang='lat' dir='ltr'>ubi</span> <span class='ocrx_word' id='word_1_710' title='bbox 3218 2103 3274 2152; x_wconf 90' lang='lat' dir='ltr'>te</span> <span class='ocrx_word' id='word_1_711' title='bbox 3305 2104 3626 2169; x_wconf 89' lang='lat' dir='ltr'>tangerem:</span> <span class='ocrx_word' id='word_1_712' title='bbox 3652 2099 3719 2152; x_wconf 88' lang='lat' dir='ltr'>ita</span> <span class='ocrx_word' id='word_1_713' title='bbox 3742 2098 3853 2169; x_wconf 85' lang='lat' dir='ltr'>quod</span> 
     </span>
    </p>
   </div>
   <div class='ocr_carea' id='block_1_82' title="bbox 2233 2187 3854 2260">
    <p class='ocr_par' dir='ltr' id='par_1_82' title="bbox 2233 2187 3854 2260">
     <span class='ocr_line' id='line_1_82' title="bbox 2233 2187 3854 2260; baseline -0.004 -17"><span class='ocrx_word' id='word_1_714' title='bbox 2233 2189 2357 2243; x_wconf 91' lang='lat' dir='ltr'>dico</span> <span class='ocrx_word' id='word_1_715' title='bbox 2399 2189 2523 2242; x_wconf 88' lang='lat' dir='ltr'>visu</span> <span class='ocrx_word' id='word_1_716' title='bbox 2568 2204 2660 2242; x_wconf 90' lang='lat' dir='ltr'>me</span> <span class='ocrx_word' id='word_1_717' title='bbox 2708 2187 2921 2252; x_wconf 88' lang='lat' dir='ltr'>videre,</span> <span class='ocrx_word' id='word_1_718' title='bbox 2960 2187 3221 2260; x_wconf 86' lang='lat' dir='ltr'>quamvis</span> <span class='ocrx_word' id='word_1_719' title='bbox 3253 2204 3362 2258; x_wconf 90' lang='lat' dir='ltr'>ego</span> <span class='ocrx_word' id='word_1_720' title='bbox 3411 2188 3490 2242; x_wconf 92' lang='lat' dir='ltr'>ibi</span> <span class='ocrx_word' id='word_1_721' title='bbox 3517 2204 3624 2242; x_wconf 90' lang='lat' dir='ltr'>non</span> <span class='ocrx_word' id='word_1_722' title='bbox 3649 2188 3754 2252; x_wconf 90' lang='lat' dir='ltr'>sim,</span> <span class='ocrx_word' id='word_1_723' title='bbox 3778 2202 3854 2239; x_wconf 90' lang='lat' dir='ltr'>non</span> 
     </span>
    </p>
   </div>
   <div class='ocr_carea' id='block_1_83' title="bbox 2233 2272 3604 2342">
    <p class='ocr_par' dir='ltr' id='par_1_83' title="bbox 2233 2272 3604 2342">
     <span class='ocr_line' id='line_1_83' title="bbox 2233 2272 3604 2342; baseline 0 -16"><span class='ocrx_word' id='word_1_724' title='bbox 2233 2289 2300 2326; x_wconf 82' lang='lat' dir='ltr'>ex</span> <span class='ocrx_word' id='word_1_725' title='bbox 2331 2289 2399 2326; x_wconf 94' lang='lat' dir='ltr'>eo</span> <span class='ocrx_word' id='word_1_726' title='bbox 2432 2288 2606 2342; x_wconf 91' lang='lat' dir='ltr'>cogor</span> <span class='ocrx_word' id='word_1_727' title='bbox 2634 2272 2800 2326; x_wconf 88' lang='lat' dir='ltr'>fateri</span> <span class='ocrx_word' id='word_1_728' title='bbox 2826 2287 2943 2325; x_wconf 90' lang='lat' dir='ltr'>non</span> <span class='ocrx_word' id='word_1_729' title='bbox 2971 2287 3061 2325; x_wconf 90' lang='lat' dir='ltr'>me</span> <span class='ocrx_word' id='word_1_730' title='bbox 3093 2288 3214 2326; x_wconf 89' lang='lat' dir='ltr'>esse</span> <span class='ocrx_word' id='word_1_731' title='bbox 3247 2272 3349 2342; x_wconf 89' lang='lat' dir='ltr'>qui</span> <span class='ocrx_word' id='word_1_732' title='bbox 3371 2272 3604 2327; x_wconf 89' lang='lat' dir='ltr'>videam.</span> 
     </span>
    </p>
   </div>
   <div class='ocr_carea' id='block_1_84' title="bbox 2303 2357 3854 2430">
    <p class='ocr_par' dir='ltr' id='par_1_84' title="bbox 2303 2357 3854 2430">
     <span class='ocr_line' id='line_1_84' title="bbox 2303 2357 3854 2430; baseline -0.005 -14"><span class='ocrx_word' id='word_1_733' title='bbox 2303 2363 2392 2416; x_wconf 81' lang='grc'><strong>44.</strong></span> <span class='ocrx_word' id='word_1_734' title='bbox 2425 2365 2500 2415; x_wconf 83' lang='grc' dir='ltr'>Α.</span> <span class='ocrx_word' id='word_1_735' title='bbox 2538 2360 2688 2415; x_wconf 86' lang='lat' dir='ltr'>Nihil</span> <span class='ocrx_word' id='word_1_736' title='bbox 2713 2377 2848 2430; x_wconf 89' lang='lat' dir='ltr'>ergo</span> <span class='ocrx_word' id='word_1_737' title='bbox 2877 2363 3094 2414; x_wconf 90' lang='lat' dir='ltr'>temere</span> <span class='ocrx_word' id='word_1_738' title='bbox 3127 2360 3484 2415; x_wconf 89' lang='lat' dir='ltr'>concessisti:</span> <span class='ocrx_word' id='word_1_739' title='bbox 3517 2377 3640 2414; x_wconf 89' lang='lat' dir='ltr'>nam</span> <span class='ocrx_word' id='word_1_740' title='bbox 3667 2365 3713 2413; x_wconf 92' lang='lat' dir='ltr'>et</span> <span class='ocrx_word' id='word_1_741' title='bbox 3750 2357 3854 2411; x_wconf 84' lang='lat' dir='ltr'>oculi</span> 
     </span>
    </p>
   </div>
   <div class='ocr_carea' id='block_1_85' title="bbox 2233 2447 3855 2520">
    <p class='ocr_par' dir='ltr' id='par_1_85' title="bbox 2233 2447 3855 2520">
     <span class='ocr_line' id='line_1_85' title="bbox 2233 2447 3855 2520; baseline -0.001 -18"><span class='ocrx_word' id='word_1_742' title='bbox 2233 2449 2319 2503; x_wconf 93' lang='lat' dir='ltr'>tui</span> <span class='ocrx_word' id='word_1_743' title='bbox 2349 2449 2458 2503; x_wconf 90' lang='lat' dir='ltr'>hoc</span> <span class='ocrx_word' id='word_1_744' title='bbox 2482 2449 2652 2503; x_wconf 93' lang='lat' dir='ltr'>modo</span> <span class='ocrx_word' id='word_1_745' title='bbox 2674 2448 2904 2502; x_wconf 88' lang='lat' dir='ltr'>defendi</span> <span class='ocrx_word' id='word_1_746' title='bbox 2931 2452 3190 2518; x_wconf 90' lang='lat' dir='ltr'>possunt,</span> <span class='ocrx_word' id='word_1_747' title='bbox 3220 2466 3470 2518; x_wconf 90' lang='lat' dir='ltr'>quorum</span> <span class='ocrx_word' id='word_1_748' title='bbox 3487 2454 3568 2504; x_wconf 90' lang='lat' dir='ltr'>est</span> <span class='ocrx_word' id='word_1_749' title='bbox 3590 2448 3729 2520; x_wconf 87' lang='lat' dir='ltr'>quasi</span> <span class='ocrx_word' id='word_1_750' title='bbox 3746 2447 3855 2516; x_wconf 77' lang='lat' dir='ltr'>virga</span> 
     </span>
    </p>
   </div>
   <div class='ocr_carea' id='block_1_86' title="bbox 2232 2535 3853 2607">
    <p class='ocr_par' dir='ltr' id='par_1_86' title="bbox 2232 2535 3853 2607">
     <span class='ocr_line' id='line_1_86' title="bbox 2232 2535 3853 2607; baseline -0.002 -17"><span class='ocrx_word' id='word_1_751' title='bbox 2232 2537 2406 2603; x_wconf 91' lang='lat' dir='ltr'>visus,</span> <span class='ocrx_word' id='word_1_752' title='bbox 2465 2542 2532 2591; x_wconf 90' lang='lat' dir='ltr'>ut</span> <span class='ocrx_word' id='word_1_753' title='bbox 2560 2536 2737 2603; x_wconf 91' lang='lat' dir='ltr'>dicis;</span> <span class='ocrx_word' id='word_1_754' title='bbox 2788 2553 2975 2607; x_wconf 89' lang='lat' dir='ltr'>neque</span> <span class='ocrx_word' id='word_1_755' title='bbox 3033 2536 3132 2590; x_wconf 88' lang='lat' dir='ltr'>illa</span> <span class='ocrx_word' id='word_1_756' title='bbox 3188 2542 3276 2591; x_wconf 89' lang='lat' dir='ltr'>est</span> <span class='ocrx_word' id='word_1_757' title='bbox 3329 2537 3570 2593; x_wconf 89' lang='lat' dir='ltr'>absurda</span> <span class='ocrx_word' id='word_1_758' title='bbox 3614 2535 3853 2594; x_wconf 89' lang='lat' dir='ltr'>conclusio,</span> 
     </span>
    </p>
   </div>
   <div class='ocr_carea' id='block_1_87' title="bbox 2235 2621 3855 2698">
    <p class='ocr_par' dir='ltr' id='par_1_87' title="bbox 2235 2621 3855 2698">
     <span class='ocr_line' id='line_1_87' title="bbox 2235 2621 3855 2698; baseline -0.004 -19"><span class='ocrx_word' id='word_1_759' title='bbox 2235 2626 2388 2698; x_wconf 91' lang='lat' dir='ltr'>quod</span> <span class='ocrx_word' id='word_1_760' title='bbox 2418 2625 2499 2679; x_wconf 92' lang='lat' dir='ltr'>ibi</span> <span class='ocrx_word' id='word_1_761' title='bbox 2538 2625 2688 2680; x_wconf 92' lang='lat' dir='ltr'>oculi</span> <span class='ocrx_word' id='word_1_762' title='bbox 2717 2625 2802 2679; x_wconf 92' lang='lat' dir='ltr'>tui</span> <span class='ocrx_word' id='word_1_763' title='bbox 2827 2625 3038 2695; x_wconf 88' lang='lat' dir='ltr'>vident,</span> <span class='ocrx_word' id='word_1_764' title='bbox 3069 2625 3170 2680; x_wconf 89' lang='lat' dir='ltr'>ubi</span> <span class='ocrx_word' id='word_1_765' title='bbox 3198 2641 3321 2680; x_wconf 90' lang='lat' dir='ltr'>non</span> <span class='ocrx_word' id='word_1_766' title='bbox 3351 2633 3500 2680; x_wconf 91' lang='lat' dir='ltr'>sunt.</span> <span class='ocrx_word' id='word_1_767' title='bbox 3530 2627 3609 2680; x_wconf 86' lang='lat' dir='ltr'>An</span> <span class='ocrx_word' id='word_1_768' title='bbox 3637 2624 3722 2679; x_wconf 83' lang='lat' dir='ltr'>tibi</span> <span class='ocrx_word' id='word_1_769' title='bbox 3739 2621 3855 2676; x_wconf 83' lang='lat' dir='ltr'>aliter</span> 
     </span>
    </p>
   </div>
   <div class='ocr_carea' id='block_1_88' title="bbox 2233 2713 3854 2768">
    <p class='ocr_par' dir='ltr' id='par_1_88' title="bbox 2233 2713 3854 2768">
     <span class='ocr_line' id='line_1_88' title="bbox 2233 2713 3854 2768; baseline -0.004 0"><span class='ocrx_word' id='word_1_770' title='bbox 2233 2714 2500 2768; x_wconf 87' lang='lat' dir='ltr'>videtur?</span> <span class='ocrx_word' id='word_1_771' title='bbox 2527 2716 2593 2768; x_wconf 91' lang='lat' dir='ltr'>E.</span> <span class='ocrx_word' id='word_1_772' title='bbox 2627 2714 2708 2767; x_wconf 90' lang='lat' dir='ltr'>Ita</span> <span class='ocrx_word' id='word_1_773' title='bbox 2736 2729 2871 2767; x_wconf 89' lang='lat' dir='ltr'>sane</span> <span class='ocrx_word' id='word_1_774' title='bbox 2903 2718 2988 2768; x_wconf 92' lang='lat' dir='ltr'>est</span> <span class='ocrx_word' id='word_1_775' title='bbox 3015 2718 3078 2767; x_wconf 87' lang='lat' dir='ltr'>ut</span> <span class='ocrx_word' id='word_1_776' title='bbox 3107 2713 3247 2768; x_wconf 91' lang='lat' dir='ltr'>dicis</span> <span class='ocrx_word' id='word_1_777' title='bbox 3273 2731 3287 2768; x_wconf 90' lang='lat'><strong>:</strong></span> <span class='ocrx_word' id='word_1_778' title='bbox 3339 2731 3470 2768; x_wconf 90' lang='lat' dir='ltr'>nam</span> <span class='ocrx_word' id='word_1_779' title='bbox 3502 2718 3554 2768; x_wconf 90' lang='lat' dir='ltr'>et</span> <span class='ocrx_word' id='word_1_780' title='bbox 3594 2713 3716 2767; x_wconf 89' lang='lat' dir='ltr'>illud</span> <span class='ocrx_word' id='word_1_781' title='bbox 3747 2724 3854 2764; x_wconf 86' lang='lat' dir='ltr'>nunc</span> 
     </span>
    </p>
   </div>
   <div class='ocr_carea' id='block_1_89' title="bbox 2235 2799 3853 2872">
    <p class='ocr_par' dir='ltr' id='par_1_89' title="bbox 2235 2799 3853 2872">
     <span class='ocr_line' id='line_1_89' title="bbox 2235 2799 3853 2872; baseline -0.004 -16"><span class='ocrx_word' id='word_1_782' title='bbox 2235 2801 2631 2869; x_wconf 90' lang='lat' dir='ltr'>animadverti,</span> <span class='ocrx_word' id='word_1_783' title='bbox 2655 2803 2809 2872; x_wconf 89' lang='lat' dir='ltr'>quod</span> <span class='ocrx_word' id='word_1_784' title='bbox 2831 2801 2878 2855; x_wconf 91' lang='lat' dir='ltr'>si</span> <span class='ocrx_word' id='word_1_785' title='bbox 2908 2802 2988 2856; x_wconf 89' lang='lat' dir='ltr'>ibi</span> <span class='ocrx_word' id='word_1_786' title='bbox 3009 2802 3271 2857; x_wconf 88' lang='lat' dir='ltr'>viderent</span> <span class='ocrx_word' id='word_1_787' title='bbox 3294 2803 3444 2857; x_wconf 90' lang='lat' dir='ltr'>oculi</span> <span class='ocrx_word' id='word_1_788' title='bbox 3473 2803 3566 2857; x_wconf 89' lang='lat' dir='ltr'>ubi</span> <span class='ocrx_word' id='word_1_789' title='bbox 3583 2807 3714 2868; x_wconf 90' lang='lat' dir='ltr'>sunt,</span> <span class='ocrx_word' id='word_1_790' title='bbox 3732 2799 3853 2853; x_wconf 87' lang='lat' dir='ltr'>etiam</span> 
     </span>
    </p>
   </div>
   <div class='ocr_carea' id='block_1_90' title="bbox 2236 2889 3855 2961">
    <p class='ocr_par' dir='ltr' id='par_1_90' title="bbox 2236 2889 3855 2961">
     <span class='ocr_line' id='line_1_90' title="bbox 2236 2889 3855 2961; baseline -0.004 -17"><span class='ocrx_word' id='word_1_791' title='bbox 2236 2889 2452 2961; x_wconf 90' lang='lat' dir='ltr'>seipsos</span> <span class='ocrx_word' id='word_1_792' title='bbox 2481 2890 2760 2944; x_wconf 89' lang='lat' dir='ltr'>viderent.</span> <span class='ocrx_word' id='word_1_793' title='bbox 2789 2892 2869 2944; x_wconf 86' lang='lat'>.4.</span> <span class='ocrx_word' id='word_1_794' title='bbox 2902 2891 3130 2945; x_wconf 81' lang='lat' dir='ltr'>Rectius</span> <span class='ocrx_word' id='word_1_795' title='bbox 3183 2891 3404 2946; x_wconf 89' lang='lat' dir='ltr'>diceres</span> <span class='ocrx_word' id='word_1_796' title='bbox 3459 2908 3587 2957; x_wconf 92' lang='lat' dir='ltr'>non,</span> <span class='ocrx_word' id='word_1_797' title='bbox 3634 2890 3779 2944; x_wconf 82' lang='lat' dir='ltr'>Etiam</span> <span class='ocrx_word' id='word_1_798' title='bbox 3801 2901 3855 2938; x_wconf 85' lang='lat' dir='ltr'>se-</span> 
     </span>
    </p>
   </div>
   <div class='ocr_carea' id='block_1_91' title="bbox 2235 2971 3853 3050">
    <p class='ocr_par' dir='ltr' id='par_1_91' title="bbox 2235 2971 3853 3050">
     <span class='ocr_line' id='line_1_91' title="bbox 2235 2971 3853 3050; baseline -0.003 -18"><span class='ocrx_word' id='word_1_799' title='bbox 2235 2978 2428 3050; x_wconf 88' lang='lat' dir='ltr'>ipsos;</span> <span class='ocrx_word' id='word_1_800' title='bbox 2463 2979 2581 3047; x_wconf 89' lang='lat' dir='ltr'>sed,</span> <span class='ocrx_word' id='word_1_801' title='bbox 2612 2979 3032 3034; x_wconf 89' lang='lat' dir='ltr'>Tantummodo</span> <span class='ocrx_word' id='word_1_802' title='bbox 3067 2979 3287 3050; x_wconf 90' lang='lat' dir='ltr'>seipsos</span> <span class='ocrx_word' id='word_1_803' title='bbox 3337 2980 3605 3034; x_wconf 85' lang='lat' dir='ltr'>viderent.</span> <span class='ocrx_word' id='word_1_804' title='bbox 3651 2979 3766 3031; x_wconf 73' lang='lat' dir='ltr'>Nam</span> <span class='ocrx_word' id='word_1_805' title='bbox 3787 2971 3853 3027; x_wconf 85' lang='lat' dir='ltr'>ubi</span> 
     </span>
    </p>
   </div>
   <div class='ocr_carea' id='block_1_92' title="bbox 2236 3066 3853 3138">
    <p class='ocr_par' dir='ltr' id='par_1_92' title="bbox 2236 3066 3853 3138">
     <span class='ocr_line' id='line_1_92' title="bbox 2236 3066 3853 3138; baseline -0.004 -18"><span class='ocrx_word' id='word_1_806' title='bbox 2236 3071 2388 3133; x_wconf 90' lang='lat' dir='ltr'>sunt,</span> <span class='ocrx_word' id='word_1_807' title='bbox 2423 3066 2483 3121; x_wconf 93' lang='lat' dir='ltr'>id</span> <span class='ocrx_word' id='word_1_808' title='bbox 2513 3071 2596 3121; x_wconf 89' lang='lat' dir='ltr'>est</span> <span class='ocrx_word' id='word_1_809' title='bbox 2617 3083 2788 3138; x_wconf 91' lang='lat' dir='ltr'>quem</span> <span class='ocrx_word' id='word_1_810' title='bbox 2810 3067 2998 3122; x_wconf 91' lang='lat' dir='ltr'>locum</span> <span class='ocrx_word' id='word_1_811' title='bbox 3038 3073 3260 3135; x_wconf 89' lang='lat' dir='ltr'>tenent,</span> <span class='ocrx_word' id='word_1_812' title='bbox 3298 3069 3404 3123; x_wconf 90' lang='lat' dir='ltr'>soli</span> <span class='ocrx_word' id='word_1_813' title='bbox 3428 3072 3647 3134; x_wconf 88' lang='lat' dir='ltr'>tenent;</span> <span class='ocrx_word' id='word_1_814' title='bbox 3672 3081 3756 3120; x_wconf 85' lang='lat' dir='ltr'>nec</span> <span class='ocrx_word' id='word_1_815' title='bbox 3786 3079 3853 3114; x_wconf 84' lang='lat' dir='ltr'>na-</span> 
     </span>
    </p>
   </div>
   <div class='ocr_carea' id='block_1_93' title="bbox 2237 3154 3851 3228">
    <p class='ocr_par' dir='ltr' id='par_1_93' title="bbox 2237 3154 3851 3228">
     <span class='ocr_line' id='line_1_93' title="bbox 2237 3154 3851 3228; baseline -0.004 -18"><span class='ocrx_word' id='word_1_816' title='bbox 2237 3173 2330 3210; x_wconf 87' lang='lat' dir='ltr'>sus</span> <span class='ocrx_word' id='word_1_817' title='bbox 2357 3161 2442 3210; x_wconf 84' lang='lat' dir='ltr'>est</span> <span class='ocrx_word' id='word_1_818' title='bbox 2467 3155 2548 3209; x_wconf 90' lang='lat' dir='ltr'>ibi</span> <span class='ocrx_word' id='word_1_819' title='bbox 2573 3155 2674 3209; x_wconf 91' lang='lat' dir='ltr'>ubi</span> <span class='ocrx_word' id='word_1_820' title='bbox 2704 3155 2809 3223; x_wconf 84' lang='lat' dir='ltr'>illi,</span> <span class='ocrx_word' id='word_1_821' title='bbox 2867 3173 2973 3210; x_wconf 91' lang='lat' dir='ltr'>nec</span> <span class='ocrx_word' id='word_1_822' title='bbox 3023 3157 3312 3228; x_wconf 88' lang='lat' dir='ltr'>quidquid</span> <span class='ocrx_word' id='word_1_823' title='bbox 3363 3158 3474 3212; x_wconf 92' lang='lat' dir='ltr'>illis</span> <span class='ocrx_word' id='word_1_824' title='bbox 3523 3155 3739 3210; x_wconf 89' lang='lat' dir='ltr'>vicinum</span> <span class='ocrx_word' id='word_1_825' title='bbox 3769 3154 3851 3203; x_wconf 86' lang='lat' dir='ltr'>est:</span> 
     </span>
    </p>
   </div>
   <div class='ocr_carea' id='block_1_94' title="bbox 2235 3240 3854 3318">
    <p class='ocr_par' dir='ltr' id='par_1_94' title="bbox 2235 3240 3854 3318">
     <span class='ocr_line' id='line_1_94' title="bbox 2235 3240 3854 3318; baseline -0.005 -19"><span class='ocrx_word' id='word_1_826' title='bbox 2235 3243 2496 3315; x_wconf 87' lang='lat' dir='ltr'>alioquin</span> <span class='ocrx_word' id='word_1_827' title='bbox 2524 3244 2697 3298; x_wconf 90' lang='lat' dir='ltr'>etiam</span> <span class='ocrx_word' id='word_1_828' title='bbox 2725 3248 2788 3298; x_wconf 92' lang='lat' dir='ltr'>tu</span> <span class='ocrx_word' id='word_1_829' title='bbox 2817 3244 2897 3298; x_wconf 90' lang='lat' dir='ltr'>ibi</span> <span class='ocrx_word' id='word_1_830' title='bbox 2926 3261 3074 3300; x_wconf 91' lang='lat' dir='ltr'>esses</span> <span class='ocrx_word' id='word_1_831' title='bbox 3107 3245 3206 3299; x_wconf 90' lang='lat' dir='ltr'>ubi</span> <span class='ocrx_word' id='word_1_832' title='bbox 3259 3263 3368 3318; x_wconf 90' lang='lat' dir='ltr'>ego</span> <span class='ocrx_word' id='word_1_833' title='bbox 3415 3261 3574 3310; x_wconf 87' lang='lat' dir='ltr'>sum;</span> <span class='ocrx_word' id='word_1_834' title='bbox 3606 3242 3722 3314; x_wconf 86' lang='lat' dir='ltr'>quia</span> <span class='ocrx_word' id='word_1_835' title='bbox 3741 3240 3854 3310; x_wconf 77' lang='lat' dir='ltr'>juxta</span> 
     </span>
    </p>
   </div>
   <div class='ocr_carea' id='block_1_95' title="bbox 2236 3324 3854 3404">
    <p class='ocr_par' dir='ltr' id='par_1_95' title="bbox 2236 3324 3854 3404">
     <span class='ocr_line' id='line_1_95' title="bbox 2236 3324 3854 3404; baseline -0.007 -17"><span class='ocrx_word' id='word_1_836' title='bbox 2236 3333 2482 3388; x_wconf 89' lang='lat' dir='ltr'>invicem</span> <span class='ocrx_word' id='word_1_837' title='bbox 2514 3349 2729 3387; x_wconf 89' lang='lat' dir='ltr'>sumus.</span> <span class='ocrx_word' id='word_1_838' title='bbox 2761 3333 2899 3396; x_wconf 82' lang='lat' dir='ltr'>Quae</span> <span class='ocrx_word' id='word_1_839' title='bbox 2925 3349 3055 3387; x_wconf 91' lang='lat' dir='ltr'>cum</span> <span class='ocrx_word' id='word_1_840' title='bbox 3083 3333 3163 3388; x_wconf 91' lang='lat' dir='ltr'>ita</span> <span class='ocrx_word' id='word_1_841' title='bbox 3193 3333 3337 3404; x_wconf 91' lang='lat' dir='ltr'>sint,</span> <span class='ocrx_word' id='word_1_842' title='bbox 3388 3333 3434 3387; x_wconf 89' lang='lat' dir='ltr'>si</span> <span class='ocrx_word' id='word_1_843' title='bbox 3463 3337 3669 3388; x_wconf 89' lang='lat' dir='ltr'>tantum</span> <span class='ocrx_word' id='word_1_844' title='bbox 3714 3327 3774 3382; x_wconf 90' lang='lat' dir='ltr'>ibi</span> <span class='ocrx_word' id='word_1_845' title='bbox 3798 3324 3854 3376; x_wconf 82' lang='lat' dir='ltr'>vi-</span> 
     </span>
    </p>
   </div>
   <div class='ocr_carea' id='block_1_96' title="bbox 2238 3411 3855 3494">
    <p class='ocr_par' dir='ltr' id='par_1_96' title="bbox 2238 3411 3855 3494">
     <span class='ocr_line' id='line_1_96' title="bbox 2238 3411 3855 3494; baseline -0.006 -18"><span class='ocrx_word' id='word_1_846' title='bbox 2238 3422 2440 3477; x_wconf 87' lang='lat' dir='ltr'>derent</span> <span class='ocrx_word' id='word_1_847' title='bbox 2468 3421 2618 3476; x_wconf 89' lang='lat' dir='ltr'>oculi</span> <span class='ocrx_word' id='word_1_848' title='bbox 2647 3421 2747 3475; x_wconf 90' lang='lat' dir='ltr'>ubi</span> <span class='ocrx_word' id='word_1_849' title='bbox 2787 3425 2938 3485; x_wconf 89' lang='lat' dir='ltr'>sunt,</span> <span class='ocrx_word' id='word_1_850' title='bbox 2970 3421 3113 3476; x_wconf 89' lang='lat' dir='ltr'>nihil</span> <span class='ocrx_word' id='word_1_851' title='bbox 3143 3423 3398 3494; x_wconf 90' lang='lat' dir='ltr'>amplius</span> <span class='ocrx_word' id='word_1_852' title='bbox 3425 3438 3588 3494; x_wconf 88' lang='lat' dir='ltr'>quam</span> <span class='ocrx_word' id='word_1_853' title='bbox 3612 3418 3786 3489; x_wconf 86' lang='lat' dir='ltr'>seipsos</span> <span class='ocrx_word' id='word_1_854' title='bbox 3804 3411 3855 3464; x_wconf 63' lang='grc' dir='ltr'>τίη</span> 
     </span>
    </p>
   </div>
   <div class='ocr_carea' id='block_1_97' title="bbox 2237 3501 3855 3576">
    <p class='ocr_par' dir='ltr' id='par_1_97' title="bbox 2237 3501 3855 3576">
     <span class='ocr_line' id='line_1_97' title="bbox 2237 3501 3855 3576; baseline -0.003 -15"><span class='ocrx_word' id='word_1_855' title='bbox 2237 3508 2457 3562; x_wconf 86' lang='lat' dir='ltr'>derent.</span> <span class='ocrx_word' id='word_1_856' title='bbox 2483 3509 2625 3562; x_wconf 90' lang='lat' dir='ltr'>Cum</span> <span class='ocrx_word' id='word_1_857' title='bbox 2657 3511 2849 3563; x_wconf 90' lang='lat' dir='ltr'>autem</span> <span class='ocrx_word' id='word_1_858' title='bbox 2879 3524 2938 3563; x_wconf 90' lang='lat' dir='ltr'>se</span> <span class='ocrx_word' id='word_1_859' title='bbox 2963 3525 3077 3563; x_wconf 89' lang='lat' dir='ltr'>non</span> <span class='ocrx_word' id='word_1_860' title='bbox 3098 3509 3318 3576; x_wconf 87' lang='lat' dir='ltr'>vident,</span> <span class='ocrx_word' id='word_1_861' title='bbox 3348 3526 3462 3563; x_wconf 90' lang='lat' dir='ltr'>non</span> <span class='ocrx_word' id='word_1_862' title='bbox 3485 3507 3640 3562; x_wconf 90' lang='lat' dir='ltr'>modo</span> <span class='ocrx_word' id='word_1_863' title='bbox 3666 3501 3855 3572; x_wconf 80' lang='lat' dir='ltr'>cogimur</span> 
     </span>
    </p>
   </div>
   <div class='ocr_carea' id='block_1_98' title="bbox 2238 3583 3853 3666">
    <p class='ocr_par' dir='ltr' id='par_1_98' title="bbox 2238 3583 3853 3666">
     <span class='ocr_line' id='line_1_98' title="bbox 2238 3583 3853 3666; baseline -0.004 -15"><span class='ocrx_word' id='word_1_864' title='bbox 2238 3596 2578 3663; x_wconf 89' lang='lat' dir='ltr'>consentire,</span> <span class='ocrx_word' id='word_1_865' title='bbox 2636 3612 2800 3666; x_wconf 89' lang='lat' dir='ltr'>posse</span> <span class='ocrx_word' id='word_1_866' title='bbox 2861 3597 2990 3651; x_wconf 92' lang='lat' dir='ltr'>illos</span> <span class='ocrx_word' id='word_1_867' title='bbox 3036 3597 3252 3664; x_wconf 88' lang='lat' dir='ltr'>videre,</span> <span class='ocrx_word' id='word_1_868' title='bbox 3289 3597 3392 3652; x_wconf 89' lang='lat' dir='ltr'>ubi</span> <span class='ocrx_word' id='word_1_869' title='bbox 3446 3613 3556 3650; x_wconf 92' lang='lat' dir='ltr'>non</span> <span class='ocrx_word' id='word_1_870' title='bbox 3609 3597 3747 3654; x_wconf 90' lang='lat' dir='ltr'>sunt;</span> <span class='ocrx_word' id='word_1_871' title='bbox 3788 3583 3853 3639; x_wconf 76' lang='lat' dir='ltr'>sed</span> 
     </span>
    </p>
   </div>
   <div class='ocr_carea' id='block_1_99' title="bbox 2239 3673 3852 3756">
    <p class='ocr_par' dir='ltr' id='par_1_99' title="bbox 2239 3673 3852 3756">
     <span class='ocr_line' id='line_1_99' title="bbox 2239 3673 3852 3756; baseline -0.004 -18"><span class='ocrx_word' id='word_1_872' title='bbox 2239 3685 2412 3739; x_wconf 91' lang='lat' dir='ltr'>etiam</span> <span class='ocrx_word' id='word_1_873' title='bbox 2431 3683 2665 3738; x_wconf 89' lang='lat' dir='ltr'>omnino</span> <span class='ocrx_word' id='word_1_874' title='bbox 2700 3701 2816 3738; x_wconf 91' lang='lat' dir='ltr'>non</span> <span class='ocrx_word' id='word_1_875' title='bbox 2847 3701 3032 3756; x_wconf 79' lang='lat' dir='ltr'>posse,</span> <span class='ocrx_word' id='word_1_876' title='bbox 3068 3685 3179 3738; x_wconf 89' lang='lat' dir='ltr'>nisi</span> <span class='ocrx_word' id='word_1_877' title='bbox 3207 3686 3310 3740; x_wconf 87' lang='lat' dir='ltr'>ubi</span> <span class='ocrx_word' id='word_1_878' title='bbox 3353 3703 3465 3739; x_wconf 90' lang='lat' dir='ltr'>non</span> <span class='ocrx_word' id='word_1_879' title='bbox 3494 3688 3633 3737; x_wconf 89' lang='lat' dir='ltr'>sunt.</span> <span class='ocrx_word' id='word_1_880' title='bbox 3670 3684 3722 3735; x_wconf 84' lang='lat' dir='ltr'>E.</span> <span class='ocrx_word' id='word_1_881' title='bbox 3750 3673 3852 3731; x_wconf 71' lang='lat' dir='ltr'>Nihil</span> 
     </span>
    </p>
   </div>
   <div class='ocr_carea' id='block_1_100' title="bbox 2240 3760 3851 3843">
    <p class='ocr_par' dir='ltr' id='par_1_100' title="bbox 2240 3760 3851 3843">
     <span class='ocr_line' id='line_1_100' title="bbox 2240 3760 3851 3843; baseline -0.007 -16"><span class='ocrx_word' id='word_1_882' title='bbox 2240 3777 2324 3827; x_wconf 90' lang='lat' dir='ltr'>est</span> <span class='ocrx_word' id='word_1_883' title='bbox 2353 3773 2508 3843; x_wconf 92' lang='lat' dir='ltr'>quod</span> <span class='ocrx_word' id='word_1_884' title='bbox 2537 3773 2669 3827; x_wconf 90' lang='lat' dir='ltr'>hinc</span> <span class='ocrx_word' id='word_1_885' title='bbox 2697 3772 2956 3827; x_wconf 90' lang='lat' dir='ltr'>dubitare</span> <span class='ocrx_word' id='word_1_886' title='bbox 2986 3789 3077 3826; x_wconf 89' lang='lat' dir='ltr'>me</span> <span class='ocrx_word' id='word_1_887' title='bbox 3109 3772 3300 3827; x_wconf 85' lang='lat' dir='ltr'>faciat.</span> <span class='ocrx_word' id='word_1_888' title='bbox 3334 3775 3411 3828; x_wconf 79' lang='grc' dir='ltr'>Α.</span> <span class='ocrx_word' id='word_1_889' title='bbox 3456 3773 3592 3842; x_wconf 90' lang='lat' dir='ltr'>Ergo</span> <span class='ocrx_word' id='word_1_890' title='bbox 3620 3783 3718 3823; x_wconf 89' lang='lat' dir='ltr'>non</span> <span class='ocrx_word' id='word_1_891' title='bbox 3741 3760 3851 3819; x_wconf 85' lang='lat' dir='ltr'>dubi-</span> 
     </span>
    </p>
   </div>
   <div class='ocr_carea' id='block_1_101' title="bbox 2239 3847 3852 3932">
    <p class='ocr_par' dir='ltr' id='par_1_101' title="bbox 2239 3847 3852 3932">
     <span class='ocr_line' id='line_1_101' title="bbox 2239 3847 3852 3932; baseline -0.006 -16"><span class='ocrx_word' id='word_1_892' title='bbox 2239 3866 2323 3916; x_wconf 88' lang='lat' dir='ltr'>tas</span> <span class='ocrx_word' id='word_1_893' title='bbox 2347 3861 2429 3916; x_wconf 89' lang='lat' dir='ltr'>ibi</span> <span class='ocrx_word' id='word_1_894' title='bbox 2453 3877 2551 3916; x_wconf 91' lang='lat' dir='ltr'>eos</span> <span class='ocrx_word' id='word_1_895' title='bbox 2588 3860 2728 3932; x_wconf 89' lang='lat' dir='ltr'>pati,</span> <span class='ocrx_word' id='word_1_896' title='bbox 2763 3861 2864 3916; x_wconf 90' lang='lat' dir='ltr'>ubi</span> <span class='ocrx_word' id='word_1_897' title='bbox 2909 3877 3027 3915; x_wconf 89' lang='lat' dir='ltr'>non</span> <span class='ocrx_word' id='word_1_898' title='bbox 3081 3849 3250 3918; x_wconf 39' lang='lat' dir='ltr'>sunt.</span> <span class='ocrx_word' id='word_1_899' title='bbox 3305 3863 3446 3916; x_wconf 87' lang='lat' dir='ltr'>Nam</span> <span class='ocrx_word' id='word_1_900' title='bbox 3473 3859 3568 3913; x_wconf 88' lang='lat' dir='ltr'>ubi</span> <span class='ocrx_word' id='word_1_901' title='bbox 3607 3855 3774 3914; x_wconf 86' lang='lat' dir='ltr'>vident,</span> <span class='ocrx_word' id='word_1_902' title='bbox 3801 3847 3852 3900; x_wconf 80' lang='lat' dir='ltr'>ibi</span> 
     </span>
    </p>
   </div>
   <div class='ocr_carea' id='block_1_102' title="bbox 2241 3939 3851 4027">
    <p class='ocr_par' dir='ltr' id='par_1_102' title="bbox 2241 3939 3851 4027">
     <span class='ocr_line' id='line_1_102' title="bbox 2241 3939 3851 4027; baseline -0.007 -25"><span class='ocrx_word' id='word_1_903' title='bbox 2241 3949 2545 4004; x_wconf 88' lang='lat' dir='ltr'>sentiunt:</span> <span class='ocrx_word' id='word_1_904' title='bbox 2583 3949 2772 4019; x_wconf 90' lang='lat' dir='ltr'>ipsum</span> <span class='ocrx_word' id='word_1_905' title='bbox 2827 3949 2984 4003; x_wconf 90' lang='lat' dir='ltr'>enim</span> <span class='ocrx_word' id='word_1_906' title='bbox 3039 3949 3258 4016; x_wconf 89' lang='lat' dir='ltr'>videre,</span> <span class='ocrx_word' id='word_1_907' title='bbox 3310 3949 3519 4003; x_wconf 87' lang='lat' dir='ltr'>sentire</span> <span class='ocrx_word' id='word_1_908' title='bbox 3554 3950 3658 4012; x_wconf 89' lang='lat' dir='ltr'>est;</span> <span class='ocrx_word' id='word_1_909' title='bbox 3705 3939 3851 4027; x_wconf 66' lang='lat' dir='ltr'>sentire</span> 
     </span>
    </p>
   </div>
   <div class='ocr_carea' id='block_1_103' title="bbox 2242 4023 3852 4114">
    <p class='ocr_par' dir='ltr' id='par_1_103' title="bbox 2242 4023 3852 4114">
     <span class='ocr_line' id='line_1_103' title="bbox 2242 4023 3852 4114; baseline -0.008 -22"><span class='ocrx_word' id='word_1_910' title='bbox 2242 4041 2452 4103; x_wconf 87' lang='lat' dir='ltr'>autem,</span> <span class='ocrx_word' id='word_1_911' title='bbox 2483 4037 2606 4108; x_wconf 92' lang='lat' dir='ltr'>pati</span> <span class='ocrx_word' id='word_1_912' title='bbox 2635 4053 2648 4091; x_wconf 89' lang='lat'><strong>:</strong></span> <span class='ocrx_word' id='word_1_913' title='bbox 2682 4053 2859 4109; x_wconf 90' lang='lat' dir='ltr'>quare</span> <span class='ocrx_word' id='word_1_914' title='bbox 2890 4036 2991 4091; x_wconf 90' lang='lat' dir='ltr'>ubi</span> <span class='ocrx_word' id='word_1_915' title='bbox 3017 4037 3299 4104; x_wconf 84' lang='lat' dir='ltr'>sentiunt,</span> <span class='ocrx_word' id='word_1_916' title='bbox 3330 4037 3409 4091; x_wconf 94' lang='lat' dir='ltr'>ibi</span> <span class='ocrx_word' id='word_1_917' title='bbox 3442 4035 3720 4107; x_wconf 88' lang='lat' dir='ltr'>patiuntur.</span> <span class='ocrx_word' id='word_1_918' title='bbox 3753 4023 3852 4114; x_wconf 49' lang='lat' dir='ltr'>Alibi</span> 
     </span>
    </p>
   </div>
   <div class='ocr_carea' id='block_1_104' title="bbox 2242 4110 3852 4198">
    <p class='ocr_par' dir='ltr' id='par_1_104' title="bbox 2242 4110 3852 4198">
     <span class='ocr_line' id='line_1_104' title="bbox 2242 4110 3852 4198; baseline -0.007 -18"><span class='ocrx_word' id='word_1_919' title='bbox 2242 4131 2436 4181; x_wconf 90' lang='lat' dir='ltr'>autem</span> <span class='ocrx_word' id='word_1_920' title='bbox 2465 4125 2657 4180; x_wconf 88' lang='lat' dir='ltr'>vident</span> <span class='ocrx_word' id='word_1_921' title='bbox 2685 4143 2858 4198; x_wconf 88' lang='lat' dir='ltr'>quam</span> <span class='ocrx_word' id='word_1_922' title='bbox 2892 4124 2990 4180; x_wconf 90' lang='lat' dir='ltr'>ubi</span> <span class='ocrx_word' id='word_1_923' title='bbox 3021 4125 3287 4181; x_wconf 83' lang='lat' dir='ltr'>suntzibi</span> <span class='ocrx_word' id='word_1_924' title='bbox 3313 4126 3488 4197; x_wconf 89' lang='lat' dir='ltr'>igitur</span> <span class='ocrx_word' id='word_1_925' title='bbox 3515 4110 3852 4194; x_wconf 67' lang='lat' dir='ltr'>patiuntumbi</span> 
     </span>
    </p>
   </div>
   <div class='ocr_carea' id='block_1_105' title="bbox 2243 4207 3768 4285">
    <p class='ocr_par' dir='ltr' id='par_1_105' title="bbox 2243 4207 3768 4285">
     <span class='ocr_line' id='line_1_105' title="bbox 2243 4207 3768 4285; baseline -0.01 -13"><span class='ocrx_word' id='word_1_926' title='bbox 2243 4231 2362 4272; x_wconf 89' lang='lat' dir='ltr'>non</span> <span class='ocrx_word' id='word_1_927' title='bbox 2393 4219 2546 4271; x_wconf 90' lang='lat' dir='ltr'>sunt.</span> <span class='ocrx_word' id='word_1_928' title='bbox 2578 4217 2645 4272; x_wconf 89' lang='lat' dir='ltr'>E.</span> <span class='ocrx_word' id='word_1_929' title='bbox 2684 4215 2890 4270; x_wconf 81' lang='lat' dir='ltr'>Mirum</span> <span class='ocrx_word' id='word_1_930' title='bbox 2921 4219 3004 4268; x_wconf 85' lang='lat' dir='ltr'>est</span> <span class='ocrx_word' id='word_1_931' title='bbox 3031 4230 3206 4285; x_wconf 87' lang='lat' dir='ltr'>quam</span> <span class='ocrx_word' id='word_1_932' title='bbox 3239 4215 3351 4268; x_wconf 87' lang='lat' dir='ltr'>ista</span> <span class='ocrx_word' id='word_1_933' title='bbox 3377 4230 3507 4267; x_wconf 88' lang='lat' dir='ltr'>vera</span> <span class='ocrx_word' id='word_1_934' title='bbox 3532 4207 3768 4265; x_wconf 78' lang='lat' dir='ltr'>existimo.</span> 
     </span>
    </p>
   </div>
   <div class='ocr_carea' id='block_1_106' title="bbox 2384 4301 3754 4372">
    <p class='ocr_par' dir='ltr' id='par_1_106' title="bbox 2384 4301 3754 4372">
     <span class='ocr_line' id='line_1_106' title="bbox 2384 4301 3754 4372; baseline -0.009 -15"><span class='ocrx_word' id='word_1_935' title='bbox 2384 4303 2611 4358; x_wconf 82' lang='lat' dir='ltr'>CAPUT</span> <span class='ocrx_word' id='word_1_936' title='bbox 2641 4303 2816 4357; x_wconf 82' lang='lat' dir='ltr'>XXIV.</span> <span class='ocrx_word' id='word_1_937' title='bbox 2849 4333 2919 4342; x_wconf 88' lang='lat'>-—</span> <span class='ocrx_word' id='word_1_938' title='bbox 2949 4303 3303 4371; x_wconf 71' lang='lat' dir='ltr'>Empenditur</span> <span class='ocrx_word' id='word_1_939' title='bbox 3331 4301 3570 4372; x_wconf 79' lang='lat' dir='ltr'>deﬁnitio</span> <span class='ocrx_word' id='word_1_940' title='bbox 3587 4307 3754 4351; x_wconf 84' lang='lat' dir='ltr'>sensus.</span> 
     </span>
    </p>
   </div>
   <div class='ocr_carea' id='block_1_107' title="bbox 2310 4375 3852 4468">
    <p class='ocr_par' dir='ltr' id='par_1_107' title="bbox 2310 4375 3852 4468">
     <span class='ocr_line' id='line_1_107' title="bbox 2310 4375 3852 4468; baseline -0.011 -23"><span class='ocrx_word' id='word_1_941' title='bbox 2310 4393 2399 4446; x_wconf 83' lang='grc'>45.</span> <span class='ocrx_word' id='word_1_942' title='bbox 2431 4391 2694 4445; x_wconf 84' lang='lat' dir='ltr'>.4.Recte</span> <span class='ocrx_word' id='word_1_943' title='bbox 2724 4391 2962 4445; x_wconf 89' lang='lat' dir='ltr'>fortasse</span> <span class='ocrx_word' id='word_1_944' title='bbox 2991 4389 3304 4445; x_wconf 83' lang='lat' dir='ltr'>existimas.</span> <span class='ocrx_word' id='word_1_945' title='bbox 3330 4390 3438 4445; x_wconf 88' lang='lat' dir='ltr'>Sed</span> <span class='ocrx_word' id='word_1_946' title='bbox 3457 4383 3724 4458; x_wconf 88' lang='lat' dir='ltr'>responde,</span> <span class='ocrx_word' id='word_1_947' title='bbox 3745 4375 3852 4468; x_wconf 54' lang='lat' dir='ltr'>obse</span> 
     </span>
    </p>
   </div>
   <div class='ocr_carea' id='block_1_108' title="bbox 2242 4471 3851 4555">
    <p class='ocr_par' dir='ltr' id='par_1_108' title="bbox 2242 4471 3851 4555">
     <span class='ocr_line' id='line_1_108' title="bbox 2242 4471 3851 4555; baseline -0.007 -21"><span class='ocrx_word' id='word_1_948' title='bbox 2242 4496 2358 4548; x_wconf 90' lang='lat' dir='ltr'>cro,</span> <span class='ocrx_word' id='word_1_949' title='bbox 2389 4484 2586 4534; x_wconf 92' lang='lat' dir='ltr'>utrum</span> <span class='ocrx_word' id='word_1_950' title='bbox 2617 4495 2786 4533; x_wconf 89' lang='lat' dir='ltr'>omne</span> <span class='ocrx_word' id='word_1_951' title='bbox 2817 4479 2972 4549; x_wconf 83' lang='lat' dir='ltr'>quod</span> <span class='ocrx_word' id='word_1_952' title='bbox 3019 4495 3125 4550; x_wconf 92' lang='lat' dir='ltr'>per</span> <span class='ocrx_word' id='word_1_953' title='bbox 3170 4480 3362 4534; x_wconf 90' lang='lat' dir='ltr'>visum</span> <span class='ocrx_word' id='word_1_954' title='bbox 3409 4471 3775 4555; x_wconf 54' lang='lat' dir='ltr'>cognoscimus.</span> <span class='ocrx_word' id='word_1_955' title='bbox 3798 4477 3851 4555; x_wconf 62' lang='grc' dir='ltr'>τξ·</span> 
     </span>
    </p>
   </div>
   <div class='ocr_carea' id='block_1_109' title="bbox 2243 4553 3852 4628">
    <p class='ocr_par' dir='ltr' id='par_1_109' title="bbox 2243 4553 3852 4628">
     <span class='ocr_line' id='line_1_109' title="bbox 2243 4553 3852 4628; baseline -0.009 -5"><span class='ocrx_word' id='word_1_956' title='bbox 2243 4569 2505 4623; x_wconf 90' lang='lat' dir='ltr'>deamus.</span> <span class='ocrx_word' id='word_1_957' title='bbox 2543 4571 2608 4622; x_wconf 88' lang='lat' dir='ltr'>E.</span> <span class='ocrx_word' id='word_1_958' title='bbox 2643 4569 2725 4622; x_wconf 90' lang='lat' dir='ltr'>Ita</span> <span class='ocrx_word' id='word_1_959' title='bbox 2753 4567 2940 4622; x_wconf 88' lang='lat' dir='ltr'>credo.</span> <span class='ocrx_word' id='word_1_960' title='bbox 2959 4570 3039 4622; x_wconf 84' lang='grc' dir='ltr'>Α.</span> <span class='ocrx_word' id='word_1_961' title='bbox 3059 4568 3256 4623; x_wconf 91' lang='lat' dir='ltr'>Credis</span> <span class='ocrx_word' id='word_1_962' title='bbox 3273 4568 3446 4622; x_wconf 88' lang='lat' dir='ltr'>etiam</span> <span class='ocrx_word' id='word_1_963' title='bbox 3475 4578 3632 4620; x_wconf 84' lang='lat' dir='ltr'>omne</span> <span class='ocrx_word' id='word_1_964' title='bbox 3659 4553 3776 4628; x_wconf 89' lang='lat' dir='ltr'>quod</span> <span class='ocrx_word' id='word_1_965' title='bbox 3798 4553 3852 4600; x_wconf 54' lang='lat' dir='ltr'>vi-</span> 
     </span>
    </p>
   </div>
   <div class='ocr_carea' id='block_1_110' title="bbox 2244 4636 3854 4730">
    <p class='ocr_par' dir='ltr' id='par_1_110' title="bbox 2244 4636 3854 4730">
     <span class='ocr_line' id='line_1_110' title="bbox 2244 4636 3854 4730; baseline -0.011 -19"><span class='ocrx_word' id='word_1_966' title='bbox 2244 4657 2430 4712; x_wconf 90' lang='lat' dir='ltr'>dendo</span> <span class='ocrx_word' id='word_1_967' title='bbox 2461 4656 2874 4727; x_wconf 90' lang='lat' dir='ltr'>cognoscimus,</span> <span class='ocrx_word' id='word_1_968' title='bbox 2903 4672 3007 4726; x_wconf 89' lang='lat' dir='ltr'>per</span> <span class='ocrx_word' id='word_1_969' title='bbox 3036 4655 3222 4710; x_wconf 78' lang='lat' dir='ltr'>visum</span> <span class='ocrx_word' id='word_1_970' title='bbox 3254 4672 3358 4709; x_wconf 90' lang='lat' dir='ltr'>nos</span> <span class='ocrx_word' id='word_1_971' title='bbox 3372 4643 3791 4723; x_wconf 77' lang='lat' dir='ltr'>cognoscere?£.</span> <span class='ocrx_word' id='word_1_972' title='bbox 3814 4636 3854 4730; x_wconf 55' lang='lat' dir='ltr'>El</span> 
     </span>
    </p>
   </div>
   <div class='ocr_carea' id='block_1_111' title="bbox 2243 4734 3854 4816">
    <p class='ocr_par' dir='ltr' id='par_1_111' title="bbox 2243 4734 3854 4816">
     <span class='ocr_line' id='line_1_111' title="bbox 2243 4734 3854 4816; baseline -0.016 -15"><span class='ocrx_word' id='word_1_973' title='bbox 2243 4746 2352 4801; x_wconf 88' lang='lat' dir='ltr'>hoc</span> <span class='ocrx_word' id='word_1_974' title='bbox 2381 4746 2571 4799; x_wconf 91' lang='lat' dir='ltr'>credo.</span> <span class='ocrx_word' id='word_1_975' title='bbox 2605 4748 2681 4799; x_wconf 83' lang='lat'>.4.</span> <span class='ocrx_word' id='word_1_976' title='bbox 2716 4747 2828 4801; x_wconf 91' lang='lat' dir='ltr'>Cur</span> <span class='ocrx_word' id='word_1_977' title='bbox 2861 4761 2996 4816; x_wconf 86' lang='lat' dir='ltr'>ergo</span> <span class='ocrx_word' id='word_1_978' title='bbox 3025 4745 3372 4815; x_wconf 87' lang='lat' dir='ltr'>plerumque</span> <span class='ocrx_word' id='word_1_979' title='bbox 3400 4743 3612 4798; x_wconf 87' lang='lat' dir='ltr'>fumum</span> <span class='ocrx_word' id='word_1_980' title='bbox 3637 4734 3784 4790; x_wconf 90' lang='lat' dir='ltr'>solum</span> <span class='ocrx_word' id='word_1_981' title='bbox 3805 4739 3854 4776; x_wconf 76' lang='lat' dir='ltr'>n-</span> 
     </span>
    </p>
   </div>
   <div class='ocr_carea' id='block_1_112' title="bbox 2246 4825 3854 4907">
    <p class='ocr_par' dir='ltr' id='par_1_112' title="bbox 2246 4825 3854 4907">
     <span class='ocr_line' id='line_1_112' title="bbox 2246 4825 3854 4907; baseline -0.009 -18"><span class='ocrx_word' id='word_1_982' title='bbox 2246 4834 2432 4890; x_wconf 92' lang='lat' dir='ltr'>dendo</span> <span class='ocrx_word' id='word_1_983' title='bbox 2464 4834 2658 4905; x_wconf 90' lang='lat' dir='ltr'>ignem</span> <span class='ocrx_word' id='word_1_984' title='bbox 2691 4834 2883 4887; x_wconf 91' lang='lat' dir='ltr'>subter</span> <span class='ocrx_word' id='word_1_985' title='bbox 2907 4834 3084 4888; x_wconf 89' lang='lat' dir='ltr'>latere</span> <span class='ocrx_word' id='word_1_986' title='bbox 3133 4833 3545 4903; x_wconf 89' lang='lat' dir='ltr'>cognoscimus,</span> <span class='ocrx_word' id='word_1_987' title='bbox 3595 4836 3739 4896; x_wconf 88' lang='lat' dir='ltr'>quem</span> <span class='ocrx_word' id='word_1_988' title='bbox 3774 4825 3854 4907; x_wconf 38' lang='lat' dir='ltr'>110.n</span> 
     </span>
    </p>
   </div>
   <div class='ocr_carea' id='block_1_113' title="bbox 2246 4916 3852 4992">
    <p class='ocr_par' dir='ltr' id='par_1_113' title="bbox 2246 4916 3852 4992">
     <span class='ocr_line' id='line_1_113' title="bbox 2246 4916 3852 4992; baseline -0.012 -16"><span class='ocrx_word' id='word_1_989' title='bbox 2246 4923 2548 4977; x_wconf 91' lang='lat' dir='ltr'>videmus?</span> <span class='ocrx_word' id='word_1_990' title='bbox 2577 4925 2642 4977; x_wconf 90' lang='lat' dir='ltr'>E.</span> <span class='ocrx_word' id='word_1_991' title='bbox 2674 4923 2883 4976; x_wconf 85' lang='lat' dir='ltr'>Verum</span> <span class='ocrx_word' id='word_1_992' title='bbox 2936 4921 3114 4976; x_wconf 90' lang='lat' dir='ltr'>dicis:</span> <span class='ocrx_word' id='word_1_993' title='bbox 3151 4926 3203 4975; x_wconf 90' lang='lat' dir='ltr'>et</span> <span class='ocrx_word' id='word_1_994' title='bbox 3228 4922 3354 4992; x_wconf 88' lang='lat' dir='ltr'>jam</span> <span class='ocrx_word' id='word_1_995' title='bbox 3383 4934 3498 4974; x_wconf 90' lang='lat' dir='ltr'>non</span> <span class='ocrx_word' id='word_1_996' title='bbox 3524 4919 3648 4988; x_wconf 87' lang='lat' dir='ltr'>puto</span> <span class='ocrx_word' id='word_1_997' title='bbox 3692 4923 3773 4962; x_wconf 88' lang='lat' dir='ltr'>nos</span> <span class='ocrx_word' id='word_1_998' title='bbox 3799 4916 3852 4951; x_wconf 71' lang='lat' dir='ltr'>Vl-</span> 
     </span>
    </p>
   </div>
   <div class='ocr_carea' id='block_1_114' title="bbox 2248 5002 3854 5082">
    <p class='ocr_par' dir='ltr' id='par_1_114' title="bbox 2248 5002 3854 5082">
     <span class='ocr_line' id='line_1_114' title="bbox 2248 5002 3854 5082; baseline -0.014 -16"><span class='ocrx_word' id='word_1_999' title='bbox 2248 5011 2381 5066; x_wconf 90' lang='lat' dir='ltr'>dere</span> <span class='ocrx_word' id='word_1_1000' title='bbox 2438 5010 2716 5082; x_wconf 89' lang='lat' dir='ltr'>quidquid</span> <span class='ocrx_word' id='word_1_1001' title='bbox 2766 5027 2870 5081; x_wconf 90' lang='lat' dir='ltr'>per</span> <span class='ocrx_word' id='word_1_1002' title='bbox 2925 5010 3112 5065; x_wconf 82' lang='lat' dir='ltr'>visum</span> <span class='ocrx_word' id='word_1_1003' title='bbox 3159 5009 3589 5080; x_wconf 87' lang='lat' dir='ltr'>cognoscimus:</span> <span class='ocrx_word' id='word_1_1004' title='bbox 3623 5002 3854 5071; x_wconf 80' lang='lat' dir='ltr'>possumus</span> 
     </span>
    </p>
   </div>
   <div class='ocr_carea' id='block_1_115' title="bbox 2249 5088 3852 5171">
    <p class='ocr_par' dir='ltr' id='par_1_115' title="bbox 2249 5088 3852 5171">
     <span class='ocr_line' id='line_1_115' title="bbox 2249 5088 3852 5171; baseline -0.014 -17"><span class='ocrx_word' id='word_1_1005' title='bbox 2249 5099 2421 5165; x_wconf 90' lang='lat' dir='ltr'>enim,</span> <span class='ocrx_word' id='word_1_1006' title='bbox 2454 5104 2520 5153; x_wconf 92' lang='lat' dir='ltr'>ut</span> <span class='ocrx_word' id='word_1_1007' title='bbox 2547 5098 2810 5166; x_wconf 87' lang='lat' dir='ltr'>docuisti,</span> <span class='ocrx_word' id='word_1_1008' title='bbox 2870 5098 3025 5153; x_wconf 89' lang='lat' dir='ltr'>aliud</span> <span class='ocrx_word' id='word_1_1009' title='bbox 3081 5097 3348 5163; x_wconf 86' lang='lat' dir='ltr'>videndo,</span> <span class='ocrx_word' id='word_1_1010' title='bbox 3403 5093 3548 5150; x_wconf 89' lang='lat' dir='ltr'>aliud</span> <span class='ocrx_word' id='word_1_1011' title='bbox 3591 5088 3852 5171; x_wconf 62' lang='lat' dir='ltr'>cognoscere</span> 
     </span>
    </p>
   </div>
   <div class='ocr_carea' id='block_1_116' title="bbox 2250 5177 3853 5259">
    <p class='ocr_par' dir='ltr' id='par_1_116' title="bbox 2250 5177 3853 5259">
     <span class='ocr_line' id='line_1_116' title="bbox 2250 5177 3853 5259; baseline -0.011 -16"><span class='ocrx_word' id='word_1_1012' title='bbox 2250 5188 2400 5259; x_wconf 91' lang='lat' dir='ltr'>quod</span> <span class='ocrx_word' id='word_1_1013' title='bbox 2427 5187 2578 5242; x_wconf 90' lang='lat' dir='ltr'>visus</span> <span class='ocrx_word' id='word_1_1014' title='bbox 2610 5204 2726 5242; x_wconf 88' lang='lat' dir='ltr'>non</span> <span class='ocrx_word' id='word_1_1015' title='bbox 2751 5186 3020 5258; x_wconf 85' lang='lat' dir='ltr'>attigerit.</span> <span class='ocrx_word' id='word_1_1016' title='bbox 3053 5187 3126 5242; x_wconf 85' lang='lat' dir='ltr'>A.</span> <span class='ocrx_word' id='word_1_1017' title='bbox 3154 5186 3300 5250; x_wconf 91' lang='lat' dir='ltr'>Quid</span> <span class='ocrx_word' id='word_1_1018' title='bbox 3319 5187 3347 5240; x_wconf 87' lang='lat'>?</span> <span class='ocrx_word' id='word_1_1019' title='bbox 3370 5184 3505 5239; x_wconf 91' lang='lat' dir='ltr'>illud</span> <span class='ocrx_word' id='word_1_1020' title='bbox 3535 5177 3669 5252; x_wconf 83' lang='lat' dir='ltr'>quod</span> <span class='ocrx_word' id='word_1_1021' title='bbox 3695 5186 3777 5243; x_wconf 83' lang='lat' dir='ltr'>per</span> <span class='ocrx_word' id='word_1_1022' title='bbox 3794 5180 3853 5259; x_wconf 58' lang='grc' dir='ltr'>ξι·</span> 
     </span>
    </p>
   </div>
   <div class='ocr_carea' id='block_1_117' title="bbox 2248 5252 3846 5348">
    <p class='ocr_par' dir='ltr' id='par_1_117' title="bbox 2248 5252 3846 5348">
     <span class='ocr_line' id='line_1_117' title="bbox 2248 5252 3846 5348; baseline -0.009 -19"><span class='ocrx_word' id='word_1_1023' title='bbox 2248 5292 2374 5330; x_wconf 92' lang='lat' dir='ltr'>sum</span> <span class='ocrx_word' id='word_1_1024' title='bbox 2389 5275 2688 5344; x_wconf 87' lang='lat' dir='ltr'>sentimus,</span> <span class='ocrx_word' id='word_1_1025' title='bbox 2710 5290 3082 5346; x_wconf 87' lang='lat' dir='ltr'>possumusne</span> <span class='ocrx_word' id='word_1_1026' title='bbox 3096 5290 3211 5328; x_wconf 91' lang='lat' dir='ltr'>non</span> <span class='ocrx_word' id='word_1_1027' title='bbox 3231 5273 3422 5327; x_wconf 89' lang='lat' dir='ltr'>videre</span> <span class='ocrx_word' id='word_1_1028' title='bbox 3434 5271 3530 5325; x_wconf 86' lang='lat' dir='ltr'>?E.</span> <span class='ocrx_word' id='word_1_1029' title='bbox 3555 5265 3698 5321; x_wconf 82' lang='lat' dir='ltr'>Nullo</span> <span class='ocrx_word' id='word_1_1030' title='bbox 3709 5252 3846 5348; x_wconf 56' lang='lat' dir='ltr'>motio-</span> 
     </span>
    </p>
   </div>
   <div class='ocr_carea' id='block_1_118' title="bbox 2246 5350 3852 5432">
    <p class='ocr_par' dir='ltr' id='par_1_118' title="bbox 2246 5350 3852 5432">
     <span class='ocr_line' id='line_1_118' title="bbox 2246 5350 3852 5432; baseline -0.01 -15"><span class='ocrx_word' id='word_1_1031' title='bbox 2246 5367 2322 5418; x_wconf 83' lang='grc' dir='ltr'>Α.</span> <span class='ocrx_word' id='word_1_1032' title='bbox 2341 5363 2511 5418; x_wconf 87' lang='lat' dir='ltr'>Aliud</span> <span class='ocrx_word' id='word_1_1033' title='bbox 2537 5368 2622 5418; x_wconf 90' lang='lat' dir='ltr'>est</span> <span class='ocrx_word' id='word_1_1034' title='bbox 2633 5379 2766 5432; x_wconf 90' lang='lat' dir='ltr'>ergo</span> <span class='ocrx_word' id='word_1_1035' title='bbox 2787 5361 3015 5428; x_wconf 89' lang='lat' dir='ltr'>sentire,</span> <span class='ocrx_word' id='word_1_1036' title='bbox 3031 5360 3185 5415; x_wconf 87' lang='lat' dir='ltr'>aliud</span> <span class='ocrx_word' id='word_1_1037' title='bbox 3201 5372 3536 5430; x_wconf 87' lang='lat' dir='ltr'>cognoscere</span> <span class='ocrx_word' id='word_1_1038' title='bbox 3556 5355 3650 5407; x_wconf 84' lang='lat' dir='ltr'>?E.</span> <span class='ocrx_word' id='word_1_1039' title='bbox 3671 5350 3852 5402; x_wconf 80' lang='grc' dir='ltr'>Οωῑιωο</span> 
     </span>
    </p>
   </div>
   <div class='ocr_carea' id='block_1_119' title="bbox 2251 5433 3851 5530">
    <p class='ocr_par' dir='ltr' id='par_1_119' title="bbox 2251 5433 3851 5530">
     <span class='ocr_line' id='line_1_119' title="bbox 2251 5433 3851 5530; baseline -0.008 -26"><span class='ocrx_word' id='word_1_1040' title='bbox 2251 5451 2403 5506; x_wconf 91' lang='lat' dir='ltr'>aliud</span> <span class='ocrx_word' id='word_1_1041' title='bbox 2433 5471 2448 5508; x_wconf 94' lang='lat'><em>:</em></span> <span class='ocrx_word' id='word_1_1042' title='bbox 2483 5467 2617 5506; x_wconf 89' lang='lat' dir='ltr'>nam</span> <span class='ocrx_word' id='word_1_1043' title='bbox 2647 5450 2923 5506; x_wconf 89' lang='lat' dir='ltr'>sentimus</span> <span class='ocrx_word' id='word_1_1044' title='bbox 2952 5449 3198 5514; x_wconf 92' lang='lat' dir='ltr'>fumum,</span> <span class='ocrx_word' id='word_1_1045' title='bbox 3261 5461 3433 5518; x_wconf 89' lang='lat' dir='ltr'>quem</span> <span class='ocrx_word' id='word_1_1046' title='bbox 3460 5442 3690 5497; x_wconf 85' lang='lat' dir='ltr'>videmus</span> <span class='ocrx_word' id='word_1_1047' title='bbox 3709 5433 3787 5530; x_wconf 36' lang='lat' dir='ltr'>rei</span> <span class='ocrx_word' id='word_1_1048' title='bbox 3807 5435 3851 5474; x_wconf 61' lang='grc' dir='ltr'>εί</span> 
     </span>
    </p>
   </div>
   <div class='ocr_carea' id='block_1_120' title="bbox 2250 5527 3848 5612">
    <p class='ocr_par' dir='ltr' id='par_1_120' title="bbox 2250 5527 3848 5612">
     <span class='ocr_line' id='line_1_120' title="bbox 2250 5527 3848 5612; baseline -0.014 -17"><span class='ocrx_word' id='word_1_1049' title='bbox 2250 5555 2317 5595; x_wconf 90' lang='lat' dir='ltr'>eo</span> <span class='ocrx_word' id='word_1_1050' title='bbox 2344 5539 2567 5612; x_wconf 87' lang='lat' dir='ltr'>ignem,</span> <span class='ocrx_word' id='word_1_1051' title='bbox 2611 5555 2784 5612; x_wconf 91' lang='lat' dir='ltr'>quem</span> <span class='ocrx_word' id='word_1_1052' title='bbox 2812 5555 2930 5596; x_wconf 92' lang='lat' dir='ltr'>non</span> <span class='ocrx_word' id='word_1_1053' title='bbox 2957 5538 3234 5603; x_wconf 86' lang='lat' dir='ltr'>videmus,</span> <span class='ocrx_word' id='word_1_1054' title='bbox 3267 5535 3489 5591; x_wconf 87' lang='lat' dir='ltr'>subesse</span> <span class='ocrx_word' id='word_1_1055' title='bbox 3518 5527 3848 5599; x_wconf 69' lang='lat' dir='ltr'>cognoscimus-</span> 
     </span>
    </p>
   </div>
  </div>
