4080 6178
263 298 393 351 1061

250 423 331 474 Α.
368 420 519 472 Bene
566 417 859 488 intelligis.
894 416 1003 471 Sed
1048 416 1201 470 vides
1231 421 1381 470 certe
1428 433 1558 471 cum
1600 417 1708 472 hoc
1738 419 1954 486 accidit,

252 523 460 577 corpus
492 509 773 575 nostrum,
804 507 862 559 id
892 509 978 559 est
1007 506 1217 570 oculos,
1254 505 1400 559 nihil
1428 506 1545 576 pati
1578 524 1644 560 ex
1676 507 1828 577 igne,
1862 509 1958 561 sed

252 612 326 650 ex
352 595 508 649 fumo
541 611 713 664 quem
746 595 933 647 solum
961 593 1171 647 vident.
1205 594 1427 647 Etenim
1460 594 1672 662 videre,
1707 597 1953 662 sentire;

254 689 314 738 et
344 684 574 749 sentire,
618 683 737 751 pati
777 698 919 748 esse,
946 682 1065 749 jam
1112 698 1283 752 supra
1313 683 1722 736 consensimus.
1752 686 1814 738 E.
1849 685 1956 736 Te-

253 788 366 826 neo
391 775 447 824 et
468 770 765 826 assentior.
787 771 839 824 Α
855 811 868 825 .
903 770 1047 824 Cum
1067 786 1201 839 ergo
1230 785 1335 839 per
1360 770 1681 840 passionem
1702 771 1958 841 corporis

252 875 373 913 non
401 859 538 912 latet
570 858 787 928 aliquid
818 857 1090 924 animam,
1123 874 1241 910 non
1270 858 1545 912 continuo
1576 876 1772 913 sensus
1800 876 1962 913 voca-

254 950 354 1000 tur
383 962 531 999 unus
562 945 632 999 de
664 946 919 1016 quinque
948 947 1312 1014 memoratis;
1343 947 1441 1001 sed
1467 963 1596 1000 cum
1627 947 1748 1018 ipsa
1771 948 1958 1018 passio

253 1050 376 1088 non
408 1036 543 1088 latet
567 1050 580 1087 :
604 1050 853 1105 namque
877 1034 974 1089 ille
1006 1035 1155 1105 ignis
1194 1052 1312 1089 non
1348 1037 1521 1099 visus,
1566 1053 1669 1090 nec
1709 1038 1956 1105 auditus,

254 1138 362 1175 nec
408 1122 666 1187 olfactus,
716 1138 821 1175 nec
864 1126 1141 1191 gustatus,
1181 1139 1285 1176 nec
1331 1127 1512 1177 tactus
1551 1141 1582 1177 a
1613 1123 1795 1192 nobis,
1846 1140 1960 1177 non

255 1215 453 1263 tamen
482 1211 618 1265 latet
645 1211 921 1279 animam,
960 1210 1121 1264 fumo
1151 1211 1288 1264 viso.
1334 1213 1402 1265 Et
1430 1228 1560 1265 cum
1590 1212 1695 1264 hoc
1733 1228 1847 1265 non
1878 1213 1963 1265 1a-

252 1302 378 1351 tere
406 1315 519 1352 non
548 1302 781 1351 vocetur
804 1314 1022 1366 sensus,
1054 1298 1190 1368 quia
1212 1314 1279 1351 ex
1310 1298 1443 1368 igne
1473 1316 1676 1369 corpus
1708 1299 1851 1352 nihil
1877 1303 1962 1352 est

253 1403 518 1456 passum;
552 1392 784 1441 vocatur
810 1390 1001 1440 tamen
1031 1387 1283 1457 cognitio
1310 1403 1414 1457 per
1440 1404 1690 1449 sensum,
1733 1387 1867 1457 quia
1895 1403 1959 1440 ex

252 1474 518 1546 passione
555 1475 808 1545 corporis
846 1475 1105 1546 quamvis
1136 1474 1266 1541 alia,
1310 1475 1367 1528 id
1399 1480 1483 1528 est
1514 1492 1580 1529 ex
1616 1475 1847 1529 alterius
1877 1474 1961 1528 rei

247 1563 490 1629 visione,
535 1564 913 1633 conjectatum
944 1567 1026 1615 est
1058 1567 1225 1633 atque
1267 1568 1645 1632 compertum.
1680 1566 1742 1617 E.
1783 1564 1961 1616 Intel-

250 1652 391 1721 ligo,
426 1657 483 1705 et
529 1652 743 1722 Optime
787 1650 946 1705 video
982 1650 1133 1705 istud
1176 1668 1492 1722 congruere
1533 1668 1596 1704 ac
1642 1652 1829 1706 favere
1879 1651 1963 1705 illi

256 1739 584 1794 deﬁnitioni
630 1744 766 1805 tum,
800 1755 975 1809 quam
1019 1744 1084 1793 ut
1124 1755 1313 1793 meam
1359 1739 1504 1793 mihi
1546 1740 1961 1793 defendendam

258 1827 507 1881 dedisti:
560 1842 695 1880 nam
726 1826 805 1880 ita
838 1827 1078 1881 memini
1106 1843 1226 1881 esse
1270 1828 1369 1881 abs
1398 1832 1451 1880 te
1484 1844 1713 1881 sensum
1756 1827 1960 1881 deﬁni-

256 1918 403 1980 tum,
438 1930 569 1968 cum
599 1914 851 1967 animam
886 1931 1000 1968 non
1023 1916 1158 1968 latet
1182 1916 1333 1985 quod
1359 1915 1573 1985 patitur
1593 1931 1818 1985 corpus.
1849 1916 1960 1967 Ita-

261 2019 375 2073 que
405 2003 545 2056 illud
568 2002 724 2073 quod
745 2003 938 2057 fumus
960 2003 1206 2072 videtur,
1235 2019 1462 2056 sensum
1482 2019 1778 2068 vocamus;
1810 2001 1962 2072 passi

258 2095 395 2145 sunt
416 2090 572 2145 enim
598 2108 728 2145 eum
762 2091 911 2146 oculi
933 2090 1196 2160 videndo,
1228 2091 1325 2161 qui
1344 2096 1476 2145 sunt
1495 2091 1747 2162 corporis
1776 2096 1963 2162 partes

260 2184 320 2232 et
348 2195 614 2250 corpora:
640 2179 835 2250 ignem
858 2184 1068 2247 autem,
1094 2197 1157 2234 ex
1189 2197 1301 2250 quo
1326 2180 1469 2234 nihil
1499 2197 1703 2251 corpus
1733 2184 1817 2235 est
1840 2197 1964 2251 pas-

257 2284 410 2334 sum,
442 2268 702 2338 quamvis
732 2269 995 2339 cognitus
1028 2267 1219 2335 fuerit,
1254 2285 1484 2323 sensum
1516 2286 1629 2323 non
1660 2286 1953 2324 vocamus.

328 2358 417 2410 46.
451 2359 529 2410 Α.
558 2357 890 2413 Memoriam
921 2356 1154 2427 quidem
1178 2360 1335 2410 tuam
1364 2357 1545 2427 probo
1578 2361 1632 2411 et
1662 2374 1964 2428 sequacem

259 2444 730 2514 intelligentiam;
762 2461 963 2499 verum
1001 2445 1245 2499 munitio
1287 2445 1386 2498 illa
1423 2446 1771 2499 deﬁnitionis
1800 2447 1960 2500 laba-

260 2532 382 2586 scit.
412 2535 482 2588 E.
539 2534 650 2587 Cur
690 2532 924 2603 qumso?
951 2534 1021 2587 A.
1068 2531 1210 2597 Quia
1244 2549 1360 2587 non
1397 2550 1591 2603 negas,
1626 2540 1690 2588 ut
1736 2534 1959 2603 opinor,

260 2620 525 2673 nonnihil
554 2620 677 2691 pati
707 2638 913 2691 corpus
960 2638 1090 2674 cum
1122 2622 1424 2675 crescimus
1461 2622 1547 2675 vel
1578 2622 1958 2675 senescimus:

264 2725 450 2779 neque
482 2709 538 2763 id
571 2725 674 2762 nos
704 2709 822 2764 ullo
854 2725 1021 2763 sensu
1054 2708 1264 2763 sentire
1305 2710 1671 2763 manifestum
1712 2715 1827 2776 est;
1860 2726 1964 2763 nec

262 2797 319 2851 id
353 2802 545 2850 tamen
566 2797 819 2850 animam
842 2798 995 2850 latet.
1026 2799 1148 2850 Non
1167 2797 1345 2867 igitur
1373 2814 1500 2850 eam
1528 2799 1660 2851 latet
1692 2797 1965 2868 quiddam

262 2886 419 2957 quod
452 2886 665 2956 patitur
706 2902 929 2955 corpus,
963 2901 1067 2938 nec
1104 2890 1298 2938 tamen
1327 2902 1523 2938 sensus
1551 2885 1657 2939 iste
1688 2884 1965 2955 appellari

258 2979 468 3044 potest.
492 2974 747 3029 Videndo
772 2974 925 3028 enim
944 2975 1161 3044 majora
1183 2991 1248 3027 ea
1270 2991 1399 3045 quae
1421 2974 1727 3044 aliquando
1742 2973 1966 3027 minora

264 3064 605 3123 videramus,
631 3068 686 3117 et
706 3063 951 3117 videndo
976 3079 1137 3116 senes
1169 3080 1265 3117 eos
1295 3080 1438 3133 quos
1463 3063 1700 3131 juvenes
1732 3079 1795 3116 ac
1824 3078 1966 3132 pue-

264 3169 357 3205 ros
387 3152 561 3206 fuisse
592 3157 843 3219 constat;
880 3154 1266 3220 conjectamus
1294 3150 1545 3221 aliquam
1574 3151 1747 3204 talem
1780 3155 1963 3204 muta-

265 3240 483 3294 tionem
512 3246 708 3295 nostra
754 3257 1017 3309 corpora,
1065 3240 1238 3293 etiam
1287 3255 1440 3293 nunc
1470 3239 1607 3292 dum
1654 3239 1962 3310 loquimur,

262 3328 401 3400 pati.
445 3330 639 3400 Neque
677 3328 739 3382 in
787 3345 853 3381 eo
896 3328 1172 3394 fallimur,
1207 3332 1269 3380 ut
1306 3326 1548 3397 opinor:
1582 3343 1715 3380 nam
1756 3328 1965 3398 procli-

262 3419 391 3471 vius
421 3422 521 3483 est,
553 3423 619 3471 ut
646 3434 737 3471 me
768 3417 889 3470 falli
937 3417 1121 3470 dicam
1167 3416 1321 3487 quod
1366 3415 1553 3483 video,
1603 3433 1775 3486 quam
1815 3416 1965 3487 quod

263 3506 525 3576 intelligo
577 3506 812 3576 capillos
850 3522 1006 3559 meos
1035 3521 1190 3559 nunc
1234 3520 1505 3571 crescere,
1540 3520 1815 3574 corpusve
1862 3520 1968 3573 per

261 3600 556 3650 momenta
599 3594 834 3649 mutari.
876 3594 1040 3658 Quod
1088 3594 1136 3646 si
1166 3593 1404 3647 mutatio
1452 3593 1579 3659 ista,
1612 3592 1800 3662 passio
1844 3608 1965 3646 cor-

256 3683 420 3753 poris
450 3688 553 3745 est,
584 3683 739 3754 quod
770 3698 937 3737 nemo
979 3687 1171 3751 negat,
1206 3698 1311 3736 nec
1340 3698 1492 3735 nunc
1522 3683 1767 3735 sentitur
1797 3698 1829 3734 a
1859 3698 1967 3735 no-

256 3770 375 3837 bis,
418 3786 521 3823 nec
570 3774 761 3824 tamen
804 3770 1055 3823 animam
1102 3770 1258 3833 latet,
1300 3769 1436 3839 quia
1484 3785 1590 3822 nos
1638 3785 1752 3823 non
1797 3769 1962 3836 latet;

257 3857 499 3928 patitur,
528 3861 591 3910 ut
624 3857 763 3923 dixi,
804 3872 1010 3927 corpus
1042 3856 1195 3926 quod
1227 3872 1345 3910 non
1370 3856 1508 3911 latet
1548 3856 1822 3919 animam,
1865 3873 1968 3911 nec

261 3961 465 3999 sensus
495 3949 580 3999 est
606 3949 819 3999 tamen.
844 3946 1029 4009 Quare
1058 3944 1155 3998 illa
1182 3945 1455 4011 deﬁnitio,
1483 3962 1611 4017 quas
1643 3946 1784 3999 nihil
1813 3946 1966 4015 quod

260 4050 465 4087 sensus
494 4050 611 4087 non
645 4039 810 4101 esset,
852 4034 1095 4087 debebat
1131 4033 1446 4100 includere,
1488 4051 1617 4088 cum
1648 4035 1753 4088 hoc
1784 4034 1967 4088 inclu-

260 4123 358 4189 sit,
408 4128 559 4177 certe
608 4122 812 4177 vitiosa
862 4126 968 4178 est.
1022 4123 1095 4177 E.
1135 4122 1289 4176 Nihil
1330 4122 1471 4189 mihi
1516 4127 1729 4177 restare
1777 4121 1967 4191 video,

258 4227 439 4281 quam
468 4215 533 4264 ut
558 4214 611 4263 te
661 4214 875 4279 petam,
915 4214 980 4264 ut
1016 4215 1117 4263 aut
1164 4210 1404 4264 deﬁnias
1451 4210 1637 4275 aliter,
1684 4213 1781 4264 aut
1821 4210 1970 4264 hanc

260 4315 514 4365 recures,
548 4298 595 4352 si
622 4303 784 4369 potes
809 4316 821 4353 :
851 4315 985 4352 nam
1033 4315 1159 4353 eam
1188 4298 1295 4353 ista
1337 4300 1552 4354 ratione
1597 4314 1773 4369 quam
1798 4299 1968 4352 vehe-

258 4390 489 4440 menter
534 4387 737 4455 probo,
796 4386 1057 4442 vitiosam
1111 4402 1232 4441 esse
1288 4403 1499 4458 negare
1547 4404 1661 4441 non
1711 4402 1968 4457 possum.

258 4476 337 4529 Α.
373 4474 555 4528 Facile
584 4478 667 4528 est
692 4475 860 4529 istam
903 4476 1209 4546 corrigere,
1261 4476 1415 4545 quod
1457 4476 1585 4529 volo
1630 4478 1691 4529 tu
1722 4475 1967 4528 audeas:

261 4561 437 4616 facies
467 4561 642 4627 enim,
676 4562 818 4615 milii
865 4564 1049 4629 crede,
1080 4563 1127 4615 si
1154 4563 1300 4617 bene
1348 4563 1675 4617 intellexisti
1715 4562 1811 4616 ubi
1840 4578 1970 4633 pec-

260 4654 373 4704 cet.
426 4653 492 4704 E.
541 4650 688 4704 Num
736 4650 873 4704 alibi
911 4667 1085 4721 quam
1128 4650 1229 4703 ubi
1265 4651 1452 4705 aliena
1496 4650 1969 4721 comprehendit?

259 4740 339 4792 A.
372 4738 494 4801 Quo
525 4738 757 4791 tandem
789 4738 994 4791 modo?
1024 4741 1087 4791 E.
1123 4737 1264 4801 Quia
1294 4738 1447 4809 quod
1474 4739 1714 4792 senescit
1740 4755 1967 4808 corpus,

263 4825 527 4895 quamvis
555 4824 615 4878 in
655 4826 886 4895 juvene,
933 4842 1049 4879 non
1086 4830 1274 4895 potest
1326 4826 1522 4896 negari
1552 4828 1671 4896 pati
1714 4826 1972 4897 aliquid;

262 4913 439 4983 idque
472 4929 601 4966 cum
633 4912 859 4980 scimus,
894 4930 1008 4967 non
1052 4914 1186 4967 latet
1221 4913 1475 4967 animam
1510 4914 1783 4985 quiddam
1815 4916 1971 4986 quod

262 5000 483 5071 patitur
520 5018 741 5072 corpus,
781 5018 967 5072 neque
1011 5006 1203 5055 tamen
1243 5003 1358 5055 ullo
1397 5019 1568 5056 sensu
1606 5003 1827 5073 percipi
1867 5020 1972 5073 po-

262 5094 409 5144 test:
446 5106 582 5143 nam
627 5106 730 5143 nec
777 5090 942 5144 video
972 5107 1063 5144 me
1096 5090 1270 5144 modo
1315 5106 1627 5156 senescere,
1680 5107 1865 5160 neque
1912 5091 1973 5146 id

263 5178 490 5243 auditu,
538 5182 633 5231 aut
682 5178 911 5247 olfactu,
962 5184 1061 5232 aut
1107 5184 1358 5248 gustatu,
1410 5182 1507 5231 aut
1562 5182 1716 5231 tactu
1765 5178 1970 5233 sentio.

264 5268 339 5320 A.
364 5266 521 5319 Unde
545 5282 680 5336 ergo
702 5266 842 5320 illud
858 5267 1048 5321 nosti?
1068 5269 1131 5321 E.
1158 5267 1394 5321 Ratione
1418 5266 1477 5319 id
1498 5266 1724 5336 colligo.
1748 5267 1817 5321 A.
1841 5267 1974 5331 Qui-

263 5354 371 5408 bus
400 5355 755 5423 argumentis
782 5355 925 5409 ratio
952 5359 1051 5409 tua
1080 5355 1319 5409 nititur?
1349 5356 1415 5409 E.
1449 5354 1611 5418 Quod
1643 5354 1781 5408 alios
1807 5354 1971 5410 video

264 5458 454 5512 senes,
487 5443 585 5512 qui
618 5451 678 5497 ut
710 5460 814 5514 ego
845 5460 998 5497 nunc
1019 5460 1165 5509 sum,
1189 5444 1428 5514 juvenes
1454 5446 1634 5497 erant.
1664 5445 1735 5497 A.
1771 5443 1972 5500 Nonne

265 5548 470 5586 sensus
500 5535 604 5600 est,
638 5548 750 5603 quo
790 5548 884 5588 eos
915 5532 1093 5602 vides,
1125 5548 1274 5588 unus
1310 5532 1377 5588 de
1409 5532 1708 5604 quinque?
1735 5535 1801 5589 Ε.
1838 5534 1975 5598 Quis

1780 296 1993 353 LIBER
2041 296 2138 352 UN
2144 296 2248 352 US.

3632 309 3649 358 1
3664 308 3770 360 06‘).

2070 418 2284 490 negat?
2312 421 2420 474 Sed
2441 437 2508 474 ex
2530 437 2595 475 eo
2618 422 2772 491 quod
2798 421 2924 475 illos
2952 421 3138 492 video,
3171 439 3263 478 me
3294 441 3522 496 quoque
3553 444 3682 481 cum
3710 429 3767 483 id

2072 523 2185 560 non
2229 507 2472 575 videam,
2510 509 2761 577 conjecto
2795 525 3104 564 senescere.
3145 512 3213 564 A.
3267 511 3414 574 Quid
3458 514 3762 568 verborum

2070 610 2205 663 ergo
2232 594 2315 647 illi
2342 595 2682 659 deﬁnitioni,
2714 612 2826 666 quo
2856 599 3182 666 perﬁciatur
3214 601 3539 655 addendum
3565 606 3768 671 putas;

2069 699 2199 736 cum
2233 700 2430 737 sensus
2460 701 2575 738 non
2614 684 2703 751 sit,
2747 685 2856 739 nisi
2886 703 3001 740 non
3030 688 3199 741 lateat
3228 689 3478 742 animam
3512 691 3769 759 corporis

2069 772 2279 841 passio,
2312 789 2416 827 nec
2456 778 2647 827 tamen
2694 773 2773 827 ita
2816 780 2881 829 ut
2911 792 3039 829 eam
3079 793 3181 846 per
3211 778 3380 829 aliam
3410 778 3761 845 passionem,

2070 865 2167 913 aut
2213 853 2509 929 per"aliud
2563 862 2857 931 quodlibet
2900 864 3232 935 intelligat?
3274 867 3340 919 E.
3374 865 3491 931 Dic,
3550 882 3763 936 quaeso,

2070 947 2222 1002 istud
2254 950 2424 1018 paulo
2452 950 2697 1019 planius.

2178 1037 2401 1090 CAPUT
2430 1039 2578 1093 XXV.
2612 1068 2679 1077 —
2707 1041 2951 1106 Deﬁnitio
2982 1040 3240 1107 quomodo
3269 1041 3657 1095 examinanda.

2138 1126 2227 1179 47.
2275 1127 2348 1179 Α.
2397 1127 2599 1180 Geram
2644 1126 2749 1180 tibi
2788 1144 3027 1197 morem,
3068 1134 3124 1183 et
3157 1131 3335 1185 multo
3368 1131 3639 1185 libentius
3670 1148 3760 1185 re-

2070 1210 2320 1264 tardanti
2352 1229 2525 1282 quam
2554 1215 2883 1268 festinanti:
2924 1216 3023 1269 sed
3052 1216 3138 1269 fac
3167 1223 3319 1271 totus
3349 1219 3516 1282 adsis,
3555 1219 3765 1273 valebit

2070 1297 2223 1350 enim
2244 1299 2352 1351 hoc
2376 1300 2444 1352 ad
2463 1302 2628 1369 plura
2651 1302 2805 1371 quod
2827 1302 3032 1355 dicam.
3074 1305 3340 1358 Deﬁnitio
3372 1307 3515 1359 nihil
3548 1308 3762 1376 minus,

2071 1384 2212 1437 nihil
2243 1387 2490 1455 amplius
2519 1389 2791 1453 continet,
2826 1406 2998 1459 quam
3034 1391 3093 1443 id
3135 1392 3287 1460 quod
3320 1399 3647 1462 susceptum
3679 1403 3764 1448 est

2072 1473 2504 1544 explicandum;
2531 1475 2693 1529 aliter
2714 1477 2950 1530 omnino
2983 1477 3184 1531 vitiosa
3214 1482 3313 1532 est.
3350 1481 3547 1533 Utrum
3580 1486 3770 1534 autem

2069 1561 2397 1631 hujusmodi
2447 1563 2597 1617 vitiis
2670 1570 2875 1631 careat,
2949 1566 3319 1620 conversione
3404 1568 3765 1636 exploratur:

2073 1650 2225 1719 quod
2249 1650 2337 1703 his
2375 1652 2647 1721 exemplis
2676 1652 2782 1705 tibi
2831 1654 2928 1705 ﬁet
2972 1654 3242 1722 apertius.
3277 1654 3331 1707 Si
3364 1653 3518 1707 enim
3554 1671 3642 1707 me
3673 1672 3766 1708 ro-

2072 1753 2236 1806 gares
2266 1738 2403 1808 quid
2436 1745 2583 1793 esset
2610 1740 2801 1806 homo,
2836 1744 2892 1793 et
2922 1756 3054 1793 eum
3086 1742 3193 1793 hoc
3224 1742 3396 1794 modo
3429 1742 3765 1811 deﬁnerem,

2072 1827 2252 1879 Homo
2282 1831 2367 1880 est
2395 1826 2607 1880 animal
2645 1828 2918 1896 mortale;
2957 1844 3074 1881 non
3099 1829 3373 1883 continuo
3404 1829 3537 1899 quia
3567 1846 3769 1883 verum

2071 1914 2287 1967 dictum
2327 1920 2429 1982 est,
2463 1915 2637 1969 etiam
2669 1915 3062 1969 definitionem
3092 1918 3334 1986 probare
3375 1918 3629 1985 deberes,
3672 1919 3768 1973 sed

2072 2002 2429 2071 superposita
2475 2002 2527 2055 ei
2574 2003 2871 2073 particula,
2916 2004 2973 2057 id
3021 2010 3125 2071 est,
3174 2005 3381 2074 omnis,
3434 2010 3769 2061 convertere

2071 2089 2230 2143 illam
2279 2094 2334 2144 et
2378 2089 2613 2161 intueri,
2653 2097 2846 2145 utrum
2895 2092 3068 2146 etiam
3114 2108 3385 2147 conversa
3425 2110 3557 2147 vera
3587 2098 3767 2148 esset:

2071 2177 2180 2231 hoc
2201 2182 2305 2241 est,
2330 2182 2523 2233 utrum
2542 2181 3028 2252 quemadmodum
3044 2198 3241 2235 verum
3266 2188 3369 2248 est,
3394 2182 3579 2235 omnis
3601 2182 3775 2235 homo

2074 2265 2285 2319 animal
2331 2269 2574 2323 mortale
2614 2273 2731 2335 est;
2782 2269 2863 2322 ita
2906 2274 3052 2322 esset
3088 2285 3313 2335 verum,
3362 2286 3533 2323 omne
3563 2269 3776 2323 animal

2072 2355 2311 2407 mortale
2374 2355 2547 2409 homo
2602 2360 2718 2410 est:
2769 2372 2883 2426 quo
2934 2356 3098 2410 aliter
3145 2356 3401 2422 invento,
3450 2356 3773 2425 improbare

2074 2441 2469 2496 deﬁnitionem
2516 2448 2754 2514 propter
2795 2444 2935 2497 illud
2978 2444 3181 2497 vitium
3233 2460 3347 2514 quo
3397 2444 3584 2521 aliena
3614 2459 3777 2497 com-

2072 2530 2376 2599 prehendit
2401 2551 2415 2598 ;
2440 2548 2554 2585 non
2582 2532 2736 2585 enim
2769 2532 2922 2586 solus
2952 2533 3125 2585 homo
3157 2536 3241 2585 est
3269 2532 3481 2585 animal
3512 2533 3776 2598 mortale,

2073 2619 2171 2671 sed
2202 2619 2375 2673 etiam
2396 2619 2612 2689 quasvis
2642 2619 2841 2673 bestia.
2877 2621 3006 2673 Haec
3033 2620 3209 2689 igitur
3237 2618 3489 2673 hominis
3519 2619 3774 2673 deﬁnitio

2074 2706 2271 2777 perﬁci
2320 2709 2481 2773 solet,
2533 2724 2663 2761 cum
2712 2708 2944 2762 additur
2997 2707 3225 2761 mortali
3272 2708 3594 2761 rationale:
3642 2724 3777 2761 nam

2073 2796 2249 2849 homo
2282 2800 2367 2850 est
2406 2795 2620 2849 animal
2660 2796 2900 2850 mortale
2934 2796 3247 2861 rationale;
3282 2800 3456 2865 atque
3487 2800 3550 2849 ut
3589 2796 3777 2849 omnis

2073 2882 2246 2936 homo
2281 2883 2491 2937 animal
2529 2884 2807 2938 rationale
2839 2885 3080 2937 mortale
3111 2890 3216 2952 est,
3248 2883 3328 2937 ita
3358 2899 3531 2936 omne
3563 2884 3774 2937 animal

2077 2971 2355 3025 rationale
2384 2973 2626 3025 mortale
2656 2974 2828 3025 homo
2858 2975 2959 3026 est.
2995 2972 3126 3025 Plus
3155 2971 3496 3024 continendo
3528 2986 3664 3039 ergo
3691 2987 3779 3024 su-

2073 3059 2269 3129 perior
2306 3060 2562 3114 deﬁnitio
2597 3060 2798 3113 vitiosa
2843 3064 2982 3127 erat,
3018 3059 3256 3113 bestiam
3308 3059 3464 3112 enim
3500 3076 3631 3113 cum
3662 3059 3775 3112 ho—

2075 3147 2231 3201 mine
2272 3149 2633 3202 continebat:
2670 3148 2777 3201 ista
2824 3148 3071 3219 perfecta
3121 3152 3240 3215 est;
3272 3164 3404 3201 nam
3439 3152 3495 3202 et
3546 3163 3777 3201 omnem

2075 3236 2388 3300 hominem,
2409 3242 2465 3291 et
2483 3237 2626 3291 nihil
2652 3238 2959 3307 plusquam
2981 3236 3276 3289 hominem
3301 3240 3475 3289 tenet.
3511 3237 3777 3290 Tenendo

2077 3330 2271 3379 autem
2302 3327 2511 3393 minus,
2553 3326 2634 3380 ita
2662 3326 2863 3379 vitiosa
2889 3330 2971 3379 est
3000 3324 3046 3378 si
3091 3325 3261 3378 addas
3300 3324 3772 3395 grammaticum:

2076 3431 2405 3486 quanquam
2434 3415 2588 3469 enim
2608 3431 2776 3469 omne
2798 3414 3009 3468 animal
3032 3414 3307 3467 rationale
3333 3414 3571 3468 mortale
3586 3429 3776 3483 gram-

2076 3503 2348 3558 maticum
2379 3505 2551 3557 homo
2584 3503 2675 3568 sit,
2709 3490 2901 3573 plures
2932 3507 3127 3555 tamen
3156 3502 3440 3567 homines,
3471 3502 3569 3572 qui
3592 3516 3780 3571 gram-

2076 3592 2268 3646 matici
2295 3608 2412 3645 non
2444 3596 2596 3658 sunt,
2632 3592 2737 3645 hac
2766 3590 3098 3645 deﬁnitione
3132 3606 3249 3642 non
3290 3590 3685 3642 continentur:
3725 3592 3782 3643 et

2076 3679 2147 3733 ob
2171 3680 2277 3732 hoc
2298 3680 2405 3733 ista
2434 3696 2534 3749 per
2559 3680 2806 3750 primam
2832 3679 2991 3732 illam
3012 3678 3466 3749 propositionem
3486 3678 3630 3731 falsa
3646 3677 3777 3747 :est;

2077 3784 2207 3820 cum
2236 3772 2428 3823 autem
2458 3768 2827 3835 convertitur,
2858 3784 3009 3821 vera.
3034 3768 3258 3821 Falsum
3288 3771 3369 3820 est
3392 3766 3567 3833 enim,
3591 3766 3781 3820 omnis

2076 3854 2250 3910 homo
2273 3856 2486 3911 animal
2517 3857 2795 3911 rationale
2810 3857 3047 3911 mortale
3078 3854 3516 3925 grammaticum
3548 3859 3630 3908 est
3650 3871 3663 3922 ;
3682 3855 3782 3908 sed

2077 3960 2277 3999 verum
2299 3951 2402 4012 est,
2436 3963 2604 4001 omne
2627 3946 2840 4001 animal
2869 3946 3147 3999 rationale
3181 3944 3421 3998 mortale
3454 3943 3785 4013 grammati-

2077 4051 2209 4089 cum
2248 4035 2422 4089 homo
2450 4038 2553 4090 est.
2612 4036 2755 4090 Cum
2809 4040 3000 4089 autem
3048 4050 3153 4104 per
3198 4034 3446 4105 primam
3518 4033 3783 4102 proposi-

2078 4123 2319 4188 tionem,
2347 4140 2533 4194 neque
2555 4140 2659 4194 per
2675 4123 3103 4177 conversionem
3117 4121 3412 4175 enuntiata
3434 4136 3561 4172 vera
3579 4124 3681 4185 est,
3695 4119 3785 4172 his

2079 4211 2321 4281 singulis
2349 4216 2406 4265 et
2438 4212 2693 4282 profecto
2714 4212 2974 4266 vitiosior
2997 4228 3008 4265 :
3033 4216 3094 4264 ut
3122 4214 3255 4263 sunt
3275 4209 3400 4262 istae
3430 4208 3574 4272 dum,
3610 4208 3783 4261 homo

2080 4304 2165 4352 est
2181 4298 2394 4352 animal
2414 4299 2748 4366 candidum;
2769 4305 2888 4367 aut,
2906 4300 3079 4352 homo
3102 4302 3186 4351 est
3198 4297 3409 4351 animal
3429 4296 3780 4365 quadrupes.

2080 4387 2223 4440 Nam
2244 4390 2299 4439 et
2319 4385 2366 4439 si
2388 4385 2559 4452 dicas,
2583 4386 2768 4440 omnis
2796 4391 2967 4440 homo
2985 4385 3197 4439 animal
3217 4383 3526 4439 candidum
3549 4388 3634 4437 est
3657 4400 3669 4448 ;
3688 4388 3786 4436 aut

2080 4474 2649 4545 animalquadrupes,
2667 4475 2868 4528 falsum
2892 4475 3061 4539 dicis;
3087 4474 3200 4527 etsi
3223 4476 3531 4526 convertas.
3549 4472 3657 4526 Sed
3670 4472 3778 4525 hoc

2080 4562 2231 4616 inter
2258 4579 2315 4616 se
2338 4562 2630 4621 diﬁ‘erunt.
2664 4565 2815 4635 quod
2836 4564 2933 4617 illa
2964 4562 3151 4633 prima
3180 4561 3241 4614 in
3271 4561 3491 4630 aliquos
3516 4559 3780 4614 homines

2081 4652 2260 4719 cadit;
2292 4668 2427 4705 nam
2456 4652 2719 4723 plerique
2759 4657 2893 4706 sunt
2934 4650 3197 4704 homines
3227 4649 3484 4703 candidi:
3534 4650 3654 4703 haec
3701 4650 3780 4703 al-

2080 4744 2205 4794 tera
2234 4740 2295 4793 in
2318 4741 2630 4804 neminem,
2666 4734 2783 4793 non
2811 4739 2964 4793 enim
2996 4738 3297 4809 quisquam
3332 4738 3505 4791 homo
3536 4734 3783 4808 quadru-

2081 4845 2202 4898 pes.
2240 4830 2368 4883 Haac
2393 4847 2495 4900 pro
2527 4834 2783 4898 tempore
2813 4828 2881 4880 ad
2914 4828 3286 4896 explorandas
3308 4826 3678 4880 deﬁnitiones
3706 4828 3788 4880 di-

2085 4916 2309 4983 diceris,
2356 4916 2842 4987 quemadmodum
2891 4915 3283 4985 propositione
3330 4921 3500 4986 atque
3545 4932 3787 4968 conver-

2086 5005 2246 5058 sione
2272 5004 2637 5076 judicentur:
2673 5009 2807 5057 sunt
2834 5003 2943 5056 alia
2972 5003 3151 5056 multa
3181 5003 3249 5057 de
3291 5003 3399 5057 hoc
3424 5019 3633 5073 genere
3658 5019 3785 5072 qua:

2086 5094 2378 5160 docentur,
2426 5098 2482 5147 et
2525 5094 2830 5147 verborum
2897 5093 3068 5162 plena
3114 5096 3176 5152 et_
3224 5092 3612 5156 tenebrarum,
3654 5107 3784 5160 qua:

2084 5183 2362 5252 paulatim
2375 5181 2471 5235 ubi
2494 5184 2882 5252 opportunum
2905 5179 3207 5247 videbitur,
3230 5180 3480 5234 conabor
3500 5184 3564 5232 ut
3584 5178 3783 5233 discas.

2156 5272 2243 5323 48.
2278 5271 2437 5323 Nunc
2475 5275 2739 5324 converte
2781 5268 3040 5323 animum
3086 5269 3153 5323 ad
3192 5268 3351 5322 illam
3391 5267 3785 5321 deﬁnitionem

2086 5362 2363 5427 nostram,
2411 5363 2465 5411 et
2511 5375 2638 5412 eam
2682 5358 2926 5429 peritior
2962 5374 3093 5412 cum
3140 5344 3490 5421 discusseris,
3526 5355 3785 5426 corrige:

2087 5445 2490 5502 inveneramus
2522 5447 2678 5501 enim
2728 5464 2876 5514 eam,
2908 5462 3040 5501 cum
3081 5445 3339 5500 deﬁnitio
3382 5460 3580 5499 sensus
3622 5448 3787 5510 esset,

2088 5535 2391 5607 complecti
2420 5522 2575 5592 aliud
2605 5536 2758 5608 quod
2788 5552 2989 5591 sensus
3038 5550 3158 5589 non
3194 5536 3363 5600 esset,
3399 5537 3454 5587 et
3498 5531 3626 5587 ideo
3672 5547 3791 5585 non
