4098 6182
435 258 569 311 1063

429 393 570 444 esse,
604 391 735 432 cum
764 374 1134 442 convertitur,
1183 388 1395 428 veram.
1444 373 1696 426 Fortasse
1725 369 1897 438 {enim
1927 384 2127 422 verum

430 471 535 532 est,
567 465 753 521 omnis
780 481 977 519 sensus
1005 463 1192 534 passio
1222 460 1476 531 corporis
1509 463 1591 513 est
1619 457 1880 512 animum
1907 473 2021 510 non
2055 456 2132 509 la-

430 559 594 621 tens;
627 558 694 607 ut
721 568 921 606 verum
949 555 1052 616 est,
1085 549 1269 603 omnis
1296 548 1465 600 homo
1496 545 1707 599 animal
1739 545 1980 599 mortale.
2009 547 2092 597 est
2116 557 2129 596 :

433 648 493 697 at
527 646 593 696 ut
637 641 846 696 falsum
891 643 998 704 est,
1044 653 1212 692 omne
1263 636 1475 689 animal
1519 634 1763 688 mortale
1803 634 1976 686 homo
2027 637 2130 695 est,

433 730 569 802 quia
598 729 656 784 id
690 733 775 782 est
817 732 874 782 et
919 726 1140 790 bestia;
1190 724 1272 778 ita
1319 725 1526 778 falsum
1565 727 1667 784 est,
1715 721 1902 776 omnis
1949 721 2134 791 passio

433 817 688 888 corporis
719 832 834 869 non
872 815 1054 868 latens
1082 812 1358 878 animam,
1409 827 1606 864 sensus
1651 814 1765 864 est:
1817 809 1952 880 quia
1981 823 2134 860 nunc

431 905 597 959 nobis
642 918 867 972 ungues
915 904 1197 966 crescunt,
1233 915 1337 952 nec
1383 898 1633 952 animam
1682 898 1840 962 latet,
1889 897 1946 950 id
1978 895 2134 948 enim

431 992 672 1057 scimus;
698 1005 886 1060 neque
905 989 961 1043 id
976 987 1277 1055 sentimus,
1299 987 1395 1041 sed
1417 985 1826 1056 conjectatione
1842 982 2132 1054 cognosci—

432 1076 1228 1146 mus.Quemadmodumergo
1243 1075 1326 1128 illi
1341 1073 1667 1128 deﬁnitioni
1679 1072 1929 1127 hominis
1943 1077 2003 1125 ut
2014 1087 2136 1142 per-

431 1168 713 1231 ﬁceretur,
725 1165 986 1220 additum
1003 1168 1085 1218 est
1101 1163 1378 1218 rationale
1391 1179 1504 1234 quo
1518 1163 1730 1226 addito,
1747 1161 1964 1227 bestiae,
1983 1177 2131 1232 quae,

433 1255 605 1309 simul
637 1253 1098 1318 continebantur,
1152 1253 1394 1305 exclusae
1439 1256 1588 1313 sunt,
1637 1250 1896 1321 nihilque
1926 1256 2137 1320 praeter

430 1343 735 1398 hominem
755 1346 925 1412 atque
949 1357 1181 1394 omnem
1202 1340 1496 1393 hominem
1516 1338 1616 1392 tali
1639 1337 1970 1392 deﬁnitione
1993 1351 2137 1389 com-

431 1431 879 1502 prehendimus;
906 1445 1099 1483 nonne
1129 1444 1322 1482 censes
1348 1427 1565 1498 aliquid
1586 1426 1756 1480 etiam
1777 1425 1910 1478 huic
1931 1424 2137 1478 adden-

433 1521 573 1574 dum
616 1535 758 1586 esse,
812 1535 926 1588 quo
974 1517 1107 1571 inde
1153 1517 1488 1586 sejungatur
1525 1515 1673 1585 quod
1715 1513 1990 1578 alienum,
2031 1529 2136 1566 nec

435 1607 755 1679 quidquam
786 1607 846 1659 in
893 1622 960 1659 ea
1001 1604 1110 1658 nisi
1142 1620 1357 1666 sensus,
1391 1606 1445 1656 et
1479 1602 1666 1656 omnis
1695 1619 1891 1656 sensus
1924 1601 2132 1655 intelli-

435 1697 646 1767 gatur?
663 1699 728 1750 E.
754 1696 966 1750 Censeo
990 1693 1244 1764 quidem,
1269 1691 1363 1745 sed
1391 1691 1530 1762 quid
1552 1689 1682 1745 addi
1705 1691 1884 1760 possit
1905 1690 2127 1759 ignoro.

431 1785 504 1839 Α.
545 1784 757 1838 Sensus
786 1786 871 1836 est
897 1785 1048 1835 certe
1086 1780 1274 1834 omnis
1305 1778 1492 1850 passio
1522 1775 1778 1846 corporis
1806 1791 1922 1829 non
1953 1775 2133 1827 latens

431 1871 728 1924 animam:
772 1870 870 1924 sed
915 1868 1164 1922 converti
1211 1883 1328 1921 non
1376 1871 1563 1936 potest
1613 1865 1736 1918 haec
1791 1861 2128 1926 enuntiatio,

430 1963 668 2030 propter
703 1957 1032 2028 passionem
1063 1957 1223 2010 illam
1251 1954 1528 2024 corporis,
1560 1970 1673 2024 qua
1703 1953 1791 2006 vel
1822 1951 2020 2005 crescit
2046 1950 2131 2003 vel

435 2045 709 2101 decrescit
739 2044 1048 2099 scientibus
1078 2043 1263 2109 nobis,
1295 2043 1353 2096 id
1386 2046 1489 2107 est,
1529 2046 1593 2095 ut
1622 2057 1740 2094 non
1787 2040 1963 2094 lateat
2010 2037 2135 2091 ani-

432 2151 609 2189 mam.
660 2137 721 2188 E.
756 2135 841 2187 Ita
892 2137 994 2187 est.
1044 2133 1114 2186 A.
1151 2131 1342 2196 Quid?
1370 2132 1493 2184 haec
1533 2129 1723 2200 passio
1755 2144 1859 2199 per
1888 2127 2132 2197 seipsam

431 2239 548 2278 non
574 2223 713 2275 latet
741 2221 1018 2289 animam,
1051 2236 1123 2273 an
1147 2236 1250 2290 per
1280 2219 1430 2274 aliud
1451 2219 1479 2273 ?
1509 2222 1572 2273 E.
1610 2220 1716 2272 Per
1740 2216 1891 2270 aliud
1922 2215 2091 2286 plane
2117 2231 2130 2267 :

433 2312 588 2366 aliud
649 2313 734 2364 est
780 2309 933 2363 enim
971 2308 1164 2362 videre
1202 2323 1423 2377 ungues
1464 2307 1733 2377 majores,
1785 2304 1942 2358 aliud
1991 2303 2132 2356 scire

431 2399 589 2470 quod
621 2400 892 2452 crescant.
935 2398 1009 2449 Α.
1042 2397 1180 2450 Cum
1214 2411 1349 2465 ergo
1379 2411 1630 2448 crescere
1673 2393 1866 2464 ipsum
1897 2392 1971 2446 sit
1998 2408 2134 2462 pas-

431 2487 537 2552 sio,
571 2501 746 2557 quam
795 2483 954 2538 nullo
985 2499 1156 2537 sensu
1186 2483 1544 2554 attingimus,
1575 2481 1910 2553 magnitudo
1944 2486 2134 2534 autem

433 2575 533 2629 illa
577 2590 749 2646 quam
801 2571 1081 2627 sentimus
1123 2572 1322 2626 eadem
1365 2571 1632 2642 passione
1683 2569 1830 2623 facta
1879 2569 1971 2638 sit,
2020 2585 2134 2622 non

434 2662 561 2733 ipsa
591 2661 662 2716 sit
691 2659 882 2730 passio
909 2680 924 2727 ;
950 2659 1316 2713 manifestum
1350 2662 1435 2712 est.
1463 2659 1633 2712 talem
1663 2657 1988 2728 passionem
2018 2672 2135 2710 non

431 2767 535 2822 per
565 2749 809 2820 seipsam
847 2748 990 2822 scire
1021 2764 1145 2812 nos,
1186 2747 1284 2800 sed
1315 2763 1415 2818 per
1446 2747 1614 2800 aliud.
1641 2746 1697 2800 Si
1727 2761 1863 2816 ergo
1892 2761 2008 2798 non
2033 2761 2135 2815 per

431 2838 592 2893 aliud
620 2837 874 2891 animam
919 2852 1040 2890 non
1086 2836 1307 2904 lateret,
1357 2851 1550 2890 nonne
1593 2834 1900 2888 sentiretur
1943 2833 2134 2904 potius

431 2943 605 2998 quam
627 2925 1008 2996 conjiceretur
1025 2923 1053 2976 ?
1073 2927 1139 2980 E.
1171 2923 1452 2994 Intelligo.
1480 2925 1548 2978 Α.
1583 2923 1695 2978 Cur
1725 2939 1860 2993 ergo
1886 2922 2132 2990 dubitas,

431 3015 570 3086 quid
601 3013 688 3068 illi
730 3012 1054 3068 deﬁnitioni
1091 3012 1163 3066 sit
1190 3011 1518 3066 addendum
1539 3012 1566 3066 ?
1608 3015 1674 3066 E.
1717 3012 1842 3064 Jam
1871 3010 2032 3064 video
2056 3009 2135 3063 sic

432 3120 553 3158 esse
587 3101 998 3167 deﬁniendum,
1047 3105 1112 3154 ut
1161 3117 1359 3154 sensus
1407 3100 1480 3154 sit
1507 3099 1694 3170 passio
1734 3099 1986 3169 corporis
2032 3114 2136 3168 per

431 3189 677 3259 seipsam
707 3204 824 3242 non
849 3189 1033 3241 latens
1077 3187 1376 3242 animam:
1432 3204 1566 3242 nam
1610 3191 1666 3241 et
1713 3187 1900 3241 omnis
1938 3203 2135 3241 sensus

431 3281 540 3335 hoc
561 3283 665 3344 est,
699 3281 754 3332 et
787 3294 958 3332 omne
983 3278 1112 3347 hoc,
1141 3282 1204 3330 ut
1231 3278 1453 3348 opinor,
1483 3295 1683 3332 sensus
1702 3282 1803 3332 est.

501 3369 590 3422 49.
623 3371 690 3423 Α.
729 3365 785 3420 Si
814 3366 923 3419 hoc
952 3364 1034 3419 ita
1063 3368 1165 3433 est,
1199 3365 1379 3420 fateor
1409 3366 1806 3420 deﬁnitionem
1844 3381 1965 3419 esse
2002 3381 2132 3435 per—

429 3455 655 3510 fectam.
688 3454 796 3510 Sed
827 3458 1116 3508 tentemus
1144 3469 1293 3522 eam,
1324 3454 1372 3508 si
1403 3455 1609 3525 placet,
1653 3459 1851 3508 utrum
1901 3453 2000 3507 illo
2041 3469 2133 3506 se-

429 3544 617 3599 cundo
654 3543 791 3597 vitio
820 3559 938 3596 non
967 3542 1207 3604 vacillet,
1242 3558 1354 3612 quo
1393 3542 1493 3596 illa
1522 3541 1790 3607 hominis,
1824 3541 1914 3595 cui
1944 3557 2136 3611 gram-

430 3633 704 3687 maticum
755 3635 838 3685 est
873 3631 1156 3686 additum.
1212 3632 1355 3684 Nam
1411 3630 1739 3684 meminisse
1786 3633 1842 3684 te
1889 3632 2131 3698 oportet,

430 3722 584 3792 quod
611 3737 730 3774 esse
758 3719 1055 3773 hominem
1089 3719 1304 3772 dictum
1333 3723 1416 3772 est
1436 3719 1647 3772 animal
1678 3717 1955 3772 rationale
1977 3733 2131 3770 mor-

431 3810 542 3863 tale
572 3807 1045 3878 grammaticum;
1105 3823 1290 3877 eoque
1336 3823 1571 3876 peccare
1627 3807 1795 3860 istam
1847 3805 2132 3860 deﬁnitio-

432 3912 589 3961 nem,
625 3895 774 3965 quod
823 3893 1188 3947 conversione
1219 3909 1349 3947 vera
1379 3899 1483 3959 est,
1533 3910 1664 3947 cum
1717 3893 1906 3963 prima
1952 3909 2132 3947 enun-

429 3983 670 4038 tiatione
718 3981 792 4035 sit
836 3981 995 4034 falsa.
1037 3981 1295 4051 Namque
1339 3981 1547 4034 falsum
1597 3985 1700 4046 est,
1735 3980 1921 4034 omnis
1963 3981 2134 4034 homo

427 4071 645 4126 animal
686 4069 965 4124 rationale
1000 4069 1248 4123 mortale
1278 4069 1717 4140 grammaticum
1749 4073 1851 4134 est,
1875 4068 2134 4139 quamvis

429 4175 627 4215 verum
655 4158 745 4225 sit,
782 4173 953 4212 omne
984 4157 1197 4211 animal
1226 4157 1506 4211 rationale
1535 4157 1775 4210 mortale
1807 4157 2136 4227 grammati-

429 4264 562 4303 cum
602 4247 779 4301 homo
823 4250 926 4300 est.
973 4246 1119 4316 Ergo
1157 4245 1285 4298 ideo
1326 4244 1530 4299 vitiosa
1569 4249 1655 4299 est
1691 4245 1812 4299 haec
1851 4244 2132 4312 deﬁnitio,

435 4336 589 4408 quod
619 4333 766 4389 nihil
792 4333 1023 4404 quidem
1054 4336 1265 4402 praster
1293 4332 1607 4401 hominem,
1641 4333 1739 4387 sed
1763 4350 1873 4386 non
1903 4349 2131 4387 omnem

432 4425 728 4480 hominem
784 4427 980 4478 tenet:
1040 4427 1098 4476 et
1151 4422 1275 4476 haec
1327 4423 1561 4477 fortasse
1600 4421 1729 4476 talis
1775 4427 1881 4488 est,
1920 4423 1989 4477 de
2022 4439 2136 4493 qua

432 4515 591 4569 velut
643 4512 898 4584 perfecta
946 4510 1282 4583 gloriamur.
1331 4511 1673 4581 Quanquam
1733 4511 1891 4564 enim
1948 4510 2136 4564 omnis

431 4602 623 4674 passio
650 4600 905 4672 corporis
935 4616 1038 4671 per
1061 4600 1306 4670 seipsam
1355 4615 1471 4653 non
1512 4600 1691 4652 latens
1735 4598 1983 4652 animam
2014 4616 2137 4652 sen-

430 4706 528 4743 sus
561 4689 654 4756 sit,
686 4705 801 4743 non
826 4693 1021 4743 tamen
1059 4688 1247 4742 omnis
1275 4704 1474 4741 sensus
1527 4687 1785 4742 istudest.
1846 4687 2007 4752 Quod
2057 4687 2136 4741 sic

433 4775 720 4845 intelligas
772 4776 932 4842 licet;
1001 4776 1201 4830 bestiae
1256 4792 1466 4846 nempe
1532 4775 1806 4841 sentiunt,
1867 4792 1931 4830 ac
1988 4792 2136 4846 pene

433 4880 635 4921 omnes
664 4863 921 4934 quinque
951 4863 1064 4917 illis
1093 4864 1352 4918 sensibus
1380 4864 1597 4935 vigent,
1621 4868 1900 4934 quantum
1930 4865 2136 4935 cuique

433 4955 640 5005 natura
688 4950 966 5005 tributum
1021 4955 1124 5005 est.
1182 4953 1270 5006 An
1324 4957 1387 5006 tu
1433 4951 1491 5006 id
1535 4951 1772 5022 negabis
1801 4951 1828 5005 ?
1873 4954 1938 5008 E.
1983 4952 2136 5007 Nihil

438 5056 649 5094 minus.

505 5127 734 5182 CAPUT
770 5126 948 5181 XXVI.
981 5157 1049 5166 -—
1078 5127 1320 5182 Scientia
1347 5131 1396 5182 et
1423 5130 1568 5182 ratio
1603 5143 1732 5182 num
1767 5130 1826 5183 in
1859 5128 2061 5184 bestiis.

503 5219 580 5271 Α.
617 5215 810 5280 Quid?
842 5215 950 5269 hoc
970 5231 1162 5269 nonne
1195 5216 1470 5278 concedis,
1516 5216 1812 5271 scientiam
1843 5234 1957 5272 non
1987 5233 2131 5284 esse,

432 5305 545 5360 nisi
579 5321 709 5360 cum
734 5321 825 5359 res
853 5304 1045 5375 aliqua
1075 5303 1241 5358 ﬁrma
1267 5305 1487 5360 ratione
1518 5311 1787 5377 percepta
1815 5311 1871 5360 et
1906 5305 2136 5376 cognita

437 5395 571 5448 est?
600 5397 665 5449 E.
719 5392 994 5450 Concedo.
1047 5392 1121 5448 A.
1170 5393 1243 5446 At
1296 5392 1476 5448 bestia
1516 5394 1736 5449 ratione
1773 5411 1890 5450 non
1931 5394 2129 5449 utitur.

436 5485 500 5538 E.
535 5483 601 5536 Et
629 5483 735 5538 hoc
786 5480 1052 5538 concedo.
1095 5481 1167 5536 Α.
1219 5481 1341 5536 Non
1383 5481 1561 5554 igitur
1606 5483 1844 5539 scientia
1892 5482 2042 5538 cadit
2071 5481 2130 5537 in

1458 249 1552 304 DE
1591 246 2052 315 QUANTITATE
2093 243 2376 311 ANIMIE,
2421 244 2474 299 S.
2519 243 2903 300 AUGUSTINI
3759 260 3854 313 1064

2241 366 2500 421 bestiam.
2537 366 2679 420 Cum
2707 370 2900 421 autem
2927 383 3046 422 non
3074 367 3212 423 latet
3240 368 3471 441 aliquid,
3502 373 3680 444 utique
3705 376 3859 445 scitur;

2243 471 2360 508 non
2399 453 2578 524 igitur
2618 455 2872 509 sentiunt
2900 455 3120 523 bestiae,
3155 457 3200 510 si
3241 459 3427 512 omnis
3463 477 3642 516 sensus
3667 469 3738 517 est
3764 482 3856 520 cum

2243 543 2429 613 passio
2469 543 2724 614 corporis
2763 560 2866 623 per
2894 544 3140 614 seipsam
3171 562 3288 600 non
3318 547 3452 601 latet
3481 549 3736 607 animam:
3764 569 3860 607 sen-

2245 631 2399 684 tiunt
2427 635 2637 695 autem,
2672 635 2737 685 ut
2767 633 2938 702 paulo
2969 638 3100 687 ante
3127 651 3453 690 concessum
3483 642 3593 692 est:
3623 639 3740 708 quid
3764 657 3861 711 ergo

2246 718 2572 773 dubitamus
2593 720 2751 774 illam
2781 720 3174 776 definitionem
3193 723 3534 794 improbare,
3557 741 3670 796 quae
3687 744 3862 782 omnem

2246 823 2477 860 sensum
2506 807 2894 879 circumplecti
2923 809 3160 865 minime
3189 811 3398 882 potuit,
3430 801 3689 885 siquidem
3711 816 3864 870 bestia-

2245 911 2375 949 rum
2401 912 2598 950 sensus
2623 898 2882 950 exclusus
2909 900 3030 952 est?

2318 985 2404 1036 50.
2448 985 2520 1038 E.
2579 985 2782 1038 Fateor
2833 1000 2926 1038 me
2988 985 3310 1057 deceptum,
3361 1002 3489 1041 cum
3540 988 3635 1044 tibi
3679 993 3867 1046 concessi

2247 1071 2544 1126 scientiam
2577 1078 2708 1126 tunc
2749 1089 2870 1127 esse
2909 1090 3039 1128 cum
3071 1074 3290 1146 aliquid
3320 1075 3483 1130 ﬁrma
3512 1078 3706 1133 ratione
3731 1082 3867 1151 perci-

2245 1159 2419 1228 pitur.
2453 1159 2611 1214 Solos
2643 1160 2798 1214 enim
2828 1161 3114 1229 homines,
3153 1179 3284 1217 cum
3326 1165 3435 1218 hoc
3466 1167 3703 1236 rogabas.
3729 1168 3865 1222 intue-

2247 1247 2386 1302 bar:
2425 1263 2558 1301 uam
2603 1265 2790 1318 neque
2823 1267 3056 1320 possum
3106 1251 3295 1305 dicere
3338 1253 3554 1308 ratione
3583 1255 3656 1308 uti
3693 1256 3864 1321 bestias,

2249 1351 2351 1389 nec
2381 1335 2461 1390 eis
2491 1353 2721 1407 possum
2748 1337 3045 1392 scientiam
3073 1339 3376 1409 denegare.
3411 1342 3623 1396 Sciebat
3646 1344 3788 1405 enim,
3826 1352 3868 1397 ut

2248 1423 2474 1493 opinor,
2507 1425 2806 1479 dominum
2836 1442 3004 1479 suum
3044 1427 3218 1493 canis,
3253 1445 3423 1498 quem
3455 1435 3579 1500 post
3604 1431 3776 1501 viginti
3797 1448 3867 1484 an-

2248 1527 2351 1565 nos
2391 1513 2780 1582 recognovisse
2824 1515 3158 1583 perhibetur
3201 1514 3422 1584 (Odyss.
3457 1534 3498 1582 ρ,
3537 1522 3626 1572 291
3666 1519 3804 1588 sqq.),
3826 1525 3869 1572 ut

2245 1603 2464 1654 taceam
2494 1601 2562 1654 de
2593 1601 2812 1654 caeteris
2841 1602 3380 1660 innumerabilibus.
3407 1608 3488 1659 Α.
3523 1607 3614 1660 Dic
3640 1607 3774 1670 mihi,
3799 1624 3868 1661 oro

2245 1690 2322 1753 te,
2372 1688 2418 1741 si
2465 1688 2593 1742 dum
2643 1689 2904 1759 quaedam
2953 1707 3043 1743 res
3089 1690 3192 1744 tibi
3245 1699 3648 1763 proponantur,
3691 1711 3786 1748 una
3821 1694 3866 1747 ad

2245 1792 2418 1846 quam
2461 1777 2914 1846 perveniendum
2951 1778 3043 1847 sit,
3076 1780 3251 1832 altera
3296 1797 3401 1850 per
3439 1797 3605 1852 quam
3639 1783 3870 1852 pervenire

2244 1864 2455 1934 possis;
2487 1881 2659 1935 quam
2688 1865 2925 1920 istarum
2952 1868 3135 1937 pluris
3161 1868 3387 1938 pendis,
3419 1875 3474 1924 et
3492 1887 3652 1942 quam
3679 1871 3870 1941 cuiprm-

2244 1953 2450 2023 ponis?
2472 1956 2538 2008 E.
2587 1954 2722 2018 Quis
2772 1955 2998 2009 dubitat
3044 1972 3167 2009 eam
3217 1963 3490 2027 praestare
3535 1961 3600 2014 ad
3643 1976 3786 2030 quam
3822 1959 3870 2011 sit

2244 2041 2736 2110 perveniendum?
2763 2044 2837 2098 A.
2880 2044 3024 2114 Ergo
3065 2060 3191 2098 cum
3227 2046 3343 2100 sint
3391 2047 3517 2102 duas
3554 2064 3637 2101 res
3670 2047 3870 2118 quaedam

2244 2128 2479 2182 scientia
2508 2132 2564 2182 et
2603 2129 2770 2196 ratio,
2801 2147 2905 2200 per
2934 2131 3225 2185 scientiam
3263 2135 3620 2204 pervenimus
3654 2135 3715 2189 ad
3744 2135 3869 2187 ratio-

2244 2233 2398 2276 nem.
2438 2233 2510 2270 an
2539 2233 2644 2287 per
2679 2218 2962 2272 rationem
2996 2219 3067 2272 ad
3105 2220 3448 2276 scientiam?
3481 2226 3544 2278 E.
3577 2224 3788 2293 Utraque
3808 2237 3870 2274 res

2245 2305 2473 2359 sibimet
2516 2311 2796 2376 quantum
2832 2307 3099 2374 arbitror,
3139 2309 3216 2362 ita
3246 2326 3393 2364 nexa
3425 2316 3524 2378 est,
3551 2317 3610 2366 ut
3635 2328 3725 2382 per
3748 2312 3868 2364 alter-

2244 2397 2432 2446 utram
2463 2394 2537 2446 ad
2566 2395 2801 2448 alteram
2832 2396 3116 2465 perveniri
3147 2397 3340 2467 possit.
3381 2400 3628 2470 Namque
3655 2399 3714 2453 ad
3738 2399 3867 2468 ipsam

2245 2481 2526 2534 rationem
2563 2498 2676 2536 non
2710 2483 3157 2552 perveniremus,
3190 2485 3302 2538 nisi
3340 2487 3414 2540 ad
3446 2504 3567 2541 eam
3606 2484 3868 2558 pervenien-

2245 2569 2382 2623 dum
2428 2585 2546 2623 esse
2595 2570 2890 2626 sciremus.
2938 2573 3235 2628 Praecessit
3282 2591 3428 2645 ergo
3471 2575 3706 2640 scientia,
3743 2579 3792 2626 ut
3821 2570 3868 2624 ad

2245 2657 2525 2711 rationem
2554 2673 2658 2728 per
2687 2675 2810 2712 eam
2842 2662 3292 2729 perveniremus.
3327 2664 3404 2718 Α.
3438 2663 3616 2727 Quid?
3638 2662 3700 2717 ad
3735 2661 3870 2732 ipsam

2244 2745 2538 2799 scientiam
2571 2763 2742 2816 quam
2786 2747 2925 2801 dicis
2964 2749 3309 2818 praecedere,
3342 2750 3469 2804 sine
3501 2751 3699 2804 ratione
3726 2764 3867 2819 perve-

2245 2829 2438 2883 nitur?
2467 2832 2531 2884 E.
2569 2832 2874 2902 Nunquam
2896 2832 3004 2886 hoc
3029 2833 3272 2887 dixerim
3297 2850 3310 2888 :
3344 2851 3482 2889 nam
3515 2839 3592 2889 est
3620 2834 3685 2888 ita
3708 2847 3869 2887 summa

2244 2918 2554 2974 temeritas.
2603 2920 2679 2974 A.
2722 2922 2830 2974 Per
2875 2921 3155 2975 rationem
3197 2922 3417 2992 igitur?
3445 2926 3511 2979 E.
3564 2925 3675 2978 Non
3700 2922 3763 2975 ita
3798 2923 3866 2971 est.

2243 3006 2314 3061 A.
2378 3008 2522 3078 Ergo
2575 3024 2678 3078 per
2742 3009 3158 3064 temeritatem?
3229 3014 3294 3066 E.
3354 3012 3490 3076 Quis
3542 3012 3642 3066 hoc
3690 3005 3867 3064 dixerit?

2245 3096 2314 3150 A.
2353 3097 2458 3149 Per
2484 3095 2619 3166 quid
2649 3095 2862 3168 igitur?
2896 3101 2962 3154 E.
2995 3101 3103 3153 Per
3142 3098 3308 3164 nihil,
3344 3100 3482 3172 quia
3511 3099 3725 3154 scientia
3746 3094 3865 3149 insita

2245 3188 2330 3238 est
2355 3184 2537 3238 nobis.

2320 3276 2404 3327 51.
2451 3276 2528 3328 Α.
2564 3273 2782 3328 Oblitus
2822 3273 2964 3329 mihi
3001 3275 3230 3342 videris,
3273 3277 3416 3347 quid
3451 3277 3598 3331 inter
3629 3290 3718 3329 nos
3748 3285 3863 3340 supe-

2243 3360 2364 3414 rius
2411 3362 2760 3428 convenerit,
2817 3379 2948 3416 cum
3001 3380 3292 3434 rogassem
3341 3370 3661 3419 utrumnam
3700 3365 3865 3433 putares

2245 3453 2383 3505 tunc
2429 3465 2549 3505 esse
2595 3451 2916 3519 scientiam,
2965 3469 3094 3506 cum
3139 3470 3228 3507 res
3277 3455 3476 3526 aliqua
3523 3454 3674 3508 ﬁrma
3707 3447 3865 3504 ratione

2244 3538 2578 3609 percipitur.
2615 3539 2756 3593 Nam
2797 3540 3161 3612 respondisti,
3193 3545 3259 3596 ut
3297 3543 3525 3614 opinor,
3555 3543 3685 3596 hanc
3711 3536 3790 3591 tibi
3811 3534 3862 3583 vi.

2245 3627 2366 3681 deri
2403 3628 2719 3682 humanam
2761 3628 3056 3682 scientiam
3081 3645 3094 3683 :
3125 3646 3278 3683 nunc
3316 3647 3453 3686 vero
3484 3630 3615 3685 dicis
3642 3641 3774 3700 posse
3795 3623 3864 3677 b0-

2245 3715 2462 3769 minem
2509 3716 2721 3770 habere
2763 3716 3017 3787 aliquam
3066 3718 3385 3786 scientiam,
3447 3736 3573 3774 cum
3617 3732 3719 3771 rem
3759 3711 3861 3765 nulla

2245 3802 2466 3856 ratione
2495 3803 2834 3874 perceperit.
2875 3805 3011 3868 Quis
3047 3810 3236 3860 autem
3278 3824 3398 3862 non
3438 3808 3617 3862 videat
3652 3802 3765 3858 nihil
3794 3795 3862 3852 sibi

2246 3891 2536 3945 adversius
2585 3907 2728 3958 esse,
2789 3909 2961 3964 quam
3007 3894 3117 3948 ista
3163 3894 3276 3948 duo
3325 3901 3498 3950 sunt:
3556 3899 3608 3948 et
3649 3907 3746 3946 non
3783 3898 3860 3940 esse

2244 3980 2560 4046 scientiam,
2593 3980 2702 4034 nisi
2734 3997 2864 4035 cum
2899 3998 2989 4037 res
3019 3982 3209 4054 aliqua
3237 3983 3411 4038 ﬁrma
3447 3983 3657 4038 ratione
3681 3972 3859 4051 perciPi’

2244 4071 2366 4134 tur;
2408 4073 2465 4122 et
2512 4085 2631 4122 esse
2681 4069 2974 4139 cujusdam
3026 4071 3110 4124 rei
3162 4070 3461 4126 scientiam
3518 4071 3664 4125 nulla
3706 4064 3860 4119 ratione

2250 4161 2551 4227 perceptte.
2583 4157 2780 4228 Itaque
2811 4175 2975 4213 nosse
3014 4159 3203 4230 cupio,
3248 4164 3447 4214 utrum
3485 4161 3678 4214 horum
3707 4153 3859 4222 eligas;

2245 4260 2380 4298 nam
2413 4249 2725 4316 utrumque
2751 4263 2949 4300 verum
2979 4263 3099 4301 esse
3127 4249 3286 4302 nullo
3307 4255 3477 4319 pacto
3497 4251 3686 4319 potest.
3713 4246 3761 4297 E.
3786 4239 3859 4292 Hoc

2245 4332 2393 4402 eligo
2417 4334 2568 4404 quod
2597 4335 2768 4404 paulo
2790 4340 2917 4389 ante
2940 4335 3084 4390 dixi:
3115 4353 3250 4390 nam
3272 4337 3420 4392 illud
3445 4335 3687 4408 superius
3711 4336 3860 4384 temere

2243 4436 2336 4474 me
2367 4421 2586 4476 dedisse
2618 4423 2919 4478 conﬁteor.
2959 4424 3100 4478 Cum
3121 4424 3277 4478 enim
3308 4426 3528 4480 ratione
3549 4425 3686 4477 inter
3707 4432 3785 4472 nos
3807 4427 3864 4463 ve-

2243 4526 2375 4564 rum
2408 4527 2752 4581 quaeramus,
2793 4511 2966 4583 idque
3005 4512 3104 4567 ﬁat
3137 4514 3400 4584 rogando
3431 4518 3486 4568 et
3522 4501 3860 4581 respondendo:

2249 4599 2539 4676 quomodo
2570 4605 2759 4670 posset
2786 4601 2856 4654 ad
2887 4617 3170 4655 summam
3193 4602 3496 4672 pervenire
3521 4617 3626 4671 qua
3651 4586 3864 4651 concludi-

2244 4692 2339 4741 tur
2368 4673 2530 4752 ratio,
2577 4688 2687 4741 nisi
2733 4689 2893 4760 prius
2937 4689 3157 4761 aliquid
3203 4688 3644 4746 concederetur?
3685 4673 3862 4737 Concedi

2246 4779 2438 4830 autem
2470 4780 2618 4830 recte
2649 4777 2747 4847 qui
2777 4782 2971 4848 posset
3000 4779 3151 4849 quod
3183 4778 3531 4834 nesciretur?
3555 4779 3631 4831 Ita
3655 4774 3743 4828 ista
3766 4762 3863 4821 ratio

2247 4864 2356 4918 nisi
2383 4863 2665 4918 inveniret
2692 4865 2754 4919 in
2797 4882 2888 4920 me
2933 4866 3149 4937 aliquid
3198 4868 3513 4939 cognitum,
3545 4881 3648 4936 quo
3678 4856 3863 4914 inniteﬂS

2245 4952 2316 5006 ad
2346 4952 2700 5022 incognitum
2733 4953 2991 5020 duceret;
3026 4954 3167 5008 nihil
3192 4955 3431 5009 omnino
3457 4969 3556 5025 per
3581 4951 3720 5005 illam
3743 4943 3865 4998 disce-

2244 5055 2386 5108 rem,
2429 5057 2532 5095 nec
2562 5056 2688 5095 eam
2727 5058 2960 5112 prorsus
2993 5043 3275 5098 rationem
3313 5043 3680 5098 nominarem.
3713 5034 3866 5097 01133“

2245 5129 2443 5184 obrem
2473 5129 2683 5184 frustra
2723 5130 2865 5185 mihi
2900 5147 3017 5186 non
3046 5132 3336 5186 assentiris
3366 5137 3497 5186 ante
3533 5128 3775 5184 rationem
3795 5129 3863 5170 ηε·

2245 5217 2488 5272 cessario
2518 5233 2639 5274 esse
2669 5218 2731 5272 in
2769 5219 2935 5275 nobis
2973 5219 3227 5291 aliquam
3269 5220 3580 5282 scientiam,
3623 5212 3750 5267 unde
3777 5207 3863 5274 ipsa

2243 5306 2390 5361 ratio
2422 5311 2609 5361 sumat
2659 5307 2977 5363 exordium.
3021 5309 3093 5364 A.
3136 5309 3338 5363 Geram
3375 5307 3478 5363 tibi
3517 5316 3732 5364 morem,
3764 5299 3804 5348 et
3826 5295 3861 5342 te

2245 5394 2476 5466 quidem
2491 5401 2556 5450 ut
2576 5395 2819 5465 institui,
2835 5396 3058 5469 quoties
3078 5397 3317 5469 alicujus
3334 5397 3450 5451 dati
3473 5392 3706 5467 poenitet,
3718 5393 3860 5469 emen-

2247 5484 2383 5538 dare
2414 5484 2778 5554 permittam:
2808 5467 2906 5541 sed
2932 5502 3023 5554 ne,
3059 5467 3270 5557 quaeso,
3294 5483 3543 5541 abuteris
3562 5467 3857 5535 istalicentia.
