4080 6178
102 280 252 333 1065

99 403 169 453 et
206 396 581 470 negligenter,
613 409 746 449 cum
794 393 1109 466 interrogo,
1154 396 1450 465 attendas;
1492 414 1564 454 ne
1594 401 1816 457 assidue

105 488 273 542 male
303 500 585 551 concessa,
620 483 792 538 etiam
821 483 891 537 de
916 482 989 537 iis
1038 500 1169 555 quae.
1215 484 1362 540 bene
1406 489 1818 559 conceduntur,

103 575 384 631 dubitare
413 577 466 629 te
480 577 706 644 cogant.
726 575 791 627 E.
818 573 997 643 Perge
1024 571 1217 643 potius
1232 573 1301 628 ad
1329 578 1533 629 caetera
1565 593 1578 631 :
1612 593 1819 648 quam-

97 662 194 717 vis
253 662 408 717 enim
456 661 663 717 addam
701 660 1011 730 vigilantia:
1070 676 1213 716 mea:
1260 662 1539 735 quidquid
1586 681 1819 736 possum

101 753 275 821 (nam
319 756 376 805 et
404 767 497 805 me
526 750 704 822 pudet
733 749 801 804 de
847 750 1127 805 sententia
1173 751 1373 806 cadere
1415 752 1621 825 toties),
1666 771 1819 809 nun-

104 856 292 912 quam
323 845 521 894 tamen
548 840 839 893 deterrear
866 839 1073 910 pudori
1110 840 1244 895 huic
1272 840 1463 908 reniti,
1512 847 1569 897 et
1599 843 1821 914 lapsum

108 945 338 996 meum,
368 933 423 983 te
451 926 773 999 praesertim
804 944 1041 983 manum
1074 929 1263 996 daute,
1283 931 1590 1001 corrigere.
1626 933 1820 1003 Neque

107 1018 278 1073 enim
310 1020 397 1071 est
435 1016 564 1071 ideo
614 1016 974 1087 suscipienda
1018 1017 1352 1088 pertinacia,
1394 1018 1530 1091 quia
1571 1021 1823 1092 optanda

107 1106 460 1161 constantia.

358 1195 582 1249 CAPUT
612 1194 819 1250 XXVII.
852 1224 920 1234 —
952 1195 1111 1249 Ratio
1139 1198 1190 1249 et
1219 1197 1585 1251 ratiocinatio.

188 1282 289 1334 52.
324 1281 394 1334 A.
429 1278 733 1333 Proveniat
758 1277 861 1333 tibi
888 1278 1071 1349 plane'
1085 1278 1191 1333 ista
1204 1280 1523 1335 constantia
1549 1298 1720 1352 quam
1743 1283 1821 1337 ci-

110 1366 339 1421 tissime
367 1366 757 1438 potest:mihi
802 1365 1066 1436 placitam
1119 1367 1459 1423 sententiam
1509 1370 1817 1439 protulisti.

110 1455 235 1510 Sed
266 1472 419 1510 nunc
451 1454 551 1510 tito
582 1470 754 1526 quam
784 1454 1265 1525 praesentissimus
1294 1455 1363 1509 ad
1395 1456 1501 1509 ista
1526 1473 1653 1528 qua:
1672 1458 1820 1512 volo.

121 1545 340 1609 Quasro
372 1544 523 1599 enim
556 1543 656 1597 abs
684 1548 762 1611 te,
790 1543 927 1614 quid
957 1543 1061 1597 tibi
1091 1543 1362 1598 interesse
1392 1544 1650 1599 videatur
1678 1546 1826 1602 inter

122 1634 413 1687 rationem
448 1637 504 1686 et
530 1631 1048 1688 ratiocinationem.
1084 1635 1149 1687 E.
1185 1633 1310 1687 Non
1342 1632 1476 1688 satis
1522 1634 1681 1689 valeo
1718 1633 1825 1688 ista

119 1722 475 1777 discernere.
508 1725 586 1775 Α.
618 1723 731 1775 Hoc
749 1736 884 1791 ergo
910 1720 1155 1787 intuere,
1192 1726 1383 1775 utrum
1414 1722 1699 1776 existimes
1726 1722 1828 1776 ho-

116 1809 277 1864 mini
321 1810 439 1882 jam
491 1810 860 1879 adolescenti,
915 1810 1035 1864 viro
1088 1812 1187 1863 aut
1227 1808 1313 1880 (ut
1351 1826 1584 1865 omnem
1632 1810 1825 1865 amba-

118 1915 260 1970 gem
292 1899 573 1968 auferam)
606 1898 851 1969 sapienti
889 1898 1008 1953 sine
1052 1897 1475 1953 intermissione
1508 1899 1690 1953 inesse
1734 1914 1825 1953 ra-

115 1987 372 2055 tionem,
405 1987 541 2041 dum
572 1992 763 2041 mente
815 2003 986 2041 sanus
1029 1991 1132 2055 est,
1180 1987 1327 2041 sicut
1366 1987 1574 2042 bonam
1615 1987 1829 2042 valetu-

117 2075 327 2131 dinem
358 2075 601 2147 corpori,
652 2076 788 2131 dum
842 2079 1000 2147 peste
1048 2092 1112 2130 ac
1152 2074 1489 2131 vulneribus
1534 2079 1725 2143 caret;
1755 2093 1828 2131 an

112 2163 278 2218 sicut
323 2163 637 2230 ambulare,
690 2163 907 2225 sedere,
945 2163 1125 2235 loqui,
1189 2164 1358 2219 modo
1414 2163 1599 2219 inesse
1656 2164 1827 2220 modo

116 2253 347 2308 deesse.
388 2254 462 2307 E.
487 2253 650 2307 Sana:
678 2252 860 2307 menti
886 2269 1110 2324 semper
1138 2257 1277 2324 puto
1308 2253 1492 2309 inesse
1524 2254 1824 2310 rationem.

112 2344 197 2397 Α.
237 2341 385 2406 Quid
415 2341 564 2395 hoc?
591 2341 728 2395 dum
752 2357 858 2413 per
887 2357 954 2396 ea
982 2357 1111 2413 qua:
1132 2342 1523 2397 conceduntur
1551 2359 1616 2398 ac
1644 2342 1828 2399 mani-

114 2432 277 2485 festa
304 2432 452 2496 sunt,
484 2429 573 2483 vel
606 2429 1013 2501 interrogando
1060 2429 1260 2498 alium,
1306 2431 1394 2485 vel
1441 2432 1829 2487 connectendo

114 2519 265 2587 alia,
308 2518 670 2590 perducimus
724 2536 828 2573 nos
877 2519 944 2573 ad
988 2519 1228 2592 alicujus
1270 2518 1353 2573 rei
1400 2519 1826 2591 cognitionem;

112 2602 427 2665 videturne
456 2609 560 2664 tibi
592 2612 687 2663 aut
720 2624 847 2675 nos,
880 2613 981 2663 aut
1011 2608 1197 2681 quivis
1226 2609 1452 2681 sapiens
1494 2625 1719 2681 semper
1746 2610 1829 2664 fa-

115 2698 307 2753 cere?
330 2700 392 2752 E.
427 2698 549 2751 Non
581 2712 806 2767 semper
835 2714 852 2750 :
884 2712 998 2751 non
1030 2698 1186 2751 enim
1218 2713 1445 2768 semper
1467 2696 1642 2750 homo
1696 2695 1831 2766 qui-

113 2787 273 2842 libet
301 2790 402 2840 aut
432 2784 677 2856 sapiens,
699 2788 981 2857 quantum
994 2785 1243 2857 opinior,
1258 2787 1344 2840 vel
1372 2800 1563 2840 secum
1594 2785 1679 2838 vel
1701 2800 1830 2838 cum

117 2875 240 2930 alio
273 2873 480 2946 quazrit
505 2873 721 2945 aliquid
746 2873 1079 2928 disserendo
1104 2890 1269 2928 :nam
1302 2872 1402 2944 qui
1430 2870 1659 2943 quaerit,
1684 2886 1830 2925 non-

117 2966 268 3020 dum
298 2962 553 3029 invenit;
606 2963 687 3017 ita
715 2961 761 3016 si
792 2977 1022 3031 semper
1050 2960 1277 3033 quierit,
1325 2976 1621 3031 nunquam
1674 2959 1829 3013 inve-

120 3052 233 3107 nit.
269 3051 507 3122 Sapiens
530 3055 725 3106 autem
749 3050 872 3122 jam
903 3049 1138 3118 invenit,
1168 3054 1234 3104 ut
1261 3048 1407 3104 nihil
1438 3048 1592 3104 aliud
1622 3046 1829 3117 dicam,

119 3140 212 3195 vel
249 3138 432 3211 ipsam
459 3139 821 3211 sapientiam,
863 3154 1060 3209 quam,
1090 3154 1221 3193 cum
1251 3141 1400 3193 esset
1445 3138 1669 3207 stultus,
1720 3137 1830 3192 dis-

121 3229 371 3283 serendo
401 3228 666 3292 fortasse,
706 3231 804 3281 aut
834 3243 1069 3298 quoquo
1099 3227 1269 3282 modo
1292 3227 1402 3281 alio
1447 3230 1689 3298 poterat,
1741 3242 1831 3281 re-

125 3316 419 3389 quirebat.
455 3317 526 3371 A.
564 3317 733 3371 Recte
764 3315 941 3370 dicis:
975 3332 1152 3387 quare
1203 3315 1488 3386 intelligas
1540 3314 1669 3369 volo
1716 3331 1832 3369 non

124 3422 253 3461 esse
282 3405 452 3460 istam
484 3405 791 3471 rationem,
838 3404 974 3459 dum
1020 3420 1125 3475 per
1172 3420 1238 3459 ea
1282 3420 1411 3476 quae
1441 3404 1834 3460 conceduntur

126 3500 308 3567 atque
339 3494 567 3565 cognita
597 3497 749 3563 sunt,
778 3493 849 3548 ad
881 3493 1098 3565 aliquid
1128 3492 1487 3564 incognitum
1521 3493 1785 3547 ducimur
1816 3510 1830 3547 ε

126 3584 242 3638 hoc
273 3582 571 3636 enimnon
628 3598 876 3652 semper,
928 3585 994 3635 ut
1043 3580 1163 3651 jam
1221 3580 1631 3649 consensimus,
1684 3580 1836 3635 inest

127 3670 317 3727 menti
346 3687 497 3725 sana:
522 3690 537 3738 ;
569 3670 714 3724 ratio
745 3674 939 3725 autem
966 3685 1210 3740 semper.

204 3762 295 3815 53.
331 3762 392 3814 Ε.
425 3759 725 3830 Intelligo;
756 3759 855 3814 sed
886 3774 1161 3830 quorsum
1191 3758 1298 3812 ista
1319 3757 1348 3811 ‘?
1375 3758 1451 3811 A.
1482 3756 1625 3822 Quia
1660 3757 1834 3829 paulo

127 3852 265 3904 ante
297 3847 506 3914 dixisti,
538 3851 845 3919 propterea
876 3864 968 3901 me
998 3847 1104 3901 tibi
1122 3847 1328 3902 debere
1358 3845 1621 3901 assentiri
1652 3846 1835 3901 scien-

128 3937 277 3992 tiam
302 3952 407 3991 nos
432 3936 643 3991 habere
673 3939 803 3990 ante
833 3936 1134 4003 rationem,
1182 3935 1334 4007 quod
1364 3935 1595 4007 cognito
1643 3936 1836 4008 aliquo

131 4025 371 4094 nititur,
401 4024 536 4079 dum
567 4040 670 4078 nos
700 4023 846 4079 ratio
868 4025 937 4079 ad
960 4023 1317 4095 incognitum
1339 4024 1494 4078 ducit
1517 4042 1529 4079 :
1552 4040 1704 4077 nunc
1730 4042 1836 4079 au-

128 4118 252 4168 tem
283 4111 608 4167 invenimus
641 4127 759 4165 non
779 4110 1066 4165 rationem
1092 4109 1406 4165 vocandam
1427 4127 1547 4164 esse
1569 4110 1708 4165 dum
1728 4112 1839 4166 hoc

132 4200 363 4272 agitur;
397 4216 511 4254 non
539 4199 691 4254 enim
724 4216 860 4255 sana
910 4215 1071 4255 mens
1101 4198 1218 4269 agit
1274 4199 1380 4253 hoc
1419 4215 1667 4270 semper,
1708 4217 1839 4255 cum

134 4310 370 4365 semper
397 4293 604 4348 habeat
646 4292 963 4347 rationem:
996 4291 1095 4346 sed
1143 4294 1293 4346 recte
1344 4290 1450 4345 ista
1485 4291 1722 4345 fortasse
1743 4308 1841 4346 ra-

133 4382 438 4439 tiocinatio
491 4381 859 4449 nominatur;
917 4385 980 4436 ut
1032 4380 1175 4435 ratio
1222 4379 1294 4434 sit
1350 4379 1583 4450 quidam
1635 4380 1842 4435 mentis

135 4476 429 4543 aspectus,
475 4470 841 4525 ratiocinatio
903 4473 1096 4525 autem
1138 4466 1371 4523 rationis
1420 4467 1736 4539 inquisitio,
1784 4468 1843 4524 id

136 4566 250 4627 est,
306 4564 567 4631 aspectus
624 4559 799 4627 illius,
845 4576 948 4630 per
1007 4575 1074 4613 ea
1128 4574 1256 4629 quae
1312 4556 1635 4627 aspicienda
1688 4562 1842 4626 sunt,

137 4647 350 4704 motio.
384 4650 570 4713 Quare
615 4647 723 4701 ista
777 4664 923 4718 opus
970 4651 1053 4701 est
1092 4647 1161 4701 ad
1190 4645 1584 4717 quaerendum,
1618 4646 1717 4700 illa
1773 4647 1846 4702 ad

138 4736 475 4792 videndum.
523 4738 719 4807 Itaque
774 4752 905 4791 cum
956 4736 1051 4791 ille
1098 4734 1304 4789 mentis
1350 4739 1630 4805 aspectus,
1674 4752 1847 4807 quem

136 4824 427 4882 rationem
460 4841 748 4893 vocamus,
801 4825 1094 4896 conjectus
1122 4823 1180 4878 in
1234 4840 1356 4878 rem
1390 4822 1666 4894 aliquam,
1699 4823 1850 4878 videt

137 4910 325 4973 illam,
389 4909 625 4963 scientia
673 4908 1051 4964 nominatur:
1086 4924 1216 4963 cum
1272 4913 1465 4963 autem
1523 4925 1641 4962 non
1698 4908 1850 4963 videt

136 5014 329 5064 mens,
363 4997 624 5069 quamvis
654 4998 916 5053 intendat
953 5002 1278 5068 aspectum;
1318 4996 1539 5051 inscitia
1568 4996 1656 5051 vel
1684 4996 1847 5067 igno-

137 5085 333 5142 rantia
363 5086 593 5141 dicitur.
627 5088 757 5143 Non
813 5086 967 5141 enim
1022 5090 1078 5141 et
1112 5085 1202 5140 his
1251 5084 1643 5155 corporalibus
1675 5084 1852 5139 oculis

140 5175 337 5231 omnis
371 5175 472 5247 qui
515 5175 738 5247 aspicit,
771 5175 959 5241 videt;
992 5175 1146 5245 quod
1176 5174 1235 5228 in
1277 5173 1527 5228 tenebris
1583 5172 1853 5228 facillime

142 5263 681 5319 animadvertimus.
713 5265 790 5319 Ex
822 5277 938 5334 quo
969 5262 1170 5333 liquet,
1196 5266 1260 5315 ut
1286 5262 1512 5333 opinor,
1544 5262 1701 5317 aliud
1730 5278 1854 5317 esse

144 5357 469 5425 aspectum,
502 5353 658 5408 aliud
689 5352 999 5417 visionem;
1031 5367 1160 5422 qua:
1190 5351 1303 5405 duo
1325 5351 1385 5405 in
1435 5356 1626 5407 mente
1674 5352 1855 5407 ratio-

150 5455 292 5494 nem
322 5444 380 5493 et
410 5438 706 5494 scientiam
735 5436 1119 5491 nominamus.
1154 5436 1271 5491 Nisi
1310 5436 1447 5508 quid
1488 5442 1543 5492 te
1588 5437 1854 5492 adversus

150 5528 279 5581 hmo
305 5530 519 5593 movet,
552 5529 651 5581 aut
677 5541 883 5596 parum
912 5523 1158 5579 dilucide
1188 5523 1295 5578 ista
1321 5523 1583 5580 distincta
1614 5525 1853 5580 arbitra-

475 5632 753 5696 ΡΛΊἪΟΙ..
806 5630 1050 5696 XXXII.

1634 278 1845 337 LIBER
1887 279 1982 337 UN
1988 281 2091 338 US.

1918 585 2113 652 putes,

3486 292 3620 347 1066

1927 403 2024 459 ris.
2058 406 2123 459 E.
2160 406 2265 459 Per
2294 404 2437 460 mihi
2481 404 2605 460 11th
2642 403 2930 461 distinctio
2972 406 3156 478 placet
3188 407 3237 476 ⁸,
3277 412 3333 464 et
3376 410 3622 468 libenter

1925 492 2220 548 assentior.
2249 496 2325 549 Α.
2376 493 2513 548 Vide
2566 509 2704 565 ergo
2754 510 2929 561 nunc,
2980 500 3175 551 utrum
3220 512 3325 552 nos
3372 500 3621 569 aspicere

2190 586 2253 637 ut
2322 582 2653 650 videamus;
2717 598 2792 638 an
2862 583 3054 640 videre
3122 589 3188 640 ut
3258 585 3623 658 aspiciamus.

1924 673 1988 725 E.
2025 670 2167 725 Hinc
2190 687 2322 725 vero
2354 688 2423 726 ne
2454 688 2636 726 czecus
2687 671 2919 742 quidem
2968 672 3274 745 quisquam
3327 675 3622 731 dubitave-

1926 760 2019 827 rit,
2051 763 2341 831 aspectum
2394 777 2511 815 esse
2562 766 2800 831 propter
2854 761 3151 829 visionem;
3198 778 3315 816 non
3345 762 3621 819 visionem

1926 852 2161 918 propter
2189 851 2497 919 aspectum.
2529 852 2605 904 Α.
2640 850 2951 904 Fatendum
2982 850 3158 921 igitur
3185 850 3461 905 visionem
3490 852 3622 922 plu-

1928 935 2006 989 ris
2043 952 2217 1007 quam
2258 942 2547 1006 aspectum
2604 954 2725 992 esse
2782 938 3163 1009 pendendam.
3195 941 3266 994 E.
3308 939 3625 994 Fatendum

1930 1024 2186 1079 omnino.
2220 1027 2292 1080 A.
2326 1026 2472 1096 Ergo
2503 1030 2559 1080 et
2588 1025 2883 1081 scientiam
2916 1026 3095 1095 pluris
3120 1043 3294 1098 quam
3318 1027 3622 1084 rationem.

1928 1116 1995 1168 E.
2028 1114 2388 1185 Consequens
2416 1114 2599 1169 video.
2632 1116 2706 1171 A.
2757 1117 3017 1170 Placetne
3070 1115 3175 1170 tibi
3221 1114 3488 1170 meliores
3527 1121 3626 1171 aut

1930 1201 2210 1256 feliciores
2265 1219 2384 1256 esse
2428 1202 2761 1259 hominibus
2811 1203 3066 1259 bestias?
3119 1207 3184 1259 E.
3217 1206 3447 1259 Avertat
3476 1206 3624 1259 Deus

1929 1292 2048 1343 tam
2078 1290 2389 1344 immanem
2419 1291 2749 1347 amentiam.
2781 1292 2852 1346 Α.
2896 1292 3065 1347 Recte
3096 1309 3230 1346 sane
3258 1292 3624 1360 exhorruisti;

1932 1377 2030 1431 sed
2062 1377 2132 1431 ad
2156 1377 2213 1431 id
2244 1394 2347 1432 nos
2385 1378 2538 1449 cogit
2582 1378 2868 1432 sententia
2913 1385 3013 1433 tua
3046 1396 3060 1434 :
3099 1379 3292 1434 dixisti
3334 1380 3489 1435 enim
3532 1396 3625 1434 eas

1931 1464 2143 1519 habere
2172 1464 2490 1533 scientiam,
2527 1470 2582 1520 et
2612 1483 2725 1520 non
2754 1466 2965 1521 habere
2994 1468 3298 1523 rationem.
3326 1468 3628 1523 Rationem

1932 1558 2123 1607 autem
2150 1552 2321 1607 habet
2348 1553 2542 1621 homo,
2572 1571 2675 1625 per
2704 1571 2879 1625 quam
2910 1555 2998 1610 vix
3048 1557 3118 1610 ad
3165 1556 3460 1611 scientiam
3488 1573 3626 1628 per-

1933 1640 2175 1695 venitur.
2213 1640 2324 1695 Sed
2355 1645 2416 1695 ut
2444 1642 2751 1696 concedam
2783 1643 2943 1697 facile
2990 1644 3315 1715 perveniri;
3350 1645 3485 1715 quid
3523 1661 3629 1699 nos

1933 1727 2225 1798 adjuvabit
2254 1728 2420 1795 ratio,
2446 1734 2509 1783 ut
2539 1729 2734 1783 bestiis
2752 1746 2855 1784 nos
2874 1732 3307 1801 anteponendos
3333 1737 3626 1803 putemus,

1934 1831 2064 1869 cum
2090 1815 2203 1870 illae
2233 1814 2483 1871 habeant
2510 1816 2827 1886 scientiam,
2859 1823 2915 1872 et
2943 1819 3090 1873 hanc
3126 1820 3306 1890 pluris
3335 1836 3508 1891 quam
3536 1837 3627 1874 ra-

1933 1903 2148 1958 tionem
2178 1903 2541 1975 pendendam
2572 1920 2692 1958 esse
2721 1909 3077 1976 compertum
3106 1907 3227 1962 sit?

1936 1991 2161 2047 CAPUT
2199 1992 2428 2047 XXVIII.
2470 2021 2539 2032 —
2567 1994 2759 2048 Bestiae
2798 1995 2910 2048 vim
2953 1994 3220 2051 sentiendi
3260 1995 3477 2064 habent,
3522 2011 3631 2052 non

2637 2082 2939 2136 scientiam.

2008 2169 2094 2223 54.
2126 2171 2191 2223 Ε.
2241 2168 2424 2240 Cogor
2479 2167 2739 2238 omnino,
2798 2174 2898 2224 aut
2939 2168 3234 2226 scientiam
3274 2170 3472 2227 bestiis
3514 2188 3633 2229 nou

1936 2257 2268 2327 concedere,
2302 2261 2402 2312 aut
2428 2256 2573 2312 nihil
2606 2273 2889 2326 recusare,
2918 2257 3061 2330 quin
3077 2258 3221 2315 mihi
3250 2259 3457 2315 merito
3474 2264 3633 2315 ante-

1936 2349 2249 2417 ponantur.
2291 2346 2421 2414 Sed,
2475 2363 2689 2418 quaaso,
2736 2346 2955 2418 explica
3000 2347 3160 2413 illud,
3192 2349 3346 2420 quod
3387 2349 3459 2404 de
3495 2364 3635 2404 cane

1938 2436 2147 2506 Ulyssis
2178 2435 2644 2498 commemoravi,
2676 2436 2984 2506 qualenam
3039 2435 3113 2491 sit
3140 2451 3155 2490 :
3190 2452 3322 2491 nam
3375 2436 3497 2508 ejus
3526 2435 3635 2491 ad-

1937 2524 2245 2580 miratione
2276 2528 2593 2579 commotus
2620 2529 2739 2579 tam
2794 2524 3047 2579 inaniter
3098 2525 3319 2581 latravi.
3373 2526 3446 2581 A.
3491 2524 3638 2590 Quid

1940 2616 2131 2668 autem
2162 2613 2269 2668 hoc
2296 2616 2464 2684 putas
2496 2629 2638 2679 esse,
2672 2611 2783 2667 nisi
2812 2612 2927 2667 vim
2977 2614 3285 2684 quamdam
3333 2612 3636 2680 sentiendi,

1938 2718 2055 2757 non
2084 2700 2341 2757 sciendi?
2373 2700 2547 2755 Sensu
2582 2699 2735 2754 enim
2767 2716 2871 2754 nos
2898 2699 3095 2755 bestim
3122 2701 3319 2755 multa:
3343 2704 3636 2772 superant,

1939 2791 2101 2861 cujus
2129 2789 2214 2844 rei
2260 2805 2489 2843 causam
2533 2804 2651 2843 non
2693 2787 2787 2842 hic
2834 2788 2992 2841 locus
3040 2791 3125 2841 est
3168 2791 3233 2841 ut
3286 2803 3636 2858 quaeramus,

1938 2882 2131 2934 mente
2160 2881 2373 2944 autem,
2405 2877 2648 2943 ratione,
2674 2875 2927 2941 scientia,
2961 2891 3062 2929 nos
3090 2874 3201 2929 illis
3233 2876 3381 2929 Deus
3412 2891 3637 2947 praepo-

1940 2967 2070 3022 suit.
2104 2966 2215 3022 Sed
2243 2966 2338 3021 ille
2369 2981 2566 3020 sensus
2596 2980 2664 3019 ea
2691 2964 2899 3035 quibus
2924 2963 3065 3018 tales
3109 2962 3315 3019 animas
3349 2964 3639 3019 delectau-

1938 3059 2053 3121 tur,
2102 3055 2401 3110 accedente
2459 3052 2870 3108 consuetudine
2920 3052 3079 3122 cujus
3134 3067 3345 3122 magna
3394 3052 3478 3107 vis
3534 3056 3640 3120 est,

1938 3148 2129 3216 potest
2152 3144 2473 3199 discernere
2498 3163 2512 3210 ;
2544 3147 2716 3214 atque
2747 3157 2815 3196 eo
2846 3140 3083 3207 facilius,
3117 3140 3268 3211 quod
3298 3141 3491 3196 anima
3520 3140 3639 3196 bel-

1940 3234 2167 3288 luarum
2196 3232 2377 3303 magis
2398 3230 2625 3303 corpori
2671 3229 2839 3285 affixa
2854 3233 2960 3299 est,
2990 3230 3153 3300 cujus
3182 3228 3266 3283 illi
3289 3233 3423 3285 sunt
3441 3245 3640 3285 sensus

1942 3322 2149 3394 quibus
2181 3321 2365 3376 utitur
2409 3320 2483 3375 ad
2540 3320 2756 3374 victum
2812 3318 3302 3389 voluptatemque,
3344 3333 3519 3388 quam
3575 3334 3641 3373 ex

1942 3411 2145 3465 eodem
2174 3409 2273 3464 illo
2304 3424 2543 3480 corpore
2574 3408 2745 3479 capit.
2797 3409 3058 3463 Humana
3110 3421 3241 3461 vero
3298 3406 3490 3460 anima
3540 3422 3645 3477 per

1944 3498 2225 3552 rationem
2278 3500 2448 3567 atque
2483 3495 2799 3562 scientiam,
2858 3495 2927 3550 de
2978 3494 3186 3565 quibus
3216 3493 3458 3564 agimus,
3490 3494 3641 3565 quod

1943 3590 2078 3640 sunt
2106 3585 2211 3639 ista
2236 3584 2405 3654 longe
2432 3583 2832 3655 praestantiora
2873 3582 3151 3649 sensibus,
3184 3581 3481 3653 suspendit
3521 3596 3581 3635 se
3610 3596 3645 3633 a

1941 3688 2175 3744 corpore
2206 3675 2485 3744 quantum
2516 3676 2724 3743 potest,
2758 3675 2813 3726 et
2844 3688 2911 3725 ea
2940 3686 3069 3742 quae
3108 3670 3285 3738 intus,
3314 3673 3418 3737 est,
3452 3669 3637 3724 liben-

1944 3760 2057 3817 tius
2087 3760 2295 3815 fruitur
2320 3759 2656 3830 voluptate;
2687 3762 3016 3830 quantoque
3046 3758 3106 3812 in
3137 3774 3336 3813 sensus
3375 3756 3640 3825 declinat,

1944 3852 2103 3904 tanto
2134 3848 2318 3919 magis
2341 3847 2678 3903 similiorem
2707 3847 2999 3902 hominem
3024 3847 3217 3917 pecori
3232 3846 3386 3901 facit.
3408 3846 3543 3901 Inde
3561 3850 3647 3900 est

1948 3938 2103 4010 quod
2133 3937 2306 3992 etiam
2337 3936 2503 4009 pueri
2535 3937 2846 4008 vagientes,
2890 3942 3106 4008 quanto
3165 3935 3465 3990 alieniores
3492 3951 3525 3990 a
3554 3950 3645 3990 ra-

1945 4026 2103 4082 tione
2163 4030 2314 4094 sunt,
2374 4030 2533 4080 tanto
2583 4025 2804 4080 facilius
2859 4024 3186 4080 discernunt
3238 4040 3407 4079 sensu
3473 4023 3645 4077 ctiam

1947 4117 2272 4169 contactum
2303 4112 2885 4184 conjunctionemque
2932 4112 3242 4177 nutricum,
3281 4126 3385 4164 nec
3413 4109 3646 4164 odorem

1949 4202 2192 4257 aliarum
2223 4205 2465 4273 possunt
2513 4200 2815 4270 sustinere,
2875 4216 3007 4256 cum
3036 4200 3243 4272 quibus
3294 4197 3646 4253 consuetudo

1947 4307 2066 4346 non
2096 4289 2222 4344 fuit.

2022 4383 2109 4434 55.
2144 4378 2552 4445 Quamobrem,
2609 4376 2872 4450 quamvis
2911 4377 3065 4433 aliud
3106 4392 3176 4431 ex
3219 4373 3332 4428 alio
3360 4370 3646 4441 inciderit,

1948 4466 2196 4522 libenter
2208 4471 2397 4521 tamen
2426 4466 2488 4521 in
2509 4483 2575 4521 eo
2589 4482 2850 4521 sermone
2877 4466 3165 4530 demoror,
3185 4478 3299 4533 quo
3310 4461 3650 4516 admonetur

1953 4556 2164 4623 anima,
2198 4572 2268 4609 ne
2300 4572 2358 4609 se
2387 4556 2537 4609 ultra
2566 4571 2739 4627 quam
2768 4552 3069 4608 necessitas
3093 4551 3263 4622 cogit,
3296 4549 3562 4605 refundat
3590 4550 3651 4605 in

1951 4661 2154 4699 sensus
2180 4661 2192 4712 ;
2222 4644 2322 4699 sed
2355 4643 2427 4699 ab
2452 4643 2540 4698 his
2553 4644 2745 4715 potius
2774 4641 2842 4696 ad
2859 4640 3102 4711 seipsam
3116 4639 3365 4709 colligat,
3384 4643 3442 4694 et
3454 4654 3657 4710 repue-

1955 4736 2139 4787 rascat
2157 4733 2299 4787 Deo:
2325 4732 2480 4803 quod
2500 4737 2583 4786 est
2603 4746 2815 4786 novum
2836 4727 3128 4783 hominem
3150 4728 3295 4794 fieri,
3316 4732 3503 4783 vetere
3522 4743 3655 4783 exu-

1952 4824 2013 4875 to
2040 4836 2054 4887 ;
2085 4837 2118 4874 a
2146 4835 2261 4891 quo
2293 4819 2545 4890 incipere
2571 4820 2809 4890 propter
2837 4816 3154 4887 neglectam
3171 4815 3271 4871 Dei
3288 4816 3475 4887 legem
3503 4821 3658 4872 certa

1956 4912 2042 4963 est
2068 4907 2394 4969 necessitas,
2424 4924 2538 4978 quo
2565 4921 2752 4977 neque
2782 4904 2970 4959 verius
2990 4920 3175 4976 neque
3193 4904 3466 4959 secretius
3494 4906 3659 4977 quid-

1959 5013 2134 5069 quam
2162 4996 2464 5067 Scripturis
2493 4995 2701 5051 divinis
2730 4994 3069 5050 continetur.
3098 4995 3312 5049 Vellem
3337 4995 3471 5050 hinc
3488 4996 3656 5065 plura

1961 5084 2171 5151 dicere,
2192 5101 2255 5139 ac
2270 5083 2550 5154 meipsum
2563 5082 2974 5154 constringere,
2997 5084 3133 5137 dum
3146 5082 3310 5155 quasi
3329 5083 3432 5137 tibi
3451 5082 3655 5152 praeci-

1959 5173 2077 5244 pio,
2100 5176 2165 5227 ut
2191 5171 2335 5226 nihil
2369 5170 2525 5225 aliud
2544 5186 2770 5241 agerem
2785 5187 2957 5243 quam
2986 5171 3254 5227 redderer
3283 5170 3446 5238 mihi,
3464 5170 3555 5225 cui
3568 5186 3659 5225 me

1961 5259 2214 5315 maxime
2270 5258 2448 5313 debeo
2496 5258 2539 5330 (Ι
2577 5261 2841 5329 Rctract.,
2877 5275 2997 5330 cap.
3044 5262 3105 5327 8,-
3146 5276 3201 5315 n.
3244 5260 3293 5328 3)
3327 5275 3340 5313 :
3373 5263 3545 5328 atque
3582 5259 3662 5314 ita

1962 5350 2083 5404 Deo
2116 5347 2267 5417 fieri,
2299 5347 2449 5418 quod
2482 5346 2563 5402 ait
2592 5347 2875 5415 Horatius,
2919 5350 3175 5403 Amicum
3204 5348 3535 5416 mancipium
3563 5347 3659 5403 do-

2030 5474 2046 5507 ι
2079 5472 2163 5523 Sic
2193 5482 2382 5536 omnes
2406 5468 2785 5536 quaslegimus
2809 5469 3098 5536 editiones;
3120 5481 3300 5536 n9_nne
3321 5467 3511 5521 melius
3524 5469 3663 5536 lege-

1966 5537 2113 5583 retur
2145 5548 2155 5581 :
2185 5535 2302 5581 Η.τό
2331 5530 2774 5584 disiinctio'mihi
2794 5532 3096 5596 perplacet?
3159 5531 3228 5580 Μ.

2757 5632 3331 5715 (Tmen-quave.)
