4098 6182
517 286 537 336 -ι
549 283 650 336 067

513 406 659 460 mino
680 403 866 475 (Serm.
901 401 1020 457 Lib.
1062 405 1116 468 2,
1169 403 1346 456 satira
1374 404 1424 468 1,
1453 416 1506 453 υ.
1537 401 1591 467 2,
1637 397 1711 467 3).
1763 395 1928 461 Quod
1976 393 2210 450 omnino

513 494 641 550 ﬁeri
667 509 781 546 non
811 495 1015 563 potest,
1049 490 1158 544 nisi
1185 490 1255 544 ad
1284 490 1408 559 ejus
1449 487 1828 542 reformemur
1875 483 2208 552 imaginem,

513 597 688 653 quam
719 580 882 634 nobis
912 583 976 632 ut
1021 577 1502 648 pretiosissimum
1547 574 1825 646 quiddam
1847 577 1903 626 et
1947 569 2212 625 charissi-

517 685 678 723 mum
709 666 1138 721 custodiendam
1171 665 1346 731 dedit,
1381 665 1517 718 dum
1549 680 1654 716 nos
1685 663 1839 732 ipsos
1878 658 2044 714 nobis
2072 658 2212 711 tales

518 757 693 820 dedit,
727 756 989 828 qualibus
1019 755 1164 809 nihil
1194 753 1374 824 possit
1417 757 1624 824 prazter
1674 752 1864 821 ipsum
1919 746 2209 817 anteponi.

518 847 631 900 Hac
657 850 848 900 autem
897 843 1118 897 actione
1167 842 1310 896 nihil
1363 840 1507 895 mihi
1534 840 1759 894 videtur
1807 836 2124 908 operosius,
2158 838 2215 888 et

519 933 660 987 nihil
693 936 777 986 est
804 931 1106 986 cessationi
1129 929 1374 984 similius
1407 946 1419 982 :
1450 944 1638 999 neque
1662 931 1858 981 tamen
1886 942 2012 979 eam
2042 922 2214 978 susci-

513 1037 651 1092 pere
680 1025 779 1074 aut
797 1021 1036 1090 implere
1059 1019 1282 1072 animus
1312 1022 1517 1089 potest,
1537 1015 1647 1070 nisi
1672 1033 1737 1069 eo
1759 1016 1884 1086 ipso
1911 1014 2213 1085 adjuvante

515 1107 608 1162 cui
635 1107 913 1161 redditur.
948 1106 1104 1160 Unde
1134 1106 1199 1159 ﬁt
1240 1109 1302 1159 ut
1328 1106 1502 1158 homo
1535 1103 1658 1172 ejus
1689 1099 1990 1155 clementia
2027 1099 2210 1152 refor-

514 1196 758 1250 mandus
787 1195 861 1248 sit
891 1194 1052 1264 cujus
1081 1193 1333 1247 bonitate
1365 1207 1428 1245 ac
1457 1194 1739 1261 potestate
1785 1189 2066 1243 formatus
2110 1190 2210 1240 est.

585 1288 672 1338 56.
705 1283 813 1337 Sed
843 1282 912 1336 ad
941 1281 1300 1352 propositum
1332 1280 1516 1333 redire
1546 1278 1825 1348 cogimur.
1855 1278 2040 1340 Quare
2087 1274 2213 1328 vide

513 1377 711 1428 utrum
741 1370 846 1425 tibi
873 1371 990 1441 jam
1014 1370 1323 1440 probatum
1356 1367 1450 1436 sit,
1482 1368 1628 1421 feras
1651 1383 1768 1420 non
1793 1365 2001 1420 habere
2032 1363 2213 1417 scien-

513 1461 676 1522 tiam,
707 1463 997 1528 totamque
1029 1457 1187 1510 illam
1218 1457 1372 1510 velut
1399 1454 1710 1525 imaginem
1741 1453 2008 1519 scientia},
2040 1467 2213 1523 quam

515 1548 817 1614 miramur,
847 1547 962 1600 vim
993 1561 1112 1599 esse
1141 1543 1443 1598 sentiendi.
1493 1547 1560 1598 Ε.
1617 1543 1926 1596 Probatum
1956 1557 2129 1608 sane;
2159 1544 2215 1594 et

515 1636 563 1690 si
579 1636 717 1707 quid
741 1635 809 1689 de
824 1635 932 1688 hoc
943 1633 1275 1702 diligentius
1302 1631 1677 1702 quaerendum
1695 1635 1797 1697 est,
1819 1630 1971 1683 aliud
1988 1633 2210 1698 tempus

515 1723 843 1794 ancupabor
875 1739 888 1776 :
917 1738 1068 1776 nunc
1094 1737 1256 1775 nasse
1288 1720 1456 1789 cupio
1486 1719 1625 1789 quid
1655 1719 1789 1772 hinc
1817 1717 2103 1772 coniicias.

590 1811 814 1865 CAPUT
839 1810 1020 1863 XXIX.
1054 1839 1123 1846 —
1152 1810 1390 1862 Scientia
1414 1812 1462 1860 et.
1483 1821 1668 1860 sensus
1699 1806 1834 1874 quid
1862 1805 2138 1873 diﬁbrant.

586 1899 656 1952 A.
685 1896 833 1961 Quid
864 1895 1020 1950 aliud
1049 1901 1211 1966 puta,
1248 1895 1360 1948 nisi
1391 1895 1787 1949 deﬁnitionem
1807 1893 1965 1947 illam
1991 1908 2210 1958 sensus,

515 1990 581 2040 ut
610 1990 778 2040 antea
807 1984 962 2056 quod
995 1984 1186 2037 nescio
1219 1983 1358 2054 quid
1388 1984 1516 2054 plus
1545 1999 1719 2054 quam
1770 1998 2000 2036 sensum
2029 1980 2210 2035 inclu-

514 2073 703 2141 debat,
736 2073 817 2126 ita
845 2088 997 2126 nunc
1027 2071 1311 2126 contrario
1372 2072 1509 2125 vitio
1559 2072 1840 2139 vacillare,
1890 2069 2044 2140 quod
2094 2085 2213 2123 non

513 2178 746 2218 omnem
772 2177 1003 2215 sensum
1027 2160 1219 2231 potuit
1246 2160 1582 2214 includere?
1614 2160 1835 2214 Habent
1877 2159 2030 2212 enim
2075 2157 2211 2212 ferai

515 2267 766 2317 sensum,
798 2265 903 2304 nec
930 2249 1146 2303 habent
1175 2249 1475 2303 scientiam
1508 2265 1520 2302 :
1550 2247 1833 2319 quidquid
1863 2251 2054 2302 autem
2093 2263 2211 2302 non

512 2339 673 2408 latet,
703 2338 878 2392 scitur
906 2353 920 2405 ;
945 2342 1001 2391 et
1030 2353 1200 2392 omne
1229 2337 1384 2407 quod
1409 2337 1604 2401 scitur,
1638 2337 1710 2391 ad
1755 2336 2048 2390 scientiam
2077 2352 2209 2406 pro-

513 2427 658 2481 fecto
713 2425 983 2496 pertinet.
1020 2425 1098 2478 De
1129 2423 1335 2494 quibus
1389 2425 1656 2478 omnibus
1681 2424 1802 2494 jam
1849 2424 1993 2477 mihi
2022 2430 2210 2478 tecum

515 2510 796 2571 convenit.
826 2516 941 2567 Aut
970 2512 1147 2584 igitur
1175 2528 1292 2566 non
1313 2517 1399 2566 est
1428 2529 1648 2582 verum,
1675 2529 1903 2566 sensum
1935 2529 2056 2566 esse
2085 2529 2211 2583 pas-

515 2605 735 2658 sionem
761 2601 1014 2672 corporis
1027 2616 1144 2655 non
1170 2601 1445 2655 latentem
1475 2601 1726 2654 animam
1751 2617 1764 2668 ;
1795 2605 1894 2654 aut
1918 2617 1984 2654 eo
2016 2606 2212 2656 carent

513 2691 726 2759 bestias,
743 2690 877 2761 quia
894 2689 1131 2744 scientia
1159 2693 1613 2744 carent:sensum
1633 2693 1827 2743 autem
1851 2688 2210 2744 concedimus

510 2780 734 2835 bestiis:
759 2778 1014 2834 deﬁnitio
1047 2793 1181 2849 ergo
1209 2777 1307 2831 illa
1336 2777 1539 2832 vitiosa
1566 2781 1669 2832 est.
1704 2780 1770 2832 Ε.
1805 2779 2008 2832 Fateor
2061 2777 2208 2830 nihil

512 2886 604 2925 me
634 2868 888 2923 invenire
922 2883 1035 2938 quo
1069 2867 1348 2922 resistam.

583 2961 669 3011 57.
702 2958 776 3012 Α.
799 2956 1002 3026 Accipe
1024 2955 1180 3009 aliud
1211 2971 1324 3025 quo
1336 2953 1518 3025 magis
1542 2970 1647 3008 nos
1666 2955 1839 3025 hujus
1862 2952 2211 3009 deﬁnitionis

509 3046 742 3117 pudeat.
775 3047 919 3098 Nam
946 3043 1280 3110 meministi,
1297 3049 1361 3098 ut
1373 3044 1596 3115 opinor,
1613 3044 1849 3097 tertium
1862 3041 2211 3097 deﬁnitionis

510 3134 713 3188 vitium
725 3132 828 3187 tibi
845 3132 1445 3202 demonstratum,quo
1458 3147 1694 3202 prorsus
1705 3130 1852 3185 nihil
1865 3137 1949 3184 est
1962 3129 2210 3200 turpius;

510 3238 642 3276 cum
672 3238 734 3275 ex
765 3224 967 3274 neutra
1002 3225 1166 3290 parte
1191 3236 1327 3273 vera
1357 3225 1460 3287 est,
1495 3219 1679 3290 qualis
1711 3225 1797 3273 est
1823 3219 1920 3272 illa
1939 3218 2206 3286 hominis,

506 3311 679 3364 homo
701 3313 784 3363 est
815 3307 1025 3362 animal
1081 3308 1431 3379 quadrupes:
1463 3324 1596 3361 nam
1643 3307 1779 3374 sive,
1823 3307 2009 3360 omnis
2037 3308 2208 3362 homo

509 3397 722 3452 animal
749 3401 832 3451 est
855 3397 1220 3467 quadrupes;
1253 3397 1388 3465 sive,
1421 3412 1590 3450 omne
1642 3395 1855 3450 animal
1885 3395 2208 3465 quadrupes

505 3485 679 3540 homo
711 3489 816 3552 est,
848 3483 949 3555 qui
976 3483 1114 3538 dicit
1143 3488 1314 3553 atque
1370 3483 1638 3550 afﬁrmat,
1694 3482 1905 3536 insanit
1930 3484 2202 3553 profecto,

505 3572 552 3626 si
582 3589 696 3626 non
721 3572 966 3643 jocatur.
999 3575 1070 3628 E.
1108 3573 1317 3626 Verum
1348 3572 1506 3626 dicis.
1552 3572 1626 3626 A.
1660 3571 1808 3635 Quid
1842 3570 1869 3624 ?
1919 3571 1966 3624 si
1993 3571 2055 3625 in
2094 3571 2204 3625 hoc

506 3661 679 3715 etiam
718 3661 854 3714 vitio
896 3660 1004 3714 ista
1031 3665 1223 3714 nostra
1254 3660 1719 3731 deprehenditur,
1755 3664 1994 3730 putasne
2034 3659 2202 3730 quid-

507 3764 683 3819 quam
726 3749 907 3818 magis
937 3765 1056 3802 esse
1087 3749 1241 3819 quod
1271 3749 1341 3803 sit
1370 3749 1792 3819 explodendum
1824 3752 1992 3818 atque
2022 3752 2204 3802 exter"

508 3835 846 3889 minandum
877 3835 946 3888 de
969 3835 1160 3888 anima
1178 3838 1206 3890 ?
1225 3838 1289 3889 E.
1313 3835 1449 3899 Quis
1473 3836 1529 3888 id
1549 3835 1813 3889 recuset?
1838 3837 1945 3890 Sed
1967 3835 2201 3903 nollem,

503 3923 552 3975 si
579 3922 706 3976 ﬁeri
733 3926 936 3992 potest,
968 3923 1141 3976 etiam
1167 3922 1259 3976 hic
1287 3923 1508 3976 tamdiu
1542 3923 1808 3991 detineri,
1837 3928 2007 3994 atque
2025 3924 2201 3978 inter-

505 4010 917 4080 rogatiunculis
951 4010 1177 4080 agitari.
1198 4011 1270 4064 A.
1308 4011 1459 4065 Nihil
1499 4017 1582 4065 est
1611 4011 1766 4082 quod
1808 4017 2050 4076 metuas,
2079 4013 2201 4082 jam

503 4099 659 4152 enim
691 4098 1008 4151 confectum
1042 4102 1124 4151 est
1148 4098 1444 4167 negotium
1476 4115 1488 4153 :
1525 4116 1596 4152 an
1625 4099 1730 4153 tibi
1778 4101 2033 4154 nondum
2067 4117 2198 4170 pcr-

502 4202 736 4240 suasum
766 4191 869 4251 est,
900 4202 1029 4240 cum
1061 4186 1128 4240 de
1161 4186 1482 4250 differentia
1512 4187 1763 4242 ferarum
1793 4194 1850 4241 et
1899 4188 2199 4243 hominum

499 4284 783 4347 ageretur,
815 4277 971 4330 aliud
1002 4293 1123 4331 esse
1154 4279 1386 4344 sentire,
1419 4279 1572 4333 aliud
1597 4280 1782 4334 scire?
1809 4280 1883 4333 E.
1923 4282 2042 4334 Imo
2078 4297 2197 4334 ma-

498 4366 750 4420 xime.A.
767 4365 937 4419 Aliud
959 4381 1095 4434 ergo
1116 4381 1335 4432 sensus,
1356 4366 1507 4420 aliud
1537 4367 1790 4421 scientia.
1808 4370 1874 4422 E.
1890 4369 1972 4421 Ita
1995 4373 2101 4424 est.
2122 4371 2194 4422 A.

499 4455 622 4509 Non
649 4459 837 4507 autem
857 4453 1130 4508 sentimus
1155 4453 1397 4521 ratione,
1431 4456 1529 4508 sed
1549 4460 1646 4509 aut
1675 4456 1818 4520 visu,
1845 4462 1942 4510 aut
1971 4457 2196 4528 auditu,

499 4547 598 4595 aut
628 4542 856 4608 olfactu,
888 4547 990 4595 aut
1016 4546 1267 4612 gustatu,
1308 4546 1405 4596 aut
1450 4546 1623 4596 tactu.
1659 4546 1719 4598 E.
1763 4544 2072 4599 Assentior.
2118 4547 2192 4600 Α.

498 4631 563 4683 Et
588 4646 757 4683 omne
783 4631 936 4699 quod
966 4631 1196 4697 scimus,
1252 4630 1473 4684 ratione
1503 4630 1712 4685 scimus
1747 4648 1760 4685 :
1795 4634 1987 4687 nullus
2017 4633 2195 4705 igitur

498 4732 694 4770 sensus
724 4717 959 4772 scientia
988 4726 1091 4774 est.
1149 4719 1440 4791 Quidquid
1497 4724 1687 4773 autem
1736 4736 1852 4774 non
1911 4722 2070 4788 latet,
2121 4723 2193 4778 ad

497 4804 793 4858 scientiam
821 4806 1071 4874 pertinet
1104 4822 1116 4862 :
1152 4807 1224 4860 ad
1255 4809 1480 4861 nullum
1511 4824 1646 4878 ergo
1675 4825 1905 4862 sensum
1943 4809 2194 4878 pertinet

495 4909 614 4947 non
645 4894 836 4960 latere,
852 4898 913 4947 ut
933 4896 1125 4949 nullus
1138 4896 1308 4950 homo
1323 4897 1650 4967 quadrupes
1675 4900 1825 4950 recte
1838 4896 1949 4950 dici
1974 4902 2181 4967 potest.

492 4981 878 5046 Quamobrem
906 4981 1015 5036 ista
1046 4989 1238 5037 nostra
1286 4983 1544 5039 deﬁnitio
1595 4991 1856 5056 suscepta
1899 4991 2018 5052 tua,
2070 5003 2189 5040 non

487 5071 671 5125 solum
695 5069 910 5123 alienos
938 5071 1217 5124 terminos
1273 5073 1567 5140 invasisse,
1599 5089 1787 5144 neque
1843 5073 2063 5144 aliquid
2093 5075 2185 5129 sui

479 5158 627 5230 juris
651 5157 971 5230 reliquisse,
1003 5159 1100 5213 sed
1130 5159 1273 5214 nihil
1297 5160 1534 5215 omnino
1563 5161 1829 5216 habuisse
1860 5161 2183 5232 proprium,

482 5251 784 5317 totumque
812 5245 1065 5300 alienum
1123 5263 1426 5317 occupasse
1479 5248 1732 5303 convicta
1784 5254 1890 5304 est.
1942 5253 2002 5304 E.
2037 5250 2186 5315 Quid

486 5350 623 5405 ergo
655 5332 929 5405 agemus?
959 5332 1272 5388 Patierisne
1301 5335 1458 5390 illam
1507 5337 1576 5390 de
1623 5337 1837 5406 judicio
1888 5337 1968 5392 ita
1997 5337 2186 5392 disce-

484 5422 617 5476 dere
636 5424 665 5475 ?
691 5422 1032 5494 Quanquam
1063 5421 1218 5476 enim
1244 5439 1349 5493 ego
1403 5423 1455 5477 ei
1503 5424 1895 5479 defensionem
1954 5426 2184 5496 qualem

483 5510 1102 5582 potuiprcebuerim,tu
1131 5515 1325 5566 tamen
1347 5509 1530 5581 ipsam
1558 5512 1672 5566 litis
1696 5514 2023 5580 formulam,
2052 5531 2181 5585 quae

1587 274 1679 328 DE
1718 269 2172 340 QUANTITATE
2210 266 2480 335 ANIMIE,
2525 267 2577 321 S.
2619 263 2999 320 AUGUSTINI

3831 269 3920 322 1068

2319 407 2422 446 nos
2452 389 2693 461 decepit,
2726 385 3117 458 composuisti.
3136 387 3199 441 Et
3228 401 3335 456 ego
3365 385 3588 456 quidem
3609 389 3802 443 tametsi
3825 391 3921 445 obti-

2319 496 2457 535 nere
2486 495 2603 534 non
2631 478 2983 549 potui,bona
3010 474 3145 530 ﬁdei
3173 474 3351 541 adfui,
3389 475 3534 545 quod
3563 475 3694 529 mihi
3718 477 3826 530 satis
3844 484 3919 533 est:

2318 573 2378 624 tu
2411 585 2542 623 vero
2563 567 2610 620 si
2628 563 3109 638 praevaricationis
3136 563 3415 634 arguaris,
3444 562 3574 634 quid
3606 563 3774 631 facias,
3799 583 3823 618 a
3843 584 3919 638 quo

2318 663 2375 712 et
2401 657 2676 728 producta
2707 658 2791 709 est
2817 658 2879 708 ut
2900 653 3162 724 jurgaret
3189 651 3484 718 audenter,
3505 656 3558 706 et
3579 660 3857 723 oppugnata
3877 663 3917 709 ut

2319 746 2564 816 turpiter
2593 745 2859 799 cederet?
2888 744 2962 800 Α.
2995 741 3421 812 Numquidnam
3465 745 3545 794 est
3583 741 3668 795 hic
3693 743 3920 812 quisquam

2314 835 2512 905 judex,
2545 852 2576 888 a
2605 850 2718 905 quo
2765 831 2897 886 huic
2945 832 3034 885 vel
3089 831 3232 884 mihi
3262 830 3626 884 metuendum
3655 829 3753 883 sit?
3780 831 3864 900 Ego
3885 837 3918 885 te

2318 922 2586 992 privatim
2633 920 2795 992 quasi
2849 919 3138 974 adhibitus
3182 918 3632 989 jurisconsultus,
3683 917 3921 972 instruendi

2317 1027 2487 1065 causa
2506 1011 2763 1064 refellere
2776 1008 3016 1076 volui,ut
3028 1024 3159 1062 cum
3176 1007 3245 1062 ad
3261 1006 3537 1079 judicium
3553 1010 3754 1061 ventum
3786 1007 3918 1074 fuerit,

2320 1102 2551 1169 paratus
2581 1096 2828 1151 assistas.

2392 1189 2478 1240 58.
2513 1188 2577 1241 E.
2613 1187 2707 1238 Est
2761 1200 2894 1254 ergo
2948 1182 3166 1255 aliquid
3222 1182 3376 1253 quod
3416 1198 3516 1253 pro
3566 1181 3668 1236 ista
3714 1182 3917 1253 proferas,

2322 1290 2494 1345 quam
2523 1273 2668 1328 mihi
2698 1271 3106 1327 invalidissimo
3141 1276 3353 1325 temere
3397 1270 3778 1326 defendendam
3802 1275 3918 1325 tuen-

2321 1363 2568 1433 damque
2596 1361 3004 1416 commendas?
3029 1361 3101 1415 A.
3136 1361 3229 1414 Est
3253 1363 3426 1413 certe.

2321 1451 2544 1506 CAPUT
2562 1452 2713 1506 XXX.
2736 1481 2805 1490 —
2831 1451 3039 1505 Anima
3068 1465 3186 1518 quae
3219 1448 3417 1516 ubique
3443 1451 3634 1502 sentiat
3673 1450 3725 1502 in
3749 1462 3918 1518 corpore,

2541 1555 2647 1594 non
2677 1539 2876 1594 idcirco
2905 1543 2983 1594 est
3001 1553 3104 1608 per
3135 1541 3305 1592 totum
3335 1551 3525 1606 corpus
3561 1537 3761 1605 diffusa.

2390 1631 2456 1682 E.
2484 1627 2769 1693 Quidnam
2810 1627 2870 1682 id
2927 1630 3031 1690 est,
3081 1626 3362 1680 obsecro?
3390 1626 3460 1680 Λ.
3515 1625 3649 1690 Quia
3675 1639 3920 1696 quanquam

2320 1717 2392 1771 sit
2421 1717 2578 1772 aliud
2608 1732 2829 1785 sensus,
2860 1714 3008 1769 aliud
3036 1714 3289 1780 scientia,
3322 1713 3466 1768 illud
3490 1717 3672 1768 tamen
3684 1729 3782 1767 non
3799 1714 3919 1766 latere

2320 1803 2549 1875 utrique
2578 1820 2881 1858 commune
2907 1808 3023 1871 est;
3055 1807 3120 1856 ut
3145 1801 3254 1872 ipsi
3273 1801 3496 1856 homini
3523 1805 3578 1856 et
3600 1800 3770 1855 bestia:
3787 1816 3920 1871 quam-

2320 1892 2402 1946 vis
2428 1892 2746 1963 plurimum
2773 1892 3059 1960 differant,
3088 1890 3303 1944 animal
3334 1894 3526 1944 tamen
3551 1905 3663 1944 esse
3696 1904 3920 1942 commune

2321 1985 2425 2037 est.
2458 1983 2582 2036 Non
2610 1983 2746 2036 latet
2775 1981 2929 2036 enim
2957 1980 3237 2052 quidquid
3258 1979 3469 2034 animus
3503 1983 3734 2050 apparet,
3753 1977 3841 2032 sive
3855 1992 3920 2046 per

2319 2069 2793 2142 temperationem
2824 2069 3081 2140 corporis
3111 2071 3151 2136 ¹,
3183 2068 3300 2123 sive
3330 2084 3435 2139 per
3483 2066 3830 2138 intelligentia
3850 2081 3920 2136 pu-

2320 2160 2548 2214 ritatem
2572 2178 2585 2222 ;
2618 2164 2788 2231 atque
2817 2160 2961 2214 illud
2989 2160 3244 2230 primum
3269 2175 3491 2226 sensus,
3523 2159 3624 2213 hoc
3649 2162 3807 2213 autem
3827 2157 3919 2209 alte-

2319 2265 2450 2303 rum
2479 2249 2716 2304 scientia
2743 2248 2850 2303 sibi
2879 2248 3200 2302 vindicavit.
3249 2251 3318 2303 E.
3371 2249 3554 2303 Manet
3579 2263 3701 2317 ergo
3727 2247 3804 2300 illa
3826 2246 3920 2299 deli-

2316 2337 2458 2392 nitio
2486 2341 2607 2392 tuta
2663 2342 2720 2392 et
2773 2337 3060 2408 probata?
3085 2337 3157 2392 A.
3223 2338 3417 2391 Manet
3471 2353 3617 2391 vero.
3647 2339 3706 2390 E.
3747 2333 3918 2388 Ubinam

2320 2442 2456 2496 ergo
2480 2427 2749 2496 deceptus
2771 2441 2897 2480 sum
2916 2427 2944 2479 ?
2973 2427 3044 2480 Λ.
3084 2425 3186 2480 Ubi
3206 2426 3428 2496 rogavi,
3464 2429 3644 2479 utrum
3669 2419 3919 2493 omnequod

2319 2530 2436 2568 non
2473 2515 2632 2574 latet,
2684 2513 2895 2568 sciatur
2928 2530 2942 2566 :
2975 2519 3033 2567 tu
3065 2513 3220 2568 enim
3271 2513 3412 2568 huic
3471 2511 3730 2584 rogationi
3771 2516 3919 2564 temere

2319 2618 2582 2657 assensus
2612 2618 2690 2655 es.
2720 2605 2784 2656 E.
2819 2602 2962 2656 Nam
2991 2601 3130 2672 quid
3151 2603 3326 2656 velles
3356 2600 3707 2656 dicerem?A.
3729 2599 3918 2653 Noncon-

2319 2691 2481 2745 tinuo
2510 2707 2631 2744 esse
2660 2690 2956 2744 scientiam
2986 2691 3034 2744 si
3063 2689 3202 2761 quid
3228 2706 3354 2744 non
3399 2690 3558 2756 latet,
3587 2689 3674 2742 sed
3699 2688 3740 2740 si
3760 2702 3839 2756 per
3857 2701 3918 2738 ra-

2318 2777 2538 2833 tionem
2565 2795 2684 2833 non
2714 2779 2886 2832 latet:
2919 2794 3051 2832 cum
3078 2782 3269 2832 autem
3297 2793 3409 2848 per
3446 2793 3640 2849 corpus
3679 2791 3777 2830 non
3813 2774 3916 2835 latet,

2319 2882 2552 2922 sensum
2562 2865 2823 2935 vocari,si
2833 2882 2937 2936 per
2948 2866 3194 2936 seipsam
3211 2883 3334 2920 non
3347 2868 3519 2922 lateat
3535 2864 3759 2935 corporis
3772 2860 3916 2932 passio.

2317 2956 2408 3008 An
2427 2955 2657 3026 ignoras
2685 2954 3031 3025 quibusdam
3049 2954 3414 3025 philosophis
3443 2959 3498 3008 et
3526 2951 3775 3026 peracutis
3796 2950 3918 3003 visum

2319 3058 2461 3109 esse,
2485 3060 2554 3096 ne
2579 3043 2831 3112 idipsum
2850 3043 3082 3113 quidem
3097 3043 3251 3113 quod
3270 3048 3473 3098 mente
3493 3038 3916 3112 comprehenditur.

2317 3132 2388 3185 ad
2418 3147 2628 3185 nomen
2657 3131 2909 3201 aspirare
2939 3131 3212 3197 scientiae,
3244 3131 3364 3186 nisi
3395 3137 3510 3186 tam
3547 3131 3697 3185 ﬁrma
3729 3139 3914 3195 compre-

2316 3220 2516 3274 hensio
2535 3219 2784 3284 sit,utab
2796 3236 2862 3274 ea
2891 3235 3054 3274 mens
3084 3221 3244 3274 nulla
3278 3221 3505 3275 ratione
3523 3211 3916 3291 queatdimoveri?

2388 3311 2474 3362 59.
2508 3310 2574 3363 E.
2603 3308 2832 3378 Accipio
2857 3308 2965 3362 ista
2993 3307 3320 3379 gratissime
3349 3325 3362 3363 :
3386 3309 3484 3363 sed
3514 3323 3690 3379 quaeso
3721 3301 3914 3376 quoniam

2317 3397 2457 3467 quid
2486 3396 2559 3450 sit
2579 3413 2798 3464 sensus,
2830 3396 3198 3452 subtilissime
3249 3401 3534 3468 quantum
3563 3395 3773 3451 arbitror
3791 3388 3912 3460 expli-

2315 3489 2502 3538 catum
2536 3488 2639 3553 est,
2671 3484 2985 3538 referamus
3013 3501 3118 3539 nos
3145 3485 3215 3540 ad
3244 3485 3410 3540 illam
3440 3485 3790 3556 quaestionem.
3822 3492 3912 3548 pro-

2313 3577 2442 3643 pter
2466 3589 2639 3644 quam
2659 3573 3058 3643 explicandum
3078 3574 3184 3627 hoc
3209 3588 3653 3646 susceperamus.
3677 3567 3911 3625 Attuleram

2315 3661 2468 3715 enim
2498 3679 2604 3732 ego
2623 3667 3046 3732 argumentum,
3061 3679 3176 3733 quo
3192 3668 3414 3718 tantam
3432 3664 3712 3734 probarem
3737 3656 3909 3711 animam

2314 3766 2455 3816 esse,
2489 3754 2766 3820 quantum
2795 3751 2918 3821 ejus
2946 3755 3030 3805 est
3058 3767 3287 3821 corpus,
3317 3768 3386 3807 eo
3442 3750 3592 3822 quod
3614 3748 3870 3818 tangentem
3890 3753 3909 3789 3

2312 3839 2496 3909 capite
2525 3855 2707 3910 usque
2737 3840 2807 3894 ad
2833 3839 2995 3910 pedis
3018 3845 3342 3894 extremum
3375 3840 3633 3910 pollicem
3659 3835 3800 3890 sentit
3818 3844 3908 3900 qna-

2312 3942 2653 3997 quaversum
2673 3927 2955 3997 tetigeris;
2984 3934 3156 3999 atque
3168 3927 3305 3984 inde
3318 3930 3391 3984 ad
3403 3943 3594 3982 sensus
3612 3921 3906 3997 definitionem

2311 4031 2606 4069 morarum
2650 4016 3062 4085 plenissimam,
3114 4017 3214 4072 sed
3268 4018 3419 4072 forte
3475 4013 3760 4072 necessario
3796 4007 3908 4061 deletl

2309 4119 2527 4157 sumus.
2543 4105 2739 4174 Itaque
2760 4104 2952 4174 ipsum
2977 4105 3221 4159 fructum
3241 4106 3389 4160 tanti
3401 4106 3584 4177 operis
3599 4104 3708 4174 jam
3723 4092 3904 4153 ostende.

2307 4191 2353 4246 si
2378 4193 2762 4262 placet.A.Est
2781 4192 3035 4260 omnino,
3063 4198 3234 4265 atque
3257 4194 3585 4250 uberrimus
3609 4210 3622 4260 ;
3650 4206 3762 4245 nam
3785 4190 3906 4239 totum

2308 4281 2463 4351 quod
2489 4282 2908 4352 quaerebamus,
2938 4282 3204 4336 effectum
3261 4288 3370 4338 est.
3405 4283 3464 4338 Si
3492 4282 3639 4336 enim
3684 4289 3836 4331 sensus
3856 4273 3906 4321 est

2305 4369 2559 4438 corporis
2581 4369 2769 4440 passio
2799 4385 2903 4440 per
2923 4370 3166 4441 seipsam
3196 4386 3319 4425 non
3350 4373 3533 4426 latens
3563 4355 3906 4430 animatust“0d

2304 4461 2368 4510 ut
2388 4457 2716 4511 ﬁrmissime
2741 4461 3090 4528 teneremus,
3121 4458 3343 4513 diutius
3373 4475 3547 4530 quam
3577 4457 3726 4512 velles
3757 4460 3904 4530 sermoj

2303 4545 2684 4599 cinatisumus
2709 4566 2724 4613 ;
2753 4546 3142 4600 meministine
3169 4528 3410 4602 tandem
3435 4563 3538 4601 nos
3562 4539 3844 4614 comperisse
3858 4528 3906 4586 ibi

2303 4632 2512 4687 sentire
2552 4635 2746 4688 oculos
2779 4634 2874 4688 ubi
2900 4651 3017 4689 non
3047 4639 3200 4701 sunt,
3248 4635 3338 4689 vel
3385 4635 3571 4705 potius
3597 4632 3669 4686 ibi
3716 4620 3904 4698 pati”-

2301 4720 2554 4776 Memini.
2581 4723 2655 4776 A.
2689 4722 2871 4777 Etiam
2900 4722 3046 4777 illud
3070 4722 3300 4790 dedisti,
3323 4721 3438 4777 nisi
3471 4721 3646 4783 fallor,
3684 4731 3770 4772 nec
3792 4707 3930 4778 modo,

2299 4809 2524 4863 dubitas
2553 4810 2809 4865 dandum
2863 4811 3060 4878 fuisse,
3089 4811 3345 4866 animam
3378 4812 3557 4866 multo
3588 4822 3739 4879 quam
3780 4804 3903 4855 totum

2299 4913 2506 4967 corpus
2536 4903 2640 4965 est,
2671 4915 2791 4952 esse
2843 4899 3143 4954 meliorem
3197 4916 3262 4955 ac
3318 4898 3704 4971 potentiorem.
3735 4893 3785 4947 Ε.
3811 4886 3904 4941 Hinc

2296 5001 2432 5038 vero
2464 4986 2728 5042 dubitare
2759 4988 3043 5042 nefarium
3069 4993 3228 5059 puto.
3258 4990 3334 5044 A.
3359 4992 3498 5059 Age,
3530 4987 3573 5040 si
3587 4997 3762 5053 corpus
3775 4975 3905 5048 Ροίθδῑ

2297 5072 2380 5127 ibi
2403 5074 2524 5144 pati
2551 5074 2768 5145 aliquid
2797 5076 2896 5130 ubi
2925 5092 3042 5131 non
3073 5080 3176 5144 est,
3227 5082 3470 5147 propter
3523 5069 3791 5146 quamdam
3814 5072 3901 5116 cum

2297 5161 2489 5216 anima
2526 5164 3129 5235 contemperationem,
3177 5166 3334 5236 quod
3381 5163 3555 5219 oculis
3601 5161 3654 5215 in
3693 5148 3901 5212 cernendo

2297 5251 2547 5306 accidere
2576 5252 2873 5308 inventum
2923 5259 3008 5309 est
3035 5273 3049 5321 ;
3080 5253 3298 5308 adeone
3356 5253 3600 5308 animam
3633 5254 3834 5302 crassam
3863 5239 3898 5286 εἴ

2295 5338 2518 5410 Ρίὲτειω
2548 5346 2842 5410 Ριηθωιιε,
2853 5359 3143 5413 perquam
3171 5342 3281 5413 ipsi
3306 5343 3457 5397 oculi
3473 5345 3681 5395 tantum
3707 5327 3896 5404 possunt,

2355 5463 2520 5530 1__Bad.
2558 5464 2647 5511 Er.
2685 5467 2737 5513 et
2765 5466 2922 5530 Lov.,
2947 5478 3046 5528 per
3079 5468 3499 5530 temperantiam
3524 5453 3788 5524 corporisA
3808 5449 3891 5499 M55-

2290 5524 2438 5574 nullo
2463 5525 2570 5574 fere
2599 5531 2817 5590 excepto
2841 5524 3053 5585 habent,
3087 5524 3665 5592 per’tcmperationem.
