4098 6182
220 295 354 349 1069

220 420 281 471 ut
312 432 441 471 eam
482 416 658 469 lateat
701 411 950 485 corporis
978 412 1192 483 passio,
1223 412 1269 467 si
1306 428 1423 467 non
1470 412 1551 468 ibi
1575 413 1779 484 jaceat,
1818 412 1918 467 ubi

211 505 403 578 passio
433 504 559 575 ipsa
588 502 916 574 contingit?

290 596 377 648 60.
419 596 484 647 E.
539 591 778 646 Multum
828 607 920 644 me
969 592 1160 644 movet
1208 589 1316 644 ista
1373 589 1682 656 conclusio,
1738 593 1795 644 et
1839 589 1919 643 ita

217 682 467 736 multum
499 683 565 733 ut
608 679 844 733 omnino
885 683 1165 749 stupeam,
1201 681 1256 733 et
1286 694 1400 732 non
1432 678 1618 732 solum
1649 677 1786 749 quid
1822 694 1917 732 re-

216 770 554 840 spondeam,
596 768 693 822 sed
734 783 969 838 prorsus
1007 767 1104 821 ubi
1147 767 1256 821 sim
1285 783 1403 821 non
1433 766 1739 821 inveniam.
1772 765 1917 830 Quid

220 857 373 913 enim
406 857 637 911 dicam?
677 872 908 909 sensum
949 872 1064 909 non
1095 871 1236 921 esse,
1268 871 1399 908 cum
1440 855 1693 925 corporis
1732 854 1918 924 passio

218 963 327 1018 per
356 945 601 1017 seipsam
624 962 741 999 non
770 946 905 998 latet
925 944 1177 998 animam
1193 946 1222 998 ?
1242 944 1379 1014 quid
1402 944 1511 997 erit
1532 943 1709 1010 aliud,
1742 943 1788 996 si
1813 944 1920 996 hoc

219 1052 337 1090 non
362 1036 491 1089 est?
520 1034 724 1089 Oculos
754 1034 898 1087 nihil
930 1033 1048 1105 pati
1083 1049 1213 1087 cum
1244 1031 1545 1086 videmus?
1578 1032 1920 1086 absurdissi—

219 1140 383 1179 mum
417 1127 519 1178 est.
559 1124 662 1176 Eos
703 1122 784 1175 ibi
831 1122 951 1193 pati
984 1123 1084 1176 ubi
1114 1124 1294 1175 sunt?
1333 1126 1390 1175 at
1428 1121 1642 1192 seipsos
1683 1137 1801 1174 non
1838 1120 1919 1174 vi-

221 1213 410 1279 denti,
428 1229 531 1266 nec
552 1212 653 1265 ubi
674 1216 806 1265 sunt
822 1210 1139 1281 quidquam
1152 1214 1239 1264 est
1257 1214 1462 1280 praeter
1474 1210 1646 1279 ipsos.
1664 1211 1787 1264 Non
1802 1223 1920 1262 esse

223 1302 403 1356 oculis
433 1301 683 1355 animam
728 1299 1135 1371 potentiorem,
1169 1315 1300 1353 cum
1332 1298 1528 1352 eadem
1568 1298 1642 1352 sit
1680 1297 1920 1351 istorum

220 1390 525 1461 potentia?
552 1390 693 1443 nihil
737 1393 820 1443 est
849 1388 1187 1443 dementius.
1220 1389 1306 1441 An
1348 1386 1455 1440 hoc
1483 1385 1784 1440 dicendum
1817 1388 1918 1451 est,

219 1479 513 1550 potentius
545 1494 663 1531 esse
693 1477 773 1531 ibi
804 1477 943 1547 pati,
966 1476 1065 1530 ubi
1085 1475 1336 1547 quidque
1363 1474 1456 1543 sit,
1480 1490 1652 1545 quam
1683 1473 1782 1527 ubi
1804 1489 1920 1527 non

219 1568 334 1622 sit?
365 1568 463 1621 sed
512 1566 559 1619 si
590 1567 697 1620 hoc
734 1582 933 1619 verum
982 1569 1151 1635 esset,
1199 1581 1315 1619 non
1361 1568 1507 1618 esset
1558 1562 1922 1634 prmstantior

218 1657 374 1711 visus
400 1656 621 1710 (πρίει-15
652 1655 928 1709 sensibus.
969 1655 1039 1710 Α.
1074 1654 1221 1719 Quid
1261 1653 1412 1723 quod
1441 1652 1619 1707 ictum
1647 1651 1919 1722 aliquem,

218 1745 309 1799 vel
353 1744 609 1798 incidens
658 1742 979 1813 quidpiam,
1008 1743 1096 1796 vel
1134 1742 1391 1796 humoris
1428 1740 1921 1811 perturbationem

219 1850 351 1888 cum
370 1833 451 1888 ibi
481 1833 772 1904 patiantur
798 1830 950 1885 oculi
976 1829 1075 1884 ubi
1106 1834 1241 1884 sunt
1267 1847 1281 1898 ;
1313 1846 1501 1900 neque
1534 1828 1641 1883 hoc
1671 1828 1921 1882 animam

219 1924 382 1991 latet,
415 1939 518 1976 nec
556 1921 662 1975 ista
709 1919 895 1992 passio
950 1918 1121 1985 visus,
1172 1918 1269 1973 sed
1321 1922 1504 1972 tactus
1546 1921 1816 1972 vocatur:
1868 1921 1924 1971 et

222 2021 415 2065 tamen
444 2010 580 2064 talia
606 2008 727 2080 pati
751 2008 949 2063 oculus
978 2010 1171 2078 posset
1204 2006 1375 2061 etiam
1406 2006 1465 2059 in
1506 2004 1769 2059 exanimo
1801 2021 1921 2058 cor-

218 2115 379 2171 pore,
416 2098 673 2171 quamvis
715 2098 935 2152 deesset
981 2095 1174 2150 anima
1211 2111 1385 2166 quam
1427 2094 1616 2165 passio
1668 2109 1787 2147 non
1832 2094 1922 2147 la-

217 2192 406 2255 teret;
440 2187 582 2241 illud
613 2191 807 2240 autem
844 2184 998 2256 quod
1027 2183 1149 2255 pati
1184 2200 1301 2238 non
1340 2187 1529 2254 potest
1566 2183 1783 2249 oculus,
1816 2181 1924 2235 nisi

221 2276 373 2331 adsit
418 2276 627 2340 anima,
660 2274 716 2329 id
747 2278 831 2329 est
861 2273 1017 2344 quod
1046 2273 1292 2328 videndo
1324 2272 1558 2343 patitur,
1592 2272 1699 2327 hoc
1736 2272 1923 2325 solum

218 2365 306 2419 ibi
335 2364 571 2435 patitur,
605 2362 703 2416 ubi
750 2378 868 2416 non
916 2362 1044 2415 est?
1092 2362 1170 2415 Ex
1218 2376 1331 2431 quo
1370 2360 1462 2414 cui
1493 2376 1609 2415 non
1640 2360 1922 2429 videatur,

220 2454 385 2508 nullo
416 2454 539 2507 loco
572 2451 822 2505 animam
850 2450 1176 2505 contineri?
1201 2448 1495 2520 Siquidem
1525 2450 1741 2516 oculus,
1767 2448 1923 2519 quod

221 2546 312 2596 est
339 2558 566 2613 corpus,
596 2540 653 2594 id
684 2545 908 2594 tantum
934 2556 1053 2594 non
1072 2540 1194 2593 loco
1226 2555 1328 2594 suo
1353 2538 1583 2609 patitur,
1608 2538 1759 2609 quod
1780 2554 1925 2592 nun-

220 2647 399 2703 quam
432 2630 554 2683 sine
586 2628 779 2683 anima
806 2632 1120 2699 pateretur.

298 2722 384 2773 6t.
427 2720 493 2773 E.
544 2718 691 2783 Quid
721 2717 899 2788 igitur
925 2717 1153 2783 faciam,
1193 2733 1387 2789 quaeso
1418 2717 1521 2771 te?
1565 2716 1763 2771 Nonne
1801 2714 1923 2770 istis

219 2807 544 2862 rationibus
576 2807 779 2861 confici
809 2809 1015 2877 potest,
1051 2805 1272 2860 animas
1315 2809 1538 2860 nostras
1568 2820 1687 2859 non
1715 2820 1834 2858 esse
1865 2802 1925 2858 in

218 2896 608 2967 corporibus?
649 2895 803 2965 quod
847 2895 894 2949 si
934 2894 1016 2949 ita
1055 2898 1157 2961 est,
1204 2910 1393 2948 nonne
1426 2893 1522 2947 ubi
1551 2892 1658 2946 sim
1687 2892 1926 2948 nescio?

220 2986 362 3050 Quis
393 2984 547 3039 enim
573 2984 717 3038 mihi
746 2983 935 3054 eripit,
968 2983 1118 3053 quod
1152 2999 1257 3053 ego
1288 2982 1409 3053 ipse
1431 2980 1623 3036 anima
1651 2982 1816 3036 sum?
1844 2982 1923 3035 Α.

223 3075 309 3128 Ne
343 3074 698 3145 perturbere,
732 3089 796 3127 ac
833 3071 1016 3143 magis
1044 3072 1197 3126 bono
1228 3070 1422 3125 animo
1460 3070 1631 3124 facito
1678 3068 1773 3124 sis.
1814 3069 1928 3123 Ista

223 3162 385 3218 enim
431 3162 702 3232 cogitatio
747 3166 805 3216 et
846 3159 1229 3215 consideratio
1275 3160 1346 3213 ad
1400 3156 1780 3229 nosmetipsos
1823 3173 1925 3212 nos

222 3252 448 3316 invitat,
469 3255 526 3306 et
551 3255 833 3322 quantum
854 3250 986 3303 licet
1005 3249 1197 3303 avellit
1217 3265 1248 3301 a
1265 3263 1526 3319 corpore.
1550 3247 1711 3311 Quod
1732 3249 1924 3301 autem

224 3340 333 3395 tibi
366 3341 552 3394 visum
583 3343 689 3408 est,
726 3355 841 3393 non
872 3354 991 3393 esse
1021 3336 1274 3391 animam
1310 3335 1373 3389 in
1419 3351 1658 3405 corpore
1686 3333 1926 3389 viventis

225 3428 559 3498 animantis,
599 3442 930 3499 quanquam
951 3426 1211 3481 videatur
1231 3424 1562 3487 absurdum,
1594 3439 1712 3478 non
1732 3426 1926 3477 tamen

223 3517 537 3572 doctissimi
578 3516 864 3582 homines,
916 3514 1124 3586 quibus
1174 3513 1235 3568 id
1264 3511 1564 3584 placuerit,
1600 3512 1924 3581 defuerunt,

224 3620 416 3676 neque
444 3620 597 3659 nunc
644 3602 892 3656 arbitror
938 3602 1169 3656 deesse:
1211 3598 1331 3666 sed,
1362 3602 1428 3652 ut
1466 3598 1587 3668 ipse
1629 3597 1923 3667 intelligis,

224 3710 319 3748 res
366 3696 451 3747 est
496 3690 886 3757 subtilissima,
928 3694 986 3743 et
1025 3689 1095 3743 ad
1126 3703 1300 3758 quam
1329 3685 1671 3740 cernendam
1716 3685 1926 3740 mentis

226 3780 378 3836 acies
423 3780 560 3834 satis
600 3778 904 3850 purganda
932 3780 1033 3831 est.
1080 3778 1240 3831 Nunc
1279 3773 1507 3829 attende
1550 3773 1741 3845 potius
1787 3773 1926 3845 quid

228 3869 385 3924 aliud
425 3870 650 3936 afferas,
696 3884 809 3939 quo
843 3866 1141 3920 convincas
1182 3864 1436 3919 animam
1464 3864 1551 3917 vel
1582 3864 1813 3933 longam
1839 3862 1926 3917 vel

227 3959 405 4012 latam
429 3973 572 4024 esse,
600 3957 687 4011 vel
710 3956 848 4027 quid
869 3954 1148 4025 ejusmodi
1173 3971 1185 4008 :
1210 3969 1344 4007 nam
1362 3952 1502 4007 illud
1520 3956 1927 4023 argumentum

225 4050 396 4101 tuum
437 4046 505 4101 de
535 4044 810 4116 tangendi
858 4059 1047 4109 sensu,
1096 4041 1271 4096 sentis
1308 4058 1424 4096 non
1468 4040 1749 4111 attingere
1778 4040 1925 4094 veri-

229 4138 429 4199 tatem,
473 4150 578 4187 nec
616 4134 803 4187 valere
846 4130 1082 4201 aliquid,
1114 4135 1178 4185 ut
1220 4146 1345 4184 eam
1375 4144 1479 4199 per
1507 4132 1695 4183 totum
1723 4145 1929 4200 corpus

228 4227 510 4292 tanquam
531 4221 867 4291 sanguinem
885 4219 1149 4274 diffusam
1162 4234 1282 4273 esse
1300 4217 1596 4271 convincat
1610 4233 1623 4271 :
1639 4221 1736 4270 aut
1752 4216 1797 4270 si
1809 4218 1930 4287 jam

233 4311 393 4382 quod
428 4311 630 4365 afferas
661 4309 781 4363 nhil
814 4309 1009 4374 habes,
1038 4308 1330 4361 videamus
1358 4322 1486 4376 quae
1517 4308 1747 4359 restant.

235 4400 461 4454 CAPUT
489 4400 663 4453 XXXI.
704 4428 773 4437 —
814 4398 1108 4453 Vermiculi
1134 4398 1264 4450 secti
1286 4398 1472 4464 partes
1501 4397 1803 4448 moventur.
1841 4394 1932 4449 An

308 4493 684 4557 argumentum
714 4489 785 4541 sit
822 4488 1016 4540 animm
1050 4500 1151 4555 per
1190 4488 1358 4539 totum
1386 4497 1579 4551 corpus
1608 4486 1856 4536 extensae.

308 4580 397 4631 62.
421 4578 485 4631 E.
510 4576 664 4629 Nihil
679 4575 951 4629 haberem
978 4574 1236 4639 fortasse,
1260 4572 1370 4625 nisi
1396 4571 1727 4625 recordarer
1747 4586 1932 4641 quan-

234 4670 363 4719 tum
376 4663 542 4735 pueri
556 4662 754 4717 mirari
775 4664 1085 4716 soleremus
1096 4660 1440 4732 palpitantes
1455 4659 1797 4713 lacertarum
1808 4673 1936 4712 cau-

234 4753 340 4808 das
388 4755 711 4822 amputatas
741 4769 773 4806 a
804 4755 1009 4806 caetero
1041 4744 1279 4821 corpore
1304 4765 1318 4816 ;
1358 4763 1533 4819 quem
1562 4752 1784 4802 motum
1814 4746 1935 4801 sine

236 4840 433 4895 anima
452 4842 580 4895 ﬁeri
607 4840 768 4895 nullo
798 4840 972 4895 modo
997 4838 1140 4894 mihi
1168 4837 1509 4909 persuadere
1542 4850 1811 4907 possum:
1839 4851 1937 4889 ne-

238 4945 354 5001 que
375 4946 489 5000 quo
510 4933 676 4999 pacto
690 4930 809 4996 ﬁat,
838 4932 899 4983 ut
918 4928 1145 4983 nullum
1164 4928 1238 4980 sit
1259 4924 1466 4979 animae
1479 4924 1745 4995 spatium,
1762 4940 1939 4994 quan-

240 5020 316 5072 do
359 5017 596 5088 praecidi
640 5018 813 5072 etiam
857 5033 988 5071 cum
1030 5032 1265 5087 corpore
1304 5018 1508 5086 potest,
1540 5012 1826 5083 intelligo.
1863 5014 1934 5067 A.

240 5108 472 5161 Possem
500 5107 848 5177 respondere
876 5122 1065 5161 aerem
1096 5109 1151 5160 et
1168 5104 1386 5175 ignem,
1410 5118 1537 5174 qua:
1561 5102 1673 5156 duo
1693 5117 1796 5172 per
1817 5100 1939 5155 ani-

238 5211 353 5250 mae
378 5195 742 5267 praesentiam
770 5199 1040 5249 tenentur
1060 5194 1120 5247 in
1146 5208 1385 5263 corpore
1415 5196 1641 5245 terreno
1673 5194 1729 5244 et
1756 5189 1943 5243 humi-

240 5285 338 5351 do,
371 5290 435 5339 ut
460 5284 719 5339 omnium
753 5288 1000 5355 quatuor
1028 5282 1127 5336 ﬁat
1152 5278 1621 5351 contemperatio,
1652 5279 1788 5332 dum
1812 5284 1945 5349 post

308 5437 323 5469 1
360 5434 421 5482 In
452 5434 709 5482 hactenus
734 5432 886 5482 editis
908 5446 918 5479 :
941 5428 1402 5480 Absurdissimum
1421 5432 1496 5478 est
1515 5440 1600 5477 eos
1627 5427 1698 5477 ibi
1723 5428 1838 5489 pati
1857 5427 1947 5478 ubi

245 5500 394 5554 sunt,
416 5498 675 5558 utseipsos
690 5508 802 5558 non
820 5492 1033 5558 uideant
1044 5509 1064 5552 ;
1086 5495 1303 5558 exceptp
1323 5494 1497 5558 tamen
1513 5490 1658 5558 Bad.,
1681 5490 1769 5553 qui
1787 5503 1946 5553 prepe

252 5552 458 5608 accedit
485 5552 699 5607 ad'Mss.
721 5557 1021 5617 lectionem,
1046 5552 1316 5618 quam’hic
1342 5552 1682 5602 restituimus.

1733 288 1945 345 LIBER
1998 288 2201 345 UNUS.

3588 302 3724 355 1070

2026 412 2283 484 ejusdem
2326 414 2534 468 animae
2565 413 2888 471 abscessum
2935 417 3003 472 ad
3053 433 3301 490 superna
3364 408 3609 478 evadunt
3663 442 3726 479 ac

2026 517 2145 555 sese
2188 502 2517 572 expediunt,
2554 519 2783 559 movere
2828 505 2928 559 illa
2959 509 3295 577 corpuscula
3333 513 3491 566 tanto
3528 513 3723 567 conci-

2023 589 2211 655 tatius,
2249 595 2464 661 quanto
2495 591 2666 662 plaga
2697 593 3014 648 recentiore
3036 596 3221 651 subito
3252 606 3594 671 erumpunt:
3627 603 3724 658 de-

2024 677 2158 732 inde
2196 695 2368 749 porro
2419 685 2641 735 motum
2692 682 3077 753 languescere,
3116 690 3407 755 postremo
3445 690 3723 757 desinere,

2026 766 2166 820 dum
2186 766 2378 821 minus
2398 768 2708 840 minusque
2733 770 2795 825 fit
2816 772 2963 842 quod
2991 772 3210 843 effugit,
3234 791 3298 828 ac
3320 775 3522 832 deinde
3541 784 3725 833 totum

2027 856 2229 909 evolat.
2278 856 2387 911 Sed
2417 857 2487 911 ab
2527 858 2633 912 hoc
2668 875 2760 913 me
2793 864 3018 914 revocat
3046 862 3199 931 quod
3228 862 3317 915 his
3344 863 3508 918 hausi
3548 868 3726 921 oculis

2028 960 2173 1015 pene
2204 944 2383 998 serius
2417 962 2590 1017 quam
2633 948 2789 1001 credi
2822 952 3011 1019 potest
3038 968 3052 1016 ;
3082 950 3180 1003 sed
3211 956 3361 1005 certe
3393 968 3509 1006 non
3546 954 3727 1008 serius

2028 1047 2203 1101 quam
2235 1032 2521 1087 deberem.
2547 1034 2688 1088 Cum
2713 1035 2868 1089 enim
2890 1052 3076 1107 nuper
3104 1036 3165 1091 in
3196 1054 3332 1109 agro
3363 1056 3614 1094 essemus
3638 1041 3726 1094 Li-

2029 1120 2230 1189 guriaa,
2262 1121 2441 1175 nostri
2476 1122 2562 1175 illi
2595 1122 2984 1179 adolescentes
3015 1126 3114 1196 qui
3144 1129 3279 1180 tunc
3316 1143 3536 1182 mecum
3567 1132 3728 1183 erant

2029 1209 2351 1265 studiorum
2383 1227 2619 1265 suorum
2654 1212 2856 1281 gratia,
2890 1212 3415 1271 animadverterunt
3442 1217 3607 1271 humi
3639 1218 3727 1287 ja-

2028 1300 2218 1351 centes
2252 1298 2311 1351 in
2358 1314 2533 1369 opaco
2582 1300 2722 1367 loco,
2768 1304 3089 1370 reptantem
3128 1302 3426 1357 bestiolam
3458 1305 3727 1375 multipe-

2030 1384 2182 1451 dem,
2202 1385 2441 1454 longum
2463 1386 2586 1440 dico
2603 1388 2910 1457 quemdam
2930 1389 3305 1445 vermiculum
3331 1407 3343 1445 :
3370 1393 3540 1461 vulgo
3561 1398 3728 1447 notus

2030 1478 2136 1540 est,
2167 1475 2274 1529 hoc
2304 1478 2499 1530 tamen
2529 1476 2683 1547 quod
2724 1477 2911 1531 dicam
2940 1494 3237 1549 nunquam
3270 1478 3332 1532 in
3362 1496 3429 1533 eo
3462 1486 3728 1551 expertus

2030 1577 2205 1617 eram.
2240 1564 2411 1617 Verso
2444 1581 2694 1636 namque
2726 1566 2853 1620 stilo
2894 1582 3067 1637 quem
3114 1567 3260 1621 forte
3292 1567 3537 1623 habebat
3578 1586 3728 1625 unus

2028 1648 2281 1718 illorum,
2313 1651 2526 1706 animal
2548 1652 2803 1707 medium
2832 1654 3113 1724 percussit
3138 1671 3151 1710 :
3186 1659 3307 1709 tum
3331 1656 3514 1711 ambze
3537 1663 3726 1728 partes

2029 1740 2281 1809 corporis
2298 1740 2368 1794 ab
2390 1740 2487 1795 illo
2509 1742 2741 1796 vulnere
2766 1742 2825 1795 in
2846 1742 3131 1796 contraria
3152 1743 3544 1812 discesserunt,
3569 1750 3728 1801 tanta

2028 1827 2242 1897 pedum
2272 1828 2577 1895 celeritate,
2606 1843 2669 1883 ac
2687 1828 2868 1883 nihilo
2895 1828 3266 1886 imbecilliore
3294 1832 3445 1898 nisu,
3478 1849 3651 1903 quam
3681 1834 3729 1887 si

2029 1916 2142 1971 duo
2172 1916 2571 1987 hujuscemodi
2600 1916 2913 1972 animantia
2940 1917 3141 1973 forent.
3173 1920 3295 1984 Quo
3326 1920 3600 1977 miraculo
3631 1938 3726 1977 ex-

2031 2004 2235 2071 territi,
2265 2021 2564 2076 causaeque
2586 2005 2813 2072 curiosi,
2832 2006 2901 2060 ad
2921 2023 3044 2075 nos,
3066 2008 3167 2062 ubi
3198 2007 3369 2063 simul
3386 2026 3493 2080 ego
3515 2014 3570 2064 et
3593 2011 3726 2083 Aly-

2029 2092 2161 2163 pius
2197 2093 2647 2161 considebamus,
2692 2094 2953 2149 alacriter
2982 2094 3229 2150 viventia
3267 2097 3445 2151 frusta
3493 2098 3591 2153 illa
3628 2099 3728 2154 de-

2030 2183 2304 2237 tulerunt.
2358 2184 2551 2254 Neque
2598 2200 2701 2237 nos
2742 2200 2947 2256 parum
2980 2186 3271 2253 commoti,
3304 2201 3371 2241 ea
3407 2202 3633 2242 currere
3666 2189 3727 2242 in

2032 2270 2225 2325 tabula
2265 2287 2724 2342 quaquaversum
2769 2277 3054 2343 poterant,
3101 2274 3511 2330 cernebamus:
3554 2280 3727 2347 atque

2031 2375 2212 2413 unum
2241 2358 2496 2430 ipsorum
2524 2360 2652 2414 stilo
2683 2364 2919 2430 tactum,
2950 2364 3364 2433 contorquebat
3388 2380 3445 2418 se
3466 2365 3538 2419 ad
3567 2364 3727 2419 dolo-

2032 2447 2108 2501 ris
2130 2448 2340 2513 locum,
2360 2448 2504 2501 nihil
2525 2448 2800 2503 sentiente
2823 2449 2955 2517 alio,
2986 2466 3049 2505 ac
3071 2467 3201 2505 suos
3222 2452 3357 2506 alibi
3378 2456 3568 2507 motus
3597 2469 3725 2524 per-

2031 2541 2257 2608 agente.
2282 2536 2427 2600 Quid
2446 2537 2613 2607 plura
2631 2539 2659 2591 ?
2680 2538 3065 2605 Tentavimus,
3089 2544 3371 2609 quatenus
3400 2540 3459 2596 id
3486 2542 3724 2608 valeret;

2033 2628 2202 2696 atque
2222 2624 2618 2687 vermiculum,
2643 2625 2759 2680 imo
2774 2626 2895 2697 jam
2922 2626 3257 2681 vermiculos
3286 2629 3346 2682 in
3369 2629 3579 2684 multas
3594 2646 3726 2700 par-

2032 2718 2118 2768 tes
2137 2713 2492 2769 concidimus
2512 2730 2525 2769 :
2558 2713 2637 2769 ita
2654 2730 2853 2769 omnes
2872 2716 3267 2784 movebantur.
3296 2721 3360 2772 ut
3380 2717 3490 2772 nisi
3506 2734 3540 2772 a
3559 2718 3725 2773 nobis

2032 2802 2197 2857 illum
2226 2803 2443 2857 factum
2480 2808 2646 2867 esset,
2677 2807 2733 2858 et
2761 2808 3159 2875 comparerent
3188 2805 3427 2860 vulnera
3457 2806 3726 2869 recentia,

2033 2892 2274 2947 totidem
2302 2891 2430 2946 illos
2460 2891 2771 2963 separatim
2792 2896 2970 2959 natos,
2996 2909 3061 2948 ac
3079 2893 3187 2949 sibi
3215 2909 3503 2966 quemque
3525 2893 3727 2950 vixisse

2034 2980 2414 3035 crederemus.

2106 3071 2193 3123 63.
2227 3068 2337 3123 Sed
2358 3072 2495 3123 tunc
2515 3084 2622 3140 ego
2640 3068 2796 3140 quod
2816 3068 2929 3124 illis
2952 3069 3404 3125 adolescentibus
3428 3070 3564 3138 dixi,
3582 3070 3727 3143 Icum
3754 3052 3759 3059 κ

2033 3156 2240 3212 intenti
2270 3173 2361 3211 me
2390 3156 2774 3226 intuerentur,
2805 3158 2910 3214 tibi
2940 3174 3092 3214 nunc
3122 3159 3309 3215 dicere
3338 3176 3575 3215 vereor:
3602 3161 3725 3233 jam

2034 3246 2189 3301 enim
2212 3250 2434 3301 tantum
2456 3247 2860 3318 processimus,
2874 3251 2939 3303 ut
2955 3247 3063 3302 nisi
3077 3248 3181 3303 tibi
3200 3248 3366 3304 aliter
3382 3250 3726 3321 respondero

2034 3335 2187 3407 quod
2208 3335 2523 3391 secundum
2540 3352 2727 3391 meam
2740 3351 2968 3391 causam
2989 3336 3545 3407 probabilitervalet,
3567 3342 3728 3394 tanta

2034 3429 2228 3479 nostra
2248 3424 2491 3479 intentio
2518 3441 2622 3495 per
2640 3430 2757 3480 tam
2778 3425 3019 3495 longum
3041 3425 3264 3481 munita
3288 3442 3633 3493 sermonem,
3655 3428 3726 3482 ab

2032 3528 2151 3567 uno
2176 3512 2485 3567 vermiculo
2500 3517 2800 3583 penetrata
2819 3512 3181 3568 succubiusse
3200 3513 3617 3583 videatur.;Illis
3633 3530 3729 3569 au-

2033 3605 2151 3655 tem
2173 3616 2581 3671 prmceperam,
2618 3606 2677 3655 ut
2706 3602 2767 3655 in
2788 3601 3006 3668 studiis,
3037 3601 3201 3656 sicuti
3224 3606 3534 3673 coeperant,
3561 3619 3727 3657 suum

2034 3706 2264 3744 cursum
2302 3692 2594 3758 tenerent;
2647 3689 2727 3743 ita
2774 3706 2869 3744 eos
2900 3690 3281 3760 opportunius
3318 3689 3626 3761 aliquando
3657 3692 3728 3745 ad

2035 3778 2347 3849 qumrenda
2372 3781 2427 3831 et
2464 3776 2735 3831 discenda
2760 3777 2887 3841 ista,
2921 3777 2969 3830 si
2997 3792 3089 3831 res
3116 3780 3394 3845 moneret,
3427 3794 3548 3832 esse
3590 3795 3727 3833 ven-

2034 3870 2212 3919 turos.
2244 3864 2353 3919 Sed
2385 3881 2513 3935 qua}
2538 3864 2650 3919 illis
2676 3864 3096 3919 discedentibus
3125 3880 3255 3919 cum
3283 3866 3486 3937 Alypio
3518 3882 3730 3920 sermo-

2035 3954 2255 4008 cinatus
2293 3970 2441 4020 sum,
2488 3969 2617 4007 cum
2656 3956 2893 4023 uterque
2923 3957 3184 4007 nostrum
3224 3969 3328 4023 pro
3360 3970 3461 4007 suo
3489 3954 3731 4025 quisque

2034 4041 2679 4096 modulorecordaretur
2708 4044 2763 4095 et
2792 4041 3134 4111 conjectaret
3162 4044 3219 4095 et
3244 4046 3545 4112 quaereret,
3568 4042 3618 4095 si
3634 4059 3729 4096 ex-

2034 4146 2250 4199 ponere
2292 4129 2497 4196 velim;
2520 4131 2692 4200 longe
2713 4129 2878 4200 plura
2907 4128 3075 4183 nobis
3105 4129 3345 4183 dicenda
3373 4132 3525 4195 sunt,
3559 4145 3732 4200 quam

2035 4218 2105 4272 ab
2136 4216 2260 4288 ipso
2299 4216 2583 4288 principio
2618 4217 2786 4270 tantis
2817 4217 3152 4287 ambagibus
3182 4220 3355 4287 atque
3386 4216 3734 4270 anfractibus

2038 4306 2188 4360 dicta
2216 4309 2385 4358 sunt:
2439 4321 2554 4358 non
2600 4305 2754 4374 apud
2796 4309 2849 4358 te
2889 4310 3083 4359 tamen
3111 4304 3307 4359 tacebo
3340 4304 3492 4374 quod
3524 4304 3730 4359 sentio.

2040 4393 2156 4449 Nisi
2189 4392 2334 4446 mihi
2367 4397 2503 4446 tunc
2536 4392 2715 4446 multa
2736 4393 2859 4464 jam
2895 4397 3031 4447 nota
3062 4396 3249 4446 essent
3273 4392 3341 4446 de
3372 4406 3631 4461 corpore,
3665 4391 3735 4445 de

2040 4481 2226 4553 specie
2247 4497 2377 4553 quae
2405 4480 2554 4535 inest
2574 4481 2820 4552 corpori,
2847 4482 2915 4536 de
2942 4482 3086 4547 loco,
3111 4481 3180 4535 de
3206 4484 3484 4550 tempore,
3512 4480 3580 4534 de
3609 4496 3735 4534 mo-

2040 4575 2121 4638 tu,
2148 4586 2277 4641 quae
2305 4569 2670 4624 subtilissime
2698 4574 2865 4641 atque
2887 4567 3306 4623 abstrusissime
3329 4572 3563 4638 propter
3590 4569 3739 4623 hanc

2040 4659 2222 4729 ipsam
2263 4658 2637 4729 quaestionem
2680 4658 3072 4723 disseruntur;
3104 4656 3173 4710 ad
3211 4655 3456 4711 dandam
3486 4658 3737 4727 palmam

2041 4746 2132 4814 iis,
2161 4746 2260 4817 qui
2287 4763 2491 4818 corpus
2521 4764 2641 4801 esse
2671 4745 2923 4799 animam
2953 4745 3169 4810 dicunt,
3203 4744 3568 4800 declinarem.
3598 4746 3742 4810 Qua-

2042 4839 2275 4907 propter
2302 4839 2378 4901 te,
2411 4839 2476 4891 ut
2503 4850 2754 4906 possum,
2787 4832 2958 4888 etiam
2997 4837 3168 4905 atque
3202 4833 3374 4888 etiam
3403 4850 3633 4900 moneo,
3669 4849 3741 4887 ne

2043 4928 2259 4979 temere
2292 4928 2389 4978 aut
2434 4922 2494 4977 in
2535 4923 2708 4977 libros
2738 4925 2836 4976 aut
2872 4921 2932 4976 in
2962 4922 3377 4993 disputationes
3406 4920 3739 4994 loquacissi-

2045 5029 2273 5067 morum
2304 5012 2627 5079 hominum,
2670 5010 3031 5083 nimiumque
3062 5010 3321 5066 sensibus
3367 5010 3457 5065 his
3486 5008 3742 5081 corporis

2048 5100 2405 5155 credentium
2449 5104 2504 5154 te
2551 5098 2896 5170 praecipites,
2938 5100 3118 5154 donec
3147 5098 3395 5170 corrigas
3434 5097 3743 5167 ﬁrmesque

2051 5189 2307 5260 vestigia,
2339 5205 2467 5259 quae
2499 5202 2676 5258 usque
2702 5188 2771 5241 ad
2794 5187 2983 5258 ipsum
3006 5190 3187 5243 Deum
3212 5187 3462 5242 animam
3493 5185 3741 5240 ducunt:

2051 5293 2122 5331 ne
2148 5277 2218 5331 ab
2247 5275 2344 5330 illo
2372 5274 2750 5329 secretissimo
2778 5280 2834 5329 et
2858 5276 3327 5348 tranquillissime
3352 5274 3559 5329 mentis
3588 5273 3748 5327 habi-

2051 5364 2257 5426 taculo,
2291 5380 2323 5417 a
2368 5379 2483 5433 quo
2528 5378 2699 5428 nunc,
2730 5363 2865 5418 dum
2906 5364 3028 5418 base
3057 5364 3273 5429 incolit,
3303 5360 3609 5432 peregrina
3639 5366 3745 5428 est,

2054 5452 2259 5507 studiis
2286 5450 2506 5506 facilius
2535 5455 2591 5506 et
2633 5451 2945 5519 laboribus,
2979 5468 3153 5524 quam
3181 5449 3387 5505 inertia
3419 5448 3748 5522 desidiaque

2057 5545 2245 5597 averta
2254 5541 2347 5594 ris.
