4098 6182
246 224 380 276 1073

236 348 463 417 tempus
493 344 784 400 dividitur.
812 345 880 400 Ut
898 342 1053 399 enim
1074 344 1415 400 vermiculus
1441 345 1537 401 ille
1559 346 1688 418 plus
1716 347 1827 403 loci
1846 351 1927 403 to-

236 439 347 503 tus,
380 450 552 505 quam
583 451 717 504 pars
743 434 865 506 ejus
884 434 1223 504 occupabat;
1252 434 1331 489 ita
1360 435 1633 507 majorem
1654 437 1930 508 temporis

235 540 457 578 moram
490 527 666 590 tenet,
699 539 830 576 cum
864 522 1085 577 Lucifer
1113 522 1336 590 dicitur,
1372 540 1544 594 quam
1575 525 1619 579 si
1653 526 1782 579 Luci
1811 530 1931 580 tan-

235 611 537 667 tummodo
567 611 874 666 diceretur.
906 612 1090 675 Quare
1122 611 1168 664 si
1208 611 1316 666 hoc
1347 612 1764 683 signiﬁcatione
1794 614 1930 668 vivit

233 700 295 755 in
329 717 395 754 ea
426 699 809 754 diminutione
832 699 1124 770 temporis,
1144 716 1273 771 qua:
1299 700 1475 755 diviso
1496 701 1593 754 illo
1625 718 1763 755 sono
1784 701 1931 756 facta

234 793 339 849 est,
370 804 500 842 cum
534 788 734 842 eadem
765 787 1105 858 signiﬁcatio
1140 788 1320 842 divisa
1350 804 1466 842 non
1502 789 1572 842 sit
1603 789 1741 858 (non
1774 790 1929 844 enim

233 877 359 948 ipsa
386 892 491 947 per
516 880 745 947 tempus
777 876 1227 946 distendebatur,
1255 877 1352 931 sed
1380 877 1569 945 sonus)
1592 895 1604 944 ;
1635 877 1714 932 ita
1745 878 1932 932 existi-

234 965 513 1019 mandum
545 969 649 1030 est,
683 967 832 1018 secto
876 964 1170 1018 vermiculi
1210 980 1470 1035 corpore,
1502 982 1830 1037 quanquam
1869 967 1932 1022 in

236 1053 462 1107 minore
494 1053 616 1106 loco
657 1068 787 1123 pars
825 1068 892 1106 eo
934 1053 1056 1123 ipso
1085 1069 1197 1124 quo
1226 1070 1357 1124 pars
1392 1058 1513 1107 erat
1548 1054 1783 1123 viveret,
1816 1072 1931 1110 non

236 1141 472 1197 omnino
520 1140 771 1195 animam
805 1146 1036 1208 sectam,
1069 1157 1172 1195 nec
1215 1142 1339 1196 loco
1381 1142 1601 1197 minore
1644 1143 1930 1199 minorem

235 1248 356 1286 esse
400 1231 627 1296 factam,
670 1230 805 1283 licet
835 1229 1044 1301 integri
1088 1230 1395 1284 animantis
1443 1232 1699 1285 membra
1735 1232 1930 1287 omnia

232 1335 338 1391 per
376 1319 653 1388 majorem
693 1319 882 1372 locum
920 1322 1182 1389 porrecta
1221 1318 1386 1372 simul
1430 1319 1766 1388 possederit.
1803 1321 1929 1374 Non

232 1407 386 1462 enim
410 1408 596 1461 locum
630 1406 772 1476 ipsa,
793 1406 887 1460 sed
913 1422 1118 1477 corpus
1140 1407 1293 1477 quod
1318 1407 1386 1460 ab
1410 1407 1607 1461 eadem
1630 1407 1924 1477 agebatur,

230 1496 463 1551 tenebat
496 1513 509 1550 :
543 1496 689 1549 sicut
716 1496 812 1549 illa
849 1495 1191 1565 signiﬁcatio
1224 1512 1339 1549 non
1376 1495 1619 1549 distenta
1650 1512 1753 1566 per
1783 1500 1926 1551 tem-

226 1602 360 1656 pus,
415 1600 613 1638 omnes
657 1588 849 1638 tamen
896 1583 1145 1637 nominis
1192 1583 1408 1638 litteras
1456 1600 1586 1637 suas
1627 1600 1816 1638 moras
1864 1602 1927 1640 ac

228 1679 498 1744 tempora
524 1673 899 1744 possidentes,
924 1672 1077 1726 velut
1098 1671 1449 1726 animaverat
1477 1677 1647 1743 atque
1672 1674 1923 1744 comple-

225 1766 409 1817 verat.
446 1764 558 1816 Hac
602 1760 974 1815 similitudine
1024 1760 1251 1815 interim
1302 1765 1606 1815 contentus
1652 1761 1728 1815 sis
1765 1767 1921 1833 peto,

228 1868 347 1923 qua
377 1856 430 1905 te
461 1851 642 1904 sentio
676 1850 1043 1904 delectatum.
1074 1850 1210 1913 Qua:
1240 1853 1429 1903 autem
1457 1849 1823 1905 subtilissime
1856 1852 1923 1906 de

225 1942 339 1995 hoc
371 1939 646 2010 disputari
678 1942 928 2009 possunt,
951 1938 1029 1992 ita
1058 1943 1119 1992 ut
1146 1955 1262 1992 non
1294 1937 1761 1993 similitudinibus
1794 1955 1923 2010 quae

224 2030 572 2101 plerumque
620 2028 845 2094 fallunt,
892 2028 987 2081 sed
1033 2028 1202 2081 rebus
1241 2026 1377 2098 ipsis
1424 2027 1558 2081 satis
1588 2027 1706 2093 ﬁat,
1738 2044 1811 2082 ne
1863 2028 1923 2084 in

222 2117 532 2190 praesentia
576 2120 861 2186 exspectes
896 2132 910 2170 :
956 2132 1090 2171 nam
1138 2120 1194 2170 et
1238 2116 1663 2171 concludendus
1693 2121 1777 2171 est
1806 2122 1923 2171 tam

222 2209 436 2278 longus
466 2222 675 2274 sermo,
699 2210 756 2259 et
777 2205 969 2259 multis
999 2204 1124 2258 aliis
1157 2221 1284 2276 quae
1315 2205 1419 2259 tibi
1444 2206 1666 2272 desunt,
1697 2205 1923 2260 animus

224 2296 298 2350 ad
336 2297 459 2349 haec
498 2295 771 2349 intuenda
809 2298 866 2348 et
905 2293 1255 2364 dispicienda
1290 2294 1684 2364 prmcolendus
1725 2298 1825 2359 est,
1859 2297 1923 2349 ut

219 2383 408 2454 possis
424 2384 742 2453 intelligere
758 2381 1356 2453 liquidissime,utrum
1368 2382 1523 2452 quod
1537 2381 1920 2453 aquibusdam

222 2473 573 2528 doctissimis
600 2472 733 2526 viris
759 2473 985 2538 dicitur,
1019 2473 1096 2526 ita
1127 2488 1246 2526 sese
1275 2473 1499 2535 habeat,
1532 2472 1785 2527 animam
1816 2489 1920 2543 per

216 2562 302 2615 sei
311 2579 470 2631 psam
484 2562 641 2616 nullo
654 2562 847 2629 modo,
863 2562 961 2615 sed
975 2566 1163 2615 tamen
1181 2578 1282 2632 per
1302 2578 1506 2632 corpus
1517 2578 1678 2632 posse
1696 2561 1914 2633 partiri.

296 2654 383 2707 69.
432 2652 590 2705 Nunc
632 2650 819 2721 accipe
864 2667 897 2703 a
940 2666 1053 2717 me,
1105 2650 1150 2703 si
1190 2650 1365 2719 voles,
1404 2650 1493 2704 vel
1531 2650 1721 2721 potius
1758 2666 1916 2704 reco-

218 2754 433 2810 gnosce
466 2756 566 2810 per
593 2755 706 2803 me,
742 2742 957 2809 quanta
987 2738 1058 2791 sit
1096 2737 1306 2801 anima,
1339 2754 1454 2791 non
1500 2738 1682 2809 spatio
1713 2737 1821 2791 loci
1855 2753 1919 2791 ac

208 2827 520 2897 temporis,
554 2828 652 2880 sed
682 2826 737 2879 vi
775 2842 839 2879 ac
874 2826 1133 2897 potentia
1162 2846 1177 2880 :
1211 2843 1340 2880 nam
1386 2827 1465 2880 ita
1504 2826 1546 2879 si
1578 2825 1914 2891 meministi,

212 2915 581 2985 propositum
613 2931 677 2968 ac
704 2914 1069 2969 distributum
1095 2914 1315 2986 jamdiu
1356 2914 1521 2969 nobis
1552 2918 1658 2969 est.
1701 2916 1777 2969 De
1807 2931 1915 2968 nu-

218 3018 384 3055 mero
422 3020 553 3056 vero
595 3003 935 3066 animarum,
968 3002 1158 3057 nescio
1195 3003 1335 3074 quid
1377 3003 1479 3057 tibi
1516 3004 1913 3074 respondeam,

212 3108 349 3146 cum
382 3091 489 3146 hoc
524 3092 595 3146 ad
636 3091 802 3146 istam
846 3092 1223 3163 quaestionem
1258 3091 1544 3162 pertinere
1582 3091 1867 3163 putaveris
1898 3107 1912 3146 :

214 3179 386 3233 citius
432 3180 585 3233 enim
631 3179 869 3234 dixerim
914 3195 1031 3233 non
1071 3196 1190 3232 esse
1240 3180 1476 3234 omnino
1516 3180 1915 3250 quaerendum,

215 3272 320 3323 aut
351 3273 500 3323 certe
532 3268 637 3322 tibi
667 3284 819 3323 nunc
847 3268 1246 3335 differendum,
1278 3284 1450 3339 quam
1488 3269 1575 3323 vel
1609 3284 1917 3323 numerum

215 3374 283 3411 ac
323 3357 756 3411 multitudinem
798 3373 917 3410 non
962 3357 1246 3427 pertinere
1289 3358 1359 3411 ad
1393 3357 1788 3427 quantitatem,
1829 3358 1917 3411 vel

214 3451 337 3499 tam
370 3445 685 3500 involutam
719 3444 1097 3516 quaestionem
1126 3446 1293 3500 modo
1317 3462 1350 3500 a
1382 3462 1471 3500 me
1502 3446 1606 3500 tibi
1635 3462 1799 3517 posse
1829 3462 1917 3500 ex-

216 3535 420 3606 pediri.
456 3535 511 3590 Si
545 3535 699 3589 enim
730 3535 926 3589 dixero
957 3551 1129 3588 unam
1158 3550 1276 3589 esse
1306 3534 1579 3604 animam,
1606 3534 1915 3589 conturba-

214 3623 392 3689 beris,
428 3624 583 3695 quod
613 3624 671 3677 in
703 3624 881 3677 altero
914 3623 1077 3677 beata
1110 3626 1215 3689 est,
1246 3622 1307 3675 in
1336 3622 1513 3676 altero
1542 3622 1781 3691 misera;
1812 3638 1917 3676 nec

213 3730 336 3768 una
366 3729 454 3766 res
481 3712 648 3767 simul
678 3716 733 3767 et
758 3712 922 3767 beata
952 3716 1006 3766 et
1034 3711 1241 3766 misera
1272 3714 1459 3781 potest
1488 3728 1625 3765 esse.
1651 3712 1709 3766 Si
1740 3727 1917 3765 unam

216 3802 391 3855 simul
422 3806 477 3855 et
506 3802 716 3855 multas
748 3801 930 3855 dicam
964 3817 1106 3868 esse,
1137 3799 1379 3862 ridebis;
1410 3816 1515 3854 nec
1554 3799 1695 3854 mihi
1731 3800 1915 3869 facile,

217 3891 374 3945 unde
403 3893 566 3944 tuum
608 3889 788 3943 risum
827 3889 1221 3960 comprimam,
1259 3889 1530 3959 suppetit.
1570 3888 1668 3943 Sin
1707 3889 1917 3943 multas

214 3979 619 4035 tantummodo
652 3994 773 4032 esse
823 3978 1040 4044 dixero,
1081 3978 1203 4049 ipse
1239 3995 1330 4033 me
1359 3978 1578 4045 ridebo,
1611 3978 1916 4050 minusque

218 4083 316 4123 me
339 4066 479 4121 mihi
499 4067 915 4137 displicentem,
939 4048 1111 4137 quam
1134 4067 1259 4137 tibi,
1279 4048 1581 4137 perferam.
1606 4067 1755 4121 Audi
1778 4048 1914 4137 ergo

216 4155 376 4227 quod
407 4170 473 4208 ex
501 4170 593 4207 me
624 4155 767 4208 bene
788 4158 842 4207 te
870 4154 1067 4208 audire
1088 4170 1253 4224 posse
1274 4154 1581 4224 polliceor;
1612 4154 1763 4224 quod
1784 4170 1916 4208 vero

216 4246 321 4298 aut
352 4242 649 4308 ambobus,
682 4247 779 4295 aut
803 4242 963 4295 alteri
994 4247 1254 4296 nostrum
1282 4242 1361 4295 ita
1385 4258 1690 4321 onerosum
1721 4246 1821 4309 est,
1856 4246 1919 4296 ut

216 4332 458 4387 fortasse
480 4331 789 4401 opprimat,
815 4348 886 4385 ne
908 4331 1095 4385 subire
1122 4334 1221 4386 aut
1242 4331 1537 4401 imponere
1552 4331 1706 4384 velis.
1729 4334 1793 4385 E.
1815 4330 1916 4384 Ce-

219 4422 295 4476 do
319 4436 567 4491 prorsus,
592 4420 812 4490 etquod
834 4418 937 4473 tibi
952 4424 1334 4489 congruenter
1355 4434 1575 4472 mecum
1594 4418 1919 4489 videturagi

220 4524 411 4581 posse,
446 4512 725 4579 quantum
755 4509 940 4562 valeat
967 4508 1178 4573 anima,
1203 4510 1462 4577 exspecto
1491 4510 1550 4561 ut
1578 4522 1843 4577 exponas.

223 4614 456 4670 CAPUT
497 4614 723 4669 XXXIII.
758 4645 825 4653 ——
870 4615 965 4669 Vis
1006 4616 1199 4667 animae
1242 4615 1301 4667 in
1346 4628 1580 4682 corpore,
1622 4614 1680 4666 in
1716 4614 1915 4682 seipse,

293 4706 343 4756 et
378 4703 529 4771 apud
560 4706 744 4769 Deum,
770 4707 965 4771 septem
992 4703 1108 4771 ejus
1134 4702 1529 4768 magnitudinis
1552 4701 1758 4771 gradus
1788 4717 1920 4756 con-

295 4795 497 4848 stituti.

746 4863 949 4911 Primus
977 4862 1170 4927 gradus
1199 4862 1407 4911 animai.

291 4954 386 5007 '70.
412 4954 490 5005 A.
514 4951 557 5005 Ο
580 4951 801 5006 utinam
820 4951 1207 5007 doctissimum
1230 4951 1502 5022 aliquem,
1522 4967 1705 5022 neque
1727 4950 1779 5005 id
1805 4955 1923 5005 tan-

220 5045 370 5105 tum,
388 5041 485 5093 sed
507 5040 677 5093 etiam
692 5040 1243 5111 eloquentissimum,
1262 5044 1317 5093 et
1331 5040 1565 5094 omnino
1582 5038 1925 5110 sapientissi-

219 5144 404 5190 mum,
419 5128 854 5199 perfectumque
866 5129 1161 5183 hominem
1179 5129 1247 5182 de
1262 5128 1369 5183 hoc
1381 5128 1549 5182 ambo
1568 5127 1924 5197 interrogare

218 5215 552 5287 possemus!
589 5217 845 5280 Quonam
877 5217 974 5271 ille
1011 5217 1178 5271 modo
1209 5217 1345 5287 quid
1376 5216 1569 5270 anima
1598 5216 1653 5269 in
1688 5231 1923 5286 corpore

219 5306 465 5373 valeret,
480 5304 615 5375 quid
630 5305 691 5358 in
712 5306 917 5376 seipsa,
934 5305 1071 5375 quid
1088 5305 1239 5374 apud
1254 5307 1430 5358 Deum
1444 5305 1534 5358 cui
1550 5303 1925 5358 mundissima

215 5393 481 5465 proxima
492 5398 578 5448 est
590 5399 640 5448 et
656 5394 713 5448 in
728 5411 842 5466 quo
857 5394 1026 5447 habet
1039 5409 1327 5446 summum
1344 5399 1512 5464 atque
1527 5410 1695 5446 omne
1709 5393 1922 5447 bonum

224 5499 416 5550 suum,
451 5483 689 5537 dicendo
722 5500 784 5537 ac
816 5481 1155 5553 disputando
1186 5482 1516 5553 explicaret!
1547 5483 1703 5536 Nunc
1730 5486 1918 5536 autem

1753 225 1965 281 LIBER
2007 227 2101 283 UN
2110 226 2209 284 US.

3603 238 3738 292 1074

2038 366 2167 404 cum
2190 349 2333 405 mihi
2354 350 2423 406 ad
2444 349 2590 406 hanc
2610 367 2732 406 rem
2749 352 2893 409 desit
2909 354 3076 425 alius,
3090 354 3271 411 audeo
3292 359 3484 411 tamen
3502 356 3605 413 tibi
3619 376 3738 417 non

2038 439 2231 493 deesse
2265 456 2278 494 :
2312 441 2409 495 sed
2439 441 2547 496 hoc
2576 443 2853 497 mercedis
2883 447 2985 513 est,
3018 445 3173 517 quod
3202 445 3363 512 dum,
3389 446 3527 517 quid
3554 448 3739 502 valeat

2039 527 2251 595 anima,
2283 528 2545 584 indoctus
2585 530 2857 600 expedio;
2894 533 3033 603 quid
3070 534 3191 605 ipse
3229 536 3472 602 valeam,
3504 552 3736 591 securus

2039 616 2321 685 experior.
2356 618 2418 670 In
2450 616 2654 688 primis
2684 623 2878 673 tamen
2920 622 3024 675 tibi
3068 628 3359 693 amputem
3398 624 3736 679 latissimam

2040 704 2347 773 quamdam
2369 709 2426 759 et
2444 706 2730 761 inﬁnitam
2755 709 3258 779 exspectationem,
3281 727 3353 765 ne
3374 729 3464 766 me
3486 713 3555 768 de
3577 714 3736 769 omni

2039 792 2232 847 anima
2259 793 2544 849 dicturum
2567 801 2756 865 putes,
2780 796 2880 850 sed
2908 802 3131 851 tantum
3163 799 3231 853 de
3263 799 3535 867 humana,
3560 819 3736 872 quam

2040 882 2220 937 solam
2250 898 2447 938 curare
2480 884 2773 952 debemus,
2804 885 2850 938 si
2873 886 3300 958 nobismetipsis
3330 903 3481 942 curm
3514 906 3730 945 sumus.

2041 973 2170 1026 Haec
2205 972 2387 1043 igitur
2427 976 2637 1045 primo,
2671 977 2825 1047 quod
2864 977 3042 1031 cuivis
3080 978 3534 1034 animadvertere
3570 981 3735 1035 facile

2040 1064 2140 1127 est,
2166 1078 2374 1133 corpus
2395 1063 2503 1117 hoc
2524 1068 2819 1119 terrenum
2838 1069 3009 1136 atque
3030 1068 3271 1121 mortale
3305 1068 3608 1137 praesentia
3635 1084 3737 1122 sua
3760 1084 3773 1138 ί

2038 1149 2309 1218 viviﬁcat;
2344 1152 2563 1221 colligit
2590 1153 2652 1207 in
2700 1169 2901 1222 unum,
2935 1158 3104 1224 atque
3151 1155 3211 1209 in
3257 1172 3373 1209 uno
3412 1160 3586 1219 tenet,
3627 1156 3736 1211 dif-

2038 1237 2217 1293 ﬁuere
2262 1244 2434 1310 atque
2482 1241 2880 1296 contabescere
2927 1258 3044 1295 non
3092 1243 3266 1310 sinit;
3314 1243 3587 1299 alimenta
3634 1262 3736 1317 per

2036 1328 2295 1382 membra
2324 1329 2641 1399 aequaliter,
2674 1330 2789 1383 suis
2826 1330 3033 1401 cuique
3067 1332 3323 1399 redditis,
3358 1332 3621 1387 distribui
3650 1333 3733 1387 fa-

2036 1418 2144 1484 cit;
2191 1419 2631 1489 congruentiam
2675 1420 2798 1489 ejus
2852 1420 3205 1490 modumque
3256 1424 3573 1488 conservat,
3616 1437 3735 1475 non

2036 1508 2261 1560 tantum
2282 1506 2342 1560 in
2361 1506 2811 1576 pulchritudine,
2836 1508 2931 1561 sed
2954 1506 3125 1561 etiam
3156 1507 3219 1560 in
3239 1509 3541 1562 crescendo
3564 1512 3734 1579 atque

2034 1594 2342 1665 gignendo.
2376 1595 2481 1650 Sed
2529 1595 2652 1649 haec
2684 1596 2856 1649 etiam
2884 1594 3108 1649 homini
3138 1611 3269 1649 cum
3300 1595 3550 1649 arbustis
3578 1612 3735 1651 com-

2034 1682 2232 1737 munia
2259 1683 2441 1738 videri
2479 1688 2697 1755 queunt
2740 1685 2907 1738 :hazc
2953 1683 3108 1737 enim
3152 1684 3326 1738 etiam
3370 1683 3612 1738 dicimus
3649 1684 3731 1738 vi-

2032 1785 2188 1837 vere,
2222 1771 2281 1825 in
2311 1788 2413 1826 suo
2449 1788 2583 1827 vero
2622 1772 2875 1843 quidque
2914 1772 3150 1826 illorum
3197 1788 3407 1842 genere
3437 1773 3731 1843 custodiri,

2033 1859 2127 1927 ali,
2162 1876 2436 1927 crescere,
2468 1861 2706 1932 gignere
2738 1861 2997 1916 videmus
3026 1865 3196 1932 atque
3219 1861 3493 1918 fatemur.

2514 1958 2789 2007 Secundus
2815 1958 3009 2021 gradus
3040 1958 3249 2007 animae.

2103 2041 2191 2091 7|.
2224 2038 2479 2092 Ascende
2516 2038 2709 2109 itaque
2747 2039 2991 2092 alterum
3022 2038 3284 2108 gradum,
3334 2040 3389 2092 et
3430 2036 3558 2093 vide
3590 2038 3729 2110 quid

2030 2124 2211 2195 possit
2239 2126 2433 2181 anima
2461 2125 2523 2181 in
2554 2126 2835 2193 sensibus,
2868 2126 2969 2181 ubi
2998 2125 3316 2180 evidentior
3345 2126 3732 2181 manifestior-

2031 2231 2143 2286 que
2173 2214 2286 2269 vita
2324 2215 2683 2284 intelligitur.
2720 2217 2849 2270 Non
2893 2214 3048 2270 enim
3087 2215 3373 2270 audienda
3415 2220 3500 2269 est
3537 2215 3729 2271 nescio

2031 2319 2161 2374 quae
2209 2302 2474 2374 impietas
2514 2303 2584 2374 (α)
2625 2303 2915 2358 rusticana
2965 2304 3146 2374 plane,
3198 2303 3495 2374 magisque
3539 2302 3731 2373 lignea

2031 2408 2203 2463 quam
2250 2395 2381 2445 sunt
2409 2392 2550 2461 ipsa:
2589 2392 2822 2446 arbores
2871 2391 3079 2463 quibus
3123 2391 3537 2461 pratrociuium
3578 2407 3727 2462 pra:-

2027 2480 2145 2545 bet,
2178 2497 2305 2551 qua:
2333 2480 2524 2534 dolere
2551 2481 2724 2535 vitem
2758 2480 2988 2551 quando
3018 2496 3128 2533 uva
3159 2479 3502 2550 decerpitur,
3525 2483 3582 2534 et
3610 2496 3725 2535 non

2029 2569 2214 2623 solum
2246 2568 2459 2623 sentire
2490 2569 2597 2622 ista
2619 2585 2750 2623 cum
2780 2569 3099 2635 caeduntur,
3118 2568 3216 2621 sed
3239 2567 3413 2623 etiam
3437 2567 3628 2623 videre
3650 2572 3731 2623 at-

2029 2674 2139 2728 que
2171 2657 2367 2712 audire
2396 2657 2575 2712 credit
2614 2673 2627 2711 :
2666 2658 2733 2711 de
2773 2674 2887 2727 quo
2923 2673 3116 2711 errore
3145 2657 3418 2727 sacrilego
3456 2657 3601 2711 alius
3644 2661 3732 2712 est

2028 2746 2342 2801 disserendi
2370 2747 2547 2801 locus.
2570 2746 2730 2800 Nunc
2750 2741 2903 2817 quod
2932 2744 3313 2812 institueram,
3331 2744 3565 2799 intende
3595 2761 3726 2816 quae

2027 2834 2100 2889 sit
2121 2834 2205 2888 vis
2233 2833 2439 2888 anima:
2470 2833 2528 2888 in
2560 2834 2840 2900 sensibus,
2874 2837 3043 2904 atque
3081 2831 3142 2885 in
3176 2832 3302 2902 ipso
3340 2836 3500 2886 motu
3538 2832 3724 2887 mani-

2024 2919 2272 2974 festioris
2310 2919 2643 2989 animantis,
2675 2933 2922 2990 quorum
2961 2916 3126 2972 nobis
3155 2933 3285 2971 cum
3312 2916 3381 2971 iis
3414 2934 3542 2988 qum
3572 2917 3726 2972 radi-

2027 3007 2187 3063 cibus
2213 3007 2324 3061 ﬁxa
2350 3012 2503 3074 sunt,
2540 3008 2699 3062 nulla
2726 3010 2913 3078 potest
2942 3022 3063 3061 esse
3095 3006 3444 3061 communio.
3478 3006 3729 3061 Intendit

2028 3113 2085 3151 se
2115 3096 2307 3150 anima
2339 3096 2398 3149 in
2426 3099 2663 3162 tactum,
2710 3100 2765 3150 et
2795 3111 2861 3150 eo
2891 3095 3094 3162 calida,
3125 3094 3356 3165 frigida,
3389 3110 3607 3166 aspera,
3642 3096 3724 3149 le-

2025 3183 2143 3250 nia,
2175 3184 2338 3247 dura,
2372 3182 2587 3251 mollia,
2620 3182 2786 3252 levia,
2808 3182 3004 3252 gravia
3034 3182 3206 3237 sentit
3234 3187 3405 3253 atque
3436 3182 3721 3237 discernit.

2029 3272 2243 3327 Deinde
2271 3272 2724 3327 innumerabiles
2756 3271 3105 3327 differentias
3135 3287 3423 3342 saporum,
3456 3271 3723 3341 odorum,

2027 3378 2322 3430 sonorum,
2351 3362 2695 3427 formarum,
2727 3361 3036 3431 gustando,
3069 3352 3405 3425 olfaciendo,
3440 3358 3722 3414 audiendo

2027 3449 2385 3519 videndoque
2420 3447 2715 3519 dijudicat.
2748 3450 2934 3517 Atque
2973 3447 3032 3500 in
3078 3445 3145 3499 iis
3185 3445 3451 3499 omnibus
3495 3461 3561 3499 ea
3590 3462 3723 3516 quae

2027 3537 2343 3591 secundum
2371 3541 2637 3590 naturam
2684 3534 2771 3589 sui
2802 3534 3055 3605 corporis
3082 3538 3234 3601 sunt,
3267 3532 3521 3586 adsciscit
3552 3536 3721 3603 atque

2028 3625 2275 3696 appetit;
2308 3624 2495 3694 rejicit
2524 3624 2787 3694 fugitque
2818 3621 3120 3676 contraria.
3146 3623 3420 3675 Removet
3449 3636 3507 3673 se
3537 3621 3606 3673 ab
3635 3620 3724 3674 his

2029 3714 2286 3769 sensibus
2318 3717 2471 3767 certo
2503 3712 2803 3766 intervallo
2832 3714 3177 3781 temporum,
3210 3713 3267 3764 et
3304 3725 3501 3764 eorum
3532 3714 3724 3765 motus

2029 3803 2191 3875 quasi
2230 3818 2335 3873 per
2374 3802 2649 3872 quasdam
2678 3800 2849 3854 ferias
2880 3815 3175 3869 reparans,
3212 3798 3493 3869 imagines
3530 3814 3723 3853 rerum

2027 3908 2168 3964 quas
2196 3907 2300 3962 per
2328 3907 2425 3944 eos
2456 3889 2667 3959 hausit,
2698 3904 2887 3943 secum
2935 3886 3266 3942 catervatim
3307 3891 3364 3942 et
3392 3887 3725 3958 multiplici-

2024 3986 2112 4036 ter
2138 3982 2344 4046 versat,
2378 3982 2434 4032 et
2466 3978 2573 4032 hoc
2603 3981 2791 4031 totum
2820 3981 2904 4031 est
2932 3991 3170 4030 somnus
3198 3980 3255 4030 et
3286 3974 3527 4030 somnia.
3562 3975 3724 4048 Saepe

2026 4068 2196 4123 etiam
2228 4066 2527 4138 gestiendo
2570 4082 2633 4119 ac
2669 4065 2928 4135 vagando
2957 4064 3231 4119 facilitate
3262 4067 3450 4118 motus
3480 4063 3725 4118 delecta-

2024 4160 2138 4223 tur,
2172 4160 2228 4209 et
2260 4154 2382 4209 sine
2412 4154 2606 4208 labore
2638 4154 2866 4207 ordinat
2896 4152 3292 4207 membrorum
3325 4150 3724 4218 concordiam;

2025 4261 2128 4316 pro
2162 4242 2523 4312 copulatione
2553 4258 2718 4296 sexus
2748 4242 2867 4313 agit
2898 4242 3050 4312 quod
3087 4244 3292 4311 potest,
3325 4243 3497 4310 atque
3528 4238 3587 4291 in
3618 4239 3723 4293 du-

2025 4331 2159 4403 plici
2200 4334 2426 4397 natura,
2469 4330 2735 4384 societate
2781 4335 2951 4401 atque
3000 4345 3194 4384 amore
3237 4328 3475 4382 molitur
3518 4343 3721 4381 unum.

2027 4420 2256 4475 Fetibus
2283 4435 2400 4473 non
2421 4420 2540 4489 jam
2560 4419 2866 4490 gignendis
2888 4417 3306 4487 tantummodo,
3329 4415 3426 4470 sed
3453 4415 3624 4469 etiam
3646 4416 3728 4470 fo-

2027 4508 2247 4575 vendis,
2294 4508 2523 4562 tuendis
2579 4508 2916 4579 alendisque
2972 4506 3279 4576 conspirat.
3333 4503 3521 4559 Rebus
3573 4503 3725 4558 inter

2028 4614 2167 4670 quas
2193 4613 2399 4667 corpus
2427 4596 2565 4667 agit,
2598 4600 2654 4652 et
2682 4597 2889 4668 quibus
2916 4610 3122 4664 corpus
3153 4594 3452 4657 sustentat,
3483 4606 3723 4645 consue-

2027 4686 2225 4741 tudine
2253 4701 2374 4739 sese
2396 4685 2654 4752 innectit,
2676 4690 2732 4739 et
2763 4684 2832 4739 ab
2860 4684 2942 4737 eis
2972 4680 3135 4753 quasi
3167 4679 3440 4736 membris
3460 4695 3612 4751 aegre
3638 4695 3726 4733 se-

2027 4779 2264 4846 paratur
2288 4791 2300 4828 :
2328 4790 2457 4845 quae
2489 4771 2918 4827 consuetudinis
2946 4771 3030 4823 vis
3059 4768 3230 4823 etiam
3257 4768 3609 4841 sejunctione
3637 4783 3724 4822 re-

2030 4879 2159 4918 rum
2189 4862 2446 4933 ipsarum
2489 4867 2660 4932 atque
2691 4859 2991 4913 intervallo
3021 4857 3299 4929 temporis
3329 4873 3444 4912 non
3474 4856 3723 4919 discissa,

2032 4952 2311 5007 memoria
2341 4954 2591 5005 vocatur.
2627 4949 2737 5004 Sed
2777 4949 2900 5003 haac
2931 4963 3127 5002 rursus
3165 4945 3358 5002 omnia
3402 4962 3565 5019 posse
3605 4943 3727 5000 ani-

2032 5057 2186 5096 mam
2218 5040 2390 5096 etiam
2421 5039 2481 5093 in
2508 5037 2707 5092 bestiis
2735 5052 2904 5090 nemo
2934 5038 3125 5106 negat.

2550 5134 2755 5183 Tertius
2786 5133 2978 5196 gradus
3003 5133 3214 5182 animm.

2100 5220 2189 5271 '72.
2225 5218 2371 5286 Ergo
2406 5214 2667 5268 attollere
2700 5213 2761 5267 in
2798 5214 3034 5268 tertium
3068 5213 3332 5284 gradum,
3373 5208 3471 5281 qui
3495 5208 3616 5280 jam
3647 5212 3732 5261 est

2032 5304 2257 5360 homini
2284 5302 2577 5374 proprius,
2612 5308 2670 5357 et
2699 5302 2884 5374 cogita
2913 5303 3249 5357 memoriam
3280 5315 3397 5353 non
3425 5301 3728 5351 consuetu-

2034 5393 2166 5448 dine
2223 5391 2582 5458 inclitarum,
2646 5392 2745 5446 sed
2796 5390 3286 5446 animadversione
3339 5390 3507 5456 atque
3554 5383 3731 5455 signis

2092 5490 2163 5552 (η)
2195 5489 2601 5538 Manichaeorum
2632 5502 2791 5539 error.
