4098 6182
439 238 571 290 1075

433 361 965 418 commendaturum
1005 375 1068 415 ac
1108 364 1456 415 retentarum
1495 376 1688 415 rerum
1731 359 2127 414 innumerabi-

433 445 594 515 lium,
620 448 707 500 tot
749 448 897 500 artes
926 444 1216 516 opiﬁcum,
1249 461 1518 516 agrorum
1548 446 1751 513 cultus,
1794 445 2128 500 exstructio-

437 551 538 590 nes
591 533 844 601 urbium,
893 533 1182 588 variorum
1234 534 1608 588 aediﬁciorum
1656 551 1718 588 ac
1765 534 2128 588 moliminum

437 622 780 677 multimoda
838 622 1144 689 miracula;
1187 622 1543 676 inventiones
1591 627 1675 677 tot
1723 623 2017 694 signorum
2069 623 2131 676 in

439 711 662 773 litteris,
694 710 754 764 in
787 708 990 776 verbis,
1033 709 1092 762 in
1131 714 1314 780 gestu,
1356 710 1416 764 in
1459 711 1844 781 cujuscemodi
1883 727 2043 778 sono,
2071 710 2131 765 in

440 800 675 874 picturis
701 803 868 870 atque
898 799 1213 869 ﬁgmentis;
1247 805 1332 855 tot
1361 802 1621 871 gentium
1652 801 1897 873 linguas,
1929 805 2014 856 tot
2042 801 2131 856 in-

439 889 655 956 stituta,
686 891 771 942 tot
798 903 962 954 nova,
986 891 1072 941 tot
1095 886 1441 956 instaurata;
1466 893 1690 944 tantum
1720 890 1997 944 librorum
2024 905 2130 944 nu-

438 993 683 1044 merum,
706 979 762 1031 et
780 975 1167 1046 cujuscemodi
1190 983 1698 1032 monumentorum
1722 979 1789 1033 ad
1814 977 2134 1033 custodien-

439 1065 570 1120 dam
609 1066 968 1131 memoriam,
1001 1068 1335 1137 tantamque
1366 1082 1559 1121 curam
1597 1066 1970 1138 posteritatis;
2005 1066 2133 1122 ofﬁ-

437 1153 673 1222 ciorum,
699 1157 1062 1225 potestatum,
1087 1154 1372 1208 honorum
1394 1153 1855 1225 dignitatumque
1885 1154 2131 1221 ordines,

438 1242 554 1297 sive
587 1241 648 1297 in
692 1241 945 1309 familiis,
979 1242 1096 1297 sive
1141 1242 1297 1298 domi
1341 1242 1679 1314 militiaque
1723 1243 1783 1298 in
1821 1243 2132 1314 republica,

439 1330 554 1386 sive
574 1331 636 1385 in
660 1329 932 1402 profanis,
953 1329 1067 1384 sive
1087 1331 1145 1384 in
1177 1330 1348 1385 sacris
1379 1331 1775 1403 apparatibus;
1806 1331 1921 1386 vim
1951 1331 2136 1385 ratio-

439 1419 670 1474 cinandi
699 1423 754 1474 et
783 1418 1165 1490 excogitandi,
1197 1419 1400 1474 ﬂuvios
1426 1421 1792 1491 eloquentia,
1817 1419 2136 1474 carminum

441 1509 760 1576 varietates,
796 1507 1032 1562 ludendi
1075 1523 1138 1561 ac
1173 1507 1405 1578 jocandi
1442 1524 1610 1563 causa
1651 1509 2024 1563 milleformes
2061 1508 2135 1562 si-

444 1596 806 1666 mulationes,
836 1596 1169 1651 modulandi
1193 1596 1476 1667 peritiam,
1500 1597 1837 1652 dimetiendi
1861 1596 2137 1650 subtilita-

442 1689 580 1752 tem,
608 1684 949 1739 numerandi
971 1683 1354 1756 disciplinam,
1382 1686 1806 1756 prateritorum
1835 1701 1898 1739 ac
1918 1685 2138 1740 futuro-

443 1789 571 1827 rum
585 1787 648 1827 ex
660 1789 880 1844 praesen
888 1772 1037 1827 tibus
1049 1773 1456 1844 conjecturam.
1473 1776 1672 1845 Magna
1691 1775 1813 1829 hac
1833 1777 1889 1827 et
1902 1772 2136 1828 omnino

442 1863 709 1917 humana.
746 1861 856 1917 Sed
885 1865 970 1916 est
998 1862 1182 1917 adhuc
1206 1863 1314 1917 ista
1333 1862 1546 1933 partim
1569 1862 1746 1918 doctis
1775 1867 1947 1934 atque
1968 1862 2136 1915 indo-

443 1949 566 2019 ctis,
597 1950 804 2022 partim
833 1950 994 2005 bonis
1023 1967 1088 2006 ac
1116 1951 1279 2005 malis
1304 1951 1511 2006 animis
1536 1952 1699 2023 copia
1722 1950 2063 2007 communis.

938 2045 1167 2103 Quartus
1201 2045 1395 2110 gradus
1429 2047 1640 2096 anima.

509 2128 602 2181 73.
641 2125 872 2196 Suspice
919 2126 1098 2197 igitur
1138 2131 1310 2197 atque
1348 2126 1506 2181 insili
1553 2130 1758 2197 quarto
1801 2125 2024 2197 gradui,
2071 2140 2140 2180 ex

444 2229 558 2284 quo
588 2213 814 2269 bonitas
841 2213 1058 2285 incipit,
1092 2217 1264 2286 atque
1293 2217 1484 2269 omnis
1518 2230 1652 2269 vera
1694 2214 1969 2269 laudatio.
2001 2213 2140 2268 Hinc

444 2302 600 2356 enim
629 2302 822 2357 anima
851 2319 910 2357 se
939 2318 1059 2356 non
1087 2304 1270 2356 solum
1302 2319 1428 2372 suo,
1451 2303 1497 2357 si
1530 2319 1704 2374 quam
1737 2302 1988 2358 universi
2013 2319 2141 2373 par-

444 2394 562 2444 tem
590 2390 730 2460 agit,
762 2391 857 2444 sed
889 2388 999 2460 ipsi
1029 2389 1200 2445 etiam
1231 2390 1499 2446 universo
1529 2391 1758 2461 corpori
1787 2391 1957 2446 audet
1986 2407 2136 2460 pra-

443 2493 681 2550 ponere,
715 2477 978 2548 bonaque
1025 2479 1147 2549 ejus
1185 2479 1336 2533 bona
1380 2495 1483 2534 sua
1531 2495 1647 2534 non
1695 2484 1918 2549 putare,
1966 2484 2137 2552 atque

441 2565 717 2638 potentia
747 2566 1280 2638 pulchritudinique
1313 2583 1429 2621 sua
1458 2572 1790 2638 comparata
1817 2567 2139 2623 discernere

445 2659 616 2727 atque
644 2660 1011 2710 contemnere
1044 2671 1056 2710 :
1089 2659 1145 2709 et
1172 2656 1305 2710 inde
1335 2671 1450 2726 quo
1484 2655 1668 2727 magis
1699 2670 1759 2710 se
1788 2656 2049 2725 delectat,
2071 2672 2138 2711 eo

444 2744 626 2815 magis
654 2759 776 2799 sese
806 2742 1135 2798 abstrahere
1173 2760 1207 2798 a
1249 2743 1535 2810 sordibus,
1573 2747 1870 2814 totamque
1911 2758 2138 2798 emacu-

445 2833 563 2887 lare
592 2846 658 2886 ac
701 2830 1140 2886 mundissimam
1170 2831 1406 2886 reddere
1442 2835 1497 2886 et
1535 2831 2015 2903 comptissimam;
2047 2848 2140 2886 ro-

444 2921 649 2976 borare
679 2936 738 2976 se
767 2920 1036 2975 adversus
1069 2920 1283 2988 omnia,
1315 2935 1446 2992 qua
1481 2920 1552 2975 de
1589 2920 1883 2990 proposito
1915 2935 1978 2974 ac
2011 2935 2140 2975 sen-

443 3009 623 3064 tentia
677 3009 965 3064 dimovere
1015 3008 1376 3075 moliuntur;
1438 3007 1770 3063 societatem
1825 3008 2140 3063 humanam

445 3097 642 3168 magni
667 3097 942 3168 pendere,
973 3097 1234 3168 nihilque
1272 3096 1415 3152 velle
1443 3097 1610 3151 alteri
1650 3096 1807 3167 quod
1847 3096 1956 3151 sibi
1997 3095 2143 3150 nolit

445 3185 726 3252 accidere;
751 3184 912 3255 sequi
944 3185 1341 3239 auctoritatem
1370 3200 1434 3238 ac
1461 3188 1745 3256 pracepta
1771 3183 2140 3254 sapientium,

446 3278 502 3328 et
528 3288 633 3344 per
658 3273 782 3328 hac
811 3272 966 3344 loqui
991 3273 1098 3328 sibi
1125 3274 1307 3328 Deum
1334 3273 1584 3328 credere.
1618 3273 1684 3326 In
1713 3272 1820 3326 hoc
1848 3277 1966 3326 tam
1996 3287 2142 3343 pra-

445 3362 596 3416 claro
629 3365 758 3416 actu
791 3361 997 3415 anima
1039 3360 1189 3416 inest
1219 3361 1406 3415 adhuc
1437 3361 1615 3429 labor,
1649 3364 1707 3415 et
1741 3364 1939 3414 contra
1967 3360 2142 3429 hujus

447 3450 650 3506 mundi
678 3450 966 3505 molestias
991 3453 1162 3522 atque
1195 3448 1497 3504 blanditias
1525 3463 1770 3519 magnus
1801 3447 2141 3502 acerrimus-

446 3556 558 3612 que
584 3539 898 3595 conﬂictus.
932 3540 997 3594 In
1025 3538 1149 3612 ipso
1181 3537 1333 3592 enim
1365 3536 1723 3608 purgationis
1752 3535 1984 3608 negotio
2015 3536 2144 3590 sub-

445 3631 746 3705 est_metus
785 3628 986 3684 mortis
1033 3643 1182 3698 saepe
1227 3643 1346 3681 non
1387 3642 1651 3698 magnus,
1687 3641 1838 3696 sape
1884 3640 2015 3678 vero
2045 3641 2143 3680 ve-

445 3717 910 3773 hementissimus
963 3733 978 3772 :
1028 3733 1148 3771 non
1205 3731 1446 3787 magnus
1493 3719 1616 3769 tum
1673 3730 1804 3768 cum
1861 3713 2144 3768 robustis-

449 3805 589 3860 sime
619 3806 872 3860 creditur
894 3807 1051 3875 (nam
1078 3805 1270 3859 videre
1310 3805 1417 3858 hoc
1445 3807 1641 3858 utrum
1671 3802 1742 3857 sit
1772 3818 1998 3871 verum,
2026 3817 2145 3856 non

447 3893 561 3948 nisi
589 3897 951 3964 perpurgata
994 3892 1203 3946 anima
1250 3891 1396 3959 licet)
1445 3895 1605 3944 tanta
1653 3890 1753 3945 Dei
1790 3890 2146 3962 providentia

443 3980 781 4054 justitiaque
811 3979 1117 4051 gubernari
1147 3979 1358 4043 omnia,
1389 3981 1453 4033 ut
1481 3977 1624 4032 nulli
1652 3993 1806 4032 mors
1835 3977 2032 4050 inique
2060 3995 2147 4033 ac-

452 4070 638 4125 cidere
663 4066 862 4141 possit,
890 4067 1116 4122 etiamsi
1147 4081 1274 4120 eam
1301 4066 1446 4120 forte
1471 4064 1706 4136 iniquus
1731 4064 2006 4119 intulerit.
2041 4065 2144 4119 Ve-

451 4160 752 4215 hementer
776 4161 968 4212 autem
999 4155 1344 4210 formidatur
1371 4169 1527 4208 mors
1555 4153 1617 4208 in
1645 4153 1753 4208 hoc
1780 4153 1902 4224 jam
1940 4153 2142 4224 gradu,

450 4263 581 4303 cum
624 4251 682 4303 et
727 4245 871 4301 illud
917 4261 984 4299 eo
1031 4242 1281 4298 creditur
1327 4240 1636 4307 inﬁrmius,
1682 4256 1797 4312 quo
1847 4239 2146 4295 sollicitius

453 4335 761 4409 quaritur;
788 4339 844 4390 et
867 4350 934 4389 eo
963 4332 1088 4404 ipso
1118 4331 1309 4387 minus
1337 4331 1582 4401 videtur,
1615 4346 1728 4401 quo
1759 4329 2146 4401 tranquillitas

451 4428 688 4497 propter
720 4428 941 4478 metum
978 4421 1172 4476 minor
1221 4424 1324 4486 est,
1364 4417 1775 4489 investigandis
1815 4417 2147 4472 obscurissi-

451 4513 560 4568 mis
585 4513 756 4568 rebus
782 4509 1222 4584 pernecessaria.
1252 4508 1465 4563 Deinde
1496 4523 1610 4578 quo
1639 4507 1822 4578 magis
1850 4507 2147 4578 magisque

453 4602 629 4657 sentit
658 4601 870 4672 anima,
898 4617 964 4656 eo
995 4601 1117 4672 ipso
1160 4614 1274 4670 quo
1316 4596 1561 4669 proﬁcit,
1604 4601 1885 4668 quantum
1926 4596 2149 4651 intersit

455 4691 605 4744 inter
631 4706 836 4760 puram
881 4694 938 4745 et
977 4688 1453 4754 contaminatam;
1480 4702 1546 4740 eo
1595 4685 1778 4757 magis
1823 4686 2006 4753 timet,
2051 4702 2145 4753 ne,

455 4778 709 4848 deposito
750 4778 857 4833 isto
895 4793 1151 4848 corpore,
1195 4776 1386 4830 minus
1420 4791 1548 4830 eam
1587 4773 1765 4846 possit
1795 4775 1942 4828 Deus
1973 4790 2150 4846 quam

455 4865 645 4936 seipsa
669 4865 815 4920 ferre
843 4865 1146 4936 pollutam.
1173 4864 1326 4919 Nihil
1359 4867 1552 4918 autem
1573 4861 1865 4918 difﬁcilius
1889 4878 2063 4933 quam
2093 4866 2152 4917 et

454 4959 714 5011 metuere
743 4958 990 5010 mortem
1018 4951 1061 5021 ί,
1095 4957 1153 5008 et
1179 4953 1250 5008 ab
1281 4951 1562 5007 illecebris
1592 4951 1766 5023 hujus
1793 4951 2016 5018 mundi,
2049 4952 2152 5006 sic-

455 5050 522 5100 ut
540 5043 794 5116 pericula
811 5041 935 5114 ipsa
955 5041 1266 5112 postulant,
1285 5044 1628 5111 temperare.
1654 5041 1832 5094 Tanta
1853 5044 1938 5095 est
1957 5044 2151 5094 tamen

457 5133 669 5200 anima,
699 5135 764 5186 ut
809 5130 981 5185 etiam
1021 5129 1130 5183 hoc
1175 5128 1360 5200 possit
1404 5128 1709 5200 adjuvante
1755 5144 1888 5182 sane
1929 5128 2150 5199 justitia

457 5220 670 5277 summi
699 5223 756 5275 et
782 5218 904 5274 veri
935 5217 1051 5280 Dei,
1075 5233 1188 5289 qua
1216 5217 1338 5272 hac
1365 5217 1700 5272 universitas
1727 5221 2074 5272 sustentatur
2093 5222 2152 5274 et

458 5311 679 5382 regitur
693 5325 706 5376 ;
721 5325 836 5381 qua
847 5307 1024 5362 etiam
1043 5307 1255 5361 factum
1275 5310 1380 5374 est,
1397 5311 1459 5361 ut
1476 5323 1596 5361 non
1616 5307 1785 5361 modo
1806 5305 1920 5361 sint
1931 5307 2144 5372 omnia,

458 5401 559 5456 sed
587 5400 666 5455 ita
690 5398 826 5467 sint,
856 5400 922 5454 ut
950 5395 1184 5452 omnino
1215 5395 1419 5450 melius
1457 5412 1577 5450 esse
1622 5411 1738 5449 non
1773 5395 2009 5466 possint.
2045 5395 2150 5450 Cui

520 5500 536 5534 ¹
558 5497 643 5550 Er.
659 5499 713 5548 et
722 5509 861 5548 unus
873 5509 901 5549 e
918 5495 1113 5548 nostris
1131 5495 1251 5545 Mss.
1262 5535 1276 5563 ,
1296 5505 1452 5558 quam
1470 5497 1640 5545 etnon
1656 5495 1888 5546 metuere
1898 5495 2144 5545 mortem.

1474 238 1568 291 DE
1605 237 2064 303 QUANTITATE
2104 235 2377 304 ΑΝΙΜιἘ,
2421 238 2474 291 S.
2519 235 2897 293 AUGUSTINI
3762 250 3860 302 1076

2236 377 2355 416 sese
2387 361 2448 416 in
2477 377 2648 432 opere
2680 364 2796 415 tam
2830 357 3049 416 difﬁcili
3078 361 3472 417 mundationis
3509 381 3618 420 sua
3643 368 3862 439 adjuvan-

2239 449 2370 504 dam
2399 454 2455 504 et
2483 449 2892 522 perﬁciendam
2912 448 3168 519 piissime
3188 450 3575 524 tutissimeque
3594 457 3861 513 committit.

2734 546 2963 604 Quintus
2997 544 3192 608 gradus
3226 547 3436 603 anima.

2308 629 2396 684 74.
2427 627 2585 693 Quod
2628 643 2760 681 cum
2806 626 3073 680 effectum
3102 625 3229 693 erit,
3261 626 3319 681 id
3349 633 3450 696 est,
3488 644 3610 684 cum
3645 630 3793 687 fuerit
3814 636 3864 689 ab

2241 715 2398 770 omni
2424 716 2549 771 tabe
2579 715 2770 769 anima
2795 714 2974 768 libera
3002 714 3356 786 maculisque
3377 716 3572 784 diluta,
3594 723 3704 774 tum
3727 738 3775 775 se
3799 723 3867 776 de-

2239 803 2416 874 nique
2442 803 2502 857 in
2533 802 2720 874 seipsa
2749 801 3036 856 latissime
3079 805 3255 868 tenet,
3305 819 3406 856 nec
3435 805 3656 859 omnino
3698 807 3863 878 aliquid

2243 891 2449 946 metuit
2475 890 2582 946 sibi
2613 894 2714 945 aut
2741 890 2862 944 ulla
2889 905 2991 943 sua
3019 905 3188 944 causa
3216 890 3526 962 quidquam
3553 892 3771 963 angitur.
3798 895 3864 949 Est

2243 996 2379 1052 ergo
2405 980 2510 1034 iste
2529 979 2765 1052 quintus
2782 979 2992 1050 gradus
3021 995 3034 1034 :
3058 978 3215 1034 aliud
3231 983 3318 1034 est
3336 979 3487 1034 enim
3507 981 3729 1048 efﬁcere,
3748 982 3864 1037 aliud

2241 1073 2436 1124 tenere
2465 1069 2806 1140 puritatem;
2839 1071 2896 1122 et
2923 1067 3036 1122 alia
3064 1084 3300 1138 prorsus
3329 1068 3476 1122 actio
3505 1085 3613 1140 qua
3639 1085 3692 1124 se
3718 1069 3865 1141 inqui-

2241 1163 2437 1213 natam
2458 1157 2829 1228 redintegrat,
2862 1156 2974 1211 alia
3001 1172 3114 1227 qua
3143 1172 3262 1210 non
3293 1156 3506 1227 patitur
3533 1173 3588 1211 se
3617 1173 3783 1211 rursus
3803 1159 3864 1212 in-

2245 1247 2491 1319 quinari.
2519 1247 2581 1300 In
2599 1246 2708 1300 hoc
2729 1245 2912 1317 gradu
2939 1243 3305 1298 omnifariam
3325 1243 3570 1314 concipit
3585 1248 3772 1315 quanta
3786 1243 3863 1297 sit:

2244 1336 2396 1408 quod
2426 1351 2556 1389 cum
2599 1333 2944 1404 conceperit,
2977 1337 3113 1387 tunc
3159 1347 3290 1386 vero
3342 1331 3561 1403 ingenti
3587 1333 3796 1402 quadam
3830 1338 3869 1385 et

2242 1421 2562 1478 incredibili
2582 1421 2788 1476 ﬁducia
2810 1421 3001 1492 pergit
3022 1420 3081 1474 in
3105 1421 3309 1486 Deum,
3331 1420 3387 1473 id
3410 1419 3583 1486 est,in
3603 1420 3762 1491 ipsam
3774 1434 3868 1473 con-

2244 1507 2677 1578 templationem
2701 1507 2972 1574 veritatis,
2995 1510 3051 1562 et
3077 1506 3242 1574 illud,
3270 1511 3506 1577 propter
3531 1507 3671 1577 quod
3694 1510 3867 1560 tantum

2246 1597 2570 1652 laboratum
2589 1600 2690 1664 est,
2718 1595 3055 1651 altissimum
3077 1599 3131 1650 et
3152 1595 3587 1649 secretissimum
3604 1594 3852 1666 praemium

2767 1691 2958 1741 Sextus
2983 1691 3177 1754 gradus
3202 1691 3414 1740 anima.
3491 1705 3496 1712 ·

2314 1775 2406 1826 ‘75.
2433 1772 2541 1827 Sed
2569 1772 2691 1827 hac
2717 1773 2885 1840 actio,
2918 1771 2976 1826 id
3014 1776 3117 1838 est,
3149 1771 3450 1842 appetitio,
3480 1769 3800 1840 intelligendi
3824 1785 3870 1823 ea

2247 1876 2376 1932 qua
2402 1877 2532 1916 vere
2570 1877 2906 1933 summeque
2939 1865 3092 1926 sunt,
3125 1877 3384 1914 summus
3414 1865 3659 1931 aspectus
3683 1863 3758 1912 est
3779 1858 3869 1911 ani-

2249 1964 2379 2018 ma,
2420 1965 2533 2020 quo
2571 1949 2990 2020 perfectiorem,
3037 1949 3334 2004 meliorem
3374 1949 3759 2018 rectioremque
3787 1961 3870 2000 non

2248 2037 2438 2093 habet.
2470 2039 2670 2092 Sextus
2699 2053 2835 2108 ergo
2867 2037 2975 2092 erit
3004 2037 3110 2092 iste
3139 2038 3354 2108 gradus
3346 2037 3644 2100 actionis:
3671 2035 3795 2090 aliud
3811 2038 3870 2087 est

2249 2126 2404 2181 enim
2432 2126 2699 2181 mundari
2721 2127 2951 2181 oculum
2981 2124 3171 2196 ipsum
3197 2126 3429 2192 anima,
3451 2142 3520 2180 ne
3543 2125 3728 2180 frustra
3751 2127 3794 2176 et
3815 2127 3871 2175 te-

2249 2230 2405 2270 mere
2433 2214 2688 2286 aspiciat,
2722 2218 2779 2269 et
2805 2230 2977 2285 prave
3002 2215 3217 2281 videat;
3253 2214 3412 2268 aliud
3449 2214 3623 2284 ipsam
3648 2209 3869 2266 custodire

2249 2307 2418 2374 atque
2463 2304 2692 2358 ﬁrmare
2731 2303 3063 2371 sanitatem;
3111 2296 3265 2357 aliud
3305 2303 3427 2374 jam
3472 2317 3717 2355 serenum
3747 2304 3868 2368 atque

2248 2395 2468 2446 rectum
2497 2395 2789 2462 aspectum
2817 2391 2875 2445 in
2910 2391 2969 2445 id
2998 2391 3152 2462 quod
3182 2390 3495 2446 videndum
3534 2395 3629 2457 est,
3661 2388 3868 2457 dirigere.

2251 2481 2413 2545 Quod
2442 2480 2541 2552 qui
2569 2480 2729 2551 prius
2758 2480 2958 2534 volunt
2977 2479 3162 2534 facere
3185 2495 3364 2551 quam
3390 2478 3640 2534 mundati
3665 2483 3712 2531 et
3735 2474 3870 2529 sanati

2248 2567 2481 2633 fuerint,
2515 2568 2594 2622 ita
2620 2567 2719 2622 illa
2763 2568 2889 2622 luce
2931 2567 3374 2623 reverberantur
3419 2567 3676 2632 veritatis,
3705 2569 3754 2618 ut
3789 2577 3870 2615 non

2249 2656 2436 2710 solum
2463 2655 2610 2710 nihil
2637 2655 2791 2722 boni,
2817 2655 2916 2710 sed
2942 2655 3115 2710 etiam
3143 2655 3282 2710 mali
3307 2656 3617 2726 plurimum
3644 2655 3697 2708 in
3721 2669 3774 2707 ea
3797 2667 3870 2720 pu-

2249 2748 2372 2798 tent
2399 2761 2541 2813 esse,
2571 2748 2741 2815 atque
2773 2744 2842 2798 ab
2873 2760 2941 2799 ea
2975 2759 3189 2798 nomen
3221 2745 3476 2799 veritatis
3514 2743 3810 2814 abjudicent,
3833 2741 3872 2790 et

2251 2848 2381 2886 cum
2410 2832 2659 2903 quadam
2688 2832 2924 2887 libidine
2951 2839 3007 2887 et
3053 2833 3349 2904 voluptate
3399 2830 3688 2888 miserabili
3710 2830 3757 2883 in
3782 2841 3872 2881 suas

2249 2924 2533 2987 tenebras,
2565 2936 2706 2992 quas
2735 2936 2936 2975 eorum
2970 2921 3208 2975 morbus
3245 2921 3370 2992 pati
3413 2925 3610 2993 potest,
3642 2916 3870 2973 medicina:

2251 3009 2652 3064 maledicentes
2679 3009 2986 3080 refugiant.
3031 3009 3187 3064 Unde
3225 3010 3424 3064 divino
3453 3010 3656 3073 afﬂatu,
3685 3011 3731 3062 et
3754 3019 3870 3076 pror-

2252 3114 2348 3152 sus
2372 3097 2793 3152 ordinatissime
2819 3097 2964 3152 illud
2991 3114 3025 3152 a
3052 3098 3344 3168 Propheta
3372 3099 3574 3153 dicitur
3605 3113 3616 3151 :
3646 3097 3730 3152 Cor
3753 3106 3870 3146 mun-

2252 3186 2383 3242 dum
2427 3201 2550 3240 crea
2592 3188 2652 3239 in
2676 3201 2777 3253 me,
2806 3187 2966 3252 Deus,
3006 3190 3057 3241 et
3090 3187 3353 3256 spiritum
3406 3190 3600 3241 rectum
3639 3185 3799 3238 innova
3829 3179 3870 3230 in

2250 3274 2544 3329 visceribus
2574 3276 2705 3328 meis
2735 3274 2906 3344 (Psal.
2938 3290 2978 3339 ι,
3016 3274 3120 3345 t2).
3154 3274 3404 3345 Spiritus
3428 3275 3578 3329 enim
3620 3276 3770 3326 rectus
3791 3270 3866 3330 est,

2251 3362 2443 3430 credo,
2474 3377 2588 3433 quo
2617 3361 2682 3415 ﬁt
2712 3365 2775 3416 ut
2804 3362 2998 3416 anima
3025 3361 3086 3416 in
3113 3362 3355 3417 veritate
3385 3361 3674 3435 quarenda
3699 3355 3868 3412 deviare

2253 3453 2424 3520 atque
2455 3465 2645 3504 errare
2675 3464 2793 3504 non
2833 3448 3032 3520 possit.
3061 3449 3170 3514 Qui
3214 3451 3474 3522 profecto
3504 3451 3561 3504 in
3601 3465 3660 3502 ea
3696 3461 3787 3500 non
3810 3443 3868 3494 in-

2254 3541 2560 3606 stauratur,
2593 3535 2704 3591 nisi
2729 3536 2889 3608 prius
2920 3553 3017 3591 cor
3043 3538 3330 3592 mundum
3354 3539 3544 3606 fuerit,
3573 3537 3670 3591 hoc
3694 3525 3869 3599 est,nisi

2253 3626 2411 3698 prius
2439 3626 2564 3697 ipsa
2587 3625 2855 3697 cogitatio
2888 3625 2958 3680 ab
2987 3625 3145 3680 omni
3169 3627 3482 3698 cupiditate
3507 3643 3568 3680 ac
3593 3626 3712 3679 face
3731 3630 3866 3676 rerum

2253 3715 2582 3771 mortalium
2612 3731 2735 3770 sese
2757 3714 3080 3770 cohibuerit
3106 3720 3162 3770 et
3185 3716 3550 3788 eliquaverit.

2742 3807 3007 3871 Septimus
3039 3809 3236 3872 gradus
3265 3811 3480 3864 anima.

2323 3893 2413 3947 76.
2445 3891 2707 3945 Jamvero
2751 3888 2813 3942 in
2844 3888 2970 3960 ipsa
2997 3888 3215 3944 visione
3254 3895 3431 3962 atque
3479 3880 3866 3957 contemplatione

2253 3975 2527 4042 veritatis,
2561 3973 2662 4046 qui
2700 3973 2974 4045 septimus
3008 3977 3181 4045 atque
3215 3975 3454 4029 ultimus
3505 3974 3693 4029 anima
3718 3963 3868 4040 gradus

2255 4068 2366 4132 est;
2392 4079 2578 4135 neque
2603 4063 2724 4134 jam
2753 4062 2987 4133 gradus,
3008 4062 3107 4117 sed
3135 4063 3405 4133 quadam
3434 4061 3663 4128 mansio,
3683 4051 3866 4129 quoillis

2254 4152 2523 4225 gradibus
2547 4150 2909 4223 pervenitur;
2937 4167 3066 4222 qua
3088 4151 3202 4206 sint
3230 4152 3465 4223 gaudia,
3487 4167 3610 4224 qua
3635 4137 3866 4221 perfructio

2257 4242 2469 4296 summi
2493 4246 2551 4295 et
2581 4241 2699 4294 veri
2726 4239 2882 4308 boni,
2917 4241 3080 4311 cujus
3109 4240 3436 4295 serenitatis
3467 4245 3628 4311 atque
3653 4229 3865 4289 atemita-

2255 4330 2328 4385 tis
2357 4331 2602 4396 afﬂatus,
2641 4329 2781 4401 quid
2810 4344 2916 4400 ego
2945 4328 3170 4383 dicam?
3201 4329 3481 4384 Dixerunt
3513 4331 3626 4383 hac
3659 4324 3866 4396 quantum

2257 4419 2496 4474 dicenda
2525 4434 2644 4473 esse
2669 4418 3086 4490 judicaverunt,
3113 4433 3340 4489 magna
3363 4417 3618 4490 quadam
3646 4418 3693 4467 et
3716 4412 3868 4464 incom-

2256 4508 2540 4579 parabiles
2587 4507 2814 4574 anima,
2859 4521 3002 4577 quas
3035 4506 3210 4561 etiam
3249 4507 3460 4561 vidisse
3505 4521 3566 4560 ac
3606 4501 3761 4556 videre
3795 4493 3867 4546 i518

2257 4597 2562 4652 credimus.
2594 4596 2740 4651 Illud
2763 4596 2934 4667 plane
2964 4611 3070 4666 ego
3096 4611 3248 4649 nunc
3275 4596 3458 4651 audeo
3490 4593 3587 4648 tibi
3613 4591 3868 4648 dicere.“Os

2258 4686 2304 4740 si
2329 4701 2558 4740 cursum
2588 4700 2762 4756 quem
2790 4682 2956 4738 nobis
2984 4685 3131 4738 Deus
3159 4683 3430 4754 imperat,
3463 4689 3518 4737 et
3544 4693 3697 4754 quem
3722 4680 3865 4726 tenen-

2261 4775 2398 4831 dum
2426 4773 2801 4844 suscepimus,
2829 4772 3284 4828 constantissime
3317 4773 3674 4833 tenuerimus,
3695 4769 3870 4835 perven-

2259 4868 2416 4919 turos
2440 4879 2543 4935 per
2569 4863 2850 4918 Virtutem
2877 4861 2978 4917 Dei
3006 4866 3176 4934 atque
3201 4862 3548 4932 Sapientiam
3572 4857 3638 4912 ad
3654 4854 3867 4908 summam

2258 4952 2417 5007 illam
2446 4968 2695 5020 causam,
2736 4953 2824 5006 vel
2867 4967 3157 5006 summum
3187 4957 3499 5016 auctorem,
3529 4947 3608 5000 vel
3647 4943 3866 4996 summa!l1

2259 5041 2607 5112 principium
2636 5056 2830 5094 rerum
2864 5039 3147 5109 omnium,
3181 5041 3266 5094 vel
3297 5039 3345 5093 si
3375 5055 3486 5110 quo
3515 5035 3618 5090 alio
3645 5027 3781 5085 modo
3804 5030 3865 5072 κε

2258 5111 2414 5185 tanta
2453 5129 2860 5199 congruentius
2903 5127 3180 5198 appellari
3209 5131 3396 5198 potest
3440 5144 3454 5180 :
3499 5140 3604 5196 quo
3631 5111 3865 5174 intellecto,

2257 5234 2389 5273 vere
2417 5217 2737 5273 videbimus
2765 5233 2938 5288 quam
2969 5217 3085 5271 sint
3109 5216 3302 5271 omnia
3332 5216 3437 5270 sub
3466 5214 3577 5268 sole
3605 5205 3784 5292 vanitas
3804 5209 3868 5292 t8-

2261 5307 2564 5362 nitautium
2605 5305 2798 5376 (Eccle.
2845 5323 2883 5373 1,
2931 5309 2963 5360 2
2995 5305 3115 5378 [α]).
3147 5304 3376 5359 Vanitas
3413 5303 3561 5358 enim
3587 5302 3662 5353 est
3685 5291 3864 5385 fallam:

2260 5397 2579 5452 vanitantes
2611 5400 2801 5450 autem
2827 5395 2916 5449 vel
2962 5393 3110 5463 falsi,
3156 5393 3243 5448 vel
3290 5393 3563 5455 fallentes,
3594 5385 3672 5441 vel
3696 5383 3864 5444 umque

2323 5493 2389 5554 (η)
2419 5494 2496 5542 Ita
2529 5492 2828 5554 frequenter
2855 5491 2997 5541 citat.
3024 5489 3154 5539 Vide
3186 5493 3204 5539 1
3238 5489 3483 5546 Retract.,
3513 5497 3614 5547 cap.
3637 5483 3678 5534 7,
3702 5489 3743 5524 ιιι
3764 5474 3800 5520 ³·
