4098 6182
217 216 346 266 1077

212 336 633 407 intelliguntur.
680 334 831 390 Licet
858 339 1053 389 tamen
1088 334 1421 406 dignoscere
1448 338 1726 406 quantum
1758 334 1908 389 inter

212 427 352 491 haec,
385 429 443 480 et
470 441 536 479 ea
564 440 693 495 quae
722 440 853 477 vere
884 428 1035 490 sunt,
1072 423 1277 490 distet;
1312 428 1371 478 et
1416 425 1907 494 quemadmodum

209 519 405 569 tamen
434 514 607 568 etiam
628 514 736 567 ista
766 513 959 566 omnia
988 514 1103 566 Deo
1130 518 1357 568 auctore
1387 517 1575 566 creata
1596 514 1727 579 sint,
1760 518 1814 566 et
1848 514 1907 566 in

206 604 443 658 illorum
475 602 904 672 comparatione
930 602 1090 655 nulla
1120 602 1260 667 sint;
1292 618 1396 672 per
1425 618 1483 655 se
1508 608 1700 655 autem
1728 602 1907 655 consi-

206 693 423 759 derata,
458 691 604 744 mira
633 694 802 761 atque
838 690 1093 761 pulchra.
1122 692 1276 744 Tunc
1314 707 1691 759 agnoscemus
1731 707 1902 761 quam

204 797 339 835 vera
363 780 526 834 nobis
556 780 837 833 credenda
868 780 1146 849 imperata
1176 779 1309 844 sint,
1352 794 1642 848 quamque
1689 778 1905 847 optime

206 886 273 924 ac
299 869 674 923 saluberrime
701 870 853 939 apud
884 874 1125 922 matrem
1160 868 1461 922 Ecclesiam
1492 867 1693 921 nutriti
1727 867 1901 920 fueri-

206 975 355 1027 mus,
391 974 588 1029 quasve
637 957 711 1012 sit
762 957 978 1011 utilitas
1014 956 1171 1010 lactis
1218 957 1372 1010 illius
1411 957 1563 1027 quod
1615 957 1904 1025 apostolus

202 1048 413 1101 Paulus
459 1046 712 1117 parvulis
766 1062 822 1099 se
856 1050 1055 1116 potum
1095 1046 1317 1099 dedisse
1360 1045 1685 1115 praedicavit
1718 1046 1757 1112 (l
1781 1045 1898 1099 Cor.

204 1153 286 1199 ιιι,
312 1136 362 1203 2)
389 1152 401 1189 :
432 1135 582 1205 quod
610 1135 944 1188 alimentum
980 1135 1234 1206 accipere
1265 1151 1393 1188 cum
1437 1134 1565 1204 quis
1590 1138 1772 1186 matre
1804 1149 1906 1185 nu-

202 1224 398 1291 tritur,
430 1224 799 1277 utilissimum
832 1228 952 1290 est;
989 1240 1116 1277 cum
1140 1224 1260 1292 jam
1289 1223 1518 1293 grandis
1549 1226 1652 1287 est,
1686 1221 1900 1291 puden-

204 1314 345 1367 dum
368 1330 379 1366 :
405 1328 673 1383 respuere
695 1328 824 1366 cum
853 1328 995 1382 opus
1018 1316 1119 1378 est,
1145 1311 1566 1378 miserandum;
1596 1310 1903 1379 reprehen-

201 1402 340 1456 dere
369 1402 679 1472 aliquando
719 1405 818 1455 aut
847 1401 1049 1467 odisse,
1082 1400 1308 1454 sceleris
1336 1405 1391 1453 et
1414 1398 1757 1469 impietatis:
1787 1402 1900 1451 tra-

200 1495 357 1544 ctare
388 1494 579 1544 autem
609 1506 673 1543 ac
701 1490 1029 1560 dispensare
1051 1489 1369 1555 commode,
1405 1488 1589 1542 laudis
1620 1491 1676 1540 et
1712 1487 1900 1540 chari-

198 1578 336 1633 tatis
365 1577 761 1648 plenissimum
786 1582 895 1634 est.
932 1578 1259 1632 Videbimus
1287 1577 1456 1630 etiam
1488 1582 1708 1631 natura!
1730 1576 1902 1644 hujus

197 1683 494 1737 corporeae
522 1671 707 1720 tantas
732 1666 1206 1720 commutationes
1218 1671 1273 1720 et
1301 1665 1738 1729 vicissitudines,
1764 1665 1901 1717 dum

195 1755 406 1809 divinis
437 1756 659 1826 legibus
690 1756 878 1821 servit,
911 1760 975 1808 ut
1004 1755 1175 1809 etiam
1216 1755 1395 1824 ipsam
1428 1753 1901 1807 resurrectionem

194 1844 407 1903 carnis,
442 1860 570 1915 quae
601 1844 1057 1914 partimtardius,
1085 1843 1295 1913 partim
1327 1842 1563 1896 omnino
1588 1858 1699 1895 non
1719 1842 1899 1895 credi-

192 1937 315 2000 tur,
352 1932 432 1985 ita
476 1936 685 1986 certam
732 1937 1050 1999 teneamus,
1094 1936 1158 1985 ut
1195 1932 1403 1985 certius
1445 1931 1609 1985 nobis
1638 1947 1755 1985 non
1805 1931 1896 1996 sit,

193 2021 402 2086 solem,
436 2037 566 2074 cum
612 2020 897 2081 occiderit.
934 2020 1235 2074 oriturum.
1278 2022 1538 2075 Jamvero
1578 2037 1670 2075 eos
1700 2021 1798 2091 qui
1829 2022 1900 2076 ad

193 2110 529 2181 exemplum
558 2109 757 2163 salutis
774 2112 983 2163 nostrae
1012 2125 1077 2162 ac
1110 2109 1415 2180 primitias,
1449 2126 1481 2163 a
1502 2110 1641 2164 Filio
1669 2110 1769 2165 Dei
1796 2126 1898 2179 po-

190 2198 542 2265 tentissimo,
585 2202 818 2265 aeterno,
848 2197 1304 2252 incommutabili
1332 2204 1654 2269 susceptum
1704 2199 1896 2253 homi-

191 2302 355 2351 nem,
387 2288 768 2358 eumdemque
808 2292 1007 2341 natum
1039 2303 1157 2341 esse
1199 2288 1267 2341 de
1302 2286 1543 2357 virgine,
1580 2292 1899 2358 casteraque

192 2376 376 2446 hujus
418 2376 669 2430 historim
707 2375 981 2429 miracula
1024 2375 1286 2443 irrident,
1338 2375 1416 2428 sic
1445 2380 1897 2444 contemnemus,

191 2468 475 2534 tanquam
502 2481 598 2518 eos
628 2480 856 2535 pueros,
891 2463 990 2534 qui
1018 2480 1147 2518 cum
1176 2464 1452 2533 pictorem
1474 2464 1780 2534 propositis
1810 2468 1897 2517 ta-

192 2551 372 2618 bulis,
401 2568 542 2622 quas
562 2552 877 2620 intueatur,
895 2552 1231 2622 pingentem
1254 2552 1531 2619 viderint;
1552 2568 1671 2605 non
1697 2556 1899 2623 putent

194 2656 368 2711 posse
398 2640 690 2695 hominem
712 2641 895 2711 pingi,
916 2641 1026 2694 nisi
1048 2640 1218 2695 aliam
1242 2640 1545 2711 picturam,
1565 2641 1663 2711 qui
1685 2639 1894 2711 pingit,

193 2729 501 2799 aspexerit.
536 2731 714 2783 Tanta
742 2733 934 2783 autem
967 2728 1027 2782 in
1057 2730 1497 2800 contemplanda
1534 2729 1771 2784 veritate
1798 2746 1895 2783 vo-

191 2818 388 2886 luptas
418 2820 520 2883 est,
553 2821 1013 2889 quantacumque
1044 2834 1110 2871 ex
1141 2822 1301 2888 parte
1335 2834 1462 2871 eam
1492 2819 1734 2889 quisque
1762 2835 1896 2871 con—

193 2906 468 2976 templari
517 2911 718 2976 potest,
769 2910 927 2960 tanta
978 2906 1215 2976 puritas,
1248 2911 1407 2960 tanta
1436 2907 1749 2973 sinceritas,
1780 2912 1896 2961 tam

195 2994 575 3049 indubitanda
603 3011 796 3048 rerum
827 2994 988 3059 fides,
1022 2998 1087 3048 ut
1115 3011 1299 3065 neque
1329 2996 1640 3066 quidquam
1672 3000 1899 3066 printer-

196 3101 269 3141 ea
299 3078 467 3139 Scissa
505 3102 564 3141 se
612 3085 919 3157 aliquando
970 3085 1176 3156 aliquis
1205 3090 1388 3155 putet,
1445 3102 1573 3140 cum
1620 3086 1727 3141 sibi
1757 3086 1898 3140 scire

197 3174 527 3240 videbatur;
559 3179 616 3228 et
641 3191 755 3244 quo
799 3174 989 3227 minus
1028 3174 1375 3244 impediatur
1402 3175 1593 3228 anima
1635 3175 1742 3228 toti
1779 3179 1899 3229 tota

198 3263 485 3317 inhaerere
517 3262 758 3330 veritati,
791 3279 946 3317 mors
976 3278 1104 3333 quae
1135 3268 1303 3318 antea
1331 3264 1714 3327 metuebatur,
1746 3264 1802 3318 id
1817 3270 1900 3319 est

199 3351 275 3405 ab
293 3351 402 3405 hoc
431 3367 663 3421 corpore
693 3351 1025 3405 omnimoda
1044 3352 1180 3421 fuga
1200 3356 1255 3405 et
1278 3351 1511 3422 elapsio,
1544 3369 1648 3422 pro
1674 3369 1897 3407 summo

200 3455 442 3493 munere
466 3439 836 3494 desideretur.

199 3528 431 3583 CAPUT
460 3528 680 3583 XXXIV.
713 3558 782 3567 —
810 3528 1013 3582 Anima
1041 3530 1183 3583 solus
1218 3532 1356 3583 Deus
1408 3530 1615 3599 melior,
1662 3530 1899 3598 adeoque

736 3618 881 3670 solus
911 3618 961 3670 ei
993 3616 1240 3671 colendus
1269 3622 1365 3671 est.

272 3709 364 3759 '77.
398 3704 621 3759 Audisti
659 3708 873 3774 quanta
898 3705 946 3759 is
969 3705 1038 3760 sit
1079 3705 1285 3760 anima:
1312 3722 1376 3760 ac
1400 3706 1687 3777 potentia:
1744 3706 1897 3777 quod

201 3798 269 3849 ut
305 3795 551 3849 breviter
597 3794 883 3865 colligam,
926 3796 1409 3865 quemadmodum
1451 3795 1749 3849 fatendum
1791 3800 1893 3857 est,

198 3883 455 3937 animam
475 3883 787 3938 humanam
816 3900 933 3939 non
973 3900 1095 3938 esse
1128 3884 1285 3954 quod
1318 3885 1465 3938 Deus
1493 3886 1606 3949 est;
1643 3882 1721 3935 ita
1748 3898 1899 3952 pree-

199 3973 568 4039 sumcndum,
602 3972 746 4028 nihil
786 3972 936 4027 inter
968 3972 1162 4026 omnia
1192 3988 1321 4043 quae
1352 3971 1579 4039 creavit,
1621 3972 1734 4025 Deo
1776 3986 1898 4024 esse

198 4060 598 4131 propinquius.
628 4061 874 4133 Ideoque
913 4061 1103 4115 divine
1132 4077 1194 4115 ac
1223 4060 1587 4131 singulariter
1620 4060 1681 4113 in
1711 4060 1897 4112 Eccle-

199 4150 284 4202 sia
314 4150 591 4203 catholica
620 4150 882 4218 traditur,
911 4151 1118 4204 nullam
1164 4154 1465 4204 creaturam
1490 4148 1763 4202 colendam
1789 4162 1900 4201 esse

200 4240 398 4292 anima:
436 4238 721 4307 (libentius
768 4238 921 4292 enim
955 4239 1159 4308 loquor
1192 4238 1279 4292 his
1308 4237 1494 4291 verbis
1524 4236 1730 4307 quibus
1756 4235 1899 4289 mihi

200 4327 327 4381 haec
358 4326 642 4380 insinuata
681 4330 852 4395 sunt),
886 4327 981 4381 sed
1026 4327 1214 4397 ipsum
1244 4325 1639 4380 tantummodo
1681 4340 1896 4392 rerum,

201 4429 335 4484 quae
368 4419 516 4480 sunt,
574 4415 831 4469 omnium
883 4418 1225 4479 Creatorem,
1276 4431 1343 4468 ex
1383 4431 1496 4485 quo
1544 4413 1756 4479 omnia,
1795 4429 1901 4483 per

201 4517 377 4572 quem
410 4503 618 4568 omnia,
664 4503 723 4556 in
769 4519 883 4574 quo
942 4503 1170 4569 omnia;
1221 4503 1277 4557 id
1317 4507 1402 4557 est
1431 4500 1899 4555 incommutabile

200 4589 573 4661 principium,
606 4590 1129 4646 incommutabilem
1156 4591 1512 4662 sapientiam,
1528 4591 1902 4644 incommuta-

198 4677 377 4732 bilem
400 4679 752 4747 cbaritatem,
779 4682 1173 4748 unum;Deum
1202 4696 1401 4734 verum
1429 4679 1445 4712 ί
1479 4684 1650 4750 atque
1676 4680 1895 4748 perfec-

202 4771 350 4832 tum,
384 4767 483 4837 qui
513 4784 827 4838 numquam
867 4785 985 4823 non
1015 4769 1208 4834 fuerit,
1252 4784 1549 4839 nunquam
1598 4784 1715 4821 non
1772 4768 1895 4833 erit,

204 4871 523 4925 numquam
557 4856 720 4910 aliter
747 4857 939 4925 fuerit,
967 4874 1265 4927 nunquam
1296 4857 1462 4910 aliter
1483 4857 1745 4927 erit;quo
1758 4857 1899 4910 nihil

206 4942 280 4995 sit
307 4945 597 5009 secretius,
628 4944 772 4999 nihil
812 4945 1170 5015 praesentius:
1221 4944 1320 5015 qui
1357 4944 1585 4999 difﬁcile
1615 4944 1903 4998 invenitur

204 5030 307 5085 ubi
338 5031 428 5100 sit,
457 5031 743 5087 difﬁcilius
772 5034 871 5087 ubi
894 5050 1008 5087 non
1040 5034 1146 5100 sit;
1174 5049 1303 5088 cum
1344 5049 1458 5103 quo
1501 5049 1619 5085 esse
1644 5048 1759 5086 non
1780 5049 1903 5086 om-

276 5156 292 5190 ¹
326 5154 409 5203 Sic
432 5155 665 5219 plerique
688 5158 807 5205 Mss.
825 5158 1039 5205 cumEr.
1068 5152 1275 5206 AtBhd.
1311 5155 1744 5219 etLov.habent:
1770 5155 1905 5204 idest

206 5218 693 5267 incommutabilem
714 5224 826 5269 veri
836 5221 1017 5278 tatem,
1038 5218 1519 5268 incommulabilem
1541 5220 1903 5273 mter-nitatem,

206 5278 705 5331 incommutabilem
742 5282 993 5331 virtutem
1043 5280 1523 5329 incommutabilem
1574 5281 1902 5338 charitalem,

208 5355 376 5389 unum
405 5356 591 5392 verum
626 5346 811 5392 Deum.
858 5345 978 5391 Mss.
1018 5347 1124 5390 tres
1153 5357 1163 5389 :
1198 5342 1249 5390 id
1278 5346 1351 5392 est
1396 5342 1902 5400 incommutabilem,

208 5404 580 5461 .rterniIa/em,
598 5404 1083 5455 incommutabilem
1105 5406 1393 5463 verilalem,
1413 5403 1906 5453 incomnmlabilem

208 5464 541 5527 charimlcm,
572 5481 737 5517 unum
763 5480 946 5527 rerum
977 5470 1163 5517 Deum.

1731 212 1941 266 LIBER
1996 212 2085 267 ΕΝ
2095 212 2202 268 US.

3580 226 3714 280 1078

2019 351 2118 388 nes
2147 341 2405 405 possunt,
2438 342 2494 391 et
2519 338 2640 392 sine
2670 356 2783 409 quo
2814 356 2933 395 esse
2964 357 3131 396 nemo
3160 345 3373 413 potest:
3412 347 3467 399 et
3496 343 3543 399 si
3573 346 3711 417 quid

2016 424 2084 476 de
2114 423 2213 477 illo
2237 425 2643 493 incredibilius,
2668 430 3093 483 convenientius
3107 434 3299 485 tamen
3327 436 3496 503 atque
3521 435 3708 504 aptius

2015 512 2279 565 homines
2311 514 2497 568 dicere
2525 516 2798 569 valemus.
2837 518 2933 571 Hic
2964 535 3097 587 ergo
3126 522 3279 573 solus
3320 522 3468 574 Deus
3498 522 3706 577 animae

2014 601 2281 654 colendus
2315 607 2417 665 est,
2472 619 2655 672 neque
2706 604 2966 673 discreta,
3016 624 3200 677 neque
3243 610 3494 664 confuse.
3531 611 3706 675 Quid-

2014 689 2152 759 quid
2181 690 2337 743 enim
2368 691 2558 744 anima
2584 692 2716 745 colit
2734 695 3010 759 utDeum,
3045 712 3270 749 necesse
3301 703 3383 750 est
3412 703 3474 751 ut
3504 701 3706 754 melius

2013 792 2151 842 esse,
2182 793 2355 847 quam
2386 779 2651 847 seipsam,
2684 786 2857 848 putet.
2895 781 3114 834 Animae
3146 788 3335 837 autem
3367 790 3569 839 natura
3603 804 3705 842 nec

2012 868 2183 929 terra,
2215 882 2319 919 nec
2350 867 2548 929 maria,
2579 884 2681 920 nec
2728 869 2933 937 sidera,
2967 886 3069 923 nec
3098 871 3254 937 luna,
3289 888 3390 924 nec
3438 874 3541 939 sol,
3591 891 3705 928 non

2012 953 2328 1023 quidquam
2373 955 2608 1009 omnino
2658 957 2809 1026 quod
2858 958 3037 1029 tangi,
3082 964 3177 1012 aut
3206 960 3293 1013 his
3324 961 3497 1013 oculis
3527 962 3705 1016 videri

2012 1046 2217 1112 potest,
2251 1059 2364 1095 non
2399 1044 2645 1113 denique
2687 1044 2873 1113 ipsum
2905 1048 3059 1116 quod
3102 1048 3276 1102 videri
3318 1065 3350 1101 a
3383 1050 3546 1103 nobis
3589 1067 3706 1105 non

2009 1134 2216 1199 potest,
2243 1133 2449 1184 coelum
2498 1132 2703 1185 melius
2737 1150 2856 1188 esse
2888 1136 3232 1190 credendum
3264 1142 3363 1191 est.
3419 1139 3537 1191 Imo
3583 1139 3707 1193 hzec

2011 1218 2206 1271 omnia
2255 1221 2419 1288 longe
2465 1220 2751 1274 deteriora
2782 1239 2925 1290 esse,
2959 1240 3133 1292 quam
3174 1231 3257 1278 est
3283 1227 3553 1296 quaelibet
3581 1228 3704 1281 ani-

2010 1322 2122 1372 ma,
2153 1306 2296 1360 ratio
2329 1312 2481 1360 certa
2513 1308 2792 1362 convincit
2827 1330 2841 1375 ;
2886 1310 2930 1363 si
2964 1312 3132 1365 modo
3166 1329 3291 1366 eam
3329 1315 3446 1367 veri
3489 1321 3703 1369 amato-

2010 1409 2100 1446 res
2129 1394 2429 1447 ducentem
2456 1412 2557 1465 per
2604 1396 2834 1449 insolita
2863 1399 3148 1467 qumdam,
3179 1404 3235 1453 et
3266 1400 3336 1453 ob
3366 1402 3475 1455 hoc
3504 1404 3701 1469 ardua,

2009 1482 2458 1536 constantissime
2489 1488 2659 1554 atque
2708 1486 3201 1540 observantissime
3244 1490 3404 1558 sequi
3438 1491 3700 1545 audeant.

2076 1574 2164 1624 78.
2198 1571 2256 1625 Si
2284 1571 2419 1641 quid
2448 1564 2580 1626 vero
2609 1573 2761 1626 aliud
2787 1578 2870 1627 est
2914 1574 2975 1627 in
3023 1592 3218 1630 rerum
3250 1581 3456 1631 natura
3494 1584 3704 1647 praeter

2009 1659 2114 1712 ista
2143 1676 2271 1729 qua}
2301 1661 2559 1713 sensibus
2588 1665 2722 1714 nota
2748 1666 2899 1728 sunt,
2933 1668 2989 1715 et
3028 1680 3262 1732 prorsus
3304 1682 3432 1735 quae
3472 1667 3705 1737 aliquod

2010 1748 2253 1818 spatium
2282 1749 2389 1801 loci
2420 1749 2697 1815 obtinent,
2721 1751 2926 1821 quibus
2948 1753 3213 1805 omnibus
3242 1755 3701 1822 praestantiorem

2010 1836 2260 1890 animam
2290 1838 2600 1891 humanam
2625 1855 2743 1892 esse
2778 1839 3059 1893 diximus:
3098 1842 3143 1893 si
3182 1841 3321 1910 quid
3368 1858 3504 1913 ergo
3547 1844 3702 1898 aliud

2010 1929 2095 1978 est
2121 1941 2319 1978 eorum
2347 1941 2475 1995 quae
2508 1928 2653 1979 Deus
2700 1927 2930 1994 creavit,
2972 1928 3244 1997 quiddam
3296 1934 3379 1983 est
3432 1931 3700 1997 deterius,

2009 2013 2281 2083 quiddam
2319 2030 2457 2083 par:
2520 2014 2788 2081 deterius,
2830 2020 2891 2069 ut
2921 2017 3111 2070 anima
3163 2018 3411 2087 pecoris;
3460 2036 3582 2089 par,
3640 2027 3706 2075 ut

2008 2102 2235 2172 angeli:
2263 2102 2466 2155 melius
2495 2108 2707 2168 autem,
2736 2104 2902 2157 nihil.
2938 2106 3003 2157 Et
3031 2104 3077 2157 si
3111 2106 3341 2175 quando
3374 2111 3457 2160 est
3489 2109 3704 2179 aliquid

2007 2190 2217 2243 horum
2245 2190 2471 2253 melius,
2507 2191 2612 2244 hoc
2642 2196 2871 2261 peccato
2919 2193 3040 2263 ejus
3068 2194 3151 2258 ﬁt,
3180 2210 3297 2247 non
3326 2199 3549 2250 natura.
3582 2197 3704 2261 Quo

2008 2282 2199 2332 tamen
2221 2295 2337 2332 non
2368 2295 2547 2350 usque
2578 2280 2716 2333 adeo
2747 2280 2812 2334 fit
2842 2281 3110 2349 deterior,
3134 2286 3198 2335 ut
3226 2282 3279 2335 ei
3317 2284 3538 2353 pecoris
3578 2286 3703 2339 ani-

2009 2382 2100 2419 ma
2127 2368 2502 2436 praeferenda,
2551 2372 2649 2421 aut
2680 2368 3022 2423 conferenda
3050 2369 3140 2423 sit.
3176 2371 3519 2441 Deusigitur
3552 2374 3704 2427 solus

2008 2454 2061 2508 ei
2094 2456 2359 2508 colendus
2390 2459 2493 2523 est,
2524 2457 2622 2526 qui
2654 2458 2806 2510 solus
2839 2458 2961 2527 ejus
3003 2461 3084 2511 est
3130 2463 3343 2513 auctor.
3388 2461 3568 2515 Homo
3600 2477 3705 2515 au-

2007 2548 2122 2596 tem
2151 2543 2390 2613 quilibet
2415 2545 2579 2612 alius,
2607 2562 2936 2616 quanquam
2959 2546 3412 2615 sapientissimus
3441 2553 3497 2602 et
3523 2549 3705 2619 perfe-

2008 2632 2313 2698 ctissimus,
2347 2634 2682 2702 velprorsus
2712 2635 2981 2704 quaelibet
2998 2635 3189 2688 anima
3218 2637 3451 2690 rationis
3472 2654 3704 2707 compos

2006 2724 2178 2789 atque
2216 2720 2563 2784 beatissima,
2597 2723 2842 2776 amanda
2880 2724 3280 2778 tantummodo
3318 2729 3371 2778 et
3426 2725 3705 2781 imitanda

2007 2812 2105 2870 est,
2139 2809 2329 2879 eique,
2360 2825 2464 2879 pro
2497 2811 2701 2864 merito
2741 2815 2910 2881 atque
2933 2811 3153 2877 ordine,
3188 2813 3339 2881 quod
3362 2813 3413 2865 ci
3442 2814 3706 2884 congruit

2009 2897 2403 2953 deferendum.
2441 2899 2602 2964 Nam,
2634 2902 2917 2953 Dominum
2962 2904 3121 2953 Deum
3154 2904 3301 2954 tuum
3346 2902 3621 2968 adorabis,
3655 2907 3705 2956 et
3749 2968 3753 2973 ι

2006 2986 2094 3039 illi
2105 2987 2207 3039 soli
2232 2987 2335 3039 soli
2362 2990 2559 3040 servies
2586 2987 2756 3056 (Deut.
2789 2991 2943 3053 v1,13
2969 3005 2980 3054 ;
3017 2989 3211 3042 Matth.
3239 3005 3311 3052 Iv,
3339 2990 3703 3059 lO.)Erranti-

2006 3074 2112 3127 bus
2142 3089 2274 3127 vero
2306 3075 2561 3144 cognatis
2609 3075 2813 3128 animis
2860 3079 2914 3128 et
2962 3076 3371 3143 laborantibus,
3420 3082 3701 3147 quantum

2006 3161 2132 3215 licet
2153 3165 2321 3231 atque
2361 3167 2709 3233 praeceptum
2748 3168 2844 3226 est,
2883 3180 3051 3234 opem
3077 3164 3371 3218 ferendam
3407 3182 3525 3219 esse
3557 3167 3700 3220 scia-

2008 3265 2151 3311 mus,
2186 3248 2263 3302 ita
2290 3254 2352 3302 ut
2375 3250 2480 3303 hoc
2512 3250 2698 3320 ipsum
2722 3268 2850 3304 cum
2870 3252 3013 3305 bene
3031 3252 3243 3323 agitur,
3271 3255 3450 3307 Deum
3472 3271 3575 3323 per
3600 3272 3702 3309 nos

2006 3354 2175 3407 agere
2204 3331 2613 3408 intelligamus.
2651 3341 2841 3410 Neque
2865 3342 3178 3412 quidquam
3207 3342 3369 3395 nobis
3404 3343 3701 3413 proprium

2006 3427 2359 3481 vindicemus
2390 3428 2576 3483 inanis
2611 3430 2807 3499 glorise
2833 3431 3141 3501 cupiditate
3173 3432 3411 3502 decepti,
3444 3449 3556 3503 quo
3590 3450 3703 3487 uno

2006 3516 2158 3568 malo
2183 3533 2213 3569 a
2235 3532 2456 3570 summo
2486 3516 2547 3569 in
2576 3518 2692 3570 ima
2714 3518 3103 3587 demergimur
3134 3516 3173 3573 ί.
3200 3520 3395 3590 Neque
3424 3521 3575 3573 vitiis
3606 3538 3703 3592 op-

2006 3620 2250 3674 pressos,
2304 3606 2399 3659 sed
2482 3604 2605 3675 ipsa
2660 3606 2830 3672 vitia;
2868 3623 3053 3677 neque
3092 3612 3409 3677 peccantes,
3454 3609 3551 3662 sed
3582 3609 3705 3679 ipsa

2001 3696 2231 3763 peccata
2273 3694 2581 3747 oderimus.
2600 3694 2875 3747 Omnibus
2896 3694 3049 3749 enim
3073 3695 3411 3749 subventum
3443 3698 3584 3750 velle
3601 3698 3699 3751 de-

2008 3781 2414 3847 bemus,etiam
2446 3782 2545 3853 qui
2584 3799 2687 3835 nos
2726 3784 3020 3849 laeserunt,
3056 3784 3703 3847 autlazdere,automni-

2008 3886 2083 3923 no
2119 3870 2251 3924 laedi
2274 3871 2489 3924 volunt.
2526 3873 2654 3925 Hazc
2686 3875 2769 3924 est
2798 3887 2950 3937 vera,
2980 3872 3101 3925 hanc
3128 3872 3396 3942 perfecta,
3436 3873 3555 3927 haec
3584 3874 3701 3927 sola

2004 3959 2227 4029 religio,
2256 3975 2359 4028 per
2381 3976 2554 4029 quam
2570 3961 2681 4013 Deo
2701 3959 3059 4013 reconciliari
3088 3960 3342 4030 pertinet
3360 3960 3430 4014 ad
3462 3961 3692 4027 animae,

2007 4047 2074 4101 de
2107 4064 2221 4118 qua
2252 4048 2585 4119 quaerimus,
2619 4048 3098 4118 magnitudinem,
3132 4066 3245 4119 qua
3262 4049 3595 4103 selibertate
3615 4049 3701 4103 dio

2008 4151 2177 4205 gnam
2205 4136 2375 4190 facit:
2404 4152 2535 4190 nam
2568 4136 2661 4189 ille
2711 4137 2781 4190 ab
2820 4137 3086 4190 omnibus
3116 4137 3336 4200 liberat,
3372 4136 3463 4189 cui
3493 4136 3702 4189 servire

2008 4224 2273 4278 omnibus
2292 4224 2668 4278 utilissimum
2699 4228 2802 4288 est,
2838 4228 2892 4278 et
2943 4225 3001 4278 in
3034 4225 3193 4294 cujus
3224 4224 3450 4277 servitio
3479 4225 3703 4293 placere

2006 4310 2257 4381 perfecta
2286 4316 2343 4365 et
2371 4312 2490 4364 sola
2528 4310 2551 4343 ²
2608 4311 2839 4365 libertas
2896 4318 2996 4366 est.
3047 4311 3153 4366 Sed
3190 4311 3353 4365 video
3413 4327 3500 4363 me
3556 4326 3701 4379 pene

2009 4398 2312 4453 excessisse
2342 4402 2522 4453 metas
2546 4398 2827 4470 propositi
2860 4399 2994 4462 mei,
3028 4415 3090 4453 ac
3120 4398 3238 4451 sine
3262 4399 3378 4451 ulla
3397 4397 3703 4466 interroga-

2008 4486 2161 4540 tione
2186 4487 2404 4541 tamdiu
2436 4487 2540 4540 tibi
2564 4488 2746 4541 multa
2768 4487 2999 4542 dixisse:
3034 4502 3217 4556 neque
3244 4485 3302 4539 id
3325 4502 3414 4539 me
3440 4485 3698 4554 poenitet.

2009 4575 2150 4628 Nam
2182 4591 2311 4628 cum
2344 4574 2456 4628 sint
2475 4574 2580 4629 ista
2610 4592 2712 4646 per
2739 4580 2857 4629 tam
2888 4577 3093 4628 multas
3110 4573 3367 4627 Ecclesia:
3397 4573 3703 4643 scripturas

2008 4663 2281 4733 dispersa,
2317 4679 2643 4734 quanquam
2676 4680 2741 4717 ea
2771 4680 2884 4717 non
2908 4662 3266 4716 incommode
3308 4661 3599 4731 collegisse
3620 4660 3701 4715 vi-

2009 4752 2265 4817 deamur,
2298 4752 2465 4821 plene
2492 4757 2684 4805 tamen
2712 4750 2954 4820 intelligi
2978 4754 3302 4820 nequeunt;
3333 4749 3442 4802 nisi
3460 4748 3702 4820 quisque

2008 4839 2069 4893 in
2108 4838 2341 4893 illorum
2363 4842 2580 4908 septem
2610 4842 2812 4909 quarto
2843 4838 3023 4907 gradu
3044 4837 3267 4891 fortiter
3294 4853 3489 4909 agens,
3525 4836 3701 4907 pieta-

2008 4930 2240 4996 temque
2270 4926 2609 4991 custodiens,
2643 4929 2699 4978 et
2728 4926 2797 4978 ad
2829 4942 2895 4978 ea
2924 4924 3287 4996 percipienda
3313 4926 3615 4979 sanitatem
3640 4939 3704 4977 ac

2010 5014 2185 5068 robur
2212 5029 2565 5084 comparans,
2596 5012 2851 5083 inquirat
2877 5013 3070 5067 omnia
3098 5012 3704 5083 singillatim,diligen—

2012 5102 2227 5156 tissime
2256 5118 2320 5155 ac
2349 5101 2709 5170 sagacissime
2733 5118 2745 5154 :
2799 5118 3045 5172 namque
3076 5102 3188 5156 illis
3217 5102 3483 5157 omnibus
3511 5098 3702 5170 gradi-

2011 5190 2117 5244 bus
2143 5191 2291 5244 inest
2319 5189 2582 5243 distincta
2612 5194 2667 5243 et
2696 5190 2926 5260 propria
2956 5190 3342 5261 pulchritudo,
3376 5204 3517 5259 quos
3547 5191 3703 5241 actus

2011 5279 2218 5333 melius
2247 5278 2616 5349 appellamus.

2082 5405 2092 5436 ι
2121 5404 2198 5450 Ita
2232 5404 2345 5451 Par.
2373 5402 2457 5450 Er.
2482 5402 2614 5451 Ven.
2650 5404 2773 5451 Lov.
2808 5405 2865 5451 In
2890 5404 2975 5457 Β..
3007 5402 3353 5463 (temer-gitur.
3389 5398 3454 5463 ill.
3500 5462 3503 5463 ν
3616 5456 3624 5463 _
3692 5458 3699 5459 ί

2078 5465 2410 5527 i’Siclcgeudu
2422 5480 2469 5513 ιιι
2483 5480 2543 5512 ex
2559 5466 2865 5515 auctoritate
2879 5456 3254 5525 Msslibrulph.
3265 5498 3275 5508 .
3286 5459 3535 5523 iper/“cole
3548 5456 3701 5519 δαίμ]
