4098 6182
427 572 614 641 potest
654 573 720 623 ut
760 568 883 623 haec
928 565 1123 621 omnia
1151 564 1321 619 simul
1362 567 1513 635 agat,
1555 563 1653 617 sed
1680 562 1739 616 id
1797 561 1985 614 solum
2014 558 2124 614 sibi

426 187 559 241 1079
1187 179 1584 238 ΑυΜΟΝιΤιΟ
1623 181 1717 235 DE
1756 178 2253 247 SEQUENTIBUS
2291 178 2430 234 SEX
2469 176 2700 232 LIBBlS
2740 175 2834 229 DE
2874 142 3161 231 MUSICA.
3768 182 3865 234 l080

565 309 790 366 CAPUT
819 309 1012 366 XXXV.
1058 337 1124 348 —-
1151 308 1322 363 Actus
1368 309 1562 362 anime
1578 307 1750 375 juxta
1776 308 1977 375 septem
2227 302 2443 359 ordinis
2477 301 2737 373 legisque
2765 298 3080 371 perturbet.
3109 299 3312 353 Datum
3341 301 3430 352 est
3449 298 3604 353 enim
3631 315 3662 354 a
3691 300 3864 371 sapien-

727 394 991 462 praefatos
1014 389 1220 458 gradus
1246 390 1398 444 varie
1425 387 1801 457 appellantur.
2227 391 2445 447 tissimo
2492 394 2662 463 atque
2711 387 3079 443 invictissimo
3130 386 3305 442 totius
3353 391 3622 442 creaturae
3656 389 3864 445 Domino.

493 483 578 536 79.
626 479 946 545 Quaerimus
975 478 1189 551 quippe
1229 477 1299 532 de
1338 475 1545 530 animm
1582 472 1861 544 potentia,
1894 474 1952 525 et
1996 468 2123 525 fieri

2269 482 2338 536 ed
2365 481 2475 535 ista
2502 484 2564 534 ut
2590 478 2835 534 videnda
2855 480 2987 531 sunt
3011 476 3224 544 videre,
3251 491 3563 546 paucorum
3585 480 3694 542 est;
3720 494 3865 549 neque

2232 570 2302 625 ad
2331 569 2436 624 hoc
2463 568 2767 641 quisquam
2804 566 2917 621 nisi
2949 581 3080 620 vera
3113 564 3391 636 religione
3424 564 3490 619 ﬁt
3537 564 3771 619 idoneus.
3800 569 3867 621 Est

2233 659 2389 714 enim
2408 658 2608 730 religio
2633 673 2785 725 vera,
2818 671 2935 727 qua
2962 670 3021 710 se
3050 654 3149 709 uni
3183 656 3296 709 Deo
3317 653 3531 722 anima,
3550 653 3688 708 unde
3709 670 3759 708 se
3775 671 3867 725 pec-

2234 753 2355 803 cato
2385 748 2538 802 velut
2562 746 2887 817 abruperat,
2918 743 3381 820 reconciliatione
3425 742 3644 813 religat.
3676 744 3867 797 Innectit

2237 853 2372 909 ergo
2403 836 2657 891 animam
2686 835 2744 889 in
2764 835 2864 889 illo
2884 837 3014 889 actu
3042 832 3234 901 tertio,
3266 837 3437 903 atque
3467 830 3661 902 incipit
3686 831 3867 893 ducere;

2236 930 2447 998 purgat
2473 926 2535 980 in
2567 928 2808 996 quarto;
2842 922 3115 977 reformat
3144 920 3205 975 in
3235 920 3477 992 quinto;
3509 919 3789 974 introducit
3829 922 3869 974 in

2240 1018 2430 1081 sexto;
2462 1013 2642 1084 pascit
2694 1013 2756 1067 in
2800 1012 3066 1083 septimo.
3104 1012 3290 1081 Atque
3331 1010 3438 1063 hoc
3468 1008 3532 1062 fit
3575 1007 3701 1062 alias
3724 1007 3863 1073 citius,

2243 1102 2379 1157 alias
2421 1102 2660 1168 tardius,
2711 1104 2775 1155 ut
2818 1116 3061 1172 quaeque
3100 1114 3295 1153 amore
3332 1113 3397 1151 ac
3439 1097 3646 1151 meritis
3687 1097 3862 1151 valent:

2244 1190 2439 1246 omnia
2497 1194 2686 1244 tamen
2730 1190 2879 1243 Deus
2917 1187 3255 1259 justissima,
3304 1185 3751 1251 moderatissima,
3778 1186 3871 1256 pulo

2246 1278 2525 1334 cherrime
2556 1278 2706 1345 facit,
2740 1294 2970 1349 quoquo
2999 1276 3168 1332 modo
3185 1291 3307 1330 sese
3328 1275 3541 1329 habere
3568 1273 3868 1328 voluerintde

2248 1366 2456 1439 quibus
2477 1365 2626 1420 facit.
2657 1367 2916 1420 Jamvero
2937 1364 3110 1419 etiam
3135 1378 3448 1434 puerorum
3474 1360 3757 1416 infantium
3774 1376 3869 1413 con-

2250 1455 2588 1511 secrationes
2631 1457 2911 1525 quantum
2956 1452 3197 1524 prosint,
3257 1450 3653 1506 obscurissima
3686 1447 3868 1519 quaestio

2253 1548 2357 1613 est,
2386 1542 2648 1598 nonnihil
2678 1549 2868 1597 tamen
2897 1542 3163 1614 prodesse
3191 1540 3647 1595 credendumest.
3675 1536 3872 1591 Inveniet

2254 1633 2363 1687 hoc
2401 1632 2567 1699 ratio,
2604 1648 2735 1686 cum
2764 1630 2945 1702 quaeri
2974 1629 3329 1701 oportuerit:
3380 1642 3694 1699 quanquam
3728 1628 3773 1678 et
3794 1624 3871 1677 alia

2256 1721 2437 1776 multa
2453 1720 2680 1792 jamdiu
2707 1719 3017 1791 quaerenda
3044 1719 3149 1773 tibi
3185 1717 3380 1789 potius
3413 1713 3723 1786 aliquando,
3749 1725 3871 1782 quam

2258 1810 2652 1880 cognoscenda
2680 1808 3040 1879 protulerim.
3066 1807 3228 1873 Quod
3258 1805 3359 1860 fiet
3396 1803 3699 1869 utilissime,
3719 1799 3756 1853 si
3770 1799 3869 1853 duce

2259 1897 2470 1969 pietate
2501 1897 2889 1969 requirantur.

2334 2000 2393 2052 8t
2414 2039 2427 2052 .
2457 1996 2594 2061 Quae
2623 2012 2754 2050 cum
2774 1996 2854 2050 ita
2881 1994 3015 2061 sint,
3048 1992 3176 2064 quis
3201 1995 3286 2046 est
3314 1988 3416 2062 qui
3443 1989 3588 2059 juste
3625 1982 3872 2040 stomache-

2263 2089 2376 2148 tur,
2410 2085 2564 2156 quod
2594 2084 2817 2156 agendo
2847 2088 3017 2154 atque
3047 2079 3501 2136 administrando
3522 2073 3723 2146 corpori
3740 2070 3876 2125 anima

2267 2175 2400 2230 data
2426 2173 2521 2244 sit,
2551 2189 2680 2228 cum
2711 2177 2902 2228 tantus
2931 2176 2987 2226 et
3022 2175 3141 2225 tam
3169 2168 3399 2223 divinus
3430 2180 3613 2221 rerum
3643 2161 3760 2217 ordo
3781 2174 3873 2213 con-

2270 2261 2421 2317 necti
2448 2261 2654 2317 melius
2683 2278 2801 2316 non
2829 2259 3043 2331 possit;
3066 2256 3555 2329 autqumrendum
3574 2255 3726 2324 putet,
3747 2247 3875 2320 qualis

2269 2350 2330 2405 in
2359 2350 2467 2404 hoc
2494 2349 2721 2404 mortali
2745 2353 2802 2403 et
2827 2347 3017 2419 fragili
3047 2362 3284 2417 corpore
3310 2344 3605 2405 efﬁciatur,
3638 2354 3745 2394 cum
3770 2342 3811 2390 et
3830 2336 3870 2388 in

2274 2441 2519 2492 mortem
2548 2441 2782 2509 propter
2810 2441 3106 2508 peccatum
3130 2435 3260 2506 jure
3282 2437 3547 2487 contrusa
3574 2430 3657 2497 sit,
3670 2432 3717 2482 et
3732 2426 3877 2478 virtute

2274 2526 2366 2581 hic
2395 2526 2567 2581 etiam
2596 2526 2778 2597 possit
2802 2525 3075 2580 excellere
3100 2540 3114 2591 ;
3146 2522 3450 2595 autqualis
3478 2523 3599 2591 post
3624 2518 3714 2571 hoc
3739 2526 3881 2581 corpus

2276 2614 2469 2670 futura
2505 2614 2596 2681 sit,
2623 2630 2754 2669 cum
2775 2619 2831 2669 et
2858 2628 3027 2685 pmna
3054 2611 3253 2667 mortis
3273 2607 3588 2666 necessario
3610 2618 3798 2660 manere
3818 2599 3881 2652 de-

2276 2704 2409 2759 beat
2457 2708 2727 2759 manente
2765 2707 3017 2775 peccato,
3049 2704 3105 2757 et
3148 2699 3350 2754 virtuti
3379 2695 3671 2770 pietatique
3702 2692 3760 2746 sit
3785 2690 3881 2743 Deus

2280 2793 2423 2864 ipse,
2453 2794 2514 2849 id
2544 2798 2627 2848 est
2654 2793 2861 2849 veritas
2887 2792 3033 2863 ipsa,
3054 2789 3367 2861 praemium
3385 2789 3414 2842 ?
3429 2788 3605 2852 Quare
3629 2782 3669 2836 si
3687 2782 3783 2851 jam
3805 2776 3881 2847 pla-

2281 2888 2389 2951 cet,
2421 2888 2537 2938 tam
2559 2883 2797 2953 longum
2826 2895 3152 2935 sermonem
3183 2876 3555 2933 terminemus
3568 2865 3881 2953 aliquando,_el

2282 2972 2590 3044 implendis
2619 2950 2720 3026 Dei
2748 2969 3048 3042 prmceptis
3099 2965 3536 3039 vigilantissime
3579 2965 3630 3016 et
3652 2950 3879 3045 religiosis-

2285 3062 2426 3116 sime
2449 3077 2682 3132 operam
2708 3059 2937 3114 demus:
2970 3073 3088 3112 non
3107 3061 3194 3111 est
3224 3056 3381 3111 enim
3398 3054 3519 3113 alia
3546 3052 3667 3121 fuga
3688 3046 3743 3100 de
3764 3044 3879 3097 tantis

2283 3149 2472 3204 malis.
2509 3149 2566 3203 Si
2596 3148 2733 3220 quid
2759 3152 2953 3202 autem
2973 3144 3268 3201 obscurius
3291 3160 3329 3198 a
3356 3159 3447 3198 me
3468 3140 3661 3196 dictum
3679 3138 3748 3189 est
3763 3139 3877 3220 quam

2286 3238 2478 3304 velles,
2492 3216 2662 3292 facito
2684 3240 2748 3291 ut
2766 3234 3064 3290 memoriae
3086 3233 3425 3288 mandatum
3442 3229 3572 3284 alias
3597 3216 3879 3307 opportuniut

2286 3326 2563 3399 requiras.
2581 3326 2775 3397 Neque
2797 3322 2954 3379 enim
2972 3322 3154 3378 deerit
3168 3320 3339 3376 nobis
3368 3314 3721 3391 quaerentibus
3743 3322 3799 3371 δε,
3811 3317 3876 3399 flm

2285 3393 2531 3485 desuper
2579 3417 2664 3469 est
2680 3393 2971 3485 iltlagister
3008 3410 3287 3467 omnium.
3326 3412 3393 3464 E.
3454 3409 3562 3478 Ego
3592 3416 3704 3457 vero
3744 3400 3785 3450 et
3811 3393 3875 3485 hac

2290 3479 2545 3558 oratione
2574 3503 2654 3557 ita
2702 3479 2830 3557 sum
2860 3501 3114 3567 affectus,
3146 3505 3210 3554 ut
3256 3514 3389 3554 eam
3434 3491 3751 3565 interpellare
3774 3479 3876 3537 ηεῐειε

2290 3591 2645 3664 putaverim:
2705 3594 2761 3646 et
2807 3590 2854 3645 si
2908 3589 3015 3645 tibi
3069 3587 3272 3644 modus
3320 3583 3591 3641 sermonis
3623 3578 3699 3633 hic
3738 3569 3873 3664 placet.

2290 3660 2520 3752 tresque
2547 3680 2659 3735 illae
2686 3678 3029 3753 qumstiones
3058 3693 3189 3749 quae
3232 3673 3613 3738 remanebant,
3639 3672 3735 3754 tam
3754 3660 3873 3754 brel’l‘

2292 3772 2381 3824 ter
2406 3768 2857 3841 perstringenda;
2885 3768 2946 3823 in
2978 3765 3286 3839 prmsentia
3315 3764 3448 3819 visas
3477 3764 3630 3823 sunt;
3657 3752 3873 3841 cedam

2294 3857 2440 3913 dicio
2457 3862 2575 3921 tuo,
2607 3873 2671 3912 ac
2684 3857 2951 3928 deinceps
2976 3860 3095 3910 tam
3118 3853 3348 3925 magnis
3365 3851 3527 3907 rebus
3546 3833 3872 3928 investigandis:

2295 3962 2415 4002 non
2462 3915 2630 4002 modo
2672 3915 2906 4017 tempus
2946 3948 3181 4017 propter
3215 3915 3364 3997 vtuas
3419 3933 3777 4008 occupationes,
3814 3915 3871 3973 sed

2295 4036 2470 4092 etiam
2493 4036 2780 4109 meipsum
2808 4032 3283 4107 opportuniorem
3317 4027 3630 4087 observabo.

432 673 600 730 agere
662 656 923 711 videatur
963 655 1111 726 quod
1159 654 1278 725 agit
1306 669 1433 708 cum
1465 652 1821 719 difﬁcultate,
1851 653 1950 703 aut
1978 651 2125 702 certe

433 762 566 802 cum
592 744 797 799 timore
819 743 858 798 ί.
885 743 1017 813 Agit
1040 742 1195 796 enim
1224 742 1329 795 hoc
1361 742 1542 795 multo
1585 754 1757 812 quam
1807 742 2012 793 caetera
2041 739 2126 790 at-

434 832 667 890 tentior.
706 831 1157 887 Ascendentibus
1204 830 1383 903 igitur
1409 846 1635 884 sursum
1663 844 1877 894 versus,
1908 825 2129 897 primus

435 927 613 989 actus,
663 919 907 976 docendi
954 936 1142 987 causa,
1188 920 1410 974 dicatur
1458 919 1778 985 animatio;
1826 915 2127 979 secundus,

438 1026 635 1065 sensus
666 1026 680 1077 ;
706 1008 929 1075 tertius,
962 1024 1090 1075 ars;
1139 1012 1397 1081 quartus,
1437 1008 1656 1075 virtus;
1686 1006 1940 1078 quintus,
1974 1008 2131 1058 tran-

440 1098 729 1171 quillitas;
764 1101 973 1164 sextus,
1008 1096 1327 1169 ingressio;
1373 1096 1667 1167 septimus,
1705 1091 2132 1164 contemplatio.

442 1190 685 1243 Possunt
706 1190 764 1241 et
793 1188 902 1241 hoc
924 1186 1095 1241 modo
1125 1185 1438 1257 appellari:
1473 1185 1543 1239 de
1574 1199 1843 1255 corpore;
1876 1197 1978 1253 per
2004 1194 2135 1232 cor-

442 1292 550 1348 pus
575 1296 590 1344 ;
612 1276 760 1331 circa
786 1291 1023 1345 corpus;
1054 1275 1126 1329 ad
1158 1274 1439 1345 seipsam;
1468 1273 1528 1327 in
1560 1272 1780 1343 seipsa;
1813 1270 1879 1324 ad
1916 1271 2135 1333 Deum;

446 1366 597 1437 apud
628 1366 826 1420 Deum.
860 1366 1106 1418 Possunt
1133 1368 1191 1418 et
1211 1362 1317 1416 sic:
1358 1362 1594 1434 pulchre
1625 1361 1694 1415 de
1724 1359 1835 1414 alio
1861 1375 1875 1426 ;
1902 1357 2139 1428 pulchre

444 1470 550 1525 per
575 1452 755 1519 aliud;
782 1451 1018 1523 pulchre
1049 1450 1196 1505 circa
1224 1450 1412 1517 aliud;
1440 1449 1678 1520 pulchre
1700 1448 1767 1502 ad
1800 1446 2139 1519 pulchrum;

450 1541 686 1613 pulchre
698 1540 758 1595 in
770 1540 1027 1611 pulchro;
1041 1540 1279 1610 pulchre
1292 1539 1364 1593 ad
1375 1537 1887 1608 pulchritudinem;
1905 1534 2143 1606 pulchre

452 1629 604 1701 apud
632 1627 1137 1700 pulchritudinem.
1171 1628 1248 1682 De
1279 1627 1485 1698 quibus
1510 1626 1775 1681 omnibus
1806 1628 1931 1695 post
1959 1621 2147 1693 requi-

452 1733 566 1787 res,
592 1715 639 1770 si
666 1715 804 1787 quid
832 1715 1116 1771 videbitur
1137 1715 1543 1787 aperiendum:
1570 1729 1722 1769 nunc
1740 1713 1870 1767 ideo
1892 1711 2048 1765 volui
2070 1714 2149 1764 to-

452 1804 560 1859 ties
587 1803 697 1858 ista
717 1803 941 1875 signare
970 1804 1274 1871 vocabulis,
1303 1819 1376 1858 ne
1412 1807 1467 1858 te
1489 1806 1713 1857 moveat
1743 1817 1874 1856 cum
1901 1799 1999 1855 alii
2025 1798 2150 1853 aliis

455 1891 786 1948 nominibus
804 1891 1006 1947 eadem
1022 1896 1242 1959 vocant,
1271 1895 1366 1946 aut
1396 1891 1561 1946 aliter
1587 1890 1761 1945 etiam
1789 1888 2149 1961 partiuntur;

458 1983 515 2036 et
542 1980 616 2035 ob
643 1979 751 2035 hoc
776 1983 876 2034 aut
902 1979 1010 2034 ista
1038 1984 1137 2035 aut
1164 1980 1263 2034 illa
1291 1979 1599 2052 improbos.
1634 1976 2155 2033 lnnumerabilibus

459 2068 617 2127 enim
645 2068 832 2124 modis
857 2068 1071 2124 eaedem
1091 2085 1182 2124 res
1206 2073 1263 2123 et
1295 2067 1595 2140 appellari,
1627 2073 1684 2122 et
1716 2066 1893 2121 dividi
1914 2068 2157 2137 possunt

461 2156 774 2213 rectissime
812 2173 878 2212 ac
906 2157 1307 2225 subtilissime;
1339 2158 1437 2211 sed
1481 2156 1543 2211 in
1572 2159 1731 2210 tanta
1771 2155 1933 2226 copia
1959 2154 2157 2208 modo-

463 2262 595 2301 rum
623 2246 803 2301 utitur
831 2245 1094 2318 quisque,
1128 2263 1239 2318 quo
1252 2262 1310 2300 se
1340 2250 1723 2317 congruenter
1748 2244 1832 2298 uti
1854 2243 2157 2299 existimat.

541 2335 768 2391 CAPUT
796 2336 1017 2390 XXXVI.
1045 2364 1115 2376 —-
1142 2335 1509 2402 Attinguntur
1548 2334 1772 2403 reliquae
1814 2333 1880 2387 de
1906 2334 2093 2389 anima

825 2417 1162 2483 quaestiones.
1193 2419 1318 2485 Quae
1339 2416 1413 2468 sit
1440 2415 1632 2483 religio
1658 2430 1805 2467 vera.

541 2505 632 2559 80.
666 2505 815 2558 Deus
871 2501 1050 2574 igitur
1102 2518 1361 2557 summus
1416 2506 1473 2556 et
1528 2518 1693 2555 verus
1749 2502 1873 2572 lege
1932 2500 2165 2555 inviola-

473 2591 577 2649 bili
606 2595 665 2647 et
710 2590 1064 2663 incorrupta,
1119 2608 1233 2662 qua
1281 2606 1453 2645 omne
1510 2590 1662 2662 quod
1713 2589 1970 2645 condidit
1998 2589 2164 2660 regit,

474 2679 702 2752 subjicit
719 2679 927 2735 animae
949 2695 1174 2751 corpus,
1197 2679 1449 2734 animam
1478 2678 1608 2744 sibi,
1642 2681 1699 2732 et
1717 2677 1796 2733 sic
1817 2678 2014 2733 omnia
2037 2678 2166 2734 sibi:

474 2785 662 2841 neque
689 2768 753 2823 in
780 2769 900 2823 ullo
939 2772 1070 2823 actu
1098 2785 1223 2823 eam
1250 2767 1477 2837 deserit,
1510 2768 1626 2823 sive
1653 2784 1844 2839 poena,
1875 2767 1991 2823 sive
2016 2784 2173 2838 prae-

475 2858 611 2915 mio.
645 2858 708 2914 Id
735 2858 888 2913 enim
929 2858 1203 2929 judicavit
1242 2873 1363 2913 esse
1396 2856 1872 2928 pulcherrimum,
1918 2860 1981 2911 ut
2026 2859 2175 2911 esset

478 2947 721 3021 quiquid
751 2951 857 3017 est,
879 2946 1165 3018 quomodo
1191 2950 1303 3014 est;
1333 2950 1390 3001 et
1414 2946 1493 3000 ita
1534 2950 1754 3000 natura:
1782 2945 2050 3017 gradibus
2080 2960 2172 2999 or-

478 3036 797 3101 dinaretur,
823 3038 884 3089 ut
901 3035 1326 3090 considerantes
1352 3034 1781 3089 universitatem
1809 3034 1968 3089 nulla
1995 3033 2174 3088 oﬂ‘en-

482 3124 645 3179 deret
672 3139 741 3178 ex
754 3123 867 3178 ulla
892 3126 1055 3194 parte
1085 3122 1416 3178 deformitas
1439 3139 1452 3189 ;
1490 3122 1791 3194 omnisque
1811 3122 2017 3177 animae
2052 3138 2174 3193 poe-

481 3227 558 3267 na
585 3215 642 3265 et
669 3226 838 3265 omne
885 3210 1190 3280 praemium
1218 3210 1499 3266 conferret
1525 3226 1751 3281 semper
1792 3209 2007 3282 aliquid
2037 3226 2175 3280 pro-

482 3299 743 3372 portione
768 3301 939 3371 justae
967 3299 1384 3372 pulchritudini
1413 3298 1437 3332 ³
1466 3299 1944 3371 dispositionique
1982 3314 2179 3354 rerum

484 3389 765 3445 omnium.
799 3389 1005 3444 Datum
1031 3392 1117 3444 est
1144 3388 1299 3442 enim
1328 3388 1537 3443 animae
1570 3388 1813 3442 liberum
1856 3387 2177 3455 arbitrium,

485 3479 641 3552 quod
672 3477 772 3550 qui
801 3477 1119 3551 nugatoriis
1148 3476 1681 3532 ratiocinationibus
1721 3476 2058 3531 labefactare
2089 3493 2182 3532 co-

484 3570 716 3638 nantur,
746 3583 927 3640 usque
956 3566 1099 3622 adeo
1122 3566 1256 3622 eieci
1285 3569 1437 3633 sunt,
1468 3568 1535 3621 ut
1560 3582 1630 3620 ne
1659 3565 1767 3620 ista
1791 3565 1916 3635 ipsa
1945 3565 2180 3637 quidem

484 3674 630 3714 vana
657 3661 828 3729 atque
850 3656 1124 3728 sacrilega
1159 3655 1395 3727 propria
1435 3655 1725 3709 voluntate
1765 3670 1825 3710 se
1855 3654 2043 3709 dicere
2087 3654 2180 3710 in-

484 3746 774 3817 telligant.
814 3746 926 3800 Nec
953 3750 1147 3799 tamen
1168 3744 1249 3798 ita
1272 3744 1517 3798 liberum
1544 3742 1841 3797 arbitrium
1862 3743 2069 3798 anima:
2090 3743 2186 3797 da-

486 3837 613 3889 tum
639 3838 744 3900 est,
773 3838 839 3887 ut
859 3833 1155 3904 quodlibet
1175 3847 1242 3886 eo
1269 3832 1536 3898 moliens,
1558 3831 1737 3885 ullam
1759 3836 1985 3902 partem
2007 3831 2185 3887 divini

554 3924 570 3958 ί
604 3923 669 3983 In
694 3922 823 3969 Mss.
854 3924 1081 3983 quatuor
1106 3919 1529 3983 meliorisnotaa,
1548 3931 1669 3983 cum
1686 3932 1886 3983 amore.

551 3984 575 4019 ³
602 3981 753 4046 Edd,
774 3980 979 4045 aliquid
992 3981 1497 4046 proportionijustce
1507 3980 1942 4046 pulchritudinis.
1958 3982 2029 4046 ,At
2041 3983 2184 4044 Mss.,

486 4042 1183 4111 proportioneftumime’ex
1203 4043 1306 4093 illis
1323 4047 1448 4103 tres,
1467 4042 1630 4106 justas
1646 4042 2061 4107 pulchritudini.

2086 4180 3870 4227 ____________________________..

1799 4340 2680 4448 ADMONITIO

1380 4538 1487 4603 DE
1534 4536 2075 4615 SEQUENTIBUS
2121 4537 2277 4603 SEX
2323 4537 2578 4605 LIBRIS
2624 4537 2731 4605 DE
2776 4533 3097 4607 MUSICA.

566 4831 645 4887 Ex
667 4827 1097 4902 disciplinarum
1117 4831 1277 4886 libris
1299 4846 1443 4902 quos
1468 4827 1823 4902 Augustinus
1852 4827 2174 4895 Mediolani,
2202 4844 2331 4883 cum
2360 4832 2506 4885 esset
2535 4829 2892 4902 Baptismum
2922 4829 3295 4900 percepturus
3350 4836 3494 4878 anno
3520 4808 3696 4902 Christi

495 4919 702 4977 tesimo
733 4892 1080 4991 octogesimo
1108 4892 1352 4991 septimo
1392 4892 1660 4974 delibavit
1691 4916 1850 4987 (Vide
1869 4920 2104 4973 Retract.
2139 4892 2233 4971 lib.
2260 4921 2310 4984 l,
2332 4934 2455 4988 cap,
2481 4921 2556 4989 6),
2578 4892 2910 4991 quanquam
2922 4892 3132 4972 .czeteri
3159 4913 3435 4986 perierint
3463 4910 3609 4980 (nam
3653 4897 3709 4991 dt
3737 4892 3870 4991 Gl”?

496 5009 723 5077 matica,
750 4980 1034 5079 Principia
1066 4980 1402 5076 Dialecticse,
1452 4980 1787 5079 Categoriae,
1821 5010 1879 5061 et
1906 5006 2193 5076 Principia
2223 4980 2573 5071 Rhetoricis,
2594 4980 2731 5079 -qui
2752 4980 2911 5062 -libri
2960 5006 3110 5060 inter
3159 4980 3288 5075 ejus
3330 5015 3495 5073 Opera
3526 4993 3641 5050 sunt
3678 4980 3870 5079 haemi”

495 5097 731 5171 vulgati,
759 5096 1147 5168 supposititios
1168 5113 1287 5151 esse
1308 5096 1368 5152 in
1397 5096 1710 5169 appendice
1741 5074 2145 5162 ostendemus),
2178 5110 2272 5150 sex
2303 5095 2397 5150 isti
2442 5097 2510 5152 de
2537 5074 2759 5163 Musica,
2787 5097 2943 5167 iique
2968 5074 3326 5165 integerrimi
3348 5091 3415 5145 ad
3442 5102 3535 5142 nos
3560 5089 3707 5171 qulue
3730 5074 3867 5171 995i“:

496 5191 742 5254 nerunt;
774 5184 1086 5241 studiosius
1110 5185 1386 5240 nimirum
1409 5202 1439 5240 a
1469 5183 1715 5240 librariis
1743 5182 2033 5255 descripti,
2067 5198 2194 5237 cum
2220 5183 2335 5241 suis
2349 5185 2614 5240 omnibus
2628 5185 2882 5240 numeris
2894 5183 3139 5239 absoluti
3163 5181 3495 5253 prodiissent
3516 5168 3703 5225 circiter
3720 5158 3866 5255 ξιωξςξη

499 5236 742 5254 ..μ-ω,
775 5236 1081 5241 --π----η
1111 5236 1386 5240 --τ-----
1412 5236 1439 5240 η
1469 5236 1709 5240 ηψπ-η
2018 5236 2033 5251 ,
2358 5236 2877 5240 -ﬁ-___-_____--
3163 5236 3178 5253 ,
3248 5236 3287 5237 η

499 5276 731 5346 Christi,
763 5280 826 5331 ut
853 5276 1098 5342 videtur,
1131 5274 1594 5330 trecentesimum
1626 5273 2035 5347 octogesimum
2069 5288 2305 5340 nonum,
2339 5291 2452 5347 quo
2482 5280 2739 5346 tempore
2780 5279 2912 5346 post
2942 5272 3125 5329 editos
3150 5272 3323 5325 libros
3347 5269 3413 5323 de
3432 5257 3609 5356 Genesi
3630 5236 3867 5366 conligi:

497 5366 746 5422 nichaeos
813 5365 885 5421 iis
925 5362 1302 5438 perﬁciendis
1349 5363 1411 5418 in
1456 5363 1645 5418 Africa
1692 5380 1750 5419 se
1807 5362 2087 5419 vacavisse
2144 5334 2738 5431 innuitllAugust‘inus
2782 5334 2936 5414 libro
2990 5357 3177 5429 primo
3244 5346 3698 5438 Retractationum,
3741 5334 3828 5438 3:33:

501 5455 824 5514 undecimo.
880 5412 1024 5513 Eum
1080 5469 1256 5527 porro
1302 5452 1556 5525 dialogos
1602 5454 1768 5510 hosce
1816 5469 1945 5510 cum
2001 5450 2250 5509 Licentia
2299 5412 2564 5507 habuigsc
2608 5450 2801 5505 ferunt
2856 5412 3230 5519 manuscripti
3281 5440 3525 5516 plerique
3570 5428 3708 5485 ctiam
3754 5412 3861 5465 vetu-
