4098 6182
389 258 524 312 1083

385 377 597 445 modus,
629 381 705 446 et,
741 377 925 433 bonus.
973 381 1040 434 D.
1083 378 1421 434 Litterarum
1460 395 1598 434 sono
1629 380 1732 433 ista
1764 379 1926 434 video
1962 378 2078 434 dis-

387 483 642 540 crepare,
666 471 868 522 caetera
893 470 1086 521 autem
1101 467 1263 537 paria
1284 484 1423 522 esse.
1445 471 1518 524 Ill.
1545 468 1690 533 Quid
1707 471 1735 522 ?
1755 484 1883 522 cum
1903 484 2080 522 enun-

386 556 615 624 tiamus,
645 572 782 626 pone
815 556 1072 624 verbum,
1113 561 1171 609 et
1202 571 1342 625 pone
1375 556 1703 610 adverbium
1730 577 1744 622 ;
1773 561 1984 627 praeter
2019 556 2076 609 id

389 644 543 716 quod
583 643 922 716 significatio
958 644 1177 698 diversa
1207 648 1311 711 est,
1347 644 1488 699 nihil
1519 644 1622 699 tibi
1653 645 1876 699 videtur
1904 661 2078 698 sonus

389 732 643 787 distare?
686 735 749 787 D.
804 732 982 786 Distat
1028 732 1281 786 omnino.
1312 735 1387 787 Μ.
1423 734 1579 787 Unde
1618 733 1808 801 distat,
1852 749 1980 786 cum
2023 735 2080 786 et

387 821 592 876 iisdem
620 821 972 891 temporibus
1003 825 1334 892 utrumque,
1382 824 1437 875 et
1474 821 1676 876 iisdem
1713 821 1916 876 litteris
1947 837 2076 874 con-

385 908 540 962 stet?
558 911 621 962 D.
654 909 766 978 Ego
797 909 1004 963 distat‘
1032 910 1182 980 quod
1206 910 1264 963 in
1291 908 1525 964 diversis
1549 910 1684 964 locis
1710 910 1922 964 habent
1947 925 2078 963 acu-

389 1013 543 1051 men.
573 999 650 1051 M.
679 997 849 1068 Cujus
875 998 1104 1052 tandem
1136 998 1272 1052 artis
1299 1003 1385 1052 est
1409 999 1517 1052 ista
1537 998 1919 1069 dignoscere?
1944 1001 2007 1052 D.
2035 999 2080 1051 A

387 1085 774 1155 grammaticis
810 1086 932 1140 lltBC
979 1087 1176 1142 audire
1215 1088 1392 1155 soleo,
1425 1090 1481 1142 et
1509 1087 1586 1141 ibi
1619 1104 1685 1142 ea
1729 1087 1939 1154 didici;
1980 1087 2078 1140 sed

388 1178 586 1227 utrum
635 1174 740 1228 hoc
789 1175 1041 1244 ejusdem
1087 1176 1222 1230 artis
1262 1176 1333 1230 sit
1361 1177 1681 1246 proprium,
1728 1193 1801 1229 an
1851 1175 2078 1230 aliunde

387 1265 749 1333 usurpatum,
800 1262 1007 1317 nescio.
1057 1265 1130 1319 M.
1176 1265 1311 1318 Post
1358 1263 1464 1317 ista
1517 1263 1869 1318 videbimus:
1928 1279 2080 1318 nunc

383 1349 523 1404 illud
548 1367 766 1422 quaero,
790 1355 982 1405 utrum
1005 1351 1051 1405 si
1071 1356 1406 1422 tympanum
1428 1352 1513 1406 vel
1546 1353 1819 1407 chordam
1849 1351 1937 1406 bis
1956 1367 2079 1422 per-

386 1442 638 1493 cuterem
667 1443 785 1493 tam
815 1439 1022 1511 raptim
1054 1444 1106 1493 et
1143 1440 1410 1494 velociter
1440 1456 1613 1512 quam
1653 1457 1781 1494 cum
1810 1441 2080 1494 enuntia-

384 1543 513 1581 mus
558 1528 768 1595 modus,
806 1533 902 1583 aut
967 1530 1164 1596 bonus;
1220 1545 1561 1599 agnosceres
1617 1533 1674 1584 ct
1727 1528 1832 1582 tibi
1882 1529 2078 1582 eadem

386 1622 649 1688 tempora
689 1633 827 1684 esse,
878 1633 950 1670 an
997 1633 1136 1670 non.
1169 1620 1233 1672 D.
1285 1619 1687 1689 Agnoscerem.
1725 1620 1799 1673 Μ.
1841 1619 2078 1670 Vocares

389 1722 525 1776 ergo
575 1705 777 1777 pedem
832 1707 1242 1777 pyrrhichium.
1285 1710 1332 1762 D
1403 1709 1695 1761 Vocarem.
1746 1711 1816 1762 Μ.
1860 1707 2096 1760 Nomen'

388 1794 561 1864 hujus
589 1794 747 1866 pedis
790 1811 822 1848 a
861 1811 998 1866 quo,
1039 1795 1150 1849 nisi
1183 1813 1213 1849 a
1240 1795 1636 1866 grammatico,
1669 1794 1930 1850 didicisti.
1956 1795 1983 1847 ?
2013 1797 2076 1849 D.

392 1883 610 1938 Fateor.
645 1885 721 1938 M.
755 1885 900 1954 Ergo
943 1883 1011 1937 de
1047 1883 1312 1937 omnibus
1341 1884 1672 1955 hujusmodi
1705 1884 1857 1938 sonis
1891 1899 2079 1954 gram-

389 1971 631 2027 maticus
663 1971 982 2043 judicabit;
1015 1989 1088 2026 an
1129 1989 1234 2043 per
1261 1973 1506 2044 teipsum
1537 1972 1673 2027 istos
1707 1974 1903 2044 pulsus
1936 1972 2080 2028 didi-

390 2061 535 2124 cisti,
582 2061 677 2116 sed
708 2077 918 2115 nomen
958 2061 1109 2132 quod
1143 2061 1490 2133 imponeres,
1523 2079 1552 2116 a
1583 2062 1954 2133 grammatico
1983 2078 2082 2115 au-

390 2149 619 2204 dieras?
665 2153 728 2205 D.
779 2151 861 2205 Ita
908 2154 1008 2204 est.
1056 2153 1132 2206 Μ.
1191 2151 1257 2204 Et
1299 2167 1469 2205 ausus
1516 2167 1575 2204 es
1607 2167 1815 2204 nomen
1847 2150 1998 2222 quod
2029 2154 2083 2204 te

391 2238 761 2310 grammatica
785 2238 998 2308 docuit,
1025 2237 1331 2293 transferre
1351 2239 1419 2293 ad
1447 2254 1571 2293 eam
1602 2255 1745 2305 rem,
1773 2254 1945 2310 quam
1969 2253 2085 2292 non

389 2327 676 2398 pertinere
714 2328 782 2382 ad
813 2327 1242 2399 grammaticam
1277 2327 1612 2382 conﬁteris?
1648 2327 1720 2382 D.
1763 2327 1938 2382 Video
1967 2343 2085 2381 non

394 2415 466 2470 ob
493 2416 645 2470 aliud
689 2416 822 2486 pecli
854 2432 1063 2470 nomen
1095 2415 1444 2487 impositum,
1478 2433 1650 2487 quam
1689 2421 1924 2487 propter
1948 2419 2086 2470 tem-

394 2519 600 2575 porum
615 2503 1026 2559 dimensionem
1047 2524 1061 2572 ;
1086 2521 1256 2575 quam
1282 2504 1992 2576 ubicumque'cognovero,
2018 2521 2085 2557 eo

394 2593 702 2648 transferre
743 2593 883 2648 illud
928 2593 1265 2647 vocabulum
1304 2610 1403 2648 cur
1431 2609 1546 2648 non
1574 2592 1804 2648 audeo?
1841 2593 1948 2648 Sed
1983 2591 2087 2646 etsi

398 2665 510 2737 alia
552 2682 825 2736 vocabula
863 2686 995 2736 sunt
1022 2681 1389 2753 imponenda,
1422 2698 1550 2737 cum
1583 2682 1836 2752 ejusdem
1865 2681 2086 2736 dimen-

399 2769 578 2825 sionis
603 2771 726 2824 soni
757 2775 911 2837 sunt,
943 2771 1040 2825 sed
1063 2772 1133 2825 ad
1163 2772 1566 2840 grammaticos
1596 2774 1790 2824 tamen
1811 2786 1927 2824 non
1959 2784 2088 2840 per-

398 2859 614 2925 tinent;
640 2859 776 2930 quid
816 2859 959 2914 mihi
981 2863 1063 2914 est
1083 2859 1152 2914 de
1174 2859 1502 2914 nominibus
1531 2859 1812 2930 laborare,
1843 2874 1972 2913 cum
2001 2874 2091 2912 res

400 2951 598 3019 aperta
630 2947 702 3001 sit
729 2948 756 3002 Υ
809 2950 883 3003 Μ.
927 2949 1037 3003 Nec
1065 2965 1170 3020 ego
1207 2947 1267 3002 id
1304 2948 1434 3002 volo
1463 2965 1475 3002 :
1510 2949 1605 3003 sed
1637 2953 1826 3002 tamen
1856 2963 1983 3002 cum
2014 2945 2093 3000 vi-

401 3037 534 3092 deas
559 3035 1000 3090 innumerabilia
1029 3052 1240 3106 genera
1268 3053 1558 3105 sonorum,
1600 3036 1659 3091 in
1688 3037 1893 3108 quibus
1922 3041 2091 3090 certae

401 3123 787 3178 dimensiones
825 3123 1111 3177 observari
1144 3129 1397 3195 possunt,
1436 3141 1566 3196 quae.
1612 3141 1822 3195 genera
1851 3124 2094 3178 fatemur

403 3211 760 3283 grammatize
809 3211 1122 3281 disciplima
1170 3229 1287 3266 non
1335 3228 1456 3267 esse
1502 3213 1839 3280 tribuenda;
1900 3229 2092 3267 nonne

403 3315 598 3354 censes
620 3315 740 3352 esse
767 3298 935 3352 aliam
967 3299 1219 3370 aliquam
1245 3301 1624 3372 disciplinam,
1657 3317 1785 3372 qua:
1814 3301 2092 3372 quidquid

405 3388 466 3442 in
494 3387 824 3458 hujusmodi
845 3387 914 3442 sit
934 3387 1168 3443 vocibus
1189 3404 1560 3444 numerosum
1583 3389 2091 3460 artiﬁciosumque,

404 3475 738 3531 contineat?
766 3479 829 3530 D.
870 3475 1169 3532 Probabile
1211 3476 1354 3531 mihi
1383 3476 1626 3532 videtur.
1656 3479 1730 3531 Μ.
1773 3477 1933 3542 Quod
1974 3477 2095 3548 ejus

401 3581 521 3620 esse
552 3581 764 3620 nomen
811 3565 1145 3621 existimas?
1184 3567 1327 3621 Nam
1358 3565 1560 3637 opinor
1587 3583 1704 3621 non
1733 3565 1838 3621 tibi
1881 3582 2094 3620 novum

403 3670 522 3709 esse
562 3654 1038 3725 omnipotentiam
1092 3655 1400 3726 quamdam
1439 3655 1677 3710 canendi
1717 3654 1885 3710 Musis
1914 3655 2095 3709 solere

406 3743 659 3798 concedi.
693 3745 820 3798 Haec
841 3749 944 3814 est,
969 3744 1079 3798 nisi
1108 3743 1290 3810 fallor,
1315 3745 1413 3799 illa
1442 3761 1571 3816 quas
1601 3744 1806 3800 Musica
1835 3743 2095 3798 nomina-

402 3834 514 3886 tur.
549 3835 612 3886 D.
646 3833 710 3886 Et
740 3848 844 3902 ego
872 3833 1020 3887 hanc
1048 3848 1169 3888 esse
1200 3833 1480 3889 existimo.

479 3921 703 3974 CAPUT
735 3921 805 3975 II.
835 3951 904 3963 —-
933 3923 1145 3977 Musica
1175 3922 1309 3991 quid
1335 3924 1426 3976 sit.
1454 3920 1733 3976 Modulari
1757 3920 1892 3990 quid
1917 3923 2014 3976 sit.

475 4010 528 4062 2.
562 4009 637 4063 M.
684 4007 794 4062 Sed
827 4008 947 4079 jam
976 4010 1163 4081 placet
1191 4009 1353 4064 nobis
1382 4009 1451 4064 de
1480 4008 1713 4063 nomine
1741 4009 1979 4064 minime
2009 4010 2091 4063 1a-

405 4097 608 4153 borare
634 4114 646 4152 :
680 4097 848 4152 modo
876 4097 1257 4170 inquiramus,
1293 4098 1350 4152 si
1369 4097 1613 4165 videtur,
1645 4112 1818 4168 quam
1849 4097 2097 4168 diligen-

404 4186 622 4243 tissime
683 4201 1005 4257 possumus,
1058 4202 1288 4242 omnem
1355 4186 1528 4258 hujus
1584 4202 1960 4258 quascumque
2015 4191 2100 4241 est

410 4275 726 4347 disciplina:
755 4274 871 4329 vim
905 4279 1077 4346 atque
1107 4275 1404 4329 rationem.
1437 4279 1502 4330 D.
1536 4273 1897 4346 Inquiramus
1926 4289 2093 4327 sane:

407 4381 541 4420 nam
569 4365 679 4419 hoc
707 4367 889 4419 totum
918 4363 1199 4436 quidquid
1226 4367 1327 4431 est,
1357 4365 1600 4418 multum
1623 4379 1790 4418 nosse
1816 4362 2096 4419 desidero.

409 4455 485 4510 Μ.
539 4453 720 4508 Deﬁni
763 4469 901 4524 ergo
941 4452 1239 4507 musicam.
1283 4456 1348 4507 D.
1398 4453 1522 4506 Non
1577 4452 1775 4507 audeo.
1816 4453 1892 4506 Μ.
1932 4453 2101 4506 Potes

411 4542 611 4596 saltem
653 4541 1044 4596 deﬁnitionem
1092 4557 1280 4596 meam
1323 4541 1565 4612 probare
1590 4541 1618 4596 ?
1663 4543 1726 4596 D.
1769 4540 2099 4611 Experibor,

413 4629 463 4683 si
509 4629 735 4685 dixeris.
767 4633 841 4685 M.
889 4630 1096 4686 Musica
1146 4634 1232 4684 est
1269 4629 1505 4684 scientia
1546 4629 1692 4684 bene
1743 4628 2099 4698 modulandi,

411 4718 498 4771 An
525 4715 631 4770 tibi
678 4733 793 4771 non
831 4717 1099 4774 videtur?
1148 4721 1213 4773 D.
1264 4717 1563 4773 Videretur
1591 4717 1844 4785 fortasse,
1882 4717 1929 4771 si
1959 4716 2102 4772 mihi

411 4802 657 4874 liqueret
672 4804 809 4875 quid
835 4806 907 4860 sit
926 4805 1049 4878 ipsa
1073 4806 1410 4861 modulatio.
1445 4808 1516 4862 Μ.
1544 4805 1973 4877 Numquidnam
1995 4807 2104 4860 hoc

411 4892 649 4947 verbum
679 4893 832 4963 quod
864 4895 1146 4950 modulari
1171 4895 1398 4963 dicitur,
1429 4899 1529 4950 aut
1547 4910 1842 4966 nunquam
1871 4894 2102 4961 audisti,

411 4985 512 5036 aut
530 4980 755 5051 uspiam
775 4981 960 5037 nisiin
984 5000 1050 5038 eo
1075 4985 1230 5055 quod
1256 4985 1325 5039 ad
1345 4984 1688 5039 cantandum
1714 4984 2104 5039 saltandumve

410 5070 726 5143 pertineret
755 5071 783 5126 ?
819 5074 876 5126 D.
906 5073 989 5126 Ita
1018 5076 1102 5126 est
1130 5073 1390 5143 quidem:
1421 5073 1518 5128 sed
1546 5073 1681 5144 quia
1708 5073 1872 5127 video
1902 5072 2106 5126 modu-

413 5158 521 5214 lari
549 5177 583 5214 a
612 5160 784 5215 modo
814 5176 936 5216 esse
967 5160 1202 5230 dictum,
1233 5178 1364 5216 cum
1393 5161 1453 5216 in
1484 5161 1750 5216 omnibus
1773 5161 1918 5216 bene
1945 5161 2108 5215 factis

415 5250 620 5304 modus
651 5250 958 5305 servandus
989 5249 1079 5318 sit,
1119 5255 1178 5305 et
1227 5251 1406 5306 multa
1454 5250 1626 5305 etiam
1663 5250 1725 5304 in
1761 5249 2016 5303 canendo
2045 5265 2109 5302 ac

417 5338 674 5393 saltando
705 5339 964 5410 quamvis
993 5339 1294 5406 delectent,
1325 5339 1597 5394 vilissima
1621 5338 1768 5407 sint;
1803 5339 1932 5392 volo
1977 5338 2108 5407 ple-

418 5426 651 5481 nissime
678 5427 929 5500 accipere
952 5428 1090 5500 quid
1116 5444 1352 5499 prorsus
1381 5427 1452 5483 sit
1478 5427 1600 5499 ipsa
1628 5425 1965 5494 modulatio,
1994 5441 2108 5498 quo

486 5527 498 5561 ¹
525 5527 756 5585 Distant,
783 5527 934 5590 juxta
962 5527 1052 5578 Cd.
1087 5528 1207 5575 Mss.
1246 5526 1284 5576 Α
1309 5529 1359 5574 et
1393 5525 1510 5575 edd.
1539 5526 1622 5575 Er.
1651 5525 1817 5587 Lugd.
1886 5525 1952 5573 Μ.

1639 259 1734 313 DE
1771 257 2056 325 MUSICA,
2099 256 2152 313 S.
2198 255 2582 314 AUGUSTINI

3715 269 3816 320 1084

2186 395 2302 434 uno
2331 395 2477 450 pene
2509 379 2680 434 verbo
2705 381 2879 434 tantm
2907 377 3226 450 disciplinae
3253 379 3504 436 deﬁnitio
3532 384 3817 441 continetur.

2189 469 2315 522 Non
2347 468 2500 522 enim
2531 469 2642 522 tale
2674 468 2890 539 aliquid
2921 467 3014 522 hic
3051 467 3384 524 discendum
3423 474 3521 538 est,
3550 474 3698 543 quale
3723 475 3820 546 qui-

2187 557 2325 610 libet
2351 561 2608 610 cantores
2645 556 3069 628 histrionesque
3106 562 3406 612 noverunt.
3437 561 3507 614 Μ.
3538 561 3664 615 Illud
3690 579 3822 632 supe-

2188 645 2325 707 rius,
2369 645 2520 716 quod
2557 644 2616 698 in
2649 645 2918 700 omnibus
2955 645 3128 700 etiam
3166 651 3378 717 prmter
3415 648 3669 704 musicam
3697 651 3823 704 factis

2187 733 2392 787 modus
2430 733 2739 788 servandus
2771 737 2876 802 est,
2908 737 2964 788 et
2993 738 3185 788 tamen
3217 735 3278 788 in
3318 735 3529 789 musica
3565 738 3824 793 modulatio

2187 821 2413 889 dicitur,
2446 838 2561 876 non
2592 827 2646 876 te
2676 827 2934 890 moveat;
2972 822 3082 876 nisi
3110 822 3254 876 forte
3303 823 3528 893 ignoras
3573 824 3824 880 dictionem

2186 910 2423 964 oratoris
2451 911 2680 982 proprie
2707 910 3011 965 nominari.
3048 913 3110 965 D.
3147 912 3271 965 Non
3301 911 3502 982 ignoro
3528 928 3541 966 :
3573 913 3661 968 sed
3686 930 3824 984 quor-

2187 1016 2314 1054 sum
2339 999 2517 1055 istuc?
2547 1001 2622 1054 Μ.
2659 999 2802 1064 Quia
2830 1004 2886 1054 et
2914 1015 3060 1070 puer
3092 1005 3223 1054 tuus
3244 1001 3558 1072 quamlibet
3581 1002 3827 1073 impolitis-

2185 1089 2363 1142 simus
2383 1092 2440 1142 et
2455 1087 2879 1155 rusticissimus,
2905 1104 3035 1142 cum
3055 1089 3145 1142 vel
3165 1105 3282 1142 uno
3310 1089 3481 1143 verbo
3505 1089 3825 1162 interroganti

2185 1177 2290 1231 tibi
2318 1177 2645 1247 respondet,
2679 1177 2872 1231 fateris
2902 1193 3034 1231 eum
3062 1177 3279 1248 aliquid
3309 1178 3532 1232 dicere?
3561 1182 3616 1234 ι).
3649 1181 3824 1233 Fateor.

2186 1267 2261 1320 Μ.
2283 1267 2428 1336 Ergo
2452 1269 2507 1319 et
2526 1265 2621 1319 ille
2642 1269 2835 1319 orator
2853 1265 2972 1319 est?
2991 1268 3052 1320 D.
3077 1266 3222 1331 Non,
3249 1267 3325 1320 M.
3357 1266 3656 1337 Nonigitur
3673 1267 3826 1321 dictio-

2188 1370 2260 1408 ne
2289 1369 2426 1407 usus
2451 1356 2535 1407 est
2563 1369 2691 1407 cum
2721 1352 2938 1423 aliquid
2968 1352 3194 1420 dixerit,
3229 1354 3486 1424 quamvis
3514 1354 3780 1408 dictionem
3805 1373 3826 1408 a

2188 1442 2427 1496 dicendo
2448 1440 2654 1496 dictam
2680 1457 2799 1495 esse
2817 1441 3117 1497 fateamur.
3150 1445 3213 1496 D.
3244 1442 3500 1496 Concedo
3527 1459 3538 1496 :
3574 1443 3664 1496 sed
3683 1443 3829 1497 ethoc

2188 1544 2301 1598 quo
2330 1527 2613 1598 pertineat
2641 1527 2890 1598 requiro.
2930 1529 3001 1581 Μ.
3036 1527 3118 1582 Λᾶ
3157 1526 3216 1581 id
3247 1527 3463 1582 scilicet
3493 1534 3555 1583 ut
3590 1529 3829 1599 intelligas

2188 1616 2640 1671 modulationem
2686 1632 2851 1686 posse
2897 1616 2966 1670 ad
3015 1616 3192 1670 solam
3246 1617 3520 1671 musicam
3568 1618 3826 1687 pertinere,

2188 1704 2446 1776 quamvis
2467 1704 2669 1758 modus
2690 1703 2842 1758 unde
2865 1704 3073 1758 ﬂexum
3100 1705 3337 1759 verbum
3375 1711 3477 1774 est,
3513 1706 3672 1776 possit
3697 1706 3829 1759 etiam

2191 1795 2249 1849 in
2267 1792 2390 1847 aliis
2403 1793 2572 1847 rebus
2589 1808 2709 1846 esse
2726 1809 2738 1846 :
2755 1792 3237 1863 quemadmodum
3255 1793 3430 1847 dictio
3446 1793 3661 1864 proprie
3680 1793 3832 1846 tribui-

2191 1887 2283 1938 tur
2307 1882 2652 1950 oratoribus,
2685 1880 2944 1952 quamvis
2967 1881 3114 1935 dicat
3137 1881 3357 1952 aliquid
3383 1881 3564 1935 omnis
3587 1881 3674 1952 qui
3692 1879 3832 1951 loqui-

2190 1978 2304 2041 tur,
2331 1977 2386 2026 et
2405 1989 2438 2025 a
2465 1970 2734 2026 discendo
2759 1970 2925 2025 dictio
2947 1970 3242 2024 nominata
3267 1971 3360 2025 sit.
3387 1975 3447 2025 D.
3468 1972 3585 2025 Jam
3603 1969 3828 2038 intelligo.
3913 2027 3915 2030 Μ

2263 2064 2313 2116 3.
2338 2063 2415 2117 Μ.
2441 2060 2586 2114 Illud
2615 2076 2750 2130 ergo
2770 2059 2924 2131 quod
2949 2059 3046 2113 abs
3067 2064 3120 2112 te
3136 2062 3338 2130 postea
3360 2059 3568 2113 dictum
3587 2061 3678 2125 est,
3695 2057 3833 2112 multa

2193 2166 2312 2205 esse
2339 2149 2398 2204 in
2421 2148 2672 2203 canendo
2697 2152 2752 2202 et
2780 2148 3040 2202 saltando
3063 2147 3216 2213 vilia,
3250 2147 3308 2201 in
3339 2147 3546 2219 quibus
3565 2147 3610 2200 si
3632 2145 3833 2200 modula-

2192 2236 2365 2292 tionis
2402 2253 2611 2291 nomen
2653 2234 2982 2306 accipimus,
3027 2251 3172 2306 pene
3211 2235 3407 2290 divina
3448 2236 3549 2290 ista
3588 2234 3832 2305 disciplina

2192 2325 2441 2392 vilescit;
2476 2324 2800 2380 cautissime
2823 2324 3056 2378 omnino
3088 2325 3188 2378 abs
3213 2327 3267 2379 te
3299 2325 3733 2379 animadversum
3755 2327 3829 2376 est.

2194 2416 2388 2486 Itaque
2409 2413 2780 2468 discutiamus
2800 2413 3053 2484 primum
3083 2413 3220 2486 quid
3247 2414 3318 2468 sit
3349 2414 3645 2480 modulari,
3673 2410 3832 2466 deinde

2195 2502 2333 2574 quid
2361 2501 2433 2556 sit
2458 2500 2605 2555 bene
2640 2500 2956 2555 modulari:
2989 2517 3105 2554 non
3145 2499 3301 2555 enim
3341 2502 3552 2556 frustra
3579 2505 3654 2555 est
3677 2497 3833 2554 deﬁni-

2193 2591 2335 2645 tioni
2367 2589 2649 2644 additum.
2683 2591 2976 2643 Postremo
3007 2588 3174 2644 etiam
3207 2589 3363 2660 quod
3407 2589 3484 2644 ibi
3524 2587 3736 2643 scientia
3757 2601 3832 2656 po-

2198 2680 2306 2733 sita
2333 2682 2436 2745 est,
2469 2694 2586 2732 non
2619 2681 2702 2731 est
2721 2678 3204 2732 contemnendum
3227 2694 3241 2732 :
3269 2693 3408 2732 nam
3438 2678 3524 2731 his
3551 2678 3730 2740 tribus,
3757 2672 3836 2728 nisi

2197 2768 2384 2837 fallor,
2420 2765 2678 2821 deﬁnitio
2708 2766 2805 2820 illa
2830 2767 3078 2838 perfecta
3107 2769 3215 2820 est.
3254 2770 3318 2821 D.
3353 2768 3441 2822 Ita
3468 2767 3578 2821 ﬁat.
3604 2768 3669 2820 Μ.
3701 2763 3837 2834 Igitur

2199 2856 2469 2929 quoniam
2499 2855 2746 2910 fatemur
2773 2855 3219 2910 modulationem
3241 2872 3274 2910 a
3293 2857 3466 2911 modo
3488 2871 3600 2910 esse
3627 2852 3836 2909 nomina-

2197 2950 2344 3012 tam;
2393 2943 2812 3015 numquidnam
2860 2943 2966 2997 tibi
3011 2943 3235 2998 videtur
3281 2943 3644 2999 metuendum
3684 2956 3742 2996 ne
3764 2943 3835 2993 aut

2200 3033 2504 3089 excedatur
2551 3032 2774 3098 modus,
2807 3035 2908 3086 aut
2945 3047 3065 3086 non
3111 3031 3426 3103 impleatur
3474 3031 3577 3087 nisi
3619 3032 3673 3085 in
3708 3029 3835 3083 rebus

2200 3140 2329 3194 qua:
2358 3125 2516 3177 motu
2545 3121 2738 3192 aliquo
2765 3119 2948 3175 ﬁunt?
2980 3124 3079 3175 aut
3109 3120 3158 3174 si
3185 3120 3333 3176 nihil
3361 3126 3659 3188 moveatur,
3683 3131 3832 3189 possu-

2200 3229 2329 3267 mus
2347 3211 2655 3266 formidare
2679 3225 2751 3263 ne
2771 3214 2982 3279 praeter
2995 3209 3231 3264 modum
3254 3210 3472 3282 aliquid
3491 3209 3617 3265 ﬁat?
3634 3211 3691 3264 1).
3710 3203 3832 3261 Nullo

2201 3303 2385 3373 pacto.
2419 3302 2492 3354 Μ.
2523 3300 2667 3368 Ergo
2709 3298 3022 3353 modulatio
3054 3314 3167 3352 non
3195 3298 3513 3370 incongrue
3542 3297 3722 3353 dicitur
3743 3307 3830 3347 mo-

2200 3389 2368 3444 vendi
2407 3387 2672 3460 quasdam
2709 3385 2934 3457 peritia,
2972 3387 3059 3440 vel
3099 3389 3250 3441 certe
3285 3404 3401 3458 qua
3431 3387 3494 3442 tit
3520 3390 3581 3441 ut
3609 3386 3732 3440 bene
3752 3379 3830 3434 ali-

2203 3477 2340 3549 quid
2370 3479 2684 3530 moveatur.
2720 3476 2844 3530 Non
2875 3474 3032 3529 enim
3060 3491 3370 3545 possumus
3399 3477 3577 3531 dicere
3603 3475 3724 3529 bene
3747 3483 3833 3522 mo-

2201 3564 2321 3620 veri
2349 3564 2588 3634 aliquid,
2621 3563 2666 3616 si
2696 3563 2932 3618 modum
2963 3579 3079 3617 non
3109 3568 3316 3618 servat.
3351 3568 3417 3620 D.
3453 3565 3568 3619 Non
3596 3569 3830 3633 possumus

2204 3653 2470 3725 quidem:
2513 3653 2606 3706 sed
2640 3667 2868 3706 necesse
2896 3651 3005 3706 erit
3029 3637 3224 3706 rursus
3250 3652 3422 3707 istam
3449 3649 3831 3707 modulationem

2203 3743 2263 3796 in
2292 3741 2556 3796 omnibus
2585 3741 2731 3796 bene
2765 3740 2925 3795 factis
2963 3739 3305 3811 intelligere.
3351 3741 3500 3796 Nihil
3544 3739 3729 3812 quippe
3755 3728 3831 3786 nisi

2203 3831 2349 3885 bene
2380 3828 2682 3895 movendo,
2714 3829 2859 3883 bene
2889 3827 3016 3881 ﬁeri
3045 3827 3231 3882 video.
3264 3830 3341 3882 Μ.
3375 3828 3519 3893 Quid
3545 3827 3589 3880 si
3613 3825 3734 3880 forte
3754 3821 3831 3874 ista

2202 3918 2395 3973 omnia
2427 3934 2529 3990 per
2557 3903 2834 3972 musicam
2869 3916 3027 3983 fiant,
3062 3916 3325 3988 quamvis
3354 3912 3730 3971 modulationis
3753 3923 3830 3961 no-

2206 4024 2335 4062 men
2365 4007 2425 4060 in
2469 4002 2892 4077 cujuscemodi‘
2919 4005 3151 4076 organis
3197 4006 3386 4076 magis
3427 4003 3615 4060 tritum
3657 4001 3732 4066 sit,
3763 4008 3832 4049 nec

2205 4095 2534 4151 immerito?
2561 4096 2703 4149 Nam
2732 4094 2903 4149 credo
2939 4093 3117 4148 videri
3147 4093 3252 4148 tibi
3281 4094 3439 4149 aliud
3469 4108 3584 4147 esse
3605 4089 3832 4144 tornatam

2206 4185 2420 4257 aliquid
2449 4184 2729 4255 ligneum,
2749 4183 2837 4236 vel
2865 4186 3224 4253 argenteum,
3246 4184 3334 4236 vel
3367 4183 3585 4253 cujusce
3606 4172 3830 4233 materia;

2205 4274 2361 4328 aliud
2391 4276 2583 4328 autem
2611 4272 2799 4342 ipsum
2828 4275 3050 4325 motum
3088 4270 3344 4338 artiﬁcis,
3378 4286 3504 4326 cum
3536 4269 3625 4322 illa
3656 4270 3831 4318 toruau-

2205 4368 2318 4419 tur.
2349 4366 2412 4417 D.
2440 4360 2735 4416 Asseutior
2776 4360 3021 4414 multum
3069 4359 3317 4414 differre.
3353 4361 3428 4415 M.
3480 4349 3831 4426 Numquidnam

2207 4467 2345 4522 ergo
2375 4452 2496 4520 ipse
2527 4453 2716 4504 motus
2746 4453 2978 4521 propter
3005 4463 3064 4504 se
3095 4449 3398 4519 appetitur,
3435 4453 3492 4502 et
3523 4461 3630 4500 non
3655 4440 3834 4512 propter

2208 4540 2265 4595 id
2297 4540 2449 4612 quod
2482 4539 2604 4593 vult
2648 4553 2769 4593 esse
2811 4537 3142 4592 tornatum?
3164 4540 3228 4592 Β.
3283 4537 3628 4592 Manifestum
3661 4533 3749 4584 est.
3778 4522 3828 4577 Η·

2210 4628 2358 4694 Quid
2371 4629 2400 4682 ‘?
2422 4627 2468 4681 si
2487 4626 2744 4680 membra
2756 4642 2871 4681 non
2887 4626 2960 4681 ob
2978 4625 3135 4680 aliud
3156 4630 3432 4692 moveret,
3451 4623 3559 4679 nisi
3580 4625 3635 4675 ut
3652 4613 3832 4703 pulchre

2209 4733 2273 4772 ac
2289 4717 2491 4772 decore
2513 4719 2892 4782 moverentur,
2923 4731 3054 4768 eum
3084 4714 3268 4768 facere
3295 4714 3448 4769 aliud
3470 4711 3572 4767 nisi
3590 4709 3759 4763 saltare
3774 4698 3832 4753 di-

2209 4806 2508 4861 ceremus?
2535 4807 2600 4860 D.
2633 4805 2718 4858 Ita
2751 4803 2990 4858 videtur.
3019 4804 3090 4857 Μ.
3129 4802 3369 4867 Quando
3401 4817 3531 4872 ergo
3565 4809 3732 4852 censes
3757 4787 3830 4841 ali-

2212 4910 2384 4966 quam
2396 4909 2519 4948 rem
2537 4896 2809 4964 praestare
2830 4896 2888 4947 et
2909 4892 3072 4964 quasi
3092 4890 3414 4947 dominari9
3436 4905 3561 4944 cum
3573 4887 3831 4966 proptersej

2213 4964 2414 5055 ipsam,
2441 4998 2513 5036 an
2536 4997 2666 5036 cum
2691 4985 2927 5052 propter
2947 4981 3098 5036 aliud
3131 4980 3453 5051 appetitur?
3482 4981 3538 5033 D.
3567 4972 3686 5039 Quis
3709 4964 3835 5060 negti

2212 5089 2343 5128 cum
2371 5075 2608 5143 propter
2633 5070 2916 5140 seipsam?
2944 5072 3018 5126 Μ.
3054 5071 3265 5140 Repete
3296 5084 3447 5122 nunc
3476 5063 3605 5119 illud
3633 5063 3834 5127 supenus

2214 5162 2366 5234 quod
2393 5161 2462 5215 de
2494 5159 2878 5215 modulatione
2903 5158 3185 5213 diximus:
3217 5173 3353 5212 nam
3383 5156 3461 5210 ita
3481 5168 3598 5208 eam
3624 5154 3837 5234 posuere-

2215 5267 2360 5318 mus,
2391 5249 2553 5320 quasi
2600 5248 2905 5319 quamdam
2937 5247 3207 5301 movendi
3233 5262 3350 5300 esse
3380 5242 3649 5315 peritiam,
3676 5237 3720 5286 et
3744 5223 3833 5320 rule

2215 5338 2316 5393 ubi
2337 5315 2519 5409 magis
2541 5315 2750 5391 habere
2772 5335 2965 5390 sedem
2976 5335 3180 5390 debeat
3197 5335 3302 5389 hoc
3317 5345 3552 5387 nomen:
3571 5326 3624 5380 in
3645 5337 3701 5376 eo
3717 5315 3835 5409 mou}

2217 5427 2318 5501 qui
2345 5402 2499 5482 velut
2526 5426 2672 5482 liber
2701 5429 2804 5494 est,
2836 5424 2898 5482 id
2927 5429 3010 5481 est
3037 5429 3273 5497 prepter
3302 5439 3361 5476 se
3391 5421 3510 5491 ipse
3538 5402 3834 5505 appetiturf‘

2283 5529 2294 5560 '
2324 5525 2406 5574 Sic
2428 5526 2522 5578 M8.
2545 5526 2610 5585 B;
2633 5531 2684 5575 at
2705 5525 2798 5574 Ms.
2823 5524 2882 5584 Α,
2904 5496 3301 5588 hujusce-modi.
3325 5517 3452 5568 Edd.
3472 5496 3830 5577 ejus'cemodi-M-
