4098 6182
272 247 401 299 1085

262 384 366 441 per
385 384 444 424 se
464 368 586 440 ipse
606 368 877 436 delectat;
902 384 975 424 an
996 370 1055 424 in
1084 386 1152 424 eo
1174 369 1273 441 qui
1298 368 1470 424 servit
1489 368 1915 441 quodammodo
1941 384 1954 424 :

262 473 398 511 nam
422 457 585 529 quasi
616 458 867 512 serviunt
895 459 1086 513 omnia
1117 475 1244 529 quae
1280 474 1397 512 non
1434 458 1543 513 sibi
1571 462 1722 519 sunt,
1756 458 1854 512 sed
1885 456 1959 511 ad

262 547 477 617 aliquid
506 547 657 601 aliud
684 547 1026 601 referuntur.
1060 551 1121 602 D.
1158 549 1222 601 In
1253 563 1320 601 eo
1355 547 1571 601 scilicet
1596 546 1696 617 qui
1723 550 1961 617 propter

260 651 321 689 se
353 636 657 706 appetitur.
690 638 763 690 M.
800 637 944 705 Ergo
976 635 1274 689 scientiam
1312 635 1649 689 modulandi
1675 635 1797 705 jam
1826 650 1956 706 pro-

259 723 447 777 babile
478 727 561 777 est
589 740 709 778 esse
743 723 1038 778 scientiam
1068 725 1213 777 bene
1243 723 1542 789 movendi;
1568 724 1649 777 ita
1677 728 1743 777 ut
1772 727 1958 775 motus

259 827 365 882 per
393 827 450 866 se
490 812 612 881 ipse
653 816 975 882 appetatur,
1023 816 1193 883 atque
1232 812 1303 866 ob
1339 813 1443 865 hoc
1479 827 1583 881 per
1621 826 1679 865 se
1707 811 1828 881 ipse
1859 810 1956 863 de-

259 900 445 954 lectet.
479 903 544 954 D.
578 900 876 955 Probabile
909 918 1061 955 sane.

262 988 487 1043 CAPUT
526 990 622 1043 III.
651 1019 721 1029 ——
762 992 898 1044 Bene
939 990 1211 1044 modulari
1239 990 1375 1058 quid
1402 991 1495 1058 sit,
1526 992 1577 1042 et
1613 1003 1709 1043 cur
1748 990 1805 1041 in
1831 1002 1955 1041 mu-

736 1080 859 1132 sicae
888 1078 1194 1148 deﬁnitione
1216 1081 1475 1147 positum.

332 1168 385 1221 4.
416 1165 492 1219 Μ.
527 1166 640 1221 Cur
678 1182 814 1237 ergo
854 1167 1110 1221 additum
1151 1171 1254 1231 est,
1296 1167 1475 1233 bene;
1519 1181 1650 1221 cum
1684 1166 1801 1236 jam
1833 1164 1958 1234 ipsa

261 1255 571 1309 modulatio
607 1255 715 1309 nisi
760 1256 906 1310 bene
946 1260 1259 1322 moveatur,
1305 1272 1425 1309 esse
1470 1271 1587 1309 non
1633 1255 1849 1325 possit?
1887 1257 1951 1308 D.

261 1343 480 1410 Nescio,
513 1347 570 1397 et
602 1344 1093 1414 quemadmodum
1132 1343 1275 1398 mihi
1308 1348 1569 1415 ereptum
1599 1342 1670 1396 sit
1698 1342 1904 1412 ignoro
1939 1358 1952 1396 :

261 1447 397 1486 nam
444 1432 551 1485 hoc
597 1432 1007 1503 requirendum
1052 1432 1242 1486 animo
1288 1434 1550 1486 haeserat.
1599 1434 1673 1487 M.
1729 1434 1958 1485 Poterat

261 1520 499 1575 omnino
532 1521 689 1574 nulla
718 1522 787 1575 de
824 1522 929 1575 hoc
959 1522 1129 1575 verbo
1160 1521 1539 1574 controversia
1557 1521 1714 1587 .tieri,
1748 1524 1812 1573 ut
1833 1520 1956 1590 jam

259 1608 537 1663 musicam
564 1610 787 1663 sublato
819 1626 886 1663 eo
925 1610 1081 1680 quod
1111 1609 1359 1681 positum
1395 1614 1499 1677 est,
1531 1610 1697 1676 bene,
1730 1613 1956 1662 tantum

260 1698 559 1752 scientiam
586 1699 923 1752 modulandi
944 1699 1333 1753 deﬁniremus.
1357 1702 1421 1752 Ι).
1446 1698 1581 1762 Quis
1612 1698 1762 1751 enim
1790 1698 1954 1766 ferat,

260 1786 308 1840 si
356 1786 602 1840 enodare
650 1790 833 1840 totum
879 1787 957 1840 ita
1004 1787 1184 1840 velis?
1223 1789 1293 1842 M.
1342 1787 1547 1841 Musica
1591 1791 1673 1840 est
1722 1785 1957 1839 scientia

258 1875 405 1930 bene
434 1874 719 1931 movendi.
747 1875 857 1929 Sed
887 1874 1022 1945 quia
1050 1875 1193 1929 bene
1218 1875 1429 1929 moveri
1453 1876 1576 1945 jam
1607 1874 1717 1928 dici
1748 1878 1951 1945 potest,

261 1963 539 2035 quidquid
568 1979 871 2018 numerose
911 1964 1141 2017 servatis
1168 1968 1492 2034 temporum
1521 1962 1539 1996 ί
1578 1968 1747 2035 atque
1776 1963 1956 2016 inter-

258 2052 541 2106 vallorum
571 2052 1024 2107 dimensionibus
1053 2057 1315 2107 movetur
1344 2053 1480 2123 (jam
1508 2052 1662 2107 enim
1693 2052 1955 2121 delectat,

262 2146 319 2196 et
340 2142 412 2195 ob
441 2142 548 2196 hoc
569 2142 882 2196 modulatio
912 2158 1030 2196 non
1059 2142 1371 2212 incongrue
1383 2143 1504 2213 jam
1524 2142 1770 2211 vocatur)
1794 2158 1806 2209 ;
1831 2141 1956 2195 ﬁeri

260 2234 453 2285 autem
483 2235 690 2301 potest,
718 2235 783 2285 ut
811 2231 919 2285 ista
949 2232 1329 2286 numerositas
1357 2236 1528 2302 atque
1553 2231 1833 2285 dimensio
1864 2231 1957 2284 de-

261 2320 450 2385 lectet,
483 2320 711 2390 quando
743 2335 860 2373 non
891 2336 1032 2390 opus
1062 2324 1175 2387 est;
1198 2325 1264 2374 ut
1294 2320 1340 2373 si
1361 2321 1487 2391 quis
1509 2319 1840 2374 suavissime
1870 2335 1958 2372 ca-

259 2424 425 2473 nens,
459 2413 515 2461 et
542 2408 777 2479 pulchre
813 2409 1045 2477 saltans,
1093 2408 1227 2462 velit
1252 2425 1320 2463 eo
1358 2409 1483 2480 ipso
1522 2408 1793 2475 lascivire,
1826 2424 1955 2462 cum

260 2512 353 2549 res
377 2496 735 2550 severitatem
761 2496 1045 2551 desiderat
1072 2512 1083 2549 :
1112 2512 1229 2550 non
1249 2497 1396 2551 bene
1418 2496 1619 2568 utique
1648 2512 1959 2552 numerosa

263 2584 652 2639 modulatione
684 2584 892 2651 utitur;
919 2584 973 2639 id
1004 2589 1087 2639 est
1116 2601 1182 2639 ea
1202 2585 1455 2640 motione
1478 2602 1608 2657 quae
1629 2586 1752 2656 jam
1782 2586 1952 2653 bona,

262 2690 330 2727 ex
360 2689 426 2726 eo
459 2673 595 2744 quia
625 2689 933 2727 numerosa
964 2676 1067 2740 est,
1099 2673 1209 2727 dici
1235 2677 1441 2744 potest,
1468 2675 1613 2728 male
1644 2675 1761 2741 ille,
1785 2674 1843 2728 id
1873 2678 1959 2729 est

262 2761 708 2831 incongruenter
738 2761 936 2816 utitur.
972 2762 1130 2815 Unde
1173 2762 1327 2816 aliud
1357 2767 1441 2816 est
1469 2762 1772 2829 modulari,
1805 2762 1957 2817 aliud

262 2849 409 2902 bene
431 2849 732 2903 modulari.
759 2850 900 2903 Nam
930 2850 1240 2905 modulatio
1265 2851 1333 2905 ad
1365 2851 1624 2922 quemvis
1643 2856 1955 2917 cantorem,

262 2941 489 2991 tantum
522 2937 621 3009 qui
651 2954 766 2992 non
792 2943 941 2992 erret
972 2938 1029 2992 in
1057 2938 1171 2992 illis
1199 2938 1653 2994 dimensionibus
1672 2956 1874 2993 vocum
1896 2955 1960 2993 ac

265 3042 538 3081 sonorum
560 3047 576 3095 ;
596 3028 747 3082 bona
775 3043 906 3082 vero
931 3028 1246 3083 modulatio
1264 3029 1333 3083 ad
1355 3030 1501 3083 hanc
1526 3029 1822 3083 liberalem
1844 3028 1959 3082 dis-

264 3114 558 3185 ciplinam,
582 3115 640 3169 id
666 3120 749 3170 est
768 3115 839 3170 ad
870 3115 1166 3183 musicam,
1193 3116 1482 3186 pertinere
1502 3117 1833 3171 arbitranda
1853 3121 1957 3171 est.

265 3203 430 3266 Quod
460 3203 507 3257 si
536 3219 639 3258 nec
674 3204 771 3258 illa
800 3204 952 3258 bona
981 3204 1085 3257 tibi
1116 3204 1295 3258 motio
1333 3204 1571 3267 videtur,
1618 3221 1685 3259 ex
1717 3220 1783 3259 eo
1826 3204 1961 3275 quia

264 3290 461 3361 inepta
481 3296 585 3361 est,
600 3294 857 3363 quamvis
877 3292 1179 3347 artiﬁciose
1196 3309 1561 3347 numerosam
1584 3310 1703 3347 esse
1718 3294 1957 3360 fateare;

264 3382 561 3434 teneamus
586 3379 726 3434 illud
756 3385 1035 3446 nostrum,
1060 3381 1211 3451 quod
1242 3381 1455 3451 ubique
1480 3382 1821 3435 servandum
1853 3385 1956 3448 est,

265 3484 338 3522 ne
364 3472 652 3522 certamen
696 3468 873 3535 verbi,
914 3485 976 3523 re
1013 3469 1150 3523 satis
1193 3470 1473 3536 elucente,
1515 3486 1620 3524 nos
1660 3475 1957 3540 torqueat;

264 3555 527 3627 nihilque
554 3572 839 3623 curemus,
866 3561 1062 3611 utrum
1092 3558 1311 3612 musica
1338 3556 1692 3624 modulandi,
1715 3575 1787 3611 an
1817 3560 1962 3613 bene

263 3644 605 3699 modulandi
629 3645 861 3699 scientia
884 3645 1253 3702 describatur.
1276 3650 1339 3702 D.
1377 3648 1521 3701 Amo
1552 3647 1786 3719 quidem
1813 3647 1963 3701 rixas

263 3733 571 3788 verborum
614 3734 909 3804 praeterire
961 3740 1130 3806 atque
1170 3739 1557 3803 contemnere,
1608 3753 1725 3791 non
1770 3742 1964 3791 tamen

262 3820 410 3875 mihi
440 3821 700 3892 displicet
727 3822 835 3876 ista
858 3821 1168 3878 distinctio.

265 3911 491 3966 CAPUT
516 3912 605 3965 IV.
629 3940 698 3950 --
718 3911 953 3967 Scientia
970 3926 1066 3965 cur
1085 3914 1144 3966 in
1160 3915 1376 3968 musica)
1397 3913 1703 3983 deﬁnitione
1716 3916 1960 3983 ponitur.

338 4002 389 4053 5,
421 4001 497 4053 Μ.
544 4000 734 4053 Restat
782 4004 848 4053 ut
895 4016 1220 4071 quaeramus
1266 4018 1367 4056 cur
1410 4002 1481 4058 sit
1526 4003 1585 4057 in
1632 4002 1966 4058 definitione

264 4085 524 4144 scientia.
559 4091 621 4143 D.
654 4090 741 4142 Ita
770 4088 870 4142 ﬁat
902 4104 916 4142 :
947 4105 1081 4143 nam
1120 4090 1227 4144 hoc
1260 4090 1521 4162 ﬂagitare
1552 4091 1811 4145 ordinem
1840 4107 1966 4146 me-

266 4175 433 4231 mini.
466 4178 539 4232 M.
573 4178 875 4247 Responde
919 4177 1115 4247 igitur,
1147 4182 1343 4233 utrum
1382 4179 1485 4233 tibi
1527 4179 1788 4234 videatur
1821 4181 1966 4234 bene

265 4265 554 4319 modulari
589 4281 788 4319 vocem
818 4266 1059 4320 luscinia
1101 4283 1275 4321 verna
1310 4272 1472 4336 parte
1511 4267 1647 4321 anni
1681 4284 1694 4321 :
1736 4284 1872 4321 nam
1911 4272 1968 4323 et

267 4368 610 4408 numerosus
640 4359 726 4407 est
752 4356 807 4407 et
834 4353 1204 4408 suavissimus
1231 4355 1327 4408 ille
1356 4360 1576 4421 cantus,
1609 4360 1684 4422 et,
1719 4356 1826 4409 nisi
1854 4356 1967 4410 fal-

265 4441 377 4508 lor,
408 4442 656 4512 tempori
683 4442 963 4511 congruit.
1008 4446 1070 4496 D.
1115 4442 1351 4497 Videtur
1393 4444 1648 4498 omnino.
1679 4446 1754 4500 M.
1790 4445 1966 4499 Num-

266 4529 547 4601 quidnam
568 4530 818 4584 liberalis
838 4531 1008 4601 hujus
1031 4530 1346 4602 disciplinae
1368 4531 1551 4603 perita
1582 4535 1705 4587 est?
1728 4536 1792 4588 D.
1820 4535 1964 4589 Non.

263 4620 341 4672 Μ.
378 4617 543 4671 Vides
572 4618 749 4689 igitur
778 4635 988 4673 nomen
1021 4619 1267 4674 scientia:
1306 4619 1629 4675 deﬁnitioni
1662 4638 1965 4693 perneces-

264 4706 502 4759 sarium.
545 4710 615 4762 D.
659 4706 832 4762 Video
870 4724 1120 4779 prorsus.
1155 4711 1228 4763 Μ.
1262 4709 1362 4763 Dic
1402 4709 1544 4764 mihi
1584 4727 1740 4781 ergo,
1774 4728 1967 4783 quaeso

264 4799 355 4860 te;
384 4811 575 4849 nonne
608 4796 747 4850 tales
778 4796 881 4849 tibi
908 4812 1105 4850 omnes
1134 4797 1422 4864 videntur,
1455 4799 1640 4870 qualis
1666 4800 1764 4854 illa
1791 4801 1965 4855 lusci-

262 4882 363 4937 nia
391 4888 495 4953 est,
525 4883 624 4954 qui
651 4901 820 4939 sensu
848 4886 1101 4956 quodam
1130 4886 1285 4941 ducti
1313 4887 1459 4941 bene
1488 4894 1722 4952 canunt,
1753 4890 1859 4944 hoc
1884 4895 1968 4945 est

264 4987 569 5025 numerose
600 4972 656 5027 id
686 4972 908 5027 faciunt
940 4990 1003 5027 ac
1035 4974 1303 5043 suaviter,
1334 4976 1595 5046 quamvis
1622 4977 1967 5048 interrogati

263 5060 335 5114 de
362 5060 499 5130 ipsis
522 5062 797 5125 numeris,
823 5063 908 5115 vel
934 5062 1003 5116 de
1024 5062 1339 5118 intervallis
1368 5068 1663 5118 acutarum
1684 5065 1969 5136 gravium-

264 5164 379 5219 que
418 5165 644 5218 vocum,
684 5151 1030 5221 respondere
1076 5169 1193 5207 non
1240 5152 1502 5223 possint?
1524 5157 1599 5210 D.
1635 5154 1967 5209 Simillimos

264 5252 363 5292 eos
392 5241 551 5307 puto.
576 5241 650 5294 Μ.
682 5240 826 5304 Quid
839 5241 866 5293 ‘?
891 5240 932 5293 ii
961 5240 1060 5311 qui
1088 5241 1216 5295 illos
1246 5242 1367 5296 sine
1397 5242 1502 5296 ista
1528 5242 1762 5298 scientia
1790 5244 1968 5299 liben-

330 5389 347 5421 ¹
377 5386 461 5455 Sic
470 5387 535 5455 in
553 5388 675 5455 Mss.
691 5404 704 5449 ;
720 5392 775 5439 at
787 5390 929 5455 Lov_.,
950 5387 1203 5455 quidquid
1218 5391 1621 5455 numerositatis
1643 5393 1962 5455 temporum.

265 5449 386 5518 Am;
399 5453 451 5498 et
470 5451 554 5518 Er.
571 5449 1055 5518 habent,_quia'q3tid
1072 5449 1626 5518 hgtmerositatis,iquw
1637 5449 1959 5518 temporum.

269 5537 329 5547 —
354 5512 707 5562 Benedictinis
733 5512 1083 5577 adstipulatur
1107 5513 1268 5563 Vatic.
1302 5514 1393 5563 Cd.
1492 5512 1557 5564 Μ.

1746 246 1957 302 LIBER
1996 246 2279 306 PRIMUS.

3630 256 3762 308 l086

2066 373 2155 424 ter
2182 369 2448 436 audiunt;
2477 384 2607 424 cum
2630 369 2923 426 videamus
2954 371 3309 443 elephantos,
3327 389 3513 441 ursos,
3535 374 3760 447 aliaque

2065 459 2345 512 nonnulla
2372 474 2582 529 genera
2610 459 2925 514 bestiarum
2946 461 3016 514 ad
3036 465 3234 515 cantus
3250 462 3487 527 moveri,
3512 479 3760 534 avesque

2066 547 2215 619 ipsas
2261 549 2524 602 delectari
2576 548 2690 601 suis
2736 549 2964 603 vocibus
3008 553 3139 619 (non
3185 551 3338 605 enim
3387 552 3545 605 nullo
3605 559 3762 608 extra

2064 637 2359 706 proposito
2399 637 2417 669 ¹
2456 637 2751 690 commodo
2794 641 2911 691 tam
2956 638 3213 707 impense
3262 640 3317 693 id
3362 645 3597 711 agerent
3639 641 3759 696 sine

2067 725 2315 794 quadam
2340 724 2628 791 libidine);
2659 740 2850 778 nonne
2875 726 3174 795 pecoribus
3205 729 3571 797 comparandi
3601 734 3752 783 sunt.

2066 816 2131 867 D.
2165 814 2377 867 Censeo
2404 830 2416 867 :
2442 814 2537 867 sed
2566 829 2713 883 pene
2743 813 2805 866 in
2834 829 3003 867 omne
3025 829 3205 883 genus
3229 815 3542 869 humanum
3573 817 3758 871 tendit

2065 901 2188 955 haec
2212 902 2577 956 contumelia.
2612 904 2683 956 Μ.
2716 903 2840 956 Non
2872 908 2956 957 est
2984 904 3137 973 quod
3168 906 3353 972 putas.
3390 905 3530 957 Nam
3561 906 3757 975 magni

2065 987 2193 1054 viri,
2227 989 2330 1042 etsi
2367 989 2645 1043 musicam
2674 989 2954 1056 nesciunt,
2987 994 3087 1043 aut
3127 1005 3440 1059 congruere
3474 990 3626 1060 plebi
3655 1008 3757 1045 vo-

2065 1074 2210 1142 lunt,
2247 1092 2375 1147 qua:
2412 1093 2526 1130 non
2564 1079 2811 1131 multum
2848 1095 2882 1131 a
2925 1078 3225 1148 pecoribus
3262 1078 3452 1143 distat,
3499 1083 3554 1132 et
3591 1080 3755 1149 cujus

2063 1163 2264 1233 ingens
2293 1169 2378 1218 est
2406 1181 2697 1232 numerus,
2722 1166 2877 1236 quod
2898 1166 3311 1220 modestissime
3340 1183 3403 1220 ac
3432 1166 3758 1235 prudentis-

2064 1251 2205 1305 sime
2234 1252 2448 1307 faciunt
2481 1253 2598 1323 (sed
2640 1254 2709 1308 de
2748 1255 2853 1307 hoc
2895 1269 3048 1306 nunc
3086 1253 3404 1307 disserendi
3441 1254 3596 1307 locus
3636 1270 3756 1308 non

2065 1344 2195 1407 est);
2236 1345 2336 1395 aut
2376 1346 2504 1411 post
2542 1357 2776 1412 magnas
2815 1357 2979 1395 curas
3013 1342 3309 1395 relaxandi
3351 1358 3413 1395 ac
3452 1343 3759 1412 reparandi

2063 1427 2241 1481 animi
2271 1428 2454 1498 gratia
2483 1429 2935 1483 moderatissime
2977 1430 3048 1483 ab
3082 1429 3151 1482 iis
3191 1430 3409 1501 aliquid
3450 1430 3758 1499 voluptatis

2063 1516 2397 1572 assumitur.
2427 1518 2606 1581 Quam
2627 1518 2914 1571 interdum
2936 1517 3013 1571 sic
3038 1533 3241 1588 capere
3272 1518 3756 1572 modestissimum

2064 1610 2173 1671 est;
2203 1606 2272 1659 ab
2305 1622 2368 1659 ea
2398 1622 2531 1661 vero
2565 1606 2690 1677 capi
2719 1606 2805 1660 vel
2838 1606 3147 1673 interdum,
3187 1611 3354 1677 turpe
3395 1610 3564 1677 atque
3594 1605 3755 1661 inde-

2065 1710 2261 1748 corum
2293 1699 2398 1748 est.

2129 1785 2180 1837 6.
2215 1783 2323 1837 Sed
2360 1782 2496 1854 quid
2522 1783 2626 1837 tibi
2665 1781 2921 1837 videtur?
2948 1782 3047 1853 qui
3070 1783 3161 1837 vel
3204 1782 3359 1838 tibiis
3408 1786 3619 1838 canunt
3664 1785 3757 1839 vel

2055 1871 2292 1936 cithara,
2326 1876 2497 1942 atque
2524 1871 2856 1941 bujusmodi
2888 1872 3301 1937 instrumentis,
3336 1872 3760 1943 numquidnam

2057 1962 2297 2029 possunt
2320 1958 2573 2012 luscinim
2599 1958 2959 2029 comparari?
2994 1962 3054 2013 D.
3092 1960 3232 2012 Non.
3278 1961 3352 2013 Μ.
3393 1960 3535 2023 Quid
3576 1959 3757 2029 igitur

2065 2047 2317 2103 distant?
2348 2050 2411 2101 D.
2436 2047 2594 2111 Quod
2622 2046 2683 2101 in
2713 2047 2836 2101 istis
2864 2050 3045 2101 artem
3074 2048 3384 2117 quamdam
3414 2064 3536 2101 esse
3565 2047 3756 2111 video,

2064 2136 2123 2189 in
2156 2136 2252 2189 illa
2288 2150 2421 2188 vero
2465 2136 2643 2190 solam
2688 2140 2970 2189 naturam.
3004 2138 3076 2190 Μ.
3112 2135 3429 2189 Verisimile
3460 2135 3627 2201 dicis;
3661 2136 3760 2190 sed

2066 2240 2157 2277 ars
2184 2223 2286 2278 tibi
2316 2224 2538 2277 videtur
2558 2223 2666 2277 ista
2687 2239 2806 2277 esse
2831 2223 3088 2289 dicenda,
3118 2224 3339 2277 etiamsi
3361 2224 3608 2294 quadam
3634 2223 3762 2277 imi-

2066 2311 2279 2366 tatione
2309 2311 2367 2365 id
2412 2311 2666 2366 faciunt?
2701 2315 2757 2365 D.
2795 2312 2906 2366 Cur
2952 2312 3103 2366 non?
3139 2312 3279 2365 Nam
3321 2312 3487 2366 video
3533 2317 3760 2367 tantum

2066 2401 2252 2454 valere
2281 2400 2342 2453 in
2368 2399 2583 2453 artibus
2621 2400 3025 2465 imitationem,
3073 2408 3153 2467 ut,
3188 2417 3254 2454 ea
3287 2401 3527 2467 sublata,
3561 2417 3760 2455 omnes

2065 2505 2212 2560 pene
2241 2489 2621 2559 perimantur.
2660 2490 2922 2543 Praebent
2963 2488 3119 2543 enim
3149 2505 3206 2542 se
3238 2489 3496 2559 magistri
3525 2490 3597 2543 ad
3627 2489 3761 2543 imi-

2066 2578 2325 2643 tandum,
2359 2580 2414 2631 et
2443 2578 2551 2631 hoc
2573 2577 2763 2647 ipsum
2795 2581 2880 2631 est
2902 2578 3054 2647 quod
3086 2582 3289 2631 vocant
3318 2578 3542 2633 docere.
3572 2581 3646 2633 Μ.
3674 2578 3764 2631 Vi-

2066 2667 2234 2721 detur
2261 2666 2365 2721 tibi
2396 2682 2486 2719 ars
2518 2665 2663 2719 ratio
2690 2682 2809 2719 esse
2840 2666 3126 2736 quaedam,
3160 2672 3216 2719 et
3245 2666 3285 2719 ii
3317 2667 3418 2737 qui
3448 2672 3565 2720 arte
3595 2671 3764 2720 utun-

2062 2759 2175 2819 tur,
2218 2754 2439 2808 ratione
2485 2753 2570 2807 uti
2621 2769 2634 2806 :
2677 2768 2749 2806 an
2802 2752 2965 2806 aliter
3013 2753 3222 2823 putas?
3272 2755 3330 2807 ι).
3385 2752 3633 2806 Videtur.
3684 2756 3755 2807 Μ.

2069 2843 2338 2914 Quisquis
2358 2842 2537 2913 igitur
2555 2841 2775 2896 ratione
2805 2841 2890 2895 uti
2922 2857 3033 2895 non
3055 2844 3259 2911 potest,
3282 2844 3400 2894 arte
3423 2857 3538 2895 non
3564 2841 3762 2896 utitur.

2068 2936 2133 2987 D.
2159 2934 2225 2986 Et
2258 2932 2365 2986 hoc
2407 2931 2671 2985 concedo.
2708 2932 2785 2984 Μ.
2819 2930 3098 2984 Censesne
3129 2932 3287 2983 muta
3316 2929 3601 2995 animalia,
3635 2945 3764 2999 quae

2070 3021 2240 3075 etiam
2265 3019 2618 3075 irrationalia
2640 3019 2925 3080 dicuntur,
2943 3019 3029 3073 uti
3050 3034 3210 3089 posse
3233 3018 3489 3072 ratione?
3513 3021 3573 3072 ι).
3602 3018 3765 3072 Nullo

2070 3110 2259 3163 modo.
2285 3113 2355 3165 Μ.
2389 3111 2502 3163 Aut
2529 3107 2707 3177 igitur
2745 3107 2899 3176 picas
2941 3111 2997 3161 el;
3041 3106 3311 3178 psittacos
3344 3111 3398 3161 et
3449 3123 3643 3161 corvos
3673 3122 3765 3160 ra-

2072 3198 2308 3253 tionalia
2350 3213 2471 3251 esse
2518 3197 2773 3250 dicturus
2820 3212 2879 3249 es
2927 3196 3219 3264 animalia,
3252 3201 3350 3249 aut
3384 3196 3765 3251 imitationem

2072 3287 2303 3341 nomine
2333 3286 2469 3340 artis
2491 3289 2704 3340 temere
2742 3285 2972 3340 vocasti.
3010 3286 3277 3340 Videmus
3316 3285 3470 3339 enim
3499 3286 3600 3340 has
3632 3301 3763 3339 aves

2072 3380 2128 3430 et
2162 3376 2344 3429 multa
2385 3390 2588 3429 canere
2626 3390 2689 3428 ac
2728 3390 2929 3428 sonare
2974 3375 3224 3446 quodam
3264 3376 3518 3429 humano
3548 3391 3674 3439 usu,
3708 3378 3767 3429 et

2072 3463 2304 3518 nonnisi
2330 3463 2607 3517 imitando
2634 3463 2817 3517 facere
2843 3478 2856 3517 :
2881 3462 2993 3517 nisi
3022 3466 3085 3516 tu
3114 3462 3279 3517 aliter
3302 3463 3504 3516 credis.
3522 3462 3590 3515 D.
3613 3463 3765 3525 Quo-

2071 3554 2241 3608 modo
2259 3555 2364 3607 hoc
2384 3552 2717 3621 confeceris,
2739 3556 2795 3606 et
2817 3555 3096 3623 quantum
3118 3555 3317 3606 contra
3338 3551 3767 3622 responsionem

2072 3659 2262 3697 meam
2302 3642 2506 3708 valeat,
2542 3640 2798 3695 nondum
2846 3641 3014 3710 plane
3058 3639 3337 3711 intelligo.
3372 3642 3447 3695 Μ.
3491 3638 3769 3704 Ουωείνθη

2071 3748 2196 3787 ram
2227 3747 2296 3785 ex
2318 3735 2395 3800 te,
2415 3735 2611 3784 utrum
2638 3728 2959 3784 citharistas
2981 3732 3037 3783 et
3055 3728 3336 3796 tibicines,
3360 3733 3415 3783 et
3438 3727 3767 3799 hujusmodi

2074 3820 2229 3875 aliud
2260 3834 2439 3889 genus
2468 3816 2789 3883 hominum,
2821 3820 3003 3871 artem
3036 3817 3253 3871 diceres
3280 3817 3513 3886 habere,
3546 3816 3769 3872 etiamsi

2075 3911 2129 3964 id
2162 3908 2318 3979 quod
2346 3908 2407 3962 in
2437 3906 2691 3961 canendo
2721 3905 2958 3972 faciunt,
2990 3904 3311 3961 imitatione
3343 3905 3584 3960 assecuti
3614 3909 3765 3959 sunt.

2074 3995 2274 4051 Dixisti
2304 4011 2426 4050 esse
2458 4000 2658 4063 artem,
2685 3998 3025 4065 tantumque
3054 3994 3111 4049 id
3143 3996 3329 4049 valere
3360 3993 3674 4061 altirmasti,
3709 3999 3771 4048 ut

2075 4101 2276 4140 omnes
2294 4101 2442 4156 pene
2464 4084 2569 4139 tibi
2590 4088 2739 4139 artes
2760 4083 3074 4155 periclitari
3093 4082 3429 4138 viderentur
3452 4084 3769 4137 imitatione

2076 4174 2313 4229 sublata.
2350 4175 2427 4227 Ex
2456 4189 2570 4244 quo
2594 4173 2716 4242 jam
2758 4171 2949 4242 colligi
2988 4176 3197 4242 potest,
3232 4187 3465 4226 omnem
3510 4170 3609 4242 qui
3643 4170 3771 4224 imi-

2073 4263 2249 4317 tando
2280 4262 2604 4333 assequitur
2644 4261 2879 4332 aliquid,
2921 4265 3041 4315 arte
3084 4261 3202 4327 uti;
3230 4259 3451 4315 etiamsi
3479 4259 3621 4314 forte
3652 4275 3768 4313 non

2077 4350 2265 4405 omnis
2298 4351 2398 4421 qui
2428 4354 2547 4405 arte
2578 4349 2780 4416 utitur,
2811 4348 3090 4403 imitando
3121 4364 3246 4402 eam
3276 4346 3615 4418 perceperit.
3643 4349 3715 4401 At
3744 4344 3769 4380 ⁸

2076 4438 2122 4491 si
2156 4438 2344 4492 omnis
2386 4436 2630 4492 imitatio
2669 4453 2760 4491 ars
2801 4440 2906 4505 est,
2938 4441 2994 4491 et
3030 4453 3121 4490 ars
3151 4437 3336 4490 omnis
3374 4434 3546 4500 ratio;
3581 4434 3770 4489 omnis

2075 4527 2318 4582 imitatio
2350 4525 2494 4581 ratio
2530 4543 2542 4581 :
2585 4525 2805 4580 ratione
2836 4530 3031 4579 autem
3071 4541 3186 4578 non
3228 4523 3410 4577 utitur
3441 4523 3769 4578 irrationale

2076 4616 2317 4684 animal;
2350 4632 2467 4671 non
2498 4615 2675 4686 igitur
2705 4614 2876 4669 habet
2902 4616 3084 4666 artem
3118 4628 3131 4665 :
3159 4612 3332 4666 habet
3356 4616 3547 4666 autem
3576 4612 3768 4667 imita-

2075 4705 2320 4771 tionem;
2349 4720 2464 4759 non
2507 4709 2592 4759 est
2637 4704 2817 4775 igitur
2859 4717 2949 4755 ars
2990 4700 3256 4755 imitatio.
3286 4704 3351 4755 D.
3403 4702 3516 4772 Ego
3562 4703 3770 4756 multas

2076 4798 2224 4848 artes
2250 4793 2564 4848 imitatione
2592 4796 2847 4846 constare
2872 4788 3007 4854 dixi,
3042 4806 3154 4843 non
3180 4789 3361 4860 ipsam
3392 4789 3771 4846 imitationem

2076 4886 2257 4937 artem
2277 4882 2491 4937 vocavi.
2514 4883 2589 4937 Μ.
2615 4882 2752 4945 Quae
2773 4878 2951 4950 igitur
2969 4882 3119 4933 artes
3143 4878 3463 4934 imitatione
3484 4885 3767 4946 constant,

2075 4986 2191 5024 non
2230 4987 2324 5025 eas
2369 4985 2563 5024 censes
2616 4968 2834 5022 ratione
2884 4966 3184 5020 constare?
3232 4971 3292 5022 D.
3353 4968 3473 5022 Imo
3525 4973 3768 5038 utroque

2074 5063 2213 5129 puto
2247 5075 2341 5113 eas
2370 5062 2647 5112 constare.
2684 5059 2759 5112 M.
2782 5055 2933 5110 Nihil
2959 5072 3234 5127 repugno,
3264 5057 3362 5111 sed
3394 5056 3685 5111 scientiam
3708 5054 3767 5108 in

2075 5164 2188 5219 quo
2216 5147 2413 5218 ponis;
2447 5146 2506 5199 in
2534 5145 2773 5211 ratione,
2808 5161 2879 5199 an
2907 5144 2967 5199 in
2996 5145 3358 5200 imitatione?
3386 5150 3450 5200 D.
3482 5147 3546 5199 Et
3572 5146 3680 5198 hoc
3706 5143 3767 5197 in

2076 5241 2338 5307 utroque.
2369 5237 2444 5290 Μ.
2478 5235 2622 5305 Ergo
2655 5233 2952 5288 scientiam
2986 5233 3097 5288 illis
3125 5234 3323 5288 avibus
3352 5233 3532 5299 dabis,
3561 5232 3767 5303 quibus

2072 5326 2453 5381 imitationem
2478 5340 2592 5378 non
2620 5323 2844 5379 adimis.
2879 5328 2944 5379 D.
2979 5326 3103 5379 Non
3134 5324 3280 5379 dabo
3313 5340 3327 5377 :
3359 5322 3440 5375 ita
3468 5321 3625 5376 enim
3648 5321 3765 5377 dixi

2139 5457 2153 5489 1
2186 5456 2246 5501 In
2272 5454 2347 5509 B.,
2374 5454 2562 5515 posito.
2596 5451 2689 5500 Ms.
2727 5453 2784 5507 Α,
2812 5452 2977 5501 Vatic.
3009 5451 3120 5503 Cd..
3147 5450 3441 5513 proposito.
3512 5449 3578 5497 Μ.

2137 5522 2157 5551 ‘-’
2188 5518 2244 5564 lu
2280 5517 2353 5572 15.,
2385 5519 2500 5565 aut.
2529 5516 2647 5563 Mss.
2680 5516 2720 5564 Α
2745 5519 2796 5564 et
2828 5516 2881 5573 Β,
2914 5520 2987 5565 ατ.
3055 5516 3121 5564 Μ.
