4080 6178
417 259 548 313 1087

410 385 475 442 in
501 384 747 453 utroque
789 390 913 432 esse
949 373 1265 440 scientiam,
1292 377 1359 429 ut
1396 372 1458 428 in
1489 372 1612 426 sola
1638 369 1957 426 imitatione
1986 384 2108 424 esse

413 489 534 532 non
559 468 756 544 possit.
781 468 856 522 Μ.
901 463 1092 530 Quid?
1113 463 1175 518 in
1205 463 1324 517 sola
1351 461 1571 516 ratione
1600 459 1825 515 videtur
1851 457 1958 514 tibi
1986 473 2108 513 esse

415 560 620 636 posse?
647 561 711 614 D.
746 554 1003 610 Videtur.
1036 555 1110 630 Μ.
1141 549 1313 606 Aliud
1356 549 1536 620 igitur
1562 551 1726 620 putas
1755 563 1874 601 esse
1904 551 2102 609 artem,

419 649 576 707 aliud
611 643 927 702 scientiam.
968 640 1258 712 Siquidem
1290 637 1524 693 scientia
1561 642 1620 692 et
1648 636 1708 690 in
1739 637 1857 691 sola
1886 636 2108 690 ratione

421 755 542 796 esse
583 739 790 808 potest,
823 749 912 787 ars
959 733 1150 785 autem
1200 726 1410 782 rationi
1447 725 1645 798 jungit
1694 724 2100 780 imitationem.

420 831 488 885 D.
521 827 645 881 Non
677 823 840 877 video
871 834 990 875 esse
1019 832 1393 888 consequens.
1429 817 1554 871 Non
1581 813 1737 869 enim
1768 829 1986 881 omnes,
2015 814 2110 870 sed

420 917 630 973 multas
659 917 805 966 artes
836 909 1111 975 dixeram,
1141 907 1310 962 simul
1341 905 1560 961 ratione
1591 909 1760 976 atque
1791 904 2110 959 imitatione

424 1009 700 1062 constare.
732 1002 807 1055 M.
850 998 996 1063 Quid
1017 999 1045 1051 ?
1073 994 1366 1050 scientiam
1395 993 1697 1048 vocabisne
1729 993 1899 1048 etiam
1930 993 2107 1059 illam,

425 1109 553 1165 qua
581 1089 672 1145 his
713 1086 937 1142 duobus
968 1084 1138 1138 simul
1189 1086 1438 1149 constat;
1469 1098 1543 1136 an
1588 1081 1640 1136 ei
1680 1082 1856 1136 solam
1891 1084 2112 1153 partem

423 1179 658 1235 rationis
687 1174 996 1230 attribues?
1028 1175 1088 1227 D.
1121 1171 1268 1236 Quid
1304 1171 1458 1225 enim
1493 1186 1585 1224 me
1619 1169 1888 1240 prohibet
1913 1185 2113 1224 vocare

425 1267 741 1331 scientiam,
765 1278 895 1316 cum
925 1261 1131 1316 rationi
1163 1258 1496 1330 adjungitur
1524 1257 1806 1312 imitatio?

494 1361 550 1411 7.
591 1358 661 1410 Μ.
707 1350 990 1416 Quoniam
1029 1365 1182 1402 nunc
1211 1347 1435 1417 agimus
1475 1346 1544 1401 de
1581 1344 1872 1399 citharista
1899 1347 1956 1399 et
1985 1342 2114 1399 tibi-

428 1445 574 1510 cine,
605 1442 664 1496 id
696 1444 776 1493 est
803 1439 873 1494 de
898 1437 1130 1492 musicis
1157 1436 1358 1503 rebus;
1387 1435 1517 1489 volo
1545 1433 1689 1488 mihi
1719 1433 1890 1500 dicas,
1921 1436 2116 1488 utrum

428 1530 653 1602 corpori
684 1527 1048 1583 tribuendum
1073 1525 1161 1589 sit,
1192 1524 1246 1578 id
1279 1529 1364 1579 est
1387 1522 1861 1594 obtemperationi
1891 1522 2117 1577 cuidam

432 1618 706 1692 corporis,
752 1615 799 1669 si
853 1613 992 1686 quid
1050 1613 1142 1668 isti
1195 1612 1454 1667 homines
1505 1610 1830 1665 imitatione
1881 1610 2115 1664 faciunt.

430 1714 495 1767 D.
528 1711 642 1778 Ego
672 1705 836 1760 istam
877 1706 933 1758 et
962 1701 1154 1756 animo
1201 1700 1370 1754 simul
1417 1704 1473 1754 et
1501 1698 1725 1769 corpori
1754 1697 2119 1752 tribuendam

428 1800 568 1870 puto
595 1812 607 1850 :
643 1807 972 1866 quanquam
998 1789 1246 1859 idipsum
1278 1787 1514 1841 verbum
1536 1786 1668 1841 satis
1696 1785 1925 1858 proprie
1946 1785 2044 1839 abs
2064 1788 2120 1838 te

428 1884 683 1958 positum
723 1885 828 1947 est,
861 1879 1011 1950 quod
1050 1875 1600 1947 obtemperationem
1639 1874 1893 1947 corporis
1926 1874 2120 1946 appel-

431 1973 559 2030 lasti
609 1989 623 2027 :
673 1985 792 2024 non
847 1967 1001 2022 enim
1053 1966 1449 2036 obtemperare
1500 1964 1610 2020 nisi
1658 1964 1850 2019 animo
1903 1967 2113 2037 potest.

431 2069 502 2122 Μ.
533 2061 709 2117 Video
747 2063 802 2114 te
835 2055 1157 2112 cautissime
1196 2054 1574 2110 imitationem
1615 2071 1730 2109 non
1769 2054 1874 2108 soli
1901 2053 2124 2125 corpori

433 2150 680 2207 voluisse
716 2146 1043 2202 concedere.
1088 2143 1193 2198 Sed
1230 2142 1513 2215 numquid
1551 2143 1844 2197 scientiam
1888 2143 2125 2213 negabis

439 2241 508 2296 ad
539 2239 722 2293 solum
755 2235 1016 2290 animum
1041 2233 1368 2304 pertinere?
1395 2235 1459 2287 D.
1491 2232 1627 2297 Quis
1655 2233 1762 2287 hoc
1791 2232 2124 2303 negaverit?

434 2331 510 2385 Μ.
537 2327 703 2382 Nullo
732 2323 902 2378 modo
928 2322 1106 2393 igitur
1123 2320 1416 2374 scientiam
1437 2320 1498 2376 in
1520 2320 1674 2375 sonis
1703 2336 2007 2375 nervorum
2031 2317 2048 2352 ‘
2070 2323 2127 2375 et

437 2415 730 2480 tibiarum,
764 2412 935 2466 simul
965 2415 1021 2466 et
1047 2409 1256 2464 rationi
1281 2413 1336 2464 et
1364 2409 1671 2464 imitationi
1699 2410 1951 2464 tribuere
1981 2409 2128 2463 sine-

441 2505 540 2562 ris.
571 2505 674 2559 Illa
712 2500 866 2556 enim
903 2498 1150 2554 imitatio
1181 2515 1294 2552 non
1333 2501 1430 2563 est,
1475 2502 1538 2552 ut
1568 2498 1855 2553 confessus
1893 2514 1972 2566 es,
2006 2499 2126 2554 sine

447 2608 716 2665 corpore;
770 2587 1063 2644 scientiam
1114 2602 1250 2642 vero
1290 2586 1464 2641 solius
1507 2587 1682 2642 animi
1738 2603 1859 2642 esse
1915 2587 2124 2643 dixisti.

443 2687 510 2738 D.
543 2683 618 2737 Ex
651 2680 718 2734 iis
749 2678 982 2750 quidem
1014 2691 1142 2748 qua
1184 2674 1287 2730 tibi
1325 2676 1601 2742 concessi,
1639 2676 1820 2731 fateor
1857 2676 1966 2732 hoc
2007 2693 2128 2732 esse

439 2771 756 2827 confectum
791 2784 804 2822 :
837 2767 934 2822 sed
964 2765 1102 2838 quid
1125 2766 1192 2821 ad
1213 2765 1372 2821 rem?
1399 2765 1635 2820 Habebit
1655 2765 1810 2820 enim
1840 2770 1898 2820 et
1919 2765 2129 2820 tibicen

439 2858 731 2916 scientiam
758 2857 819 2911 in
847 2855 1067 2911 animo.
1108 2857 1302 2927 Neque
1333 2854 1486 2909 enim
1516 2871 1645 2909 cum
1676 2854 1729 2909 ei
1755 2855 1971 2911 accedit
1996 2854 2130 2909 imi-

443 2949 607 3018 tatio,
639 2962 810 3018 quem
841 2946 960 3000 sine
989 2960 1227 3015 corpore
1257 2944 1387 3000 dedi
1413 2961 1532 2998 esse
1562 2960 1675 2998 non
1703 2959 1892 3015 posse,
1919 2945 2132 2999 adimet

441 3037 578 3092 illud
621 3035 772 3106 quod
817 3034 1010 3088 animo
1057 3032 1440 3104 amplectitur.
1469 3035 1539 3089 M.
1579 3034 1704 3087 Non
1750 3032 1965 3088 adimet
2010 3033 2133 3104 qui-

445 3125 577 3180 dem
611 3139 624 3176 :
656 3137 760 3176 nec
788 3137 894 3192 ego
926 3120 1148 3176 afﬁrmo
1178 3137 1295 3187 eos,
1327 3137 1360 3175 a
1397 3119 1605 3191 quibus
1633 3135 1850 3189 organa
1881 3119 1989 3173 ista
2018 3124 2132 3173 tra-

443 3214 692 3278 ctantur,
720 3225 919 3264 omnes
944 3225 1135 3264 carere
1161 3208 1415 3274 scientia,
1437 3208 1536 3262 sed
1557 3223 1671 3261 non
1694 3206 1904 3261 habere
1932 3219 2132 3260 omnes

445 3299 590 3355 dico.
638 3299 811 3352 Istam
858 3296 1012 3350 enim
1058 3297 1129 3352 ad
1173 3297 1280 3351 hoc
1321 3296 1602 3351 volvimus
1645 3293 2042 3367 quaestionem,
2071 3296 2134 3347 ut

445 3386 860 3457 intelligamus,
889 3385 937 3438 si
960 3400 1285 3456 possumus,
1315 3401 1486 3456 quam
1527 3387 1676 3438 recte
1711 3383 1783 3437 sit
1811 3382 2046 3436 scientia
2075 3381 2134 3436 in

443 3477 539 3532 illa
571 3474 902 3531 deﬁnitione
935 3473 1167 3529 musica
1195 3473 1414 3546 posita;
1444 3489 1617 3545 quam
1647 3471 1693 3526 si
1723 3488 1920 3527 omnes
1945 3470 2134 3526 tibici-

447 3581 550 3622 nes
579 3567 636 3620 et
663 3563 942 3632 ﬁdicines,
973 3566 1028 3618 et
1051 3562 1110 3618 id
1132 3578 1313 3635 genus
1333 3561 1429 3616 alii
1459 3561 1703 3633 quilibet
1729 3561 1965 3630 habent,
1991 3559 2137 3614 nihil

448 3655 555 3710 ista
580 3653 881 3725 disciplina
906 3657 1049 3723 puto
1079 3668 1200 3708 esse
1228 3651 1415 3718 vilius,
1452 3650 1597 3706 nihil
1628 3649 1919 3723 abjectius.

518 3746 571 3799 8.
607 3743 713 3798 Sed
757 3741 990 3796 attende
1036 3757 1210 3813 quam
1248 3740 1703 3812 diligentissime,
1734 3743 1799 3794 ut
1841 3738 1992 3810 quod
2037 3737 2136 3793 diu

442 3834 565 3904 jam
603 3830 876 3886 molimur
911 3833 1205 3900 appareat.
1245 3829 1404 3884 Certe
1433 3828 1588 3883 enim
1608 3828 1731 3899 jam
1761 3827 1904 3882 mihi
1935 3827 2138 3882 dedisti

453 3921 514 3976 in
544 3920 665 3975 solo
689 3919 880 3973 animo
899 3918 1158 3974 habitare
1178 3917 1493 3974 scientiam.
1518 3920 1581 3972 ι).
1612 3915 1819 3982 Quidni
1843 3916 2140 3972 dederim?

448 4011 522 4066 M.
559 4007 747 4073 Quid?
786 4022 1016 4062 sensum
1064 4006 1288 4061 aurium
1320 4005 1608 4075 animone,
1655 4021 1728 4060 an
1774 4006 2016 4076 corpori,
2064 4021 2139 4060 an

449 4097 682 4170 utrique
720 4095 1015 4152 concedis?
1055 4099 1116 4151 D.
1161 4094 1414 4166 Utrique.
1457 4097 1534 4151 Μ.
1577 4093 1724 4160 Quid
1764 4093 2140 4149 memoriam?

452 4191 514 4245 D.
538 4187 744 4243 Animo
778 4189 914 4258 puto
939 4201 1060 4241 esse
1089 4184 1471 4240 tribuendam.
1494 4185 1617 4239 Non
1647 4183 1801 4239 enim
1831 4183 1878 4238 si
1899 4199 1998 4255 per
2018 4198 2142 4237 sen-

456 4293 551 4333 sus
593 4275 942 4349 percipimus
984 4273 1193 4347 aliquid
1240 4274 1393 4347 quod
1438 4273 1730 4330 memoria
1775 4272 2141 4328 commenda-

453 4381 603 4429 mus,
648 4364 777 4420 ideo
824 4364 884 4418 in
937 4379 1170 4435 corpore
1222 4363 1500 4418 memoria
1554 4378 1675 4419 esse
1730 4363 1981 4436 putanda
2035 4365 2138 4418 est.

449 4457 524 4511 M.
558 4455 760 4524 Magna
778 4452 1014 4508 fortasse
1040 4452 1146 4508 ista
1167 4452 1404 4525 quastio
1435 4455 1537 4519 est,
1564 4468 1751 4524 neque
1777 4452 1909 4507 huic
1938 4467 2144 4522 oppor-

455 4547 595 4598 tuna
641 4543 912 4598 sermoni.
961 4541 1066 4597 Sed
1108 4541 1262 4614 quod
1307 4541 1602 4614 proposito
1634 4544 1719 4594 sat
1756 4543 1857 4605 est,
1899 4542 2040 4608 puto
2089 4542 2144 4592 te

457 4647 668 4702 negare
697 4647 813 4686 non
841 4647 1025 4702 posse,
1059 4630 1268 4687 bestias
1295 4631 1505 4686 habere
1535 4626 1884 4684 memoriam.
1921 4627 2060 4680 Nam
2091 4629 2148 4680 et

459 4717 625 4774 nidos
652 4721 778 4790 post
801 4735 1015 4773 annum
1060 4719 1315 4774 revisunt
1349 4718 1707 4784 hirundines,
1739 4719 1797 4771 et
1822 4715 1891 4770 de
1920 4714 2148 4786 capellis

457 4805 754 4862 verissime
785 4801 997 4862 dictum
1029 4812 1113 4864 est
1139 4823 1153 4863 :

594 4903 763 4968 Atque
792 4905 919 4968 ipsa
948 4918 1206 4956 memores
1234 4904 1458 4956 redeunt
1480 4904 1534 4953 in
1565 4903 1701 4952 tecta
1730 4900 1960 4964 capella.

1297 4975 1505 5038 (Georg.
1537 4971 1625 5022 ub.
1658 4973 1704 5030 3,
1731 4984 1777 5020 υ.
1805 4970 1940 5033 316.)

459 5067 524 5122 Et
549 5064 706 5120 canis
732 5064 967 5120 heroem
996 5063 1320 5132 dominum,
1345 5064 1464 5133 jam
1499 5060 1614 5115 suis
1644 5060 1972 5115 hominibus
2003 5060 2150 5115 obli-

455 5159 582 5211 tum
611 5153 1005 5225 recognovisse
1034 5151 1378 5224 pradicatur
1397 5150 1660 5221 (Odyssea
1682 5167 1726 5217 ρ,
1749 5166 1800 5205 υ.
1829 5153 1923 5206 291
1954 5149 2147 5220 seqq.).

461 5246 527 5300 Et
570 5241 1035 5309 innumerabilia,
1077 5242 1122 5295 si
1171 5240 1430 5308 velimus,
1460 5239 1905 5296 animadvertere
1951 5255 2152 5310 possu-

457 5350 608 5401 mus,
641 5332 848 5404 quibus
871 5331 928 5386 id
957 5330 1112 5402 quod
1146 5330 1272 5384 dico
1300 5329 1668 5385 manifestum
1693 5335 1795 5385 est.
1823 5333 1887 5384 D.
1911 5329 2022 5384 Nec
2047 5343 2153 5399 ego

465 5421 615 5476 istud
643 5437 816 5493 nego,
845 5423 902 5475 et
937 5417 1071 5490 quid
1104 5421 1159 5473 te
1196 5418 1447 5490 adjuvet,
1477 5419 1846 5474 vehementer
1871 5420 2150 5490 exspecto.

526 5528 538 5559 ¹
583 5527 892 5586 Verborum,
921 5524 1069 5590 juxta
1096 5525 1215 5575 Mss.
1249 5524 1286 5575 Α
1313 5529 1363 5574 ct
1396 5527 1446 5574 Β.
1546 5527 1609 5574 Μ.

1683 249 1778 305 DE
1815 246 2102 315 MUSICA,
2145 244 2198 302 S.
2242 237 2626 302 AUGUSTINI
3721 240 3816 290 t088

2217 371 2290 424 Μ.
2321 363 2469 430 Quid
2517 363 2705 434 putas,
2735 356 2848 414 nisi
2894 354 3050 429 quod
3090 353 3381 409 scientiam
3427 353 3522 425 qui
3563 355 3652 410 soli
3677 357 3818 414 animo

2219 454 2440 520 tribuit,
2481 465 2722 520 eamque
2765 445 3035 501 omnibus
3065 443 3481 498 irrationalibus
3513 444 3826 502 animantibus

2220 542 2440 609 adimit,
2473 554 2659 611 neque
2687 537 2746 592 in
2777 552 2946 600 sensu
2975 550 3122 594 eam,
3155 547 3337 604 neque
3362 532 3423 586 in
3447 533 3692 588 memoria
3712 535 3826 604 (nam

2220 633 2363 690 illud
2411 647 2524 686 non
2579 632 2663 683 est
2709 626 2831 681 sine
2874 639 3132 695 corpore,
3184 626 3241 676 et
3285 626 3576 692 utrumque
3615 623 3753 677 etiam
3786 625 3870 679 in'

2219 721 2402 778 bestia
2445 718 2568 789 est),
2601 717 2697 772 sed
2745 715 2807 770 in
2855 713 2974 770 solo
3023 712 3313 766 intellectu
3359 710 3660 765 collocavit?
3695 713 3752 765 D.
3787 714 3831 767 Et

2220 812 2329 867 hoc
2371 811 2634 880 exspecto
2681 804 2822 877 quid
2871 807 2926 858 te
2970 802 3218 874 adjuvet.
3268 802 3341 855 Μ.
3389 799 3532 854 Nihil
3575 799 3722 866 aliud,
3754 801 3832 855 nisi

2223 914 2422 956 omnes
2449 895 2547 969 qui
2577 909 2808 950 sensum
2839 893 3178 963 sequuntur,
3210 891 3264 943 et
3293 888 3442 959 quod
3470 887 3525 941 in
3551 904 3610 941 eo
3632 888 3831 954 delectat,

2223 986 2514 1044 memoria
2562 981 2985 1047 commendant,
3034 982 3203 1050 atque
3251 976 3554 1030 secundum
3595 974 3647 1029 id
3683 991 3834 1047 corpus

2224 1080 2539 1141 moventes,
2571 1072 2687 1126 vim
2712 1069 3022 1142 quamdam
3051 1065 3388 1120 imitationis
3415 1064 3729 1135 adjungunt;
3753 1081 3834 1117 non

2225 1184 2320 1222 eos
2345 1165 2555 1221 habere
2593 1159 2910 1225 scientiam,
2943 1155 3202 1228 quamvis
3229 1154 3404 1225 perite
3445 1169 3507 1207 ac
3541 1153 3683 1207 docte
3708 1152 3836 1208 multa

2225 1255 2409 1311 facere
2439 1252 2758 1312 videantur,
2792 1248 2840 1302 si
2867 1246 2991 1301 rem
3025 1245 3207 1316 ipsam
3248 1258 3420 1315 quam
3451 1241 3750 1312 proﬁtentur
3772 1247 3839 1295 aut

2227 1343 2512 1408 exhibent,
2541 1338 2864 1395 intellectus
2892 1334 3141 1406 puritate
3169 1347 3234 1386 ac
3261 1329 3494 1385 veritate
3523 1345 3628 1383 non
3649 1331 3837 1382 teneant.

2226 1436 2299 1490 At
2327 1432 2375 1486 si
2415 1431 2555 1486 tales
2601 1444 2721 1483 esse
2765 1425 2899 1479 istos
2944 1420 3248 1477 theatricos
3293 1418 3577 1491 Operarios
3614 1416 3736 1471 ratio
3773 1417 3839 1471 de-

2227 1519 2656 1585 monstraverit;
2701 1514 2846 1570 nihil
2896 1513 3024 1582 erit,
3056 1516 3118 1566 ut
3165 1509 3384 1581 opinor,
3424 1523 3521 1562 cur
3563 1506 3753 1561 dubites
3788 1505 3843 1559 eis

2229 1625 2438 1680 negare
2466 1605 2784 1671 scientiam,
2821 1608 2879 1658 et
2920 1602 2994 1657 ob
3036 1602 3144 1655 hoc
3188 1598 3484 1661 musicam,
3517 1612 3634 1668 qua
3671 1594 3843 1648 scientia

2229 1695 2565 1754 modulandi
2616 1698 2720 1762 est,
2771 1705 3134 1763 nequaquam
3185 1687 3508 1742 concedere.
3570 1688 3626 1740 D.
3678 1683 3844 1754 Explica

2230 1789 2368 1854 hoc;
2400 1781 2890 1854 videamuquualc
2921 1779 3012 1834 sit.

2304 1880 2357 1932 9.
2397 1876 2471 1930 M.
2506 1872 2871 1929 Mobilitatem
2899 1867 3213 1938 digitorum
3234 1864 3562 1920 celeriorem
3594 1863 3671 1916 vel
3692 1860 3845 1933 pigrio-

2231 1981 2355 2020 rem
2381 1963 2548 2018 credo
2587 1965 2643 2016 te
2674 1976 2787 2014 non
2826 1956 3095 2021 scientia,
3127 1955 3224 2010 sed
3252 1953 3383 2008 usui
3425 1954 3574 2008 dare.
3603 1954 3644 2007 D
3690 1952 3777 2006 Cur
3794 1950 3848 2004 ita

2233 2053 2415 2109 credis
2443 2050 2538 2106 id?
2567 2052 2641 2105 M.
2677 2048 2818 2112 Quia
2846 2045 3109 2118 superius
3136 2043 3241 2098 soli
3278 2043 3471 2098 animo
3503 2039 3758 2095 scientiam
3780 2037 3847 2091 tri-

2231 2140 2470 2206 buebas,
2515 2138 2624 2192 hoc
2663 2139 2855 2189 autem
2893 2147 3222 2204 quanquam
3266 2130 3580 2200 imperante
3608 2126 3767 2181 animo
3788 2128 3850 2178 ta-

2235 2245 2370 2284 men
2398 2243 2520 2283 esse
2559 2223 2811 2296 corporis
2848 2222 3024 2277 vides.
3069 2223 3134 2275 D.
3175 2218 3284 2274 Sed
3314 2234 3448 2272 cum
3486 2215 3653 2270 sciens
3687 2213 3850 2267 animus

2233 2319 2343 2374 hoc
2370 2317 2616 2388 imperat
2639 2311 2886 2383 corpori,
2920 2309 3104 2381 magis
3136 2308 3244 2363 hoc
3279 2305 3483 2360 scienti
3511 2303 3702 2364 animo,
3728 2314 3850 2371 quam

2236 2406 2609 2462 servientibus
2658 2401 2932 2457 membris
2975 2396 3345 2454 tribuendum
3394 2397 3553 2465 puto.
3599 2394 3665 2446 Μ.
3710 2391 3852 2444 Nonne

2237 2513 2432 2553 censes
2477 2511 2644 2567 posse
2687 2490 2812 2546 ﬁeri
2849 2492 2916 2544 ut
2952 2503 3102 2542 unus
3146 2485 3322 2540 alium
3366 2482 3594 2538 scientia
3619 2479 3854 2552 praecedat,

2237 2603 2366 2642 cum
2399 2565 2497 2640 ille
2533 2579 2853 2653 imperitior
2879 2577 3061 2632 multo
3110 2573 3330 2630 facilius
3363 2575 3422 2627 et
3448 2569 3732 2642 expeditius
3753 2565 3854 2635 digi-

2237 2680 2326 2731 tos
2365 2674 2629 2729 moveat?
2657 2674 2721 2726 D.
2756 2669 2989 2724 Censeo.
3021 2666 3103 2721 M.
3140 2665 3214 2717 At
3249 2661 3296 2715 si
3339 2665 3531 2715 motus
3558 2660 3691 2713 celer
3721 2659 3765 2709 et
3792 2670 3855 2708 ex~

2240 2762 2490 2836 peditior
2518 2759 2826 2831 digitorum
2857 2754 3106 2811 scientia
3131 2751 3472 2808 tribuendus
3495 2751 3650 2814 esset,
3677 2747 3800 2798 tanto
3816 2741 3855 2795 in

2241 2832 2309 2910 eo
2339 2851 2580 2925 quisque
2611 2847 2928 2912 excelleret,
2960 2846 3176 2915 quanto
3206 2843 3358 2895 esset
3382 2837 3658 2893 scientior.
3685 2838 3734 2888 Ι).
3755 2832 3856 2886 Con-

2240 2942 2398 2998 cedo.
2430 2942 2504 2996 M.
2541 2935 2782 2993 Attende
2813 2935 2986 2989 etiam
3023 2930 3194 2986 istud.
3237 2930 3385 2983 Nam
3426 2926 3624 2999 cpinor
3653 2936 3855 2978 nonnun-

2242 3046 2414 3104 quam
2431 3032 2487 3084 te
2508 3023 2977 3082 animadvertisse
2998 3021 3209 3085 fabros,
3231 3018 3323 3072 vel
3342 3011 3855 3087 hujusmodiopiﬁces,

2243 3103 2393 3175 ascia
2431 3117 2546 3172 sive
2593 3113 2777 3169 securi
2818 3111 3086 3168 eumdem
3129 3109 3316 3163 locum
3363 3104 3613 3162 feriendo
3648 3103 3857 3170 repetere,

2244 3213 2302 3264 et
2329 3223 2446 3262 non
2473 3205 2585 3260 alio
2617 3218 2789 3274 quam
2815 3217 2883 3256 eo
2921 3215 3036 3271 quo
3066 3196 3310 3252 intendit
3345 3193 3570 3250 animus
3595 3191 3742 3246 ictum
3764 3201 3859 3256 per-

2245 3298 2482 3362 ducere;
2511 3293 2662 3365 quod
2706 3307 2814 3346 nos
2842 3292 3127 3345 tentantes
3173 3300 3302 3340 cum
3351 3277 3856 3354 assequiZneqnimus,

2247 3384 2315 3438 ab
2347 3383 2426 3438 eis
2467 3398 2618 3453 sape
2648 3379 2974 3435 irridemur.
3006 3379 3072 3432 D.
3115 3375 3200 3450 Ita
3243 3377 3328 3428 est
3357 3378 3426 3428 ut
3463 3372 3616 3427 dicis.
3658 3370 3720 3423 Μ.
3760 3366 3857 3431 Ergo

2245 3489 2374 3528 cum
2404 3472 2463 3526 id
2492 3488 2595 3526 nos
2623 3470 2808 3524 facere
2839 3482 2954 3521 non
2991 3465 3264 3530 valemus,
3296 3460 3578 3533 numquid
3608 3459 3859 3530 ignoramus

2245 3561 2385 3634 quid
2409 3559 2569 3616 feriri
2602 3558 2822 3624 debeat,
2853 3555 2943 3609 vel
2971 3557 3253 3625 quantum
3290 3551 3499 3606 debeat
3527 3542 3795 3634 amputari?
3815 3542 3858 3593 D.

2248 3633 2408 3722 Sape
2432 3650 2784 3721 ignoramus,
2816 3659 2969 3716 sape
3007 3640 3237 3697 scimus.
3272 3645 3346 3696 Μ.
3383 3641 3491 3694 Fac
3527 3652 3652 3708 ergo
3678 3633 3858 3722 aliquetn

2247 3721 2414 3795 nosse
2455 3737 2671 3804 omnia,
2712 3734 2852 3807 qua.
2884 3730 3031 3789 fabri
3075 3731 3259 3786 facere
3304 3729 3570 3794 debeant,
3601 3729 3649 3780 et
3683 3721 3859 3793 perfecte

2247 3845 2436 3896 nosse,
2485 3826 2677 3882 minus
2730 3828 2922 3879 tamen
2985 3821 3173 3876 valere
3223 3819 3284 3873 in
3333 3834 3542 3890 opere;
3587 3812 3671 3868 sed
3713 3807 3857 3864 eisdem

2249 3917 2388 3989 ipsis
2425 3895 2527 3989 qui
2554 3913 2822 3970 facillime
2852 3913 3184 3983 operantur,
3215 3908 3404 3962 multa
3442 3906 3644 3961 dictare
3675 3895 3861 3989 solutius

2251 4022 2425 4079 quam
2451 4004 2536 4060 illi
2564 4019 2670 4076 per
2690 4019 2747 4057 se
2774 4001 3031 4074 judicare
3054 3997 3073 4032 ¹
3103 4001 3368 4070 possent;
3397 4011 3472 4051 an
3500 3994 3559 4049 id
3586 4007 3680 4047 usu
3705 3983 3860 4079 evenire

2249 4067 2463 4168 negas?
2491 4067 2727 4150 D.-Non
2765 4067 2936 4162 nego.
2977 4091 3051 4145 Μ.
3096 4067 3223 4142 lion
3261 4086 3443 4157 igitur
3472 4083 3646 4139 solum
3675 4067 3861 4168 moveudi

2252 4159 2510 4242 celeritas
2549 4187 2718 4254 atque
2746 4159 3008 4241 facilitas,
3057 4177 3157 4232 sed
3207 4175 3380 4230 etiam
3435 4168 3689 4228 motionis
3726 4159 3863 4254 modus

2251 4275 2375 4346 ipse
2399 4273 2461 4328 in
2491 4252 2784 4336 membris,
2815 4267 2948 4323 usui
2978 4266 3170 4339 potius
3210 4279 3385 4337 quam
3415 4260 3657 4318 scientia
3682 4252 3861 4310 tribuen-

2253 4345 2358 4420 dus
2387 4365 2489 4416 est.
2522 4362 2662 4416 Nam
2694 4358 2742 4412 si
2771 4357 2940 4412 aliter
2969 4359 3133 4419 esset,
3168 4371 3234 4408 eo
3265 4353 3515 4424 quisque
3542 4345 3864 4424 manibus“)?

2254 4453 2364 4507 lius
2389 4453 2648 4506 uteretur
2677 4464 2791 4519 quo
2819 4447 2966 4501 esset
2997 4442 3241 4515 peritior
3262 4423 3301 4496 εί
3321 4440 3480 4512 quod
3517 4438 3639 4493 licet
3666 4431 3722 4486 ad
3753 4423 3866 4519 tibias:

2255 4541 2566 4595 citharasve
2596 4508 2932 4602 referamus,
2957 4508 3029 4587 ne
3055 4530 3211 4603 quod
3241 4529 3321 4585 ibi
3341 4508 3507 4600 digiti
3533 4530 3687 4596 atque
3712 4508 3868 4572 articuli

2258 4628 2493 4694 faciunt,
2526 4625 2660 4698 quia
2690 4623 2920 4680 difﬁcile
2960 4620 3128 4676 nobis
3158 4623 3262 4680 est,
3295 4617 3534 4673 scientia
3565 4611 3732 4687 potius
3750 4613 3868 4676 quam

2257 4734 2368 4773 usu
2396 4721 2453 4772 et
2478 4714 2675 4771 sedula
2702 4711 3024 4767 imitatione
3049 4725 3113 4769 ac
3135 4706 3506 4763 meditatione
3526 4701 3638 4758 ﬁeri
3654 4702 3867 4769 putemus.

2259 4809 2328 4862 D.
2360 4806 2486 4860 Non
2516 4819 2664 4874 queo
2696 4800 2988 4866 resistere;
3016 4813 3149 4853 nam
3189 4800 3245 4851 et
3284 4793 3534 4850 medicos
3567 4785 3738 4845 audire
3767 4776 3869 4874 εοιεξο

2263 4892 2617 4951 doctissimos
2647 4891 2813 4956 viros,
2850 4904 2999 4961 sape
3030 4887 3090 4942 in
3113 4884 3389 4950 secandis,
3420 4883 3507 4936 vel
3529 4889 3734 4952 quoquo
3755 4862 3870 4961 ωριξο

2261 4980 2705 5054 comprimendis
2727 4978 3022 5046 membris,
3054 4976 3114 5030 in
3138 4991 3204 5030 eo
3225 4973 3378 5046 quod
3396 4985 3567 5026 manu
3589 4982 3646 5021 ac
3659 4964 3777 5054 ferro
3791 4952 3870 5054 5‘8?»

2261 5071 2333 5126 ab
2371 5039 2819 5140 imperitioribus
2847 5039 3138 5119 antecedi.
3171 5039 3324 5133 quod
3356 5074 3534 5130 genus
3561 5045 3760 5108 curandi
3793 5039 3871 5093 chi-

2261 5139 2515 5230 rurgiam
2549 5155 2864 5220 nominant,
2889 5149 3280 5224 quovocabulo
3305 5147 3439 5202 satis
3464 5141 3774 5214 signiﬁcatur
3791 5139 3874 5196 ορε-

2262 5248 2412 5304 raria
2438 5246 2702 5318 quadam
2725 5243 2782 5297 in
2805 5222 3072 5296 manibus
3095 5236 3362 5294 medendi
3381 5227 3728 5290 consuetudo.
3749 5222 3873 5282 Ρετεθ

2263 5315 2556 5408 itaque—ad
2588 5337 2811 5398 catera,
2836 5335 2892 5385 et
2912 5329 3033 5401 jam
3055 5327 3222 5382 istam
3248 5323 3462 5380 conﬁce
3487 5315 3826 5393 quaestionem.

2330 5463 2344 5496 1
2373 5461 2433 5509 In
2463 5461 2538 5518 B.,
2561 5457 2832 5516 indicare;
2858 5455 2934 5504 sic
2953 5453 3108 5505 etiam
3127 5453 3252 5502 Lov.
3277 5465 3292 5508 ;
3312 5451 3364 5499 at
3386 5448 3472 5498 Er.
3500 5441 3652 5503 Lugd.
3673 5437 3775 5485 Ven.
3791 5427 3871 5476 nisi

2272 5524 2314 5575 Α
2342 5527 2392 5573 et
2422 5523 2475 5571 B.
2500 5521 2762 5584 judicare.
2831 5519 2902 5567 Μ.
