4080 6178
238 344 370 396 1089

336 463 561 519 CAPUT
590 463 651 518 V.
680 491 749 502 —
780 462 976 517 Sensus
1013 461 1236 514 musices
1265 474 1338 515 an
1366 461 1500 516 insit
1529 475 1563 515 a
1595 462 1818 515 natura.

305 565 391 618 IO.
423 563 504 617 M.
542 559 694 614 Illud
730 564 927 627 restat,
976 562 1040 613 ut
1086 557 1312 629 opinor,
1361 564 1428 613 ut
1473 558 1855 627 inveniamus,
1884 556 1931 611 si

227 666 557 723 possumus,
592 650 691 703 has
720 648 874 718 ipsas
905 650 1052 702 artes
1084 663 1212 718 qua:
1237 647 1401 701 nobis
1438 663 1543 718 per
1574 663 1777 700 manus
1810 647 1930 717 pla-

228 745 363 795 cent
393 735 413 770 ‘
444 742 507 793 ut
533 737 688 791 illius
731 752 868 791 usus
922 740 1182 807 potentes
1236 738 1443 799 essent,
1499 751 1612 789 non
1660 735 1929 788 continuo

233 828 549 892 scientiam,
608 826 703 880 sed
763 840 993 879 sensum
1050 842 1113 879 ac
1166 824 1505 879 memoriam
1546 828 1811 877 secutas:
1861 839 1930 877 ne

231 918 377 973 forte
408 915 552 970 mihi
582 915 733 969 dicas
762 914 888 968 fieri
927 913 1163 984 quidem
1193 929 1378 984 posse,
1428 916 1490 966 ut
1531 910 1765 965 scientia
1809 909 1930 962 sine

233 1023 338 1061 usu
373 1004 463 1063 sit.
492 1008 549 1057 et
575 1004 760 1073 major
799 1002 1139 1073 plerumque
1170 1018 1343 1072 quam
1375 1007 1459 1056 est
1485 1001 1545 1055 in
1576 1000 1656 1055 eis
1692 998 1792 1070 qui
1821 1012 1931 1052 usu

233 1095 552 1159 excellunt;
582 1092 681 1146 sed
714 1096 905 1145 tamen
929 1091 1099 1144 etiam
1129 1090 1226 1145 illo
1256 1091 1328 1144 ad
1360 1106 1526 1144 usum
1558 1093 1782 1144 tantum
1810 1102 1931 1141 non

230 1183 482 1255 potuisse
507 1181 628 1235 sine
660 1181 777 1234 ulla
804 1180 1041 1233 scientia
1087 1179 1407 1251 pervenire.
1447 1182 1505 1234 Ι).
1559 1177 1885 1250 Aggredere
1913 1190 1926 1229 :

232 1285 368 1323 nam
398 1268 477 1322 ita
507 1266 702 1321 deberi
732 1264 1100 1319 manifestum
1130 1271 1234 1319 est.
1266 1268 1339 1319 M.
1392 1266 1773 1335 Nunquamne
1823 1263 1930 1315 hu-

224 1356 479 1428 jusmodi
506 1355 816 1410 histriones
847 1354 1057 1408 audisti
1087 1353 1507 1408 studiosius?D.
1537 1353 1669 1407 Plus
1690 1352 1929 1406 fortasse

231 1463 407 1517 quam
422 1445 642 1499 vellem.
659 1445 733 1499 M.
755 1443 909 1497 Unde
927 1442 1052 1496 fieri
1065 1447 1252 1511 putas,
1269 1446 1332 1495 ut
1342 1439 1611 1512 imperita
1624 1435 1929 1493 multitudo

231 1534 500 1603 explodat
533 1546 683 1601 saepe
714 1530 1005 1584 tibicinem
1027 1528 1357 1598 nugatorios
1381 1544 1550 1582 sonos
1571 1527 1929 1591 efferentem;

231 1636 579 1691 rursumque
608 1619 845 1691 plaudat
873 1619 1017 1672 bene
1042 1616 1288 1683 canenti,
1336 1621 1391 1671 et
1436 1632 1669 1687 prorsus
1711 1618 1929 1687 quanto

232 1709 463 1763 suavius
493 1707 742 1776 canitur,
757 1712 915 1761 tanto
938 1705 1183 1777 amplius
1201 1712 1258 1759 et
1278 1704 1586 1759 studiosius
1606 1703 1931 1758 moveatur?

235 1796 667 1869 Numquidnam
696 1796 753 1851 id
783 1812 815 1848 a
843 1796 1011 1866 vulgo
1042 1810 1144 1866 per
1175 1798 1355 1848 artem
1387 1793 1662 1847 musicam
1682 1791 1933 1846 ﬁericre-

234 1887 486 1942 dendum
517 1886 645 1940 est?
673 1888 736 1939 D.
774 1885 915 1938 Non.
959 1886 1032 1938 M.
1080 1883 1225 1947 Quid
1273 1882 1496 1954 igitur?
1520 1883 1590 1935 D.
1633 1882 1844 1935 Natura
1874 1879 1931 1934 id

234 1974 361 2029 ﬁeri
390 1979 548 2046 puto,
584 1989 711 2045 qua:
744 1973 1009 2027 omnibus
1040 1972 1194 2026 dedit
1223 1986 1454 2025 sensum
1484 1970 1774 2037 audiendi,
1818 1984 1931 2039 quo

232 2063 343 2118 ista
366 2063 718 2134 judicantur.
754 2062 828 2115 M.
867 2062 1033 2115 Recte
1065 2065 1251 2132 putas.
1281 2060 1388 2113 Sed
1412 2059 1533 2130 jam
1566 2057 1742 2113 etiam
1787 2055 1930 2110 illud

231 2150 383 2219 vide,
418 2156 611 2206 utrum
642 2156 699 2205 et
726 2150 938 2205 tibicen
968 2150 1087 2221 ipse
1137 2150 1243 2203 hoc
1299 2164 1469 2202 sensu
1526 2147 1797 2219 praeditus
1836 2144 1930 2199 sit.

229 2240 393 2305 Quod
420 2240 469 2295 si
497 2241 579 2295 ita
604 2244 707 2308 est,
741 2243 929 2311 potest
958 2241 1081 2310 ejus
1113 2254 1358 2308 sequens
1383 2236 1670 2308 judicium
1702 2250 1929 2289 movere

229 2329 438 2400 digitos
464 2345 595 2384 cum
624 2328 794 2383 tibias
824 2327 1128 2388 inflaverit,
1187 2330 1241 2380 et
1271 2326 1424 2397 quod
1454 2324 1589 2378 satis
1631 2322 1930 2377 commode

224 2435 333 2490 pro
364 2418 600 2473 arbitrio
630 2418 906 2485 senuerit,
930 2417 986 2471 id
1008 2420 1205 2470 notare
1229 2432 1291 2469 ac
1313 2415 1590 2469 mandare
1614 2412 1930 2479 memoriae,

226 2512 399 2580 atque
431 2508 486 2562 id
518 2508 829 2578 repetendo
860 2506 1256 2560 consuefacere
1288 2503 1493 2574 digitos
1524 2518 1592 2556 eo
1644 2502 1780 2555 ferri
1809 2500 1932 2554 sine

229 2598 346 2651 ulla
372 2596 749 2668 trepidatione
785 2601 842 2650 et
889 2610 1099 2661 errore,
1147 2597 1262 2647 sive
1318 2592 1388 2646 ab
1446 2591 1555 2646 alio
1584 2590 1823 2661 accipiat
1873 2589 1932 2643 id

228 2686 383 2758 quod
413 2690 619 2753 cantet,
653 2685 767 2740 sive
800 2685 919 2756 ipse
948 2683 1225 2749 inveniat,
1258 2682 1435 2736 illade
1467 2696 1580 2751 qua
1608 2679 1823 2734 dictum
1849 2682 1934 2733 est

227 2774 470 2828 ducente
502 2779 672 2845 atque
703 2773 1053 2844 approbante
1077 2774 1303 2824 natura.
1326 2771 1526 2840 Itaque
1548 2783 1678 2822 cum
1701 2782 1931 2821 sensum

225 2863 530 2930 memoria,
566 2866 623 2917 et
652 2862 875 2917 articuli
908 2860 1244 2915 memoriam
1295 2862 1639 2929 sequuntur,
1680 2873 1785 2910 usu
1815 2856 1932 2927 jam

226 2952 471 3007 edomiti
502 2956 671 3023 atque
701 2949 1008 3022 praeparati
1032 2966 1045 3016 ;
1080 2948 1234 3002 canit
1263 2963 1393 3001 cum
1415 2947 1705 3001 vulttanto
1726 2944 1933 2999 melius

227 3045 401 3112 atque
423 3041 753 3112 jucundius,
787 3043 1000 3111 quanto
1049 3038 1160 3091 illis
1210 3036 1477 3091 omnibus
1521 3039 1756 3106 praestat
1802 3049 1931 3105 qua:

134 3159 148 3180 -
233 3131 498 3203 superius
530 3131 672 3185 ratio
702 3129 894 3185 docuit
920 3145 1051 3183 cum
1080 3127 1273 3182 bestiis
1305 3144 1408 3181 nos
1441 3126 1649 3181 habere
1682 3139 1935 3178 commu-

232 3221 351 3289 nia,
385 3220 703 3292 appetitum
732 3219 940 3273 scilicet
961 3216 1241 3285 imitandi,
1272 3231 1500 3270 sensum
1530 3220 1699 3285 atque
1715 3228 1933 3267 memo-

234 3308 403 3366 riam.
440 3308 729 3379 Numquid
758 3306 933 3361 habes
962 3307 1255 3360 adversum
1306 3304 1414 3358 ista
1446 3304 1602 3375 quod
1640 3303 1835 3357 dicas?
1864 3305 1928 3356 D.

237 3399 351 3469 Ego
383 3414 517 3452 vero
546 3397 689 3451 nihil
723 3396 931 3450 habeo.
968 3396 1092 3450 Jam
1113 3394 1310 3448 audire
1331 3393 1499 3465 cupio
1530 3391 1936 3463 cujusmodisit

231 3487 332 3542 illa
363 3486 682 3557 disciplina,
714 3501 887 3557 quam
915 3484 1169 3556 profecto
1201 3500 1229 3537 a
1259 3482 1584 3553 cognitione
1632 3479 1932 3535 vilissimo-

231 3592 364 3630 rum
393 3576 717 3630 animorum
751 3574 912 3628 video
946 3570 1315 3627 subtilissime
1345 3569 1709 3624 vindicatum.

272 3683 494 3738 CAPUT
546 3684 629 3737 VI.
664 3712 732 3722 —
762 3682 1014 3738 Cantores
1047 3681 1333 3734 theatricos
1366 3679 1575 3732 nesci-re
1602 3678 1890 3731 musicam.

307 3783 392 3833 ll.
425 3781 499 3834 Μ.
536 3778 799 3833 Nondum
812 3782 896 3831 est
911 3776 1046 3831 satis
1076 3774 1233 3846 quod
1256 3774 1469 3828 factum
1484 3777 1586 3843 est,
1607 3789 1710 3827 nec
1731 3772 1799 3826 ad
1812 3772 1935 3843 ejus

229 3866 673 3938 explicationem
702 3866 942 3921 transire
966 3881 1068 3918 nos
1099 3863 1304 3928 sinam,
1329 3862 1437 3916 nisi
1449 3861 1933 3933 quemadmodum

228 3956 482 4010 constitit
511 3956 661 4010 inter
689 3971 794 4009 nos
824 3969 990 4025 posse
1017 3952 1327 4006 histriones
1384 3951 1508 4005 sine
1562 3950 1670 4005 ista
1700 3949 1936 4004 scientia

233 4044 553 4099 satisfacere
584 4042 865 4114 voluptati
908 4041 1143 4097 aurium
1197 4040 1605 4111 popularium;
1635 4039 1713 4093 ita
1763 4038 1936 4093 etiam

234 4133 393 4187 nullo
424 4133 591 4187 modo
642 4148 763 4187 esse
807 4147 971 4202 posse
1017 4128 1323 4184 histriones
1371 4128 1604 4181 musicae
1653 4126 1935 4181 studiosos

234 4222 565 4293 peritosque
594 4220 921 4275 constiterit.
956 4223 1018 4273 D.
1066 4219 1269 4273 Mirum
1304 4217 1351 4270 si
1380 4218 1489 4270 hoc
1541 4215 1812 4269 effeceris.
1854 4216 1932 4270 Μ.

237 4309 421 4365 Facile
449 4311 508 4365 id
539 4309 794 4380 quidem,
825 4308 926 4363 sed
955 4306 1259 4362 attentiore
1289 4310 1344 4359 te
1369 4304 1514 4357 mihi
1545 4320 1689 4373 opus
1719 4309 1822 4357 est.
1854 4306 1924 4357 Ι).

236 4398 550 4469 Nunquam
571 4398 860 4468 equidem,
886 4395 1041 4467 quod
1071 4394 1264 4460 sciam,
1294 4392 1584 4448 remissior
1612 4394 1673 4446 in
1703 4391 1935 4446 audien-

233 4485 307 4539 do
337 4486 442 4552 fui,
472 4486 541 4539 ab
571 4502 750 4557 usque
782 4501 970 4539 sermo
1002 4483 1107 4537 iste
1165 4482 1416 4551 sumpsit
1462 4480 1795 4535 exordium:
1837 4478 1935 4533 sed

234 4590 390 4629 nunc
416 4590 532 4641 me,
564 4575 747 4628 fateor
775 4574 956 4628 multo
988 4570 1328 4626 erectiorem
1359 4569 1771 4625 reddidisti.M.
1797 4570 1933 4623 Gra-

234 4667 360 4717 tum
388 4664 595 4731 habeo,
620 4678 948 4734 quanquam
962 4660 1133 4715 tibite
1151 4661 1482 4713 commodes
1509 4659 1711 4729 magis.
1737 4659 1932 4729 Itaque

230 4753 537 4823 responde,
569 4751 617 4805 si
646 4751 853 4821 placet,
904 4754 1101 4804 utrum
1145 4747 1251 4803 tibi
1299 4747 1557 4802 videatur
1602 4747 1743 4800 scire
1791 4746 1933 4817 quid

231 4841 307 4895 sit
335 4857 541 4895 aureus
570 4839 802 4907 solidus,
836 4838 937 4909 qui
956 4853 1089 4893 eum
1116 4852 1281 4907 aequo
1328 4835 1514 4907 pretio
1544 4836 1785 4891 vendere
1829 4851 1930 4889 cu-

227 4929 417 5001 piens,
455 4929 649 4984 decem
674 4942 945 4982 nummos
975 4941 1109 4980 eum
1137 4925 1326 4978 valere
1355 4923 1687 4994 putaverit?
1716 4926 1778 4977 D.
1830 4922 1933 4978 Cui

226 5018 337 5073 hoc
366 5018 672 5072 videatur?
702 5018 778 5072 Μ.
812 5016 972 5069 Nunc
1010 5030 1136 5083 age,
1188 5012 1277 5067 dic
1319 5012 1482 5079 mihi,
1531 5012 1670 5083 quid
1706 5011 1932 5066 charius

227 5105 561 5161 habendum
592 5105 684 5167 sit,
735 5104 891 5175 quod
929 5108 1124 5157 nostra
1160 5100 1539 5171 intelligentia
1584 5100 1927 5164 continetur,

231 5211 306 5249 an
338 5195 494 5266 quod
525 5194 688 5248 nobis
700 5192 935 5247 fortuito
966 5189 1367 5261 imperitorum
1391 5188 1608 5260 judicio
1632 5188 1931 5243 tribuitur?

228 5286 293 5337 D.
328 5282 481 5337 Nulli
521 5282 783 5349 dubium,
815 5285 918 5348 est,
962 5280 1132 5349 longe
1180 5278 1322 5332 illud
1362 5276 1614 5348 primum
1659 5281 1931 5347 praastare

228 5371 453 5426 caeteris
488 5371 777 5436 omnibus,
808 5384 937 5441 quae
969 5370 1243 5420 nenostra
1260 5365 1493 5436 quidem
1510 5366 1929 5437 putandasunt.

233 5464 310 5517 Μ.
350 5461 501 5515 Num
544 5475 680 5530 ergo
714 5473 890 5529 negas
919 5470 1152 5510 omnem
1205 5454 1498 5509 scientiam
1551 5453 1933 5527 intelligentia

300 5596 314 5628 ⁷
346 5594 447 5643 Ms.
477 5592 537 5650 A,
564 5592 658 5642 has
678 5593 824 5654 ipsas
842 5603 961 5654 qua?
982 5589 1129 5639 nobis
1153 5587 1461 5651 perplacent
1490 5600 1700 5639 manus.
1768 5589 1836 5637 M.

1708 334 1921 392 LIBER
1979 334 2261 394 PRIMUS.

3608 344 3744 397 1090

2041 456 2356 512 contineri?
2376 461 2439 513 D.
2464 456 2601 522 Quis
2628 456 2845 530 negat?
2865 461 2941 516 Μ.
2974 459 3039 514 Et
3070 460 3287 515 musica
3317 461 3495 531 igitur
3522 462 3603 517 ibi
3633 468 3737 529 est,

2038 549 2106 601 D.
2136 547 2310 602 Video
2340 563 2409 603 ex
2460 547 2582 618 ejus
2628 547 2961 603 deﬁnitione
2991 549 3047 603 id
3094 565 3215 603 esse
3246 565 3619 621 consequens.
3658 553 3735 607 Μ.

2040 634 2187 698 Quid
2205 637 2233 690 ‘I
2262 637 2496 707 plausus
2524 635 2723 707 populi
2754 640 2811 691 et
2830 636 3024 690 omnia
3044 637 3142 691 illa
3169 637 3446 692 theatrica
3474 639 3734 709 praemia,

2040 739 2231 777 nonne
2261 723 2367 778 tibi
2397 740 2463 777 ex
2495 740 2562 778 eo
2591 740 2799 794 genere
2847 725 3128 790 videntur,
3186 726 3339 797 quod
3369 726 3429 780 in
3458 732 3738 797 potestate

2040 810 2286 866 fortunae
2315 816 2372 866 et
2396 812 2801 882 imperitorum
2824 812 3041 883 judicio
3063 813 3315 883 positum
3348 815 3558 879 est?‘D,
3585 814 3740 870 Nihil

2041 901 2225 971 magis
2255 900 2502 955 arbitror
2530 917 2650 955 esse
2675 901 2970 956 fortuitum
2999 901 3422 973 obnoxiumque
3440 902 3661 957 casibus
3681 908 3737 957 et

2040 988 2279 1059 plebeiae
2308 989 2688 1044 dominationi
2710 990 3060 1061 nutibusque
3087 990 3424 1060 subjectum,
3444 1006 3617 1061 quam
3640 991 3739 1045 illa

2042 1081 2171 1130 sunt
2200 1076 2407 1131 omnia.
2429 1079 2503 1131 M.
2526 1078 2769 1131 Hoccine
2790 1078 2968 1148 igitur
2987 1078 3175 1148 pretio
3206 1083 3405 1133 cantus
3435 1096 3566 1134 suos
3596 1096 3735 1133 ven-

2039 1164 2240 1218 derent
2268 1165 2596 1235 histriones,
2627 1166 2677 1219 si
2706 1165 2985 1220 musicam
3015 1166 3267 1221 scirent?
3286 1170 3350 1222 D.
3384 1168 3509 1221 Non
3531 1184 3737 1238 parum

2040 1252 2275 1323 quidem
2324 1253 2429 1306 hac
2474 1254 2841 1307 conclusione
2897 1270 3275 1320 commoveor,
3327 1255 3425 1309 sed
3475 1254 3735 1309 nonnihil

2038 1340 2219 1395 habeo
2251 1341 2404 1412 quod
2427 1341 2826 1396 contradicam.
2851 1342 2993 1396 Nam
3016 1342 3112 1398 ille
3132 1343 3389 1396 venditor
3416 1343 3583 1397 solidi
3606 1359 3735 1398 cum

2038 1428 2145 1482 isto
2190 1430 2610 1499 comparandus
2666 1446 2784 1483 non
2833 1429 3103 1484 videtur:
3136 1446 3253 1484 non
3302 1431 3456 1484 enim
3504 1436 3733 1502 accepto

2039 1516 2243 1586 plausu
2273 1521 2371 1569 aut
2399 1516 2652 1588 qualibet
2681 1516 2790 1570 sibi
2822 1517 3028 1588 largita
3068 1518 3309 1588 pecunia
3341 1518 3659 1585 scientiam,
3688 1520 3736 1573 si

2040 1619 2212 1674 quam
2231 1603 2370 1657 forte
2395 1604 2569 1659 habet
2589 1621 2703 1675 qua
2730 1605 3011 1675 populum
3044 1604 3362 1671 delectavit,
3391 1606 3620 1673 amittit;
3640 1607 3738 1661 sed

2045 1691 2306 1746 onustior
2342 1708 2600 1761 nummo,
2634 1697 2689 1747 et
2718 1693 2884 1747 laude
2914 1693 3218 1747 hominum
3249 1692 3454 1760 latior,
3488 1710 3621 1747 cum
3641 1711 3736 1749 ea-

2041 1780 2172 1836 dem
2204 1780 2503 1853 disciplina
2529 1781 2805 1836 incolumi
2832 1793 3001 1852 atque
3034 1782 3260 1853 integra
3289 1781 3526 1837 domum
3557 1783 3735 1837 disce-

2040 1869 2123 1924 dit
2153 1885 2166 1923 :
2199 1870 2406 1923 stultus
2438 1874 2628 1924 autem
2660 1874 2825 1936 esset,
2858 1869 2904 1923 si
2935 1870 3235 1924 commoda
3264 1869 3365 1924 illa
3407 1874 3736 1926 contemne-

2040 1962 2147 2024 ret,
2182 1972 2311 2027 quze
2341 1973 2456 2011 non
2500 1958 2740 2029 adeptus
2797 1959 2979 2011 multo
3028 1963 3175 2011 esset
3210 1957 3521 2027 ignobilior
3565 1962 3737 2029 atque

2039 2045 2378 2117 pauperior;
2409 2046 2650 2117 adeptus
2682 2050 2870 2100 autem
2902 2045 3083 2100 nihilo
3115 2052 3260 2100 esset
3288 2046 3591 2101 indoctior.

2116 2135 2198 2189 l2.
2232 2136 2304 2188 Μ.
2339 2134 2475 2190 Vide
2506 2151 2643 2206 ergo
2669 2140 2865 2189 utrum
2892 2135 2981 2189 vel
3018 2135 3128 2189 isto
3175 2134 3539 2189 conﬁciamus
3585 2134 3738 2206 quod

2040 2224 2324 2277 volumus.
2360 2224 2502 2278 Nam
2531 2224 2697 2278 credo
2724 2222 2905 2278 videri
2932 2223 3037 2277 tibi
3092 2224 3273 2278 multo
3305 2239 3425 2278 esse
3456 2227 3736 2294 praestan-

1998 2336 2013 2347 ο
2041 2311 2174 2379 tius,
2203 2311 2260 2366 id
2290 2316 2523 2383 propter
2552 2313 2706 2383 quod
2736 2312 2955 2383 aliquid
2982 2311 3242 2379 facimus,
3274 2327 3448 2382 quam
3489 2311 3738 2383 idipsum

2042 2400 2196 2470 quod
2224 2400 2483 2456 facimus.
2518 2402 2582 2454 D.
2614 2399 2973 2454 Manifestum
3003 2404 3110 2454 est.
3142 2401 3218 2455 M.
3261 2399 3369 2463 Qui
3426 2403 3738 2468 ergo’can-

2041 2492 2125 2542 tat
2148 2488 2233 2542 vel
2267 2494 2494 2543 cantare
2517 2489 2673 2556 dicit,
2714 2505 2830 2543 non
2868 2489 2941 2542 ob
2973 2487 3128 2542 aliud
3159 2487 3382 2542 nisi-ut
3411 2488 3677 2542 laudetur
3708 2503 3740 2541 a

2040 2578 2281 2647 populo,
2306 2578 2394 2631 vel
2425 2576 2662 2631 omnino
2688 2578 2790 2631 abs
2830 2577 3033 2647 quovis
3076 2575 3332 2643 homine,
3363 2591 3555 2630 nonne
3578 2574 3739 2645 judi-

2042 2669 2131 2718 cat
2158 2664 2455 2718 meliorem
2486 2664 2716 2718 laudem
2769 2664 2928 2718 illam
2959 2680 3078 2718 esse
3135 2680 3311 2735 quam
3349 2669 3581 2718 cantum
3602 2663 3630 2717 ?
3675 2667 3737 2718 1).

2044 2754 2260 2824 Negare
2286 2769 2403 2807 non
2430 2769 2683 2823 possum.
2715 2752 2993 2816 M.Quid?
3022 2752 3118 2807 ille
3148 2752 3249 2823 qui
3274 2754 3421 2806 male
3451 2752 3518 2807 de
3548 2751 3743 2822 aliqua

2043 2859 2104 2896 re
2126 2842 2366 2913 judicat,
2397 2841 2621 2895 videtur
2647 2840 2752 2895 tibi
2808 2856 2936 2894 eam
2964 2840 3152 2895 scire?
3199 2844 3264 2895 D.
3323 2841 3489 2894 Nullo
3542 2841 3738 2907 modo,

2042 2930 2153 2985 nisi
2177 2932 2323 2985 forte
2354 2946 2588 3001 quoquo
2616 2929 2789 2983 modo
2818 2933 3141 2999 corruptus.
3173 2930 3246 2985 Μ.
3284 2930 3428 2999 Ergo
3475 2928 3576 2999 qui
3608 2944 3738 2982 vere

2041 3023 2207 3090 putat
2237 3018 2441 3073 melius
2472 3034 2591 3072 esse
2619 3017 2834 3089 aliquid
2867 3017 3019 3089 quod
3044 3016 3292 3071 deterius
3322 3021 3410 3070 est
3443 3017 3599 3070 nullo
3630 3016 3733 3071 du-

2042 3109 2257 3165 bitante
2289 3106 2523 3162 scientia
2552 3107 2674 3178 ejus
2704 3111 2876 3161 caret.
2907 3109 2969 3160 D.
3010 3106 3093 3160 Ita
3112 3109 3211 3161 est.
3246 3107 3321 3160 M.
3367 3105 3604 3169 Quando
3635 3105 3741 3176 igi-

2043 3203 2138 3253 tur
2168 3196 2311 3251 mihi
2339 3198 2426 3251 vel
2456 3194 2803 3268 persuaseris
2830 3195 2918 3249 vel
2946 3193 3263 3249 ostenderis
3289 3194 3604 3265 quemlibet
3650 3194 3737 3247 hi-

2044 3286 2326 3341 strionum
2355 3302 2473 3339 non
2503 3286 2633 3339 ideo
2662 3283 2843 3353 illam,
2876 3283 2923 3337 si
2954 3299 3129 3354 quam
3170 3282 3343 3337 habet
3386 3282 3738 3351 facultatem,

2042 3375 2131 3430 vel
2164 3378 2484 3429 assecutum
2533 3390 2653 3427 esse
2700 3373 2786 3427 vel
2840 3372 3104 3426 exhibere
3154 3375 3218 3425 ut
3262 3372 3477 3442 populo
3521 3371 3743 3441 placeat

2043 3467 2280 3535 propter
2304 3466 2584 3534 quaestum
2614 3466 2712 3516 aut
2736 3462 2979 3528 famam;
3013 3461 3318 3515 concedam
3343 3476 3505 3530 posse
3536 3475 3737 3530 quem-

2044 3569 2216 3625 quam
2249 3556 2305 3606 et
2330 3551 2784 3619 musicaehabere
2804 3550 3124 3619 scientiam,
3150 3554 3207 3604 et
3226 3566 3347 3603 esse
3372 3549 3734 3603 histrionem.

2044 3640 2103 3696 Si
2132 3644 2322 3695 autem
2352 3639 2747 3711 perprobabile
2778 3643 2881 3706 est,
2913 3639 3205 3692 neminem
3245 3637 3738 3707 esse_histrionum

2045 3730 2146 3802 qui
2174 3745 2293 3783 non
2322 3727 2431 3783 sibi
2458 3728 2825 3798 professionis
2855 3728 3031 3782 ﬁnem
3063 3727 3122 3781 in
3154 3728 3396 3799 pecunia
3426 3744 3527 3782 seu
3557 3727 3741 3798 gloria

2044 3816 2351 3871 constituat
2380 3832 2443 3870 ac
2470 3819 2775 3886 proponat,
2807 3815 3019 3869 fateare
3046 3831 3273 3870 necesse
3316 3820 3399 3870 est
3428 3820 3527 3870 aut
3554 3814 3735 3869 musi-

2044 3918 2168 3957 cam
2198 3903 2413 3957 nescire
2441 3903 2765 3971 histriones,
2784 3908 2882 3959 aut
2908 3904 3091 3975 magis
3114 3905 3491 3976 expetendam
3528 3919 3649 3958 esse
3667 3903 3738 3957 ab

2044 3990 2172 4044 aliis
2202 3992 2451 4058 laudem,
2478 3992 2565 4045 vel
2594 4007 2837 4063 qumque
2851 3991 2962 4045 alia
2976 3991 3209 4046 fortuita
3229 3992 3550 4059 commoda,
3566 4007 3739 4063 quam

2045 4094 2079 4134 a
2103 4080 2523 4151 nobismetipsis
2544 4079 2985 4151 intelligentiam
3007 4083 3046 4134 ί.
3078 4084 3141 4134 D.
3174 4080 3348 4135 Video
3370 4098 3481 4148 me,
3511 4081 3611 4152 qui
3643 4097 3737 4135 su-

2044 4168 2274 4239 periora
2302 4168 2699 4236 concesserim,
2733 4170 2909 4224 etiam
2965 4169 3088 4223 istis
3114 4169 3316 4224 cedere
3346 4171 3569 4224 debere.
3615 4171 3741 4224 Non

2045 4256 2198 4311 enim
2225 4257 2369 4311 mihi
2398 4258 2513 4310 ullo
2543 4258 2713 4311 modo
2740 4257 2922 4311 videri
2970 4262 3161 4327 potest
3189 4257 3257 4312 de
3286 4274 3457 4313 scena
3494 4258 3741 4313 inveniri

2042 4360 2208 4415 posse
2239 4345 2415 4399 talem
2442 4344 2648 4409 virum,
2680 4344 2780 4415 qui
2808 4349 2990 4399 artem
3016 4362 3179 4401 suam
3206 4350 3442 4417 propter
3470 4345 3735 4416 seipsam,

2044 4448 2161 4487 non
2190 4436 2423 4503 propter
2460 4436 2617 4486 extra
2644 4432 2830 4502 posita
2883 4434 3185 4488 commoda
3235 4433 3474 4504 diligat;
3506 4449 3636 4487 cum
3668 4433 3739 4487 de

2042 4519 2337 4591 gymnasio
2367 4518 2457 4573 vix
2488 4519 2618 4574 talis
2645 4519 2967 4576 inveniatur
3000 4538 3012 4575 :
3042 4537 3372 4593 quanquam
3403 4521 3450 4575 si
3476 4522 3603 4593 quis
3630 4522 3742 4577 exi-

2044 4608 2158 4674 stit,
2190 4608 2273 4661 vel
2299 4608 2594 4677 exstiterit,
2639 4626 2755 4663 non
2813 4626 2880 4664 eo
2908 4610 3316 4665 contemnendi
3372 4611 3596 4679 musici,
3637 4612 3734 4666 sed

2042 4694 2361 4749 honorandi
2392 4695 2697 4767 aliquando
2724 4696 3027 4750 histriones
3056 4697 3271 4767 possint
3298 4698 3497 4755 videri.
3521 4700 3738 4765 Quam-

2043 4783 2241 4838 obrem
2271 4784 2491 4855 explica
2509 4786 2651 4855 jam,
2681 4784 2728 4838 si
2756 4786 2960 4854 placet,
2997 4788 3213 4840 tantam
3236 4786 3422 4857 istam,
3455 4805 3584 4860 qua:
3617 4790 3737 4861 jam

2040 4872 2167 4927 vilis
2192 4872 2336 4927 mihi
2361 4872 2538 4927 videri
2572 4889 2689 4927 non
2716 4876 2925 4944 potest,
2956 4873 3341 4945 disciplinam.

2272 4980 2494 5034 CAPUT
2524 4980 2636 5033 VII.
2674 5010 2739 5019 ——
2769 4979 2883 5034 Diu
2914 4984 2964 5034 et
3002 4996 3107 5036 non
3128 4982 3225 5036 diu
3254 4985 3313 5037 in
3338 4989 3502 5040 motu.

2117 5079 2199 5131 l3.
2232 5077 2305 5131 Μ.
2341 5075 2584 5143 Faciam,
2616 5076 2733 5130 imo
2763 5080 2825 5131 tu
2854 5077 3045 5134 facies.
3080 5080 3221 5135 Nam
3251 5096 3356 5153 ego
3407 5081 3551 5138 nihil
3582 5081 3735 5138 aliud

2040 5181 2214 5237 quam
2245 5166 2457 5236 rogabo
2486 5170 2539 5220 te
2570 5182 2633 5220 ac
2662 5168 3043 5237 percontabor
3075 5186 3088 5224 :
3139 5174 3200 5225 tu
3248 5187 3381 5226 vero
3416 5175 3601 5227 totum
3630 5171 3736 5227 hoc

2040 5254 2320 5327 quidquid
2350 5260 2452 5322 est,
2485 5258 2540 5309 et
2568 5256 2721 5327 quod
2752 5272 2908 5312 nunc
2931 5258 3190 5314 nesciens
3218 5276 3474 5331 quaerere
3508 5260 3733 5329 videris,

2104 5405 2120 5438 ι
2153 5402 2341 5471 ΜεειηΑ
2363 5402 2511 5471 addit
2525 5406 2622 5471 {Et
2643 5406 2773 5471 quia
2793 5404 2860 5454 ab
2876 5406 2997 5457 aliis
3018 5411 3274 5471 erpelunt
3294 5406 3508 5458 laudem
3529 5410 3582 5459 ct
3598 5422 3739 5460 com.-

2041 5464 2287 5538 modlqhet
2307 5478 2341 5514 a
2354 5464 2937 5538 rights-intelligentiam
2962 5480 3070 5538 non
3081 5464 3350 5538 ise-petunt,
3362 5483 3480 5538 curn
3492 5472 3740 5538 prejudi-

2040 5531 2173 5601 cayzt
2268 5527 2411 5590 quod
2442 5526 2605 5601 υξιέᾳδ
2631 5526 2723 5601 est,
2754 5529 2890 5601 quod
2910 5533 2991 5582 est
3018 5526 3214 5591 carius,
3232 5526 3614 5601 constat,_ijuié
3627 5536 3741 5597 ejus

2041 5591 2327 5640 scientiam
2346 5602 2459 5641 non
2478 5590 2713 5651 habent;
2750 5590 2929 5641 addita
2957 5607 3083 5644 sane
3113 5606 3401 5656 perperam.
3456 5590 3534 5644 Μ.
