4080 6178
444 307 568 360 1091

440 423 839 497 respondendo
850 423 1172 496 explicabis.
1205 425 1400 495 Itaque
1415 422 1536 493 jam
1549 425 1680 476 exte
1701 437 1916 493 quaero,
1938 426 2132 477 utrum

441 515 745 588 quisquam
777 514 971 586 possit,
1009 519 1065 568 et
1092 513 1189 568 diu
1219 517 1276 566 et
1304 510 1570 565 velociter
1625 525 1872 565 currere.
1928 514 1993 565 D.
2027 512 2131 565 Po-

441 608 570 659 test.
600 607 675 659 Μ.
706 605 872 671 Quid,
906 603 1063 657 tarde
1094 606 1151 656 et
1179 599 1479 655 velociter?
1507 603 1570 656 D.
1619 600 1785 654 Nullo
1825 599 2013 654 modo.
2053 602 2128 654 Μ.

439 693 610 748 Aliud
641 709 777 763 ergo
803 697 886 746 est
915 691 1031 757 diu,
1065 690 1218 744 aliud
1251 689 1428 744 tarde.
1468 692 1533 743 D.
1561 688 1730 742 Aliud
1765 688 2022 744 omnino.
2053 691 2128 742 Μ.

442 781 582 835 Item
616 795 832 850 quaero,
865 779 1000 849 quid
1029 782 1194 849 putes
1225 776 1587 832 diuturnitati
1613 792 1732 831 esse
1762 776 2129 844 contrarium,

440 867 604 922 sicuti
630 871 713 921 est
739 866 989 921 tarditati
1016 866 1294 920 velocitas.
1320 869 1384 920 D.
1410 867 1530 920 Non
1554 865 1697 919 mihi
1728 866 1974 920 occurrit
2001 865 2126 919 usi-

441 959 622 1010 tatum
655 971 883 1010 nomen.
919 957 1117 1026 Itaque
1141 955 1412 1010 diuturno
1438 954 1583 1009 nihil
1633 955 1796 1009 video
1827 955 1980 1025 quod
2027 971 2132 1024 op-

437 1061 669 1115 ponam,
703 1044 812 1098 nisi
843 1061 956 1098 non
988 1044 1345 1113 diuturnum,
1376 1048 1439 1097 ut
1461 1044 1512 1098 ei
1539 1043 1689 1114 quod
1737 1043 1962 1109 dicitur,
2011 1044 2127 1108 diu,

439 1133 788 1188 contrarium
818 1133 891 1187 sit
917 1149 1030 1186 non
1060 1133 1178 1196 diu,
1225 1133 1359 1204 quia
1417 1144 1473 1186 et
1518 1132 1785 1186 velociter
1829 1131 1876 1184 si
1921 1131 2132 1185 nollem

440 1222 649 1289 dicere,
683 1227 738 1277 et
765 1238 869 1292 pro
895 1238 962 1276 eo
993 1239 1106 1276 non
1133 1222 1293 1276 tarde
1324 1221 1590 1287 dicerem,
1615 1220 1757 1274 nihil
1779 1219 1935 1274 aliud
1964 1219 2136 1290 signi-

437 1311 718 1366 ﬁcaretur.
754 1314 832 1366 M.
868 1313 1076 1364 Verum
1105 1309 1261 1364 dicis.
1310 1309 1461 1363 Nihil
1506 1308 1659 1362 enim
1691 1308 1936 1378 deperit,
1993 1324 2121 1362 cum

434 1400 515 1454 ita
544 1399 854 1470 loquimur,
885 1399 1128 1453 veritati.
1159 1399 1297 1452 Nam
1321 1402 1376 1451 et
1403 1397 1547 1451 mihi
1576 1397 1622 1450 si
1661 1397 1872 1451 esthoc
1901 1413 2131 1463 nomen,

436 1488 590 1559 quod
623 1487 722 1542 tibi
739 1504 852 1541 non
879 1487 1189 1541 occurrisse
1216 1486 1376 1552 dicis,
1401 1491 1500 1540 aut
1522 1485 1820 1556 ignoratur
1849 1501 2006 1552 ame,
2033 1490 2134 1540 aut

437 1576 501 1630 in
526 1575 834 1646 praesentia
863 1592 980 1630 non
1027 1575 1181 1629 venit
1209 1574 1268 1628 in
1324 1579 1597 1628 mentem.
1636 1574 2022 1638 Quamobrem
2055 1573 2133 1627 sic

439 1679 691 1734 agamus,
723 1669 788 1718 ut
806 1664 926 1717 haec
952 1663 1084 1717 bina
1109 1662 1392 1717 contraria
1422 1663 1776 1733 appellemus
1804 1663 1911 1717 hoc
1932 1662 2128 1728 modo,

438 1755 533 1809 diu
571 1759 760 1808 etnon
794 1754 914 1821 diu,
941 1754 1095 1808 tarde
1127 1759 1183 1808 et
1213 1752 1496 1808 velociter.
1528 1756 1608 1808 Ac
1632 1753 1884 1824 primum
1914 1753 1983 1808 de
2004 1751 2131 1807 diu-

440 1847 609 1897 turno
637 1847 694 1896 et
720 1859 834 1896 non
853 1843 1124 1897 diuturno
1146 1842 1488 1897 disseramus
1522 1842 1569 1896 si
1599 1842 1871 1913 placet.D.
1905 1843 1987 1896 Ita
2011 1841 2130 1898 ﬁat.

484 1931 708 1986 CAPUT
738 1932 877 1987 VIII.
911 1962 979 1973 -—
1009 1934 1308 2002 Propositio
1345 1935 1405 1986 in
1432 1936 1578 1986 motu
1615 1931 1874 1986 diuturno
1903 1936 1952 1985 et
1979 1946 2089 1986 non

1142 2021 1417 2076 diuturno.

515 2111 599 2164 14.
632 2111 706 2164 Μ.
740 2109 1170 2165 Manifestumne
1199 2109 1302 2163 tibi
1332 2113 1432 2176 est,
1466 2109 1522 2162 id
1553 2107 1665 2162 dici
1692 2108 1790 2163 diu
1816 2107 1939 2162 ﬁeri
1979 2107 2132 2179 quod

435 2213 542 2267 per
570 2199 828 2268 longum,
851 2199 910 2252 id
939 2203 1128 2252 autem
1159 2215 1275 2252 non
1303 2197 1398 2252 diu
1431 2198 1580 2268 quod
1597 2214 1702 2268 per
1727 2197 1893 2250 breve
1907 2202 2131 2266 tempus

438 2285 504 2340 fit
527 2285 555 2338 ‘l
581 2289 645 2340 D.
681 2286 1142 2342 Manifestum.M.
1177 2287 1356 2341 Motus
1386 2286 1563 2356 igitur
1589 2285 1784 2357 quiﬁt,
1814 2286 1974 2339 verbi
2005 2302 2129 2356 gra-

437 2374 539 2434 tia,
572 2374 792 2428 duabus
823 2374 1000 2443 horis,
1022 2391 1212 2428 nonne
1241 2375 1309 2428 ad
1330 2391 1463 2428 eum
1485 2374 1713 2444 quiuua
1743 2375 1884 2428 hora
1914 2374 1998 2438 Iit,
2022 2375 2126 2428 du-

438 2462 598 2532 plum
632 2462 801 2516 habet
830 2461 1104 2532 temporis
1124 2462 1152 2517 7
1180 2465 1250 2516 D.
1291 2462 1424 2526 Quis
1453 2461 1584 2515 hinc
1636 2461 2022 2516 dubitaverit?
2049 2465 2122 2516 Μ.

435 2550 656 2620 Recipit
681 2566 814 2620 ergo
845 2550 901 2603 id
923 2549 1078 2620 quod
1106 2549 1206 2604 diu
1234 2549 1321 2603 vel
1353 2565 1470 2603 non
1502 2549 1596 2603 diu
1631 2549 1874 2603 dicimus
1899 2549 2125 2604 dimen-

437 2639 625 2694 siones
637 2638 1038 2710 hujusmodiet
1059 2655 1350 2705 numeros,
1377 2642 1442 2692 ut
1465 2639 1608 2692 alius
1621 2643 1808 2692 motus
1832 2639 1902 2692 ad
1925 2639 2124 2709 alium,

436 2733 711 2798 tanquam
738 2728 851 2782 duo
882 2727 950 2782 ad
964 2744 1142 2781 unum
1173 2727 1241 2781 sit
1267 2747 1282 2794 ;
1311 2727 1366 2781 id
1395 2730 1478 2780 est
1491 2731 1551 2781 ut
1576 2726 1664 2780 bis
1678 2731 1901 2781 tantum
1920 2727 2126 2782 habeat

434 2817 578 2871 alius
612 2822 890 2888 quantum
923 2815 1098 2869 semel
1121 2818 1160 2869 ¹ε
1189 2815 1333 2870 alius
1362 2815 1500 2869 item
1531 2815 1602 2869 ad
1627 2815 1804 2868 alium
1851 2820 2123 2886 tanquam

431 2905 543 2960 tria
573 2905 640 2960 ad
672 2906 810 2975 duo,
841 2905 900 2960 id
929 2909 1012 2959 est
1041 2909 1106 2960 ut
1131 2909 1316 2959 tantas
1354 2908 1468 2958 tres
1495 2908 1686 2974 partes
1713 2904 1992 2975 temporis
2020 2905 2122 2958 ha-

429 2993 585 3060 beat,
617 2998 858 3065 quantas
885 2993 1039 3047 aliud
1056 2994 1224 3047 duas:
1249 2992 1632 3064 atqueitaper
1659 2997 1894 3047 caeteros
1925 3010 2125 3048 nume-

429 3097 527 3135 ros
555 3081 686 3136 licet
718 3098 966 3147 currere,
999 3085 1064 3135 ut
1092 3097 1208 3135 non
1229 3081 1343 3134 sint
1367 3081 1550 3151 spatia
1580 3081 1879 3136 indeﬁnita
1896 3082 2125 3136 etinde-

429 3170 752 3235 terminata,
785 3169 883 3223 scd
909 3170 1154 3223 habeant
1183 3170 1252 3224 ad
1281 3185 1340 3222 se
1371 3170 1483 3223 duo
1523 3174 1712 3224 motus
1743 3171 1991 3241 aliquem
2022 3187 2124 3224 nu-

432 3273 655 3312 merum
683 3277 698 3325 ;
725 3262 821 3311 aut
849 3257 1136 3323 eumdem,
1168 3259 1324 3311 velut
1346 3273 1523 3312 unum
1551 3258 1622 3312 ad
1652 3275 1852 3324 unum,
1897 3260 1967 3312 ad
2010 3259 2122 3314 duo

428 3346 563 3414 duo,
596 3347 664 3402 ad
695 3346 805 3401 tria
833 3345 962 3411 tria,
996 3350 1241 3417 quatuor
1266 3345 1336 3399 ad
1355 3343 1663 3416 quatuor”:
1695 3351 1793 3400 aut
1824 3363 1939 3400 non
1959 3363 2119 3402 eum-

431 3435 586 3505 dem,
615 3439 682 3489 ut
713 3451 891 3488 unum
921 3434 991 3489 ad
1018 3434 1151 3501 duo,
1186 3434 1298 3488 duo
1328 3435 1397 3488 ad
1425 3435 1553 3499 tria,
1585 3433 1696 3487 tria
1723 3435 1795 3488 ad
1826 3440 2072 3504 quatuor
2101 3452 2116 3498 ;

426 3531 529 3581 aut
549 3543 730 3581 unum
760 3526 831 3580 ad
859 3525 988 3592 tria,
1017 3525 1131 3579 duo
1163 3523 1233 3578 ad
1263 3540 1376 3588 sex,
1405 3527 1461 3576 et
1491 3522 1770 3594 quidquid
1789 3529 1998 3594 potest'
2015 3525 2119 3578 ali-

429 3614 565 3686 quid
598 3615 666 3669 ad
721 3630 840 3669 sese
895 3612 1266 3668 dimensionis
1325 3611 1602 3666 obtinere.
1647 3613 1722 3668 D.
1783 3612 2013 3666 Planius
2042 3613 2123 3667 ita

427 3720 642 3776 qumso.
670 3706 742 3759 Μ.
779 3704 1080 3758 Revertere
1123 3717 1260 3771 ergo
1319 3701 1391 3756 ad
1424 3701 1549 3754 illas
1605 3701 1796 3768 horas,
1855 3706 1911 3755 et
1961 3702 2118 3772 quod

426 3791 563 3846 satis
592 3791 867 3862 putabam
900 3791 1134 3855 dictum,
1167 3805 1297 3844 cum
1327 3789 1396 3842 de
1451 3805 1568 3843 una
1595 3789 1735 3843 hora
1787 3794 1844 3843 et
1872 3789 1940 3844 de
1977 3791 2116 3844 dua-

422 3880 530 3934 bus
557 3879 846 3947 dixissem,
873 3894 978 3947 per
1007 3877 1202 3931 omnia
1239 3877 1552 3931 considera.
1604 3877 1766 3931 Certe
1817 3877 1973 3931 enim
2002 3894 2117 3931 non

423 3983 601 4037 negas
630 3982 795 4038 posse
833 3965 957 4019 ﬁeri
989 3965 1238 4036 aliquem
1265 3971 1486 4018 motum
1517 3969 1772 4036 tempore
1800 3965 1968 4019 unius
2013 3967 2116 4020 ho-

422 4071 524 4122 rae,
577 4059 632 4110 et
685 4053 862 4109 alium
923 4054 1184 4108 duarum.
1239 4054 1314 4107 D.
1372 4053 1580 4106 Verum
1634 4057 1734 4106 est.
1770 4055 1849 4108 M.
1915 4053 2119 4117 Quid?

422 4145 598 4199 alium
627 4144 892 4208 duarum,
920 4142 1098 4196 aliam
1142 4141 1320 4196 trium
1347 4157 1462 4195 non
1514 4141 1706 4195 fateris
1727 4142 1753 4196 ‘l
1783 4143 1857 4195 D.
1893 4143 2112 4196 Fateor.

422 4237 497 4289 M.
533 4236 598 4289 Et
622 4233 801 4287 alium
829 4231 1010 4287 tribus
1040 4232 1194 4285 horis
1221 4231 1367 4297 ﬁeri,
1391 4231 1569 4285 alium
1599 4234 1878 4302 quatuor;
1923 4247 2118 4286 rursus

423 4322 600 4378 alium
631 4339 770 4388 una,
801 4322 980 4376 alium
1006 4320 1321 4386 tribus;aut
1350 4320 1525 4373 alium
1538 4319 1778 4384 duabus,
1802 4319 1978 4373 alium
1997 4336 2116 4386 sex,

429 4427 623 4466 nonne
652 4410 1020 4466 manifestum
1050 4410 1174 4463 est?
1199 4409 1272 4462 D.
1321 4408 1699 4463 Manifestum.
1739 4411 1806 4464 M.
1832 4408 1944 4462 Cur
1982 4423 2117 4478 ergo

426 4503 484 4552 et
512 4498 668 4553 aliud
699 4515 815 4552 non
857 4497 1221 4552 manifestum
1253 4495 1366 4551 sit?
1394 4497 1534 4549 Nam
1565 4496 1673 4548 hoc
1701 4495 1955 4549 dicebam
1987 4512 2117 4550 cum

423 4587 567 4641 duos
585 4591 772 4640 motus
801 4587 1013 4641 habere
1044 4586 1113 4640 ad
1147 4602 1205 4639 se
1229 4601 1394 4655 posse
1423 4584 1674 4654 aliquem
1706 4600 2012 4638 numerum
2029 4584 2114 4639 di-

429 4690 641 4743 cerem,
666 4675 820 4728 velut
851 4691 1029 4728 unum
1061 4674 1129 4728 ad
1161 4674 1294 4739 duo,
1329 4674 1442 4728 duo
1475 4673 1543 4727 ad
1573 4672 1702 4739 tria,
1733 4673 1844 4727 tria
1870 4673 1940 4726 ad
1975 4689 2114 4743 qua-

429 4767 591 4827 tuor;
627 4778 805 4816 unum
834 4763 905 4816 ad
933 4763 1060 4826 tria,
1092 4762 1199 4817 duo
1226 4762 1296 4816 ad
1323 4778 1439 4826 sex,
1472 4765 1527 4816 et
1564 4761 1612 4814 si
1641 4777 1786 4832 quos
1834 4760 1975 4814 alios
2026 4777 2114 4814 re-

428 4867 662 4907 censere
689 4851 950 4906 volueris.
985 4851 1080 4906 His
1109 4851 1262 4906 enim
1294 4850 1556 4921 cognitis,
1582 4855 1665 4904 est
1693 4855 1750 4903 et
1776 4848 1799 4884 ’⁸
1819 4849 2116 4919 potestatis

423 4939 695 5013 persequi
721 4944 946 5009 caetera,
979 4939 1095 4994 sive
1123 4947 1342 5010 septem
1365 4939 1436 4994 ad
1469 4939 1685 5002 decem,
1719 4937 1832 4991 sive
1859 4938 2114 5010 quinque

479 5065 497 5099 ί
541 5063 670 5112 Mss.
701 5063 878 5125 AietB
901 5076 960 5125 ac
974 5061 1104 5125 Edd.
1123 5075 1307 5125 omnes
1330 5075 1440 5110 non
1458 5061 1675 5121 habent,
1697 5061 1838 5111 alius
1857 5063 2115 5125 quantum

420 5126 607 5197 semel.
647 5126 734 5197 Sic
755 5124 881 5197 legit
901 5124 1189 5197 .Yatic..Cd.
1224 5139 1235 5171 :
1274 5126 1336 5197 _Ut
1365 5125 1681 5197 bisulantam
1711 5124 1902 5174 habeat
1929 5127 2114 5185 spatii,

422 5193 685 5252 quantum
713 5184 866 5236 ἰλαὸἒί
888 5186 985 5237 ille
1008 5188 1099 5249 qui
1131 5199 1241 5233 una
1267 5185 1404 5235 hora
1433 5184 1507 5247 ﬁt.
1575 5188 1642 5235 Μ.
1959 5184 1968 5185 “

483 5252 505 5286 2
531 5251 615 5300 Sic
639 5257 842 5299 veteres
861 5249 1005 5308 Mss;
1050 5248 1242 5296 atEdd.
1266 5247 1587 5299 habent:Aut
1609 5247 1927 5306 eumdem,ut
1944 5259 2115 5309 quan-

425 5316 540 5376 tum
565 5315 973 5376 temporisanus
1001 5313 1401 5376 tantymggmeat
1429 5310 1592 5376 alter,
1614 5315 1711 5360 aut
1733 5309 1992 5368 eumdem,
2015 5313 2112 5357 etc.

427 5398 488 5410 —
515 5375 600 5424 Sic
627 5372 786 5424 etiam
814 5375 910 5423 Ms.
941 5374 984 5422 A
1017 5377 1069 5421 et
1097 5373 1186 5420 Cd.
1213 5372 1378 5421 Vatic.
1446 5373 1512 5421 M.

480 5439 502 5472 ³
529 5437 618 5500 Cd.
637 5438 828 5500 ντιιίίι.ἱ
849 5439 1023 5500 potest
1048 5434 1287 5500 omnino,
1318 5434 1497 5500 addita
1523 5447 1651 5500 voce
1681 5432 1919 5500 omnino.
1985 5432 2051 5480 Μ.

421 5500 498 5610 et"
634 5499 800 5552 Vatic.
816 5493 948 5562 legit
974 5497 1296 5560 simpliciter,
1315 5498 1682 5560 estpoteslalis,
1703 5495 1909 5545 sublata
1931 5493 2117 5542 vocula

1720 300 1814 355 DE
1857 299 2141 366 MUSICA,
2183 299 2237 355 S.
2280 300 2665 359 AUGUSTINI
3734 312 3829 366 1099.

2244 423 2318 478 ad
2347 428 2494 491 octo,
2527 429 2585 480 et
2613 423 2898 497 quidquid
2927 422 3162 478 omnino
3182 426 3266 478 est
3293 423 3832 488 induobusmotibusita

2243 516 2432 582 partes
2461 512 2747 568 dimensas
2776 513 3121 570 habentibus
3157 513 3227 567 ad
3278 512 3529 582 invicem,
3580 523 3632 570 ut
3671 521 3830 589 possint

2243 601 2354 656 dici
2392 606 2478 657 tot
2498 603 2568 658 ad
2595 609 2717 670 tot;
2753 603 2870 658 sive
2899 603 3147 675 aequales
3185 602 3407 657 numeri
3451 604 3569 672 sint,
3604 607 3700 661 sive
3735 610 3833 664 alius

2243 689 2452 824 major(i
2478 690 2620 746 alius
2644 691 2853 747 minor.
2904 693 2979 746 D.
3035 694 3160 748 lam
3211 690 3485 763 intelligo,
3515 697 3564 748 et
3589 694 3691 749 ﬁeri
3716 713 3833 768 posse

2245 785 2414 823 conce
2459 786 2509 823 ο.

2245 785 2509 823 00110800.

2315 859 2537 913 CAPUT
2568 859 2653 913 IX.
2689 885 2757 898 —-
2789 860 2966 912 Motus
2993 859 3341 915 rationabiles
3361 865 3408 913 et
3433 863 3786 927 irrationabiles,

2684 940 3053 992 connumerati
3071 943 3122 992 et
3141 939 3202 992 di
3207 942 3484 994 numerati.

2319 1028 2400 1079 15.
2433 1030 2502 1080 Μ.
2537 1025 2682 1080 Illud
2720 1026 2915 1095 etiam,
2961 1031 3024 1081 ut
3078 1027 3298 1097 opinor,
3357 1027 3624 1098 intelligis,
3671 1046 3834 1085 omnem

2243 1129 2592 1180 mensuram,
2625 1118 2682 1168 et
2723 1115 2962 1168 modum
3021 1115 3477 1169 immoderationi
3530 1120 3579 1170 et
3603 1117 3834 1174 inﬁnitati‘

2242 1207 2394 1257 recte
2424 1202 2715 1273 anteponi.
2747 1203 2821 1257 D.
2847 1203 3362 1259 Manifestissimum
3382 1209 3478 1258 est.
3511 1207 3578 1260 Μ.
3598 1207 3698 1260 Duo
3716 1207 3838 1277 igitur

2243 1295 2434 1344 motus
2465 1289 2564 1360 qui
2596 1291 2662 1344 ad
2697 1306 2836 1356 sese,
2860 1293 2923 1344 ut
2955 1290 3170 1346 dictum
3199 1297 3303 1358 est,
3329 1292 3531 1346 habent
3550 1293 3834 1364 aliquammu-

2243 1395 2528 1433 merosam
2559 1378 2998 1442 dimensionem,
3033 1379 3101 1432 iis
3132 1379 3232 1450 qui
3255 1396 3379 1433 eam
3407 1397 3515 1434 non
3543 1381 3720 1435 habent
3736 1388 3838 1436 ante-

2244 1470 2493 1541 ponendi
2520 1474 2669 1524 sunt.
2705 1471 2778 1524 D.
2808 1471 2871 1525 Et
2899 1471 3007 1525 hoc
3037 1471 3402 1525 manifestum
3431 1475 3512 1524 est
3538 1476 3683 1542 atque
3706 1488 3839 1527 conse-

2245 1575 2458 1631 quens:
2489 1559 2614 1612 illos
2646 1558 2803 1613 enim
2833 1564 3019 1613 certus
3050 1558 3284 1630 quidam
3315 1559 3528 1624 modus,
3557 1564 3701 1630 atque
3726 1577 3838 1614 meu-

2244 1662 2376 1701 sura
2405 1663 2533 1718 quaa
2563 1646 2621 1700 in
2653 1645 2906 1701 numeris
2937 1650 3041 1714 est,
3093 1647 3322 1702 sibimet
3367 1647 3613 1716 copulat;
3653 1664 3742 1718 qua
3775 1648 3838 1719 qui

2244 1740 2458 1802 carent,
2505 1752 2620 1789 non
2673 1735 2869 1807 utique
2923 1734 3030 1790 sibi
3078 1735 3272 1806 aliqua
3317 1735 3528 1789 ratione
3574 1735 3837 1806 junguntur.

2243 1826 2313 1880 Μ.
2347 1825 2716 1896 Appellamus
2745 1840 2902 1894 ergo,
2937 1823 2983 1877 si
3014 1824 3216 1895 placet,
3249 1823 3374 1877 illos
3430 1824 3522 1894 qui
3552 1823 3683 1877 inter
3705 1840 3750 1877 se
3785 1825 3842 1876 di-

2243 1914 2425 1968 mensi
2456 1918 2608 1979 sunt,
2638 1913 3007 1968 rationabiles
3038 1934 3053 1980 ;
3087 1913 3215 1966 illos
3243 1917 3436 1967 autem
3474 1912 3565 1983 qui
3592 1929 3649 1966 ea
3683 1911 3839 1965 dimen-

2243 2004 2400 2056 sione
2424 2008 2638 2071 carent,
2668 2002 3108 2056 irrationabiles.
3157 2001 3231 2054 D.
3279 2002 3464 2055 Placet
3514 2017 3648 2054 vero.
3677 2003 3734 2054 Μ.
3758 2001 3841 2054 lam

2242 2090 2381 2144 illud
2414 2091 2660 2156 attende,
2695 2095 2888 2145 utrum
2915 2090 3019 2144 tibi
3047 2090 3306 2144 videatur
3334 2090 3515 2161 major
3542 2087 3785 2143 concordia
3803 2087 3842 2141 in

2242 2180 2491 2234 motibus
2522 2179 2955 2233 rationabilibus
2982 2195 3178 2233 eorum
3205 2178 3306 2250 qui
3337 2179 3573 2250 aequales
3595 2182 3705 2231 sunt
3741 2177 3842 2230 inter

2241 2285 2317 2332 se,
2348 2284 2518 2339 quam
2548 2284 2749 2322 eorum
2778 2268 2876 2339 qui
2906 2272 3038 2322 sunt
3071 2268 3400 2338 inmquales.
3434 2269 3503 2321 D.
3535 2266 3626 2321 Cui
3657 2266 3739 2319 hoc
3762 2279 3841 2318 non

2238 2357 2538 2412 videatur?
2558 2359 2632 2411 Μ.
2671 2357 2844 2410 Porro
2896 2356 3294 2428 intequalium,
3349 2373 3533 2411 nonne
3577 2354 3661 2409 alii
3685 2354 3842 2407 suntin

2239 2446 2447 2516 quibus
2492 2461 2794 2516 possumus
2824 2445 3030 2508 dicere,
3065 2450 3240 2515 quota
3287 2449 3446 2516 parte
3475 2460 3568 2497 sua
3614 2443 3760 2514 major
3777 2447 3843 2493 aut

2239 2539 2569 2604 coeaquetur
2588 2533 2820 2603 minori,
2836 2539 2933 2587 aut
2948 2551 3079 2588 eum
3100 2534 3360 2600 excedat,
3377 2538 3440 2588 ut
3460 2533 3564 2588 duo
3583 2536 3631 2586 et
3643 2536 3842 2602 quatuor,

2235 2622 2322 2675 vel
2354 2638 2447 2676 sex
2473 2625 2527 2676 et
2558 2626 2718 2689 octo;
2753 2621 2849 2675 alii
2881 2627 3076 2676 autem
3105 2623 3167 2676 in
3211 2622 3422 2693 quibus
3477 2639 3584 2676 non
3623 2621 3747 2674 idem
3769 2619 3841 2672 dici

2235 2714 2442 2781 potest,
2480 2710 2624 2765 sicut
2665 2710 2726 2764 in
2754 2710 2842 2764 his
2871 2710 3148 2776 numeris,
3194 2711 3308 2765 tria
3338 2717 3393 2765 et
3420 2711 3619 2777 decem,
3661 2709 3730 2762 vel
3751 2723 3843 2778 qua-

2234 2802 2364 2851 tuor
2395 2802 2450 2853 et
2469 2796 2790 2852 undecim’?
2813 2799 3006 2854 Cernis
3041 2798 3292 2868 profecto
3342 2800 3403 2853 in
3433 2797 3539 2852 illis
3567 2796 3750 2851 duobus
3771 2810 3842 2847 nu-

2236 2887 2409 2940 meris
2453 2887 2842 2957 superioribus
2891 2885 3130 2941 dimidia
3174 2891 3340 2957 parte
3400 2887 3650 2957 majorem
3694 2881 3842 2937 minori

2235 2974 2521 3045 coaequari
2542 2995 2556 3042 ;
2575 2974 2634 3028 in
2664 2974 2731 3028 iis
2761 2991 2989 3030 rursum
3016 2992 3156 3046 quos
3174 2976 3457 3046 posterius
3477 2975 3604 3038 dixi,
3632 2974 3841 3027 minorem

2235 3077 2266 3114 a
2294 3063 2508 3132 majore
2531 3067 2732 3133 quarta
2781 3067 2943 3132 parte
2993 3062 3227 3133 majoris
3261 3062 3453 3118 excedi
3484 3080 3495 3117 :
3527 3063 3582 3116 in
3607 3061 3681 3115 his
3706 3064 3839 3113 autem

2230 3150 2375 3216 aliis,
2409 3152 2605 3220 quales
2635 3155 2768 3204 sunt
2795 3151 2904 3204 tria
2933 3155 2989 3206 et
3019 3151 3235 3217 decem,
3266 3153 3357 3206 vel
3388 3156 3616 3224 quatuor
3639 3153 3684 3203 et
3709 3147 3838 3201 unde-

2232 3238 2365 3305 cim,
2393 3239 2649 3293 videmus
2675 3238 2908 3309 quidem
2939 3239 3277 3293 nonnullam
3301 3237 3730 3301 convenientiam,
3749 3232 3840 3305 quia

2231 3333 2422 3398 partes
2453 3327 2520 3381 ad
2554 3345 2611 3381 se
2641 3327 2873 3396 habent,
2906 3327 2974 3381 de
3006 3327 3213 3398 quibus
3245 3329 3358 3383 dici
3376 3328 3562 3399 possit,
3586 3331 3660 3381 tot
3681 3325 3735 3378 ad
3751 3327 3837 3384 tot;

2231 3416 2330 3470 sed
2359 3415 2643 3486 numquid
2669 3415 2864 3483 talem,
2888 3415 3073 3486 qualis
3117 3421 3200 3470 est
3229 3415 3292 3470 in
3321 3414 3715 3488 superioribus?
3745 3411 3838 3465 Nam

2231 3523 2418 3576 neque
2448 3510 2623 3576 quota
2639 3510 2795 3576 parte
2826 3505 3040 3560 minori
3054 3507 3234 3577 major
3245 3512 3527 3578 aequetur,
3548 3520 3706 3576 neque
3722 3505 3841 3573 quota

2230 3598 2388 3664 parte
2419 3593 2703 3647 minorem
2728 3593 2910 3663 major
2941 3594 3187 3660 excedat,
3219 3594 3332 3649 dici
3369 3597 3482 3650 ullo
3511 3594 3660 3648 modo
3689 3591 3836 3662 potest.

2233 3683 2374 3735 Nam
2399 3698 2584 3752 neque
2613 3681 2722 3736 tria
2750 3685 2924 3752 quota
2949 3698 3081 3752 pars
3111 3682 3184 3737 sit
3213 3683 3438 3738 denarii
3467 3682 3686 3748 numeri,
3709 3691 3838 3747 neque

2231 3776 2476 3842 quatuor
2503 3775 2675 3842 quota
2705 3787 2835 3841 pars
2871 3771 2942 3826 sit
2997 3772 3318 3839 undenarii,
3379 3772 3577 3829 dixerit
3609 3767 3835 3842 quispiam.

2231 3861 2367 3915 Cum
2397 3865 2587 3914 autem
2619 3859 2744 3914 dico
2777 3863 2842 3914 ut
2891 3861 3210 3916 consideres
3243 3866 3425 3933 quota
3455 3861 3525 3916 sit
3574 3875 3704 3932 pars,
3729 3851 3838 3925 liqui-

2227 3948 2359 4002 dam
2387 3949 2534 4016 dico,
2563 3953 2620 4003 et
2647 3949 2769 4002 sine
2800 3950 2915 4003 ullo
2945 3949 3334 4006 additamento
3359 3969 3372 4018 ;
3424 3949 3580 4005 sicuti
3624 3951 3695 4002 est
3721 3940 3835 3998 dimi-

2230 4037 2344 4104 dia,
2379 4037 2568 4103 tertia,
2599 4042 2821 4108 quarta,
2855 4038 3073 4108 quinta,
3109 4044 3287 4106 sexta,
3318 4044 3378 4094 et
3398 4039 3645 4109 deinceps
3667 4057 3680 4103 ς
3704 4033 3838 4088 nonut

2228 4125 2460 4180 trientes
2490 4131 2545 4180 et
2569 4125 2918 4192 semiunciaa,
2947 4131 3003 4180 et
3030 4126 3137 4181 hoc
3165 4143 3348 4198 genus
3378 4127 3740 4199 przecisionum
3769 4116 3837 4171 ali'

2229 4214 2366 4285 quid
2397 4215 2654 4268 addatur.
2689 4217 2751 4268 D.
2783 4216 2904 4268 lam
2934 4215 3211 4286 intelligo.

2302 4305 2386 4356 l6.
2419 4304 2491 4356 M.
2528 4304 2671 4372 Ergo
2703 4319 2768 4355 ex
2784 4302 2872 4356 his
2896 4302 3274 4374 inaequalibus
3292 4305 3536 4359 motibus
3563 4291 3835 4356 rationabili-

2226 4387 2354 4456 bus,
2389 4389 2662 4460 quoniam
2684 4391 2794 4445 duo
2826 4408 3035 4462 genera
3056 4391 3321 4462 subjectis
3347 4394 3517 4448 etiam
3546 4395 3835 4445 numerorum

2227 4478 2504 4548 exemplis
2545 4478 2839 4548 proposui,
2895 4496 3038 4550 quos
3075 4479 3285 4550 quibus
3315 4478 3711 4551 anteponendos
3733 4469 3835 4526 arbi-

2226 4565 2396 4622 traris
2413 4566 2441 4620 ?
2470 4564 2673 4620 illosne
2694 4565 2753 4620 in
2785 4567 2993 4637 quibus
3022 4568 3121 4622 illa
3137 4573 3310 4640 quota
3333 4585 3465 4640 pars
3487 4567 3588 4622 dici
3607 4567 3772 4636 potest,
3789 4571 3835 4610 an

2226 4653 2286 4707 in
2319 4653 2527 4724 quibus
2551 4669 2667 4708 non
2679 4657 2869 4723 potest
2887 4655 2916 4709 ?
2943 4655 3016 4710 D.
3049 4655 3182 4708 Illos
3204 4655 3345 4710 mihi
3365 4654 3509 4710 ratio
3521 4653 3714 4708 videtur
3729 4649 3836 4701 ante-

2226 4741 2524 4813 ponendos
2578 4742 2798 4814 jubere,
2831 4742 2890 4796 in
2920 4743 3128 4814 quibus
3182 4748 3370 4815 potest
3407 4743 3536 4812 dici,
3564 4746 3624 4796 ut
3662 4738 3835 4792 demon-

2227 4834 2469 4884 stratum
2499 4833 2602 4896 est,
2653 4834 2830 4901 quota
2874 4836 3037 4901 parte
3076 4831 3164 4885 sui
3206 4833 3392 4902 major
3437 4832 3731 4901 coaequetur
3764 4818 3836 4875 mi-

2226 4918 2375 4981 nori,
2405 4922 2501 4972 aut
2529 4934 2661 4972 eum
2686 4919 2937 4987 excedat,
2973 4919 3041 4973 iis
3069 4920 3129 4973 in
3158 4921 3368 4991 quibus
3393 4920 3542 4976 idem
3560 4932 3665 4972 non
3687 4907 3834 4966 evenit.

2226 5010 2300 5063 Μ.
2330 5007 2521 5061 Recte.
2555 5006 2662 5060 Sed
2714 5006 2870 5060 visne
2923 5007 3095 5062 etiam
3121 5008 3209 5062 his
3239 5009 3475 5064 nomina
3526 5007 3834 5076 imponamus,

2229 5099 2291 5149 ut
2320 5111 2449 5149 cum
2480 5111 2578 5148 eos
2631 5094 2896 5166 deinceps
2941 5112 3393 5152 commemorare
3447 5109 3655 5151 necesse
3696 5082 3836 5144 fuerit,

2297 5184 2308 5213 '
2344 5182 3079 5248 Mss.plures,et_mformitati
3095 5191 3241 5236 recte
3261 5177 3712 5248 anteponi.—Quod
3723 5173 3834 5224 etiam

2228 5245 2406 5295 ferunt
2428 5245 2550 5294 Mes.
2577 5246 2743 5294 nostri
2769 5252 2820 5295 et
2848 5247 3014 5296 Vatic.
3043 5247 3132 5296 Cd.
3201 5249 3269 5296 Μ.

2289 5309 2310 5342 2
2341 5309 2408 5371 In
2429 5308 2485 5356 B.
2521 5323 2531 5355 :
2561 5310 2930 5371 lnarqualium,
2961 5322 3138 5358 nonne
3161 5311 3260 5361 alii
3288 5312 3411 5360 sunt
3439 5311 3496 5357 in
3521 5305 3690 5371 quibus
3701 5306 3836 5371 ρρεεξις

2226 5382 2348 5434 mus
2376 5370 2558 5428 dicere,
2585 5369 2746 5434 quola
2769 5376 2930 5434 parte
2951 5385 3054 5420 sua
3080 5373 3256 5432 major
3276 5369 3659 5434 autcoa‘qaetar
3673 5369 3834 5434 ῖηυζίξζί·

2228 5433 2328 5482 aut
2341 5445 2468 5496 eum
2483 5419 2740 5496 ex'cEdatv;
2757 5419 3048 5496 aliiaateea
3068 5419 3120 5483 in
3133 5419 3328 5496 litibus
3337 5419 3443 5483 non
3454 5419 3580 5482 idem
3597 5429 3683 5496 diri

2227 5496 2362 5558 sicut
2386 5493 2446 5558 in
2475 5493 2557 5544 his
2576 5485 2835 5558 numeris,
2850 5493 2951 5543 duo
2973 5499 3020 5546 et
3039 5485 3286 5558 quatuor,
3306 5495 3388 5558 pel
3409 5507 3497 5545 sea:
3523 5497 3569 5543 et
3585 5485 3832 5546 calamum

2231 5554 2373 5603 hunc
2403 5556 2589 5603 damus
2616 5556 2951 5604 emendatum
2979 5554 3236 5606 ex‘Vatic.
3305 5555 3374 5604 M.
