4080 6178
278 308 413 361 1093

276 426 597 498 expeditius
623 427 974 498 loquamur?
1005 432 1070 483 D.
1120 428 1276 487 Volo.
1308 446 1462 487 sane.
1496 433 1571 487 M.
1602 433 1971 505 Appellamus

275 533 412 587 ergo
442 516 581 570 istos
601 532 747 587 quos
776 517 1185 588 praeponimus,
1204 524 1678 589 connumeratos;
1712 524 1841 578 illos
1873 541 1972 578 au-

274 609 389 659 tem
420 604 627 675 quibus
648 604 751 658 hos
778 606 1188 676 praeponimus,
1208 608 1601 664 dinumeratos
1627 628 1639 664 :
1670 618 1973 683 pr0pterea

272 693 410 765 quia
454 692 548 746 isti
576 692 897 764 superiores
929 710 1046 748 non
1076 696 1263 749 solum
1303 697 1516 768 singuli
1565 705 1967 767 numerantur,

272 781 371 835 sed
401 780 577 835 etiam
598 786 836 852 eaparte
858 796 971 853 qua
997 783 1180 853 major
1209 784 1422 840 minori
1448 792 1711 857 tequatur
1739 791 1973 843 veleum

272 869 503 937 excedit,
540 886 597 924 se
620 871 935 925 metiuntur
960 876 1015 925 et
1045 878 1381 941 numerant;
1414 875 1500 927 illi
1551 881 1742 930 autem
1778 881 1974 948 poste-

272 957 451 1012 riores
482 958 816 1028 singillatim
848 962 1244 1016 tantummodo
1284 962 1354 1016 ad
1382 980 1441 1017 so
1472 970 1873 1033 numerantur,
1907 982 1975 1020 ea

272 1064 405 1103 vero
462 1052 622 1118 parte
680 1065 795 1119 qua
832 1051 920 1103 vel
964 1056 1226 1120 aequatur
1264 1051 1475 1106 minori
1516 1055 1719 1124 major,
1753 1056 1974 1109 excedit

273 1153 389 1191 non
421 1153 478 1189 se
504 1137 818 1192 metiuntur
833 1142 888 1192 et
917 1144 1242 1194 numerant.
1274 1142 1397 1195 Non
1419 1142 1571 1196 enim
1599 1147 1787 1214 potest
1813 1143 1873 1197 in
1892 1142 1973 1197 eis

271 1224 401 1289 dici,
423 1230 519 1280 aut
544 1226 769 1297 quoties
788 1226 996 1281 habeat
1019 1228 1308 1283 minorem
1329 1231 1514 1302 major
1538 1236 1668 1298 ;aut
1696 1232 1839 1287 illud
1860 1250 1972 1304 quo

272 1313 492 1369 excedit
531 1314 713 1384 major
758 1314 1040 1369 minorem
1085 1318 1311 1388 quoties
1357 1319 1565 1374 habeat
1609 1324 1665 1374 et
1705 1321 1889 1391 major
1918 1324 1975 1374 et

271 1401 479 1457 minor.
514 1406 582 1458 υ.
612 1404 839 1474 Accipio
858 1409 914 1457 et
941 1404 1051 1459 ista
1075 1406 1367 1475 vocabula,
1391 1411 1447 1462 et
1474 1413 1754 1480 quantum
1794 1409 1972 1479 valeo,

270 1490 479 1545 faciam
509 1494 571 1545 ut
589 1491 979 1547 meminerim.

451 1651 675 1705 CAPUT
703 1652 764 1705 Χ.
800 1682 867 1689 -
895 1653 1070 1707 Motus
1103 1655 1412 1723 complicati
1457 1658 1507 1709 et
1532 1658 1792 1725 sesquati.

348 1794 429 1844 l7.
471 1792 548 1846 Μ.
580 1794 697 1862 Age
747 1807 899 1845 nunc
928 1791 1219 1847 videamus
1257 1800 1803 1851 connumeratorum
1842 1814 1970 1869 quae

269 1879 449 1949 possit
478 1895 599 1933 esse
628 1879 861 1949 partitio
896 1897 908 1934 :
935 1896 1184 1953 namque
1216 1884 1466 1938 arbitror
1502 1901 1629 1938 eam
1676 1902 1795 1939 esse
1834 1902 1969 1956 per-

270 1966 545 2036 spicuam.
577 1968 763 2020 Unum
794 1968 949 2021 enim
989 1986 1170 2039 genus
1196 1974 1279 2024 est
1308 1975 1876 2039 connumeratorum,
1910 1972 1970 2026 in

268 2071 383 2125 quo
434 2056 626 2109 minor
670 2072 947 2109 numerus
992 2058 1229 2112 metitur
1277 2059 1600 2130 majorem;
1642 2060 1699 2115 id
1737 2064 1820 2115 est
1866 2060 1970 2114 ali-

268 2142 495 2213 quoties
521 2159 653 2198 eum
684 2145 857 2199 habet
877 2146 1061 2216 major
1081 2148 1099 2183 ¹
1129 2146 1273 2201 sicut
1304 2164 1573 2202 numeros
1603 2149 1717 2203 duo
1751 2153 1805 2203 et
1834 2165 1973 2220 qua-

268 2233 402 2283 tuor
431 2246 551 2284 esse
579 2230 862 2285 diximus:
896 2231 1154 2286 videmus
1184 2234 1338 2287 enim
1378 2235 1490 2288 duo
1547 2251 1580 2288 a
1611 2239 1858 2305 quatuor
1884 2234 1972 2288 bis

266 2317 466 2372 haberi
492 2338 507 2386 ;
529 2335 658 2389 qua:
690 2324 775 2373 ter
804 2320 1172 2384 haberentur,
1222 2322 1268 2375 si
1300 2338 1415 2376 non
1455 2327 1719 2393 quatuor,
1753 2322 1846 2377 sed
1878 2339 1971 2377 sex

269 2408 340 2460 ad
374 2408 486 2461 duo
513 2424 887 2477 poneremus;
919 2412 1121 2479 quater
1151 2414 1365 2479 autem,
1395 2410 1440 2463 si
1462 2416 1613 2476 octo;
1642 2410 1967 2482 quinquies,

268 2495 316 2548 si
344 2495 564 2551 decem.
595 2496 764 2550 Aliud
790 2512 971 2567 genus
992 2501 1094 2563 est,
1124 2497 1185 2551 in
1216 2515 1328 2569 quo
1368 2515 1431 2552 ea
1460 2516 1592 2569 pars
1615 2516 1728 2568 qua
1755 2500 1973 2554 excedit

264 2584 452 2653 major
480 2584 784 2651 minorem,
817 2586 1017 2639 ambos
1047 2587 1314 2654 metitur;
1348 2586 1405 2641 id
1436 2591 1519 2641 est
1543 2587 1845 2658 aliquoties
1874 2588 1972 2642 ha-

263 2671 403 2725 bent
430 2688 556 2725 eam
578 2676 635 2726 et
655 2674 841 2743 major
861 2678 917 2728 et
940 2674 1147 2741 minor,
1180 2675 1335 2745 quod
1351 2674 1410 2728 in
1440 2675 1551 2728 illis
1572 2676 1826 2729 numeris
1849 2676 1968 2746 jam

260 2761 673 2830 perspeximus,
710 2778 805 2815 sex
836 2766 889 2815 et
919 2767 1061 2816 octo.
1089 2764 1227 2817 Nam
1252 2780 1383 2833 pars
1414 2763 1510 2817 illa
1540 2781 1654 2834 qua
1676 2764 1970 2818 exceditur

264 2848 473 2909 minor,
506 2849 617 2903 duo
640 2855 793 2919 sunt,
817 2867 957 2921 quos
984 2851 1137 2905 vides
1163 2868 1282 2905 esse
1313 2852 1373 2904 in
1404 2852 1697 2906 octonario
1728 2868 1970 2907 numero

270 2941 494 3007 quater,
527 2938 589 2991 in
621 2938 845 2993 senario
900 2944 1022 2993 ter:
1065 2956 1241 3010 quare
1276 2939 1380 2993 hos
1423 2957 1651 3011 quoque
1681 2944 1870 2994 motus
1900 2942 1970 2995 de

264 3024 475 3095 quibus
526 3027 734 3097 agitur,
767 3032 823 3081 et
853 3044 1123 3081 numeros
1152 3044 1257 3099 per
1287 3045 1432 3100 quos
1463 3029 1785 3083 illustratur
1817 3030 1971 3099 quod

264 3113 328 3167 in
359 3114 613 3169 motibus
644 3117 857 3170 discere
879 3118 1164 3186 volumus,
1195 3121 1458 3171 notemus
1474 3122 1646 3189 atque
1677 3118 1970 3195 signemus

265 3204 573 3257 vocabulis.
619 3206 760 3258 Nam
824 3221 1025 3259 eorum
1082 3205 1374 3259 distinctio
1435 3206 1800 3277 jamdudum,
1856 3206 1969 3259 nisi

264 3291 451 3358 fallor,
486 3298 740 3362 apparet.
784 3295 1076 3362 Quocirca,
1109 3294 1156 3349 si
1186 3296 1288 3349 tibi
1310 3296 1433 3366 jam
1466 3296 1710 3359 videtur,
1758 3296 1841 3349 illi
1872 3296 1969 3350 ubi

266 3380 641 3451 multiplicato
686 3382 906 3437 minore
936 3384 1000 3437 ﬁt
1030 3384 1232 3454 major,
1278 3390 1551 3438 vocentur
1594 3385 1921 3456 complicati
1950 3405 1965 3453 ;

264 3468 352 3523 illi
383 3474 575 3523 autem
616 3472 886 3542 sesquati,
919 3473 1095 3525 veteri
1138 3474 1257 3543 jam
1295 3472 1549 3526 nomine.
1594 3473 1736 3526 Nam
1767 3488 1967 3542 sesque

266 3559 590 3628 appellatur
618 3558 659 3626 ²,
691 3560 788 3613 ubi
819 3561 933 3614 duo
964 3561 1194 3615 numeri
1222 3562 1292 3614 ad
1326 3578 1384 3614 se
1432 3577 1498 3615 ea
1526 3561 1748 3615 ratione
1779 3560 1967 3615 alfecti

264 3652 419 3709 sunt,
455 3652 517 3702 ut
544 3652 625 3702 tot
652 3653 839 3718 partes
870 3649 1075 3703 habeat
1105 3650 1176 3703 ad
1206 3649 1492 3703 minorem
1540 3651 1744 3719 major,
1795 3653 1969 3719 quota

264 3740 429 3805 parte
457 3736 545 3790 sui
574 3753 707 3791 eum
736 3738 1041 3808 praecedit:
1078 3754 1212 3791 nam
1243 3738 1288 3791 si
1312 3743 1394 3791 est
1424 3738 1531 3792 tria
1552 3739 1621 3792 ad
1642 3738 1776 3803 duo,
1801 3736 1967 3791 tertia
2019 3772 2023 3776 ι

263 3828 425 3894 parte
483 3824 570 3878 sui
612 3826 882 3895 praecedit
914 3827 1096 3897 major
1149 3826 1472 3892 minorem;
1507 3826 1552 3879 si
1592 3832 1839 3897 quatuor
1894 3826 1965 3879 ad

262 3913 395 3980 tria,
418 3918 657 3983 quarta;
692 3914 737 3966 si
768 3915 1026 3985 quinque
1058 3915 1125 3969 ad
1158 3920 1425 3985 quatuor,
1451 3915 1669 3985 quinta,
1695 3918 1866 3985 atque
1889 3914 1969 3967 ita

265 4000 533 4072 deinceps
557 4017 569 4055 :
605 4002 804 4055 eadem
831 4003 975 4057 ratio
1003 4007 1088 4057 est
1117 4008 1172 4057 et
1201 4003 1260 4056 in
1292 4020 1387 4056 sex
1415 4005 1486 4057 ad
1516 4009 1781 4074 quatuor,
1841 4008 1968 4056 octo

264 4088 337 4142 ad
368 4104 485 4155 sex,
521 4089 715 4143 decem
764 4090 836 4144 ad
866 4094 991 4144 octo
1020 4110 1035 4158 ;
1066 4094 1121 4144 et
1148 4090 1281 4144 inde
1329 4090 1460 4144 licet
1507 4091 1652 4144 hanc
1686 4091 1968 4144 rationem

264 4184 320 4232 et
351 4182 373 4213 ³
392 4178 452 4231 in
475 4179 961 4249 consequentibus
987 4183 1043 4233 et
1084 4179 1142 4232 in
1161 4179 1473 4249 majoribus
1503 4179 1759 4233 numeris
1789 4179 1969 4232 anim-

268 4266 561 4320 advertere
593 4272 762 4338 atque
794 4267 1105 4338 explorare.
1144 4267 1400 4321 Nominis
1431 4274 1622 4321 autem
1646 4268 1817 4337 hujus
1849 4268 1966 4321 ori-

265 4354 464 4425 ginem
504 4371 621 4409 non
650 4357 814 4410 facile
846 4357 1121 4410 dixerim:
1162 4356 1271 4409 nisi
1302 4356 1443 4410 forte
1474 4372 1676 4426 sesque
1705 4355 1868 4425 quasi
1906 4372 1966 4410 se

265 4444 482 4514 absque
501 4444 737 4511 dictum,
762 4444 821 4499 id
844 4450 929 4499 est
951 4446 1163 4515 absque
1191 4461 1268 4512 se,
1296 4446 1429 4516 quia
1451 4445 1705 4515 quinque
1730 4444 1803 4498 ad
1825 4460 1965 4514 qua-

266 4539 400 4588 tuor
430 4533 472 4599 ⁴,
506 4535 718 4605 absque
767 4534 968 4606 quinta
1004 4542 1162 4605 parte
1193 4551 1295 4588 sua
1325 4535 1507 4604 major
1546 4536 1652 4587 hoc
1701 4537 1784 4587 est
1812 4534 1965 4604 quod

264 4620 473 4675 minor.
523 4622 737 4686 Quibus
766 4625 834 4677 de
877 4624 1045 4677 rebus
1102 4639 1298 4692 qurero
1348 4622 1488 4693 quid
1527 4621 1631 4676 tibi
1686 4622 1959 4676 videatur.

264 4712 327 4763 1).
363 4708 496 4763 Mihi
528 4726 661 4764 vero
704 4717 760 4765 et
788 4711 887 4764 illa
916 4710 1059 4765 ratio
1106 4710 1531 4765 dimensionum
1561 4716 1731 4782 atque
1759 4727 1962 4765 nume-

268 4812 465 4851 rorum
494 4798 718 4853 videtur
744 4799 1066 4866 verissima;
1102 4804 1157 4853 et
1185 4800 1460 4854 vocabula
1490 4816 1619 4870 quae
1640 4800 1738 4853 abs
1768 4804 1820 4853 te
1852 4800 1961 4853 im-

261 4886 450 4955 posita
498 4891 650 4953 sunt,
684 4905 935 4959 congrua
965 4888 1107 4942 mihi
1135 4889 1399 4943 videntur
1447 4888 1963 4943 commemorandis

263 4974 349 5027 eis
375 4975 547 5029 rebus
578 4992 717 5046 quas
765 4977 1185 5033 intelleximus:
1244 4983 1301 5032 et
1348 4978 1518 5047 hujus
1566 4977 1726 5046 origo
1776 4976 1961 5030 nomi-

263 5061 353 5115 nis
383 5078 557 5132 quam
589 5081 741 5119 nunc
778 5066 1091 5135 explicasti,
1146 5082 1262 5119 non
1299 5070 1384 5119 est
1434 5066 1699 5134 absurda,
1734 5064 1955 5119 etiamsi

262 5150 407 5205 forte
441 5168 554 5207 non
585 5169 651 5207 ea
689 5154 761 5208 sit
813 5170 987 5225 quam
1044 5159 1273 5209 secutus
1329 5159 1416 5209 est
1462 5153 1561 5225 qui
1598 5155 1705 5208 hoc
1749 5170 1961 5209 nomen

266 5240 532 5296 instituit.

328 5402 344 5436 1
374 5400 665 5511 Aliquam:
684 5401 879 5453 habent
902 5404 1165 5473 minorem
1188 5402 1390 5464 major.
1417 5401 1571 5464 juxta
1594 5401 1761 5450 Vatic.
1795 5402 1865 5451 Μ.

328 5464 345 5497 ³
377 5464 437 5511 In
515 5500 548 5511 ..
570 5466 932 5511 appellantur.
958 5466 1142 5511 ναίω..
1162 5464 1493 5511 αυυειιαιιιν.

323 5464 345 5497 ³
377 5464 437 5511 In
471 5464 548 5523 B.,
570 5466 932 5526 appellantur.
958 5465 1142 5521 Vatia,
1162 5464 1493 5526 appellatur.

325 5526 347 5589 ἒ
377 5526 437 5589 In
469 5526 547 5584 B.,
574 5524 944 5589 ohiittitur,et,
980 5527 1121 5589 quod
1146 5524 1210 5575 ex
1231 5524 1400 5576 Vatic.
1421 5524 1763 5589 restituimus.
1793 5526 1865 5575 Μ.

331 5588 347 5620 ⁸
366 5586 422 5635 Si
450 5590 679 5650 quinque
704 5592 776 5638 est
794 5588 865 5637 ad
892 5586 1137 5651 quatuor,
1168 5588 1320 5651 juxta
1345 5589 1437 5637 Ms.
1468 5588 1531 5635 A.
1555 5592 1606 5636 et
1632 5588 1796 5637 Vatic.
1824 5588 1891 5635 Μ.

1756 311 1969 369 LIBER
2008 312 2292 372 PRIMUS.

3644 332 3778 387 1094

2086 436 2310 493 CAPUT
2338 439 2424 494 XI.
2456 469 2524 481 --
2552 442 2727 496 Motus
2758 446 2808 497 et
2836 458 3088 500 numerus
3130 449 3190 502 in
3235 447 3514 519 inﬁnitum
3550 466 3775 520 progre-

2365 527 2517 582 diens
2534 534 2594 583 ut
2616 530 2689 583 ad
2717 535 2915 587 certam
2933 535 3169 599 formam
3198 543 3489 596 coercetur.

2156 634 2239 686 l8.
2273 634 2345 688 M.
2382 635 2566 689 Probo
2596 640 2653 690 et
2681 637 2894 708 accipio
2924 642 3265 697 sententiam
3297 648 3455 699 tuam
3486 660 3499 700 :
3557 648 3656 701 sed
3690 648 3774 703 vi-

2082 720 2253 775 desne
2284 739 2483 777 omnes
2512 726 2650 780 istos
2680 727 3045 782 rationabiles
3076 737 3280 796 motus,
3334 733 3391 787 id
3443 738 3527 790 est
3574 736 3674 806 qui
3704 738 3775 792 ad

2082 824 2203 864 sese
2254 811 2469 867 habent
2511 813 2763 885 aliquam
2818 833 3189 872 numerorum
3235 821 3677 895 dimensionem,
3715 826 3775 880 in

2081 898 2371 954 inlinitum
2400 919 2563 972 posse
2595 920 2698 974 per
2723 921 2992 960 numeros
3025 923 3282 979 pergere,
3319 910 3424 964 nisi
3456 928 3651 967 rursus
3679 930 3774 969 eos

2081 992 2233 1042 certa
2249 989 2391 1043 ratio
2417 992 2899 1060 coercuerit,etad
2914 997 3219 1066 quemdam
3242 999 3476 1053 modum
3507 1001 3775 1057 formam-

2081 1090 2192 1144 que
2220 1080 2615 1134 revocaverit?
2653 1082 2793 1135 Nam
2844 1088 2908 1137 ut
2949 1084 3135 1153 primo
3175 1086 3245 1140 de
3288 1087 3424 1158 ipsis
3457 1091 3773 1161 aequalibus

2081 1162 2264 1218 dicam
2289 1182 2301 1232 ;
2330 1182 2512 1222 unum
2542 1169 2611 1223 ad
2635 1187 2833 1239 unum,
2859 1172 2971 1225 duo
2994 1174 3061 1227 ad
3090 1173 3224 1239 duo,
3258 1176 3365 1230 tria
3386 1177 3455 1231 ad
3475 1179 3601 1245 tria,
3633 1196 3775 1250 qua-

2079 1254 2212 1305 tuor
2241 1254 2311 1308 ad
2342 1261 2608 1325 quatuor,
2640 1275 2704 1312 ac
2735 1259 3001 1330 deinceps
3032 1261 3079 1313 si
3107 1278 3437 1333 persequar,
3472 1268 3597 1337 quis
3637 1269 3769 1322 linis

2081 1340 2207 1407 erit,
2236 1359 2365 1397 cum
2394 1344 2574 1414 ipsius
2604 1348 2829 1401 numeri
2858 1349 2988 1402 linis
3017 1350 3209 1403 nullus
3239 1352 3355 1405 sit?
3380 1355 3634 1426 Namque
3666 1358 3774 1412 ista

2079 1428 2161 1482 vis
2190 1447 2431 1485 numero
2462 1433 2627 1501 inest,
2662 1440 2723 1489 ut
2752 1437 2936 1489 omnis
2966 1436 3147 1491 dictus
3177 1438 3373 1493 ﬁnitus
3403 1441 3493 1509 sit,
3538 1460 3652 1499 non
3683 1446 3771 1500 di-

2077 1522 2198 1572 ctus
2227 1525 2420 1575 autem
2451 1522 2727 1577 inlinitus.
2784 1526 2847 1578 Et
2873 1525 3026 1595 quod
3073 1527 3390 1597 aequalibus
3419 1532 3625 1599 evenit,
3658 1534 3767 1588 hoc

2080 1606 2250 1662 etiam
2282 1608 2661 1681 inaequalibus
2691 1612 2918 1667 evenire
2962 1620 3125 1684 potes
3156 1614 3625 1688 animadvertere,
3660 1620 3775 1675 sive

2079 1694 2452 1764 complicatis,
2495 1697 2611 1751 sive
2643 1699 2942 1770 sesquatis,
3003 1701 3117 1755 sive
3166 1706 3610 1773 connumeratis,
3661 1708 3774 1762 sive

2079 1780 2474 1839 dinumeratis.
2508 1786 2564 1840 Si
2605 1787 2760 1841 enim
2793 1805 2971 1843 unum
3008 1791 3079 1844 ad
3109 1791 3222 1846 duo
3256 1794 3589 1865 constituas,
3620 1800 3677 1851 et
3716 1798 3776 1851 in

2078 1884 2145 1924 ea
2172 1871 2643 1943 multiplicatione
2669 1893 3004 1947 permanere
3038 1880 3191 1947 velis,
3225 1881 3465 1936 dicendo
3498 1900 3675 1939 unum
3704 1886 3775 1940 ad

2078 1958 2205 2024 tria,
2234 1976 2415 2014 unum
2435 1962 2505 2017 ad
2526 1969 2793 2034 quatuor,
2820 1983 2997 2021 unum
3018 1968 3088 2022 ad
3101 1967 3378 2040 quinque,
3403 1971 3775 2045 etdeinceps;

2078 2063 2196 2101 non
2226 2048 2334 2102 erit
2364 2049 2529 2105 linis:
2564 2052 2678 2107 sive
2710 2054 2830 2108 sola
2856 2055 3051 2126 dupla,
3084 2062 3147 2111 ut
3176 2074 3358 2113 unum
3386 2060 3456 2113 ad
3487 2060 3623 2129 duo,
3657 2063 3770 2117 duo

2077 2135 2151 2190 ad
2176 2142 2442 2208 quatuor,
2493 2146 2743 2211 quatuor
2782 2143 2853 2197 ad
2882 2148 3025 2209 octo,
3061 2150 3188 2199 octo
3243 2147 3315 2200 ad
3358 2148 3665 2219 sexdecim,
3718 2157 3775 2207 et

2080 2224 2285 2280 deinde
2311 2243 2324 2293 ;
2356 2228 2447 2281 hic
2474 2246 2704 2301 quoque
2735 2232 2926 2285 nullus
2949 2237 3032 2287 est
3051 2233 3210 2289 linis:
3244 2235 3323 2289 ita
3362 2241 3419 2290 et
3456 2237 3628 2309 tripla
3657 2241 3775 2295 sola

2078 2317 2134 2368 et
2155 2315 2371 2384 quadru
2379 2317 2474 2388 pla
2498 2320 2637 2385 sola,
2663 2320 3015 2391 etquidquid
3035 2322 3477 2379 horumtentare
3502 2328 3776 2399 volueris,

2079 2401 2140 2455 in
2170 2402 2463 2459 inﬁnitum
2492 2408 2959 2477 progrediuntur.
3002 2411 3084 2463 Ita
3110 2410 3283 2465 etiam
3315 2415 3567 2485 sesquati
3598 2432 3611 2470 :
3642 2434 3801 2471 nam.

2077 2490 2189 2545 duo
2220 2492 2291 2545 ad
2320 2492 2441 2554 tria,
2474 2495 2581 2549 tria
2606 2496 2677 2549 ad
2701 2501 2966 2567 quatuor,
2998 2504 3245 2569 quatuor
3270 2502 3339 2555 ad
3361 2504 3611 2575 quinque
3641 2521 3773 2560 cum

2078 2577 2319 2634 dicimus
2344 2597 2357 2647 ;
2390 2581 2544 2636 vides
2573 2583 2712 2637 nihil
2743 2585 3044 2655 prohibere
3068 2592 3270 2642 caetera
3298 2591 3586 2661 persequi,
3618 2594 3775 2647 nullo

2077 2667 2373 2722 resistente
2402 2668 2545 2724 line:
2581 2670 2696 2725 sive
2726 2672 2835 2725 isto
2861 2674 3032 2726 modo
3064 2675 3201 2727 velis
3230 2674 3290 2727 in
3321 2677 3524 2731 eodem
3566 2695 3775 2748 genere

2077 2772 2465 2825 perseverans,
2498 2763 2561 2811 ut
2586 2759 2700 2813 duo
2741 2761 2812 2814 ad
2843 2761 2970 2828 tria,
3021 2768 3268 2832 quatuor
3307 2764 3378 2817 ad
3414 2782 3530 2831 sex,
3582 2784 3675 2821 sex
3707 2768 3775 2823 ad

2078 2859 2305 2910 novem,
2344 2848 2467 2898 octo
2493 2846 2560 2900 ad
2601 2846 2925 2917 duodecim,
2984 2848 3179 2903 decem
3227 2850 3296 2903 ad
3342 2852 3688 2921 quindecim,
3722 2860 3779 2910 et

2080 2930 2383 3002 deinceps;
2413 2932 2527 2987 sive
2552 2934 2612 2988 in
2652 2936 2757 2989 hoc
2801 2952 3030 3006 genere,
3066 2936 3180 2990 sive
3218 2937 3278 2992 in
3307 2941 3548 3010 caeteris,
3582 2944 3776 2997 nullus

2080 3019 2209 3073 linis
2236 3022 2500 3077 occurrit.
2536 3023 2684 3087 Quid
2714 3041 2855 3095 opus
2885 3029 2969 3079 est
3004 3025 3073 3080 de
3117 3026 3494 3083 dinumeratis
3533 3030 3655 3102 jam
3687 3031 3774 3086 di-

2080 3125 2224 3175 cere,
2257 3126 2387 3163 cum
2409 3126 2476 3164 ex
2504 3111 2574 3164 iis
2605 3129 2733 3183 quae
2756 3114 2878 3183 jam
2908 3114 3057 3168 dicta
3074 3119 3208 3169 sunt
3236 3116 3423 3187 quivis
3454 3118 3775 3191 intelligere

2080 3198 2348 3269 possit,in
2372 3199 2443 3253 iis
2470 3217 2698 3272 quoque
2712 3203 2995 3272 gradatim
3015 3206 3379 3275 surgentibus
3403 3208 3628 3263 nullum
3653 3225 3775 3264 esse

2078 3287 2255 3341 linem
2273 3289 2302 3341 ?
2331 3291 2419 3342 An
2443 3289 2547 3343 tibi
2575 3306 2692 3344 non
2731 3290 2998 3345 videtur?

2156 3380 2237 3431 19.
2278 3380 2341 3431 D.
2369 3378 2514 3441 Quid
2554 3378 2660 3433 hoc
2700 3396 2831 3433 vero
2867 3379 3053 3434 verius
3099 3380 3210 3435 dici
3247 3386 3478 3453 potest?
3520 3386 3626 3439 Sed
3654 3388 3775 3457 jam

2077 3465 2233 3520 illam
2262 3466 2546 3521 rationem
2577 3484 2705 3539 quae
2736 3468 2902 3523 istam
2930 3469 3275 3524 inﬁnitatem
3296 3477 3521 3527 revocat
3550 3475 3619 3529 ad
3651 3491 3777 3528 cer-

2078 3558 2201 3608 tum
2217 3556 2452 3609 modum
2468 3556 2825 3627 formamque
2842 3556 3159 3627 praescribit
3171 3574 3346 3628 quam
3367 3576 3430 3613 ex
3441 3560 3643 3615 cedere
3657 3578 3776 3616 non

2078 3646 2359 3712 oporteat,
2406 3642 2725 3697 avidissime
2765 3660 3102 3714 cognoscere
3150 3652 3434 3716 exspecto.
3492 3651 3564 3704 Μ.
3621 3652 3775 3705 Hanc

2078 3747 2331 3801 quoque,
2365 3736 2428 3784 ut
2466 3732 2596 3798 alia,
2647 3732 3010 3803 temetipsum
3048 3750 3214 3787 nosse
3265 3751 3594 3806 cognosces,
3642 3755 3773 3794 cum

2077 3835 2169 3873 me
2198 3818 2587 3890 interrogante
2617 3836 2749 3874 vera
2779 3820 3157 3890 responderis.
3194 3823 3337 3876 Nam
3364 3824 3549 3893 primo
3578 3824 3677 3879 abs
3716 3831 3771 3881 te

2077 3923 2294 3979 quaero,
2312 3908 2586 3979 quoniam
2609 3909 2678 3963 de
2707 3910 3025 3963 numerosis
3046 3910 3294 3965 motibus
3314 3912 3560 3983 agimus,
3578 3920 3773 3969 utrum

2075 3996 2227 4069 ipsos
2258 3998 2568 4053 debeamus
2590 4000 2889 4054 consulere
2920 4016 3214 4071 numeros,
3237 4006 3302 4056 ut
3331 4019 3473 4074 quas
3505 4005 3670 4059 nobis
3700 4007 3773 4060 le-

2076 4102 2174 4156 ges
2204 4092 2387 4142 certas
2441 4089 2696 4159 lixasque
2753 4090 3213 4156 monstraverint,
3251 4108 3344 4146 eas
3397 4092 3458 4146 in
3507 4094 3619 4147 illis
3654 4111 3773 4149 rno-

2075 4176 2227 4230 tibus
2288 4177 2821 4232 animadvertendas
2882 4179 3373 4249 observandasque
3422 4180 3769 4249 judicemus.

2074 4267 2141 4320 Β.
2178 4266 2367 4319 Placet
2392 4281 2523 4319 vero
2549 4282 2561 4319 :
2608 4283 2721 4319 non
2752 4266 2907 4319 enim
2937 4266 3255 4337 quidquam
3286 4266 3600 4320 ordinatius
3647 4268 3772 4321 ﬁeri

2073 4368 2236 4423 posse
2268 4353 2531 4406 arbitror.
2568 4355 2639 4408 Μ.
2676 4354 2819 4424 Ergo
2851 4354 2920 4407 ab
2949 4353 3094 4424 ipso,
3135 4353 3184 4406 si
3213 4354 3452 4419 videtur,
3485 4355 3769 4425 principio

2073 4457 2446 4495 numerorum
2477 4441 2768 4511 capiamus
2789 4441 3261 4496 considerationis
3282 4442 3451 4511 hujus
3471 4443 3770 4497 exordium

2074 4534 2128 4583 et
2150 4529 2757 4602 videamus,quantum
2788 4548 2892 4601 pro
2919 4531 3131 4585 viribus
3162 4531 3369 4584 mentis
3399 4537 3606 4586 nostra:
3638 4534 3770 4587 talia

2073 4619 2326 4672 valemus
2350 4619 2584 4687 intueri,
2609 4636 2875 4691 quaenam
2905 4620 2976 4671 sit
3005 4618 3168 4687 ratio,
3187 4623 3248 4673 ut
3280 4622 3540 4690 quamvis
3558 4623 3767 4691 perin-

2072 4706 2321 4772 linitum,
2355 4712 2419 4762 ut
2462 4708 2678 4762 dictum
2710 4713 2810 4773 est,
2849 4723 3122 4761 numerus
3150 4710 3571 4779 progrediatur,
3631 4712 3768 4767 arti-

2071 4798 2227 4852 culos
2279 4799 2555 4868 quosdam
2601 4799 2862 4852 homines
2910 4796 2971 4848 in
3018 4798 3374 4851 numerando
3431 4799 3706 4867 fecerint;
3738 4818 3769 4854 a

2071 4887 2279 4957 quibus
2308 4888 2376 4941 ad
2408 4903 2588 4941 unum
2616 4902 2813 4940 rursus
2844 4885 3095 4951 redeant,
3126 4887 3279 4956 quod
3309 4890 3393 4941 est
3420 4888 3767 4958 principium

2070 4993 2465 5031 numerorum.
2492 4978 2553 5029 In
2576 4974 2934 5029 numerando
2958 4973 3109 5027 enim
3130 4975 3537 5046 progredimur
3557 4979 3627 5031 ab
3652 4993 3764 5031 uno

2069 5082 2250 5137 usque
2299 5066 2367 5119 ad
2424 5066 2640 5131 decem,
2683 5068 2853 5133 atque
2887 5062 3020 5117 inde
3053 5064 3121 5118 ad
3154 5080 3335 5119 unum
3384 5066 3762 5120 revertimur:

2069 5171 2133 5208 ac
2169 5153 2255 5207 ‘si
2322 5151 2615 5207 denariam
2663 5152 3157 5222 complicationem
3196 5154 3463 5224 persequi
3512 5153 3669 5221 velis,
3703 5158 3767 5207 ut

2067 5243 2175 5297 hoc
2204 5242 2374 5297 modo
2406 5240 2809 5312 progrediaris,
2842 5242 3060 5308 decem,
3084 5241 3307 5312 viginti,
3334 5242 3588 5312 triginta,
3624 5259 3766 5313 qua-

2069 5324 2370 5402 draginta;
2402 5346 2578 5401 usque
2626 5330 2699 5384 ad
2728 5334 2955 5384 centum
2986 5335 3072 5385 est
3109 5329 3467 5401 progressio:
3501 5330 3547 5383 si
3575 5335 3769 5385 cente-

2069 5419 2310 5487 nariam,
2354 5423 2603 5482 centum,
2647 5419 2907 5489 ducenta,
2938 5424 3211 5489 trecenta,
3242 5418 3682 5491 quadringenta;
3707 5420 3769 5475 in

2138 5586 2149 5618 ¹
2184 5586 2242 5633 In
2274 5586 2348 5646 B.,
2372 5589 2444 5637 at.
2478 5586 2572 5635 Ms.
2602 5587 2659 5641 Α,
2691 5600 2769 5643 ac.
2795 5590 2847 5635 et
2876 5586 3079 5635 melius.
3217 5586 3289 5633 M.
