4080 6178
440 301 573 356 1095

435 421 592 476 mille
620 423 706 474 est
736 417 1008 474 articulus
1036 432 1070 471 a
1098 430 1212 488 quo
1231 414 1514 470 redeatur.
1543 411 1686 478 Quid
1725 413 1845 485 jam
1874 430 2018 485 opus
2046 417 2132 468 est

434 511 588 566 ultra
617 524 873 581 quaerere
887 509 917 562 ?
934 506 1102 562 Vides
1120 508 1269 560 certe
1299 519 1444 576 quos
1472 501 1742 556 articulos
1755 502 1964 570 dicam,
1987 519 2132 574 quo-

436 615 568 654 rum
598 597 789 670 prima
813 596 1015 667 regula
1033 593 1266 650 denario
1289 607 1527 646 numero
1557 591 1964 662 praescribitur.
1992 592 2133 646 Nam

433 693 499 742 ut
524 687 741 754 decem,
789 685 973 740 decies
1011 683 1224 738 habent
1272 697 1486 748 unum;
1536 679 1615 735 ita
1651 684 1902 743 centum,
1949 680 2134 735 decies

435 775 652 830 habent
681 774 907 828 eosdem
948 772 1180 836 decem;
1230 774 1287 824 et
1331 767 1508 835 mille,
1541 768 1726 823 decies
1754 769 1968 823 habent
1994 785 2133 823 cen-

435 867 562 918 tum
588 884 604 928 ;
636 865 692 916 et
718 861 797 914 ita
825 859 1089 928 deinceps
1128 873 1428 928 quousque
1459 855 1685 910 libitum
1716 860 1800 910 est
1840 855 2132 928 progredi,

433 949 543 1005 ibit
569 948 590 984 ⁸
613 949 672 1004 in
700 946 1096 1019 hujuscemodi
1124 945 1284 1018 quasi
1314 944 1591 1014 articulis,
1622 945 1778 1015 quod
1808 945 1866 998 in
1897 944 2132 999 denario

434 1054 678 1093 numero
699 1036 1048 1109 praeﬁnitum
1089 1040 1190 1090 est.
1221 1036 1305 1089 An
1338 1033 1557 1105 aliquid
1586 1033 1796 1088 horum
1827 1049 1942 1086 non
1971 1032 2135 1086 intel-

373 1183 376 1188 _
430 1126 609 1198 ligis?
638 1130 701 1182 D.
735 1123 1189 1181 Manifestissima
1218 1126 1350 1178 sunt
1380 1122 1594 1188 omnia,
1627 1125 1682 1176 et
1710 1121 2023 1176 verissima.

434 1216 658 1270 CAPUT
712 1216 826 1269 XII.
858 1245 925 1254 —
956 1215 1064 1270 Cur
1121 1213 1189 1266 ab
1245 1227 1351 1266 uno
1393 1211 1469 1265 ad
1493 1211 1668 1266 decem
1693 1225 2034 1280 progressus,
2082 1214 2134 1266 et

644 1303 772 1358 inde
792 1303 866 1357 ad
891 1317 1058 1357 unum
1102 1301 1310 1355 reditus
1342 1303 1400 1354 in
1439 1298 1772 1354 numerando
1799 1301 1917 1368 ﬁat.

489 1396 590 1448 ’20.
625 1395 705 1448 Μ.
743 1394 861 1448 Hoc
884 1407 1021 1462 ergo
1051 1393 1329 1461 quantum
1357 1389 1665 1458 diligenter
1684 1403 1984 1460 possumus
2001 1403 2132 1458 per-

432 1485 772 1546 scrutemur,
806 1496 1070 1552 quamam
1101 1479 1175 1532 sit
1201 1477 1346 1532 ratio
1376 1480 1440 1532 ut
1474 1476 1546 1530 ab
1575 1492 1690 1530 uno
1718 1491 1898 1547 usque
1930 1476 1999 1530 ad
2028 1475 2130 1530 de-

432 1587 556 1626 cem
584 1585 937 1642 progressus,
971 1573 1027 1622 et
1056 1566 1189 1622 inde
1221 1582 1418 1620 rursus
1450 1565 1517 1619 ad
1551 1581 1732 1619 unum
1764 1564 1984 1618 reditus
2009 1564 2128 1618 tiat.

438 1658 595 1714 Unde
623 1659 721 1713 abs
749 1663 803 1711 te
829 1672 1044 1728 quaero,
1077 1659 1270 1709 utrum
1297 1653 1447 1724 quod
1470 1669 1737 1708 vocamus
1762 1652 2130 1724 principium,

433 1745 616 1818 possit
641 1745 876 1799 omnino
900 1743 1010 1798 nisi
1041 1742 1279 1813 alicujus
1310 1759 1430 1796 esse
1452 1741 1826 1812 principium.
1871 1745 1931 1796 Β.
1964 1741 2130 1796 Nullo

433 1834 602 1889 modo
631 1837 834 1904 potest.
875 1835 949 1888 Μ.
975 1833 1114 1887 Item
1146 1831 1298 1903 quod
1343 1831 1585 1885 dicimus
1614 1829 1810 1897 ﬁnem,
1865 1833 2131 1901 potestne

434 1922 546 1977 nisi
571 1923 812 1993 alicujus
863 1920 946 1976 rei
975 1920 1108 1975 ﬁnis
1135 1935 1254 1975 esse
1275 1919 1302 1973 ?
1333 1922 1396 1974 D.
1451 1920 1633 1974 Etiam
1673 1919 1728 1974 id
1762 1935 1880 1974 non
1920 1923 2128 1990 potest.

431 2013 508 2068 M.
540 2011 729 2076 Quid?
767 2028 801 2065 a
837 2008 1120 2081 principio
1152 2009 1220 2064 ad
1267 2008 1444 2063 ﬁnem
1472 2024 1613 2064 num
1645 2013 1813 2079 putas
1840 2006 2132 2079 perveniri

426 2099 738 2172 posse,nisi
757 2116 862 2170 per
881 2097 1114 2170 aliquod
1141 2097 1398 2152 medium
1417 2098 1447 2151 Ῥ
1467 2099 1528 2151 D.
1557 2098 1680 2152 Non
1702 2100 1863 2167 puto.
1889 2098 1964 2151 Μ.
1982 2097 2128 2167 Ergo

428 2193 496 2243 ut
517 2192 697 2243 totum
727 2187 946 2259 aliquid
966 2187 1060 2253 sit,
1090 2185 1373 2256 principio
1399 2189 1455 2240 et
1470 2183 1659 2239 medio
1685 2190 1740 2239 et
1758 2185 1871 2240 ﬁne
1890 2189 2126 2239 constat.

431 2277 504 2332 D.
537 2277 621 2332 Ita
648 2275 895 2331 videtur.
928 2277 1002 2331 Μ.
1034 2275 1131 2328 Dic
1160 2274 1353 2346 itaque
1381 2290 1552 2342 nunc,
1603 2273 1974 2345 principium,
2002 2290 2130 2328 me-

431 2364 592 2420 dium
624 2370 682 2418 et
709 2364 858 2430 ﬁnis,
887 2380 1003 2434 quo
1030 2379 1272 2417 numero
1302 2362 1405 2417 tibi
1461 2361 1742 2432 contineri
1796 2361 2120 2417 videantur.

431 2455 508 2509 D.
538 2454 802 2509 Arbitror
830 2453 1145 2508 ternarium
1175 2467 1480 2506 numerum
1510 2456 1565 2506 te
1597 2453 1736 2505 velle
1778 2456 1842 2506 ut
1890 2468 2128 2522 respon-

433 2544 638 2600 deam:
671 2541 784 2596 tria
828 2540 984 2596 enim
1033 2539 1298 2612 quaedam
1344 2543 1494 2602 sunt,
1528 2539 1598 2594 de
1628 2539 1838 2611 quibus
1892 2541 2123 2612 quieris.

431 2635 507 2690 Μ.
536 2632 706 2686 Recte
730 2629 1042 2684 arbitraris.
1076 2629 1259 2693 Quare
1298 2628 1355 2682 in
1384 2627 1632 2682 ternario
1654 2645 1896 2683 numero
1923 2646 2126 2700 quam-

430 2722 562 2777 dam
592 2736 712 2774 esse
742 2718 1151 2790 perfectionem
1182 2716 1360 2783 vides,
1398 2715 1535 2788 quia
1577 2720 1730 2772 totus
1775 2720 1859 2771 est
1891 2733 1904 2771 :
1954 2717 2129 2772 habet

431 2809 584 2864 enim
623 2805 992 2880 principium,
1027 2805 1281 2861 medium
1312 2810 1369 2860 et
1395 2804 1587 2860 ﬁnem.
1619 2806 1692 2861 D.
1722 2806 1895 2860 Video
1934 2807 2123 2876 plane.

437 2901 510 2954 Μ.
539 2897 732 2963 Quid?
760 2896 899 2951 illud
931 2912 1122 2950 nonne
1158 2895 1230 2951 ab
1259 2895 1492 2950 ineunte
1523 2894 1772 2966 pueritia
1800 2895 2124 2962 didicimus,

432 3003 664 3042 omnem
697 3001 1002 3040 numerum
1053 2989 1150 3039 aut
1195 3000 1394 3055 parem
1449 3001 1590 3052 esse,
1649 2988 1748 3038 aut
1798 2984 2126 3056 imparem?

429 3078 504 3133 D.
537 3079 747 3133 Verum
779 3076 937 3130 dicis.
970 3076 1042 3130 Μ.
1105 3075 1414 3130 Recordare
1464 3089 1600 3145 ergo
1629 3073 1718 3128 dic
1759 3073 1921 3143 mihi,
1953 3090 2125 3145 quem

431 3165 712 3220 soleamus
758 3163 945 3218 dicere
977 3178 1194 3232 parem,
1224 3177 1398 3233 quem
1454 3161 1733 3232 imparem
1787 3178 2119 3216 numerum.

431 3255 507 3309 D.
549 3254 648 3307 Ille
677 3251 776 3323 qui
804 3255 990 3322 potest
1018 3251 1077 3303 in
1107 3251 1247 3304 duas
1275 3254 1466 3321 partes
1488 3251 1736 3321 aequales
1757 3250 1956 3321 dividi,
1980 3267 2120 3322 par;

432 3342 532 3415 qui
563 3345 754 3396 autem
782 3355 900 3394 non
923 3342 1129 3410 potest,
1158 3337 1346 3409 impar
1374 3343 1624 3392 vocatur.

500 3433 588 3486 2t.
622 3431 696 3486 Μ.
729 3430 869 3484 Rem
900 3431 1078 3482 tenes.
1107 3427 1247 3482 Cum
1278 3425 1455 3498 igitur
1485 3425 1766 3480 teruarius
1804 3425 2024 3497 primus
2054 3427 2126 3483 sit

431 3523 582 3576 totus
610 3518 800 3589 impar
823 3537 838 3585 ;
859 3519 914 3572 et
941 3513 1226 3586 principio
1257 3514 1433 3580 enim,
1457 3519 1512 3568 et
1534 3513 1741 3581 medio,
1774 3517 1827 3568 et
1855 3514 1970 3570 ﬁne
1996 3531 2124 3570 cou-

429 3611 558 3678 stat,
590 3611 656 3663 ut
683 3606 898 3662 dictum
921 3608 1004 3658 est
1033 3620 1046 3671 ;
1080 3619 1271 3658 nonne
1301 3606 1525 3673 oportet
1552 3602 1726 3658 etiam
1773 3619 1970 3674 parem
2002 3621 2122 3658 esse

427 3701 615 3752 totum
644 3700 818 3766 atque
869 3693 1206 3765 perfectum,
1239 3696 1303 3746 ut
1331 3691 1392 3746 in
1439 3707 1508 3747 eo
1546 3691 1717 3747 etiam
1751 3691 2119 3762 principium,

429 3785 708 3850 medium,
735 3783 979 3852 ﬁnisque
1004 3779 1369 3834 inveniatur?
1399 3781 1475 3834 D.
1507 3781 1741 3852 Oportet
1765 3797 1919 3837 sane.
1945 3782 2017 3835 Μ.
2053 3781 2123 3836 At

427 3874 533 3928 iste
563 3869 822 3942 quisquis
847 3873 947 3934 est,
984 3884 1092 3922 non
1126 3871 1314 3939 potest
1345 3868 1557 3922 habere
1603 3867 1961 3924 individuum
1992 3885 2122 3924 me-

430 3961 590 4016 dium
621 3959 765 4013 sicut
789 3957 1010 4027 impar:
1041 3955 1085 4009 si
1099 3955 1251 4009 enim
1274 3955 1528 4024 haberet,
1550 3971 1666 4009 non
1697 3961 1884 4026 posset
1908 3957 2122 4012 induas

433 4049 684 4122 aequales
707 4050 900 4118 partes
929 4043 1124 4109 dividi,
1155 4043 1309 4114 quod
1339 4058 1458 4097 esse
1484 4042 1782 4113 proprium
1831 4044 1982 4115 paris
2013 4063 2120 4100 nu-

429 4137 577 4195 meri
608 4135 873 4193 diximus.
907 4132 1266 4189 Individuum
1300 4135 1489 4186 autem
1517 4131 1771 4186 medium
1811 4136 1894 4186 est
1918 4149 2120 4200 unum,

428 4227 724 4284 dividuum
755 4225 888 4280 duo.
923 4221 1165 4278 Medium
1196 4225 1388 4275 autem
1419 4219 1587 4274 estin
1617 4220 1893 4289 numeris,
1931 4237 1965 4276 a
2008 4239 2122 4294 quo

426 4317 596 4372 ambo
623 4315 805 4370 latera
828 4311 1055 4367 sibimet
1078 4314 1206 4364 sunt
1235 4309 1494 4382 aequalia.
1523 4310 1607 4364 An
1639 4309 1854 4382 aliquid
1885 4310 2122 4367 obscure

427 4405 644 4462 dictum
675 4408 780 4474 est,
801 4401 1107 4471 minusque
1127 4397 1444 4470 assequeris
1461 4400 1490 4452 ?
1514 4399 1589 4452 D.
1617 4399 1737 4453 lmo
1766 4399 1908 4454 mihi
1932 4404 1987 4454 et
2001 4401 2123 4456 haec

430 4495 732 4551 manifesta
753 4495 906 4554 sunt,
932 4489 1140 4544 etdum
1167 4503 1362 4559 qurero
1375 4490 1559 4541 totum
1577 4503 1884 4542 numerum
1899 4505 2118 4559 parem,

427 4581 826 4655 quaternarius
837 4580 1058 4652 primus
1069 4577 1331 4632 occurrit.
1351 4577 1491 4631 Nam
1513 4575 1571 4629 in
1583 4575 1806 4630 duobus
1834 4579 2121 4648 quomodo

427 4675 676 4743 possunt
703 4670 814 4724 tria
841 4665 1212 4728 illainveniri,
1243 4680 1347 4736 per
1374 4679 1503 4736 quae
1535 4668 1689 4718 totus
1719 4667 1802 4718 est
1825 4681 2119 4735 numerus,

425 4759 486 4815 id
536 4761 623 4812 est
668 4755 1042 4827 principium,
1093 4754 1347 4809 medium
1386 4757 1443 4807 et
1495 4751 1672 4807 ﬁnis?
1723 4755 1805 4808 M.
1867 4754 2119 4825 Idipsum

428 4845 666 4904 omnino
710 4845 809 4900 abs
837 4848 892 4898 te
921 4859 1257 4914 responsum
1281 4846 1366 4896 est
1390 4842 1539 4913 quod
1571 4842 1854 4910 volebam,
1886 4848 1943 4896 et
1969 4846 2120 4915 quod

425 4937 553 5010 ipsa
583 4933 726 4990 ratio
756 4932 910 5003 cogit
933 4931 1114 4986 fateri.
1141 4933 1354 5002 Repete
1375 4931 1570 5002 itaque
1603 4931 1676 4986 ab
1703 4931 1828 5002 ipso
1859 4947 1975 4986 uno
2006 4937 2118 4987 tra-

423 5025 759 5090 ctationem,
809 5025 982 5091 atque
1031 5019 1360 5085 considera;
1421 5019 1639 5074 videbis
1680 5018 1936 5088 profecto
1992 5018 2120 5074 ideo

425 5130 607 5171 unum
637 5128 754 5168 non
776 5108 994 5166 habere
1023 5106 1275 5162 medium
1290 5111 1346 5162 et
1359 5107 1554 5173 ﬁnem,
1571 5106 1706 5178 quia
1725 5110 1946 5161 tantum
1967 5108 2054 5178 pri
2065 5124 2116 5161 n-

423 5204 642 5276 cipium
678 5204 800 5267 est;
831 5197 921 5252 vel
950 5195 1077 5251 ideo
1103 5211 1223 5249 esse
1249 5195 1617 5266 principium,
1648 5195 1785 5266 quia
1829 5195 2016 5249 medio
2064 5201 2122 5251 et

420 5293 536 5350 ﬁne
562 5293 735 5348 caret.
767 5289 842 5345 D.
870 5283 1228 5342 Manifestum
1255 5287 1358 5337 est.
1390 5288 1461 5340 Μ.
1490 5283 1636 5348 Quid
1680 5300 1818 5356 ergo
1866 5283 2120 5339 dicemus

487 5446 504 5481 ι
525 5445 649 5494 ιον,
660 5479 672 5503 ,
679 5437 1105 5505 progrediuntur
1123 5437 1180 5505 ξπ
1198 5432 1552 5505 hujuscemodi
1563 5437 1708 5505 quasi
1717 5434 1975 5505 urticulis:
1985 5435 2114 5505 _Am.

422 5506 591 5566 etEr.,
603 5495 1105 5566 ProgrEdiLvduitm
1125 5495 1516 5566 hujuscemodi,
1531 5495 1628 5546 etc.
1639 5512 1651 5556 ;
1664 5502 1718 5547 at
1731 5498 1852 5546 Mss.
1876 5498 2117 5547 meliores

420 5563 635 5624 habent,
664 5563 921 5629 progredi
947 5563 1062 5617 ibit.
1092 5564 1192 5610 etc.

1712 291 1805 345 DE
1845 289 2126 347 MUSICA.
2179 288 2232 344 S.
2278 287 2657 346 AUGUSTINI
3743 300 3834 349 10θῦ

2242 413 2312 467 de
2344 412 2608 468 duobus?
2665 411 2814 467 Num
2863 425 3168 482 possumus
3203 411 3263 466 in
3304 412 3386 467 eis
3429 412 3704 488 intelligere
3725 421 3838 490 prin.

2240 501 2454 572 cipium
2486 505 2543 556 et
2562 500 2840 567 medium,
2860 515 2991 555 cum
3023 499 3276 555 medium
3298 516 3416 556 esse
3440 517 3547 557 non
3577 506 3740 575 possit,
3763 510 3840 564 nisi

2240 589 2340 645 ubi
2371 589 2502 644 ﬁnis
2531 593 2652 655 est;
2681 593 2782 644 aut
2801 588 3151 660 principium
3183 593 3240 643 et
3260 589 3454 658 ﬁnem,
3480 608 3593 646 curn
3621 594 3678 649 ad
3713 596 3841 653 ﬁnem

2241 678 2348 732 nisi
2376 694 2478 748 per
2507 677 2758 734 medium
2789 693 2908 733 non
2937 681 3110 749 queat
3137 677 3462 748 perveniri?
3484 681 3551 734 D.
3576 682 3717 753 Urget
3737 685 3841 739 ratio

2239 765 2500 820 conﬁteri
2523 783 2536 834 ;
2559 771 2617 821 et
2642 766 2782 836 quid
2801 766 2871 820 de
2888 767 2998 821 hoc
3017 782 3258 821 numero
3277 767 3648 838 respondeam,
3667 785 3843 834 prorsus

2238 855 2487 909 incertus
2509 871 2656 908 sum.
2684 857 2757 910 M.
2780 854 2918 910 Vide
2939 871 3014 910 ne
3031 853 3050 887 ¹
3073 855 3179 909 iste
3208 871 3436 927 quoque
3464 873 3702 912 numerus
3716 864 3845 930 possit

2238 943 2586 1014 principium
2647 959 2767 998 esse
2823 960 3221 998 numerorum.
3275 945 3420 998 Num
3471 945 3513 999 si
3544 945 3706 1001 medio
3736 955 3846 1005 caret

2240 1037 2296 1086 et
2321 1033 2452 1100 ﬁne,
2481 1033 2655 1104 quod,
2682 1037 2746 1087 ut
2773 1032 2981 1100 dixisti,
3013 1033 3168 1104 cogit
3197 1034 3591 1089 ratioconﬁteri
3615 1053 3628 1100 ;
3656 1037 3766 1106 quid
3789 1055 3845 1092 re-

2239 1125 2368 1187 stat,
2402 1120 2512 1175 nisi
2562 1124 2625 1174 ut
2655 1120 2726 1175 sit
2751 1121 2857 1176 hoc
2883 1137 3114 1193 quoque
3170 1121 3547 1192 principium?
3581 1125 3656 1177 An
3680 1125 3844 1180 dubitas

2240 1209 2354 1264 duo
2403 1209 2690 1281 principia
2731 1210 3123 1266 constituere?
3168 1212 3244 1267 D.
3294 1211 3649 1267 Vehementer
3683 1214 3842 1269 dubito.

2239 1301 2320 1354 Μ.
2363 1300 2513 1353 Bene
2545 1298 2780 1366 faceres,
2811 1300 2858 1354 si
2899 1317 2965 1356 ex
3011 1300 3246 1354 adverso
3296 1299 3406 1355 sibi
3449 1301 3847 1357 constituerentur

2241 1387 2355 1442 duo
2382 1388 2700 1460 principia:
2755 1405 2906 1443 nunc
2934 1393 3129 1443 autem
3158 1389 3264 1443 hoc
3293 1389 3530 1443 alterum
3577 1389 3845 1460 principium

2241 1476 2310 1532 de
2331 1476 2428 1530 illo
2448 1477 2638 1548 primo
2671 1482 2775 1545 est,
2807 1482 2869 1532 ut
2896 1477 3036 1532 illud
3071 1495 3101 1531 a
3126 1477 3285 1532 nullo
3312 1476 3403 1544 sit,
3427 1477 3530 1531 hoc
3544 1493 3658 1530 vero
3675 1477 3844 1533 abillo:

2240 1581 2421 1620 unum
2454 1565 2608 1620 enim
2635 1570 2693 1622 et
2733 1583 2916 1621 unum
2946 1565 3057 1620 duo
3089 1571 3242 1633 sunt,
3271 1570 3328 1620 et
3373 1564 3634 1637 principia
3667 1566 3732 1620 ita
3755 1574 3848 1622 sunt

2240 1654 2431 1721 ambo,
2457 1659 2518 1708 ut
2549 1653 2749 1710 omnes
2776 1654 3003 1710 numeri
3020 1653 3252 1725 quidem
3281 1654 3353 1708 ab
3378 1670 3489 1708 uno
3517 1654 3620 1707 sint
3640 1671 3651 1721 ;
3669 1654 3847 1726 sedqnia

2240 1758 2342 1812 per
2397 1743 2895 1814 complicationem
2934 1746 3105 1815 atque
3148 1742 3570 1814 adjunctionem
3611 1744 3846 1814 quamdam

2241 1831 2408 1901 ﬁunt,
2432 1832 2592 1902 origo
2606 1831 3260 1903 autemcomplicationis
3291 1835 3348 1886 et
3373 1831 3461 1901 adj
3472 1831 3722 1885 unctionis
3737 1831 3846 1886 duali

2242 1937 2481 1975 numero
2508 1926 2658 1975 recte
2669 1921 2969 1977 tribuitur:
2987 1921 3052 1976 fit
3071 1927 3136 1976 ut
3159 1920 3302 1976 illud
3315 1921 3559 1992 primum
3576 1919 3846 1992 principium

2240 2026 2272 2063 a
2298 2026 2413 2081 quo
2439 2011 2666 2065 numeri
2697 2027 2896 2066 omnes
2926 2031 2942 2079 ;
2971 2010 3077 2064 hoc
3107 2014 3300 2064 autem
3349 2010 3581 2064 alterum
3617 2025 3706 2079 per
3739 2009 3847 2080 quod

2238 2098 2465 2153 numeri
2488 2115 2708 2167 omnes,
2741 2116 2861 2155 esse
2888 2099 3276 2154 inveniantur.
3310 2097 3430 2153 Nisi
3454 2096 3586 2170 quid
3607 2097 3750 2152 babes
3777 2096 3845 2152 ad-

2237 2203 2467 2242 versum
2493 2188 2602 2242 ista
2631 2188 2784 2260 quod
2815 2188 3074 2243 disseras.
3113 2189 3190 2244 D.
3223 2189 3343 2258 Ego
3369 2203 3500 2242 vero
3530 2186 3673 2252 nihil,
3699 2191 3743 2240 et
3764 2185 3846 2239 sine

2239 2275 2614 2332 admiratione
2644 2276 2750 2331 ista
2774 2293 2886 2331 non
2913 2276 3127 2348 cogito;
3153 2275 3417 2348 quamvis
3441 2291 3523 2343 ea,
3548 2274 3846 2345 interrogatis

2238 2363 2337 2418 abs
2369 2369 2443 2431 te,
2474 2363 2596 2436 ipse
2627 2364 3000 2436 repondeam.

2307 2455 2397 2507 22.
2433 2455 2509 2508 Μ.
2538 2452 2816 2508 Subtilius
2847 2453 2955 2508 ista
2983 2459 3328 2524 quaeruntur
3341 2457 3505 2524 atque
3532 2451 3792 2506 abstrusius
3806 2449 3846 2502 in

2238 2557 2306 2594 ea
2331 2539 2630 2612 disciplina
2659 2558 2787 2612 qua:
2812 2546 2898 2596 est
2931 2542 3001 2597 de
3033 2543 3288 2597 numeris
3314 2560 3328 2597 :
3363 2541 3454 2597 hic
3496 2545 3665 2596 autem
3698 2556 3778 2594 nos
3799 2537 3847 2592 ad

2236 2628 2563 2684 institutum
2593 2646 2738 2700 opus
2769 2635 2984 2701 quanto
3023 2631 3190 2686 citius
3233 2647 3556 2701 possumus,
3599 2628 3843 2683 redeamus.

2235 2718 2506 2782 Quocirca
2537 2735 2754 2790 quaero,
2772 2720 2872 2774 uni
2893 2720 3007 2774 duo
3023 2720 3220 2790 juncta
3240 2720 3384 2791 quid
3404 2717 3645 2774 faciunt?
3664 2719 3724 2772 D.
3741 2715 3844 2770 Tria.

2233 2808 2310 2860 Μ.
2343 2808 2486 2877 Ergo
2517 2807 2640 2862 haec
2687 2807 2800 2862 duo
2848 2807 3130 2879 principia
3183 2825 3554 2864 numerorum
3583 2805 3768 2860 sibimet
3788 2818 3846 2856 co-

2234 2895 2448 2964 pulata,
2504 2899 2686 2950 totum
2745 2913 3052 2952 numerum
3108 2897 3328 2952 faciunt
3377 2902 3541 2968 atque
3583 2893 3842 2966 perfectum.

2236 2985 2310 3038 D.
2345 2985 2426 3038 Ita
2453 2989 2556 3039 est.
2580 2986 2656 3042 M.
2691 2984 2835 3049 Quid
2858 2985 2886 3040 ?
2909 2985 2971 3040 in
2996 2986 3361 3040 numerando
3381 2989 3505 3056 post
3529 2999 3688 3039 unum
3708 2985 3753 3036 et
3768 2979 3844 3034 duo

2236 3087 2408 3143 quem
2435 3089 2742 3127 numerum
2783 3073 3100 3144 ponimus?
3131 3075 3203 3128 Ι).
3246 3075 3458 3130 Eadem
3491 3072 3606 3128 tria.
3650 3072 3708 3127 Μ.
3734 3068 3842 3124 Idem

2235 3160 2413 3232 igitur
2442 3178 2736 3228 numerus,
2772 3161 2873 3233 qui
2900 3163 2966 3218 ﬁt
2992 3179 3061 3217 ex
3088 3179 3204 3217 uno
3236 3167 3296 3218 et
3316 3163 3554 3230 duobus,
3577 3164 3686 3232 post
3706 3171 3845 3213 urum-

2234 3266 2347 3321 que
2379 3251 2439 3304 in
2469 3250 2668 3305 ordine
2697 3251 3022 3319 collocatur,
3052 3252 3130 3306 ita
3152 3257 3217 3307 ut
3246 3253 3443 3309 nullus
3471 3251 3605 3305 alius
3630 3242 3844 3317 interponi

2234 3343 2424 3410 queat.
2460 3341 2533 3395 D.
2568 3341 2651 3394 Ita
2681 3339 2861 3395 video.
2894 3342 2971 3396 Μ.
3006 3340 3177 3411 Atqui
3207 3344 3266 3395 et
3295 3341 3437 3396 illud
3467 3340 3639 3394 videas
3661 3338 3841 3407 oportet,

2232 3427 2292 3482 in
2310 3427 2483 3482 nullis
2513 3428 2748 3499 reliquis
2766 3429 3020 3483 numeris
3048 3429 3107 3483 id
3130 3446 3296 3500 posse
3327 3430 3658 3500 contingere,
3687 3429 3734 3478 ut
3755 3436 3843 3476 cum

2233 3515 2375 3570 duos
2405 3516 2690 3587 quoslibet
2719 3517 3023 3572 sibimetin
3052 3518 3397 3573 numerandi
3425 3517 3614 3572 ordine
3628 3512 3842 3584 copulatas

2234 3604 2537 3671 notaveris,
2571 3610 2958 3677 consequatur
2989 3622 3085 3660 eos
3112 3605 3208 3660 ille
3243 3607 3346 3677 qui
3388 3622 3454 3660 ex
3481 3603 3723 3659 ambobus
3755 3612 3842 3652 con-

2231 3692 2420 3747 ﬁcitur
2448 3694 2605 3748 nullo
2647 3693 3003 3764 interposito.
3036 3695 3117 3750 D.
3172 3693 3236 3748 Id
3267 3708 3494 3765 quoque
3539 3691 3708 3746 video:
3750 3699 3840 3740 nam

2231 3781 2345 3835 duo
2376 3785 2433 3836 et
2461 3781 2587 3848 tria,
2620 3781 2719 3852 qui
2751 3782 2859 3836 sibi
2887 3782 3114 3837 numeri
3145 3783 3400 3854 copulati
3428 3785 3571 3846 sunt,
3601 3780 3651 3833 in
3683 3786 3840 3830 summa

2231 3869 2486 3940 quinque
2517 3869 2726 3925 faciut:
2763 3888 2878 3925 non
2907 3876 3099 3926 autem
3129 3871 3392 3943 quinque
3438 3865 3762 3925 continuatim
3789 3877 3840 3914 se-

2231 3963 2509 4030 quuntur,
2531 3959 2626 4014 sed
2649 3963 2910 4030 quatuor.
2947 3961 3162 4016 Rursus
3202 3961 3316 4015 tria
3343 3965 3398 4015 et
3426 3963 3655 4031 quatuor
3686 3956 3839 4022 septem

2232 4047 2578 4103 conﬁciunt:
2610 4047 2761 4103 inter
2791 4053 3041 4120 quatuor
3086 4054 3279 4104 autem
3312 4065 3378 4105 ac
3407 4053 3632 4121 septem,
3656 4041 3840 4116 quinque

2232 4141 2404 4208 atque
2433 4154 2527 4190 sex
2557 4137 2804 4192 ordinati
2832 4141 2981 4193 sunt.
3025 4139 3090 4193 Et
3117 4143 3334 4209 quanto
3364 4135 3622 4210 progredi
3652 4131 3836 4187 voluero,

2230 4229 2387 4280 tanto
2411 4225 2604 4296 plures
2641 4225 3105 4296 interponuntur.
3138 4228 3212 4282 Μ.
3251 4226 3455 4297 Magna
3483 4225 3596 4278 haec
3619 4234 3731 4290 ergo
3750 4227 3839 4268 00n-

2229 4313 2422 4368 cordia
2452 4318 2538 4368 est
2565 4313 2625 4367 in
2651 4313 2938 4384 prioribus
2967 4313 3151 4368 tribus
3172 4314 3426 4368 numeris
3451 4329 3464 4368 :
3489 4325 3650 4366 unum
3668 4304 3785 4360 enim
3804 4303 3840 4352 et

2229 4402 2342 4456 duo
2373 4405 2430 4456 et
2460 4401 2568 4456 tria
2610 4401 2871 4468 dicimus,
2904 4401 3113 4472 quibus
3168 4401 3313 4456 nihil
3370 4395 3640 4472 interponi
3675 4391 3837 4466 potest:

2230 4507 2410 4545 unum
2434 4494 2624 4546 autem
2645 4494 2703 4545 et
2731 4491 2863 4557 duo,
2893 4489 3300 4562 ipsasunttria.
3332 4493 3408 4546 D.
3445 4491 3629 4561 Magna
3643 4492 3834 4556 prorsus.

2229 4582 2305 4636 Μ.
2337 4579 2484 4644 Quid
2504 4579 2532 4632 τ
2551 4578 2692 4633 illud
2721 4578 2955 4634 nullane
2975 4579 3429 4634 consideratione
3459 4577 3675 4648 dignum
3703 4571 3836 4640 pnus.

2231 4668 2383 4739 quod
2405 4667 2515 4722 ista
2544 4666 2846 4722 concordia
2874 4672 3091 4738 quanto
3124 4672 3208 4722 est
3235 4667 3444 4722 arctior
3471 4670 3626 4736 atque
3663 4654 3838 4726 conjun-

2230 4757 2394 4825 ctior,
2437 4759 2596 4810 tanto
2637 4755 2817 4826 magis
2870 4755 2930 4809 in
2972 4757 3249 4811 unitatem
3289 4754 3588 4828 quamdam
3623 4745 3784 4806 tendit,
3805 4743 3840 4792 et

2229 4861 2412 4901 unum
2443 4844 2717 4916 quiddam
2750 4844 2820 4899 de
2850 4844 3110 4916 pluribus
3132 4845 3345 4900 efﬁcit?
3376 4849 3444 4900 D.
3492 4843 3604 4896 Imo
3643 4832 3838 4892 maxime

2231 4938 2288 4988 et
2316 4933 2506 4987 nescio
2537 4933 2850 5003 quomodo,
2909 4936 2966 4987 et
3015 4931 3215 4998 miror,
3264 4937 3321 4986 et
3367 4947 3495 4986 amo
3547 4928 3694 4982 istam
3717 4927 3838 4990 quam

2229 5021 2596 5077 commendas
2636 5021 2936 5076 unitatem.
2977 5023 3049 5076 Μ.
3091 5021 3328 5076 Multum
3369 5018 3579 5091 probo;
3625 5009 3707 5068 sed
3735 5006 3838 5097 certe

2228 5111 2498 5182 qurelibet
2517 5125 2711 5164 rerum
2741 5109 3024 5180 copulatio
3049 5113 3220 5181 atque
3245 5107 3520 5164 connexio
3565 5108 3681 5158 tunc
3713 5105 3839 5182 mw.-

2227 5178 2320 5253 me
2349 5213 2531 5252 unum
2563 5178 2834 5268 quiddam
2858 5196 3049 5261 efﬁcit,
3091 5178 3223 5251 cum
3252 5201 3308 5250 et
3334 5194 3518 5250 media
3543 5178 3833 5246 extremi“t

2227 5285 2432 5342 mediis
2453 5290 2707 5341 extrema
2731 5285 3114 5340 consentiunt.
3137 5286 3211 5339 D.
3241 5287 3322 5340 Ita
3336 5287 3485 5338 certe
3505 5277 3714 5350 oportet.
3813 5350 3820 5359 .

2297 5377 2388 5432 23.
2422 5376 2498 5430 Μ.
2530 5373 2775 5429 Attende
2804 5373 2982 5444 igitur
3011 5377 3073 5429 ut
3097 5373 3206 5429 hoc
3251 5373 3309 5428 in
3338 5372 3443 5426 ista
3472 5361 3771 5424 connexione
3786 5367 3835 5403 v1-

2298 5563 2308 5594 ¹
2335 5559 2458 5610 Vide
2482 5573 2556 5610 tm.
2575 5561 2692 5618 iste,
2717 5558 2870 5622 juxta
2899 5559 3018 5608 Mss.
3047 5559 3106 5608 Α.
3234 5559 3299 5607 Μ.
