4080 6178
220 296 239 346 l
254 294 354 347 097

213 414 455 467 leamus.
502 412 643 466 Nam
691 427 822 466 cum
860 426 1064 478 unum,
1098 412 1235 479 duo,
1276 412 1385 467 tria
1417 413 1678 485 dicimus,
1721 432 1911 470 nonne

213 504 431 570 quanto
452 515 637 553 unum
662 499 952 568 aduobus,
968 503 1127 553 tanto
1148 501 1260 555 duo
1276 518 1309 555 a
1326 502 1508 556 tribus
1530 504 1912 573 superantur?

210 592 279 643 D.
312 588 685 643 Verissimum
735 592 837 642 est.
879 590 952 643 M.
1013 588 1111 642 Dic
1144 590 1267 659 jam
1314 606 1465 644 nunc
1505 591 1667 659 mihi,
1710 592 1768 645 in
1807 592 1913 646 ista

210 676 515 732 collatione
572 678 792 748 quoties
842 693 1022 731 unum
1078 678 1515 733 nominaverim.
1584 683 1647 734 D.
1702 680 1906 735 Semel.

207 768 287 821 M.
322 766 449 819 Tria
479 766 745 837 quoties?
775 770 839 820 D.
890 766 1099 820 Semel.
1158 766 1227 821 Μ.
1276 766 1446 835 Quid,
1486 767 1645 821 duo?
1685 770 1747 822 D.
1798 767 1906 821 Bis.

208 856 287 910 Μ.
315 854 501 908 Semel
530 870 687 924 ergo,
715 859 771 907 et
792 853 899 921 bis,
925 858 980 907 et
999 856 1194 920 semel,
1229 855 1454 926 quoties
1477 854 1544 909 ﬁt
1562 855 1621 909 in
1641 871 1864 909 summa
1881 857 1909 909 ?

210 945 276 997 D.
302 943 530 1006 Quater.
564 945 638 997 M.
675 944 843 997 Recte
873 942 1049 1012 igitur
1078 942 1211 997 istos
1238 948 1352 998 tres
1381 943 1779 1016 quaternarius
1802 960 1909 998 nu-

207 1044 404 1082 merus
434 1028 692 1098 sequitur
718 1047 733 1094 ;
765 1028 817 1081 ei
853 1028 1066 1099 quippe
1106 1029 1375 1083 tribuitur
1403 1031 1510 1083 ista
1540 1030 1906 1101 proportione

208 1117 456 1172 collatio.
491 1118 627 1181 Qua:
659 1122 938 1188 quantum
967 1118 1170 1187 valeat,
1194 1134 1260 1172 eo
1280 1118 1401 1188 jam
1428 1135 1682 1173 assuesce
1704 1135 1907 1189 cogno-

206 1223 383 1273 scere,
408 1207 558 1277 quod
583 1206 678 1259 illa
700 1205 885 1260 unitas
910 1222 1081 1276 quam
1108 1210 1161 1260 te
1193 1223 1382 1261 amare
1403 1207 1614 1274 dixisti,
1649 1207 1707 1261 in
1738 1207 1905 1261 rebus

206 1294 485 1349 ordinatis
517 1294 621 1347 hac
662 1309 778 1347 una
806 1293 956 1347 efﬁci
986 1297 1193 1363 potest,
1225 1296 1385 1365 cujus
1413 1311 1662 1366 grazcum
1692 1310 1904 1349 nomen

203 1390 445 1451 ἀναλογία
473 1386 576 1448 est,
608 1381 787 1435 nostri
821 1381 1055 1452 quidam
1084 1383 1512 1452 proportionem
1541 1386 1901 1451 vocaverunt,

205 1487 323 1541 quo
372 1470 605 1523 nomine
638 1460 890 1535 utamur,
937 1469 985 1522 si
1032 1470 1255 1540 placet:
1298 1486 1412 1524 non
1443 1471 1596 1525 enim
1637 1470 1899 1536 libenter,

204 1558 318 1612 nisi
364 1558 718 1620 necessitate,
766 1573 952 1627 graeca
998 1558 1274 1612 vocabula
1317 1558 1375 1612 in
1415 1558 1593 1612 latino
1641 1574 1902 1612 sermone

205 1646 621 1716 usurpaverim.
656 1649 721 1700 D.
760 1645 892 1701 Mihi
922 1662 1053 1700 vero
1083 1647 1305 1716 placet:
1340 1647 1437 1701 sed
1465 1662 1640 1717 perge
1670 1663 1783 1719 quo
1814 1646 1901 1700 in-

205 1736 490 1790 tenderas.
531 1735 607 1789 M.
644 1734 887 1789 Faciam.
925 1735 1066 1789 Nam
1098 1734 1239 1805 quid
1268 1735 1339 1788 sit
1366 1735 1681 1805 proportio,
1718 1751 1900 1805 quan-

204 1828 444 1894 tumque
466 1822 526 1876 in
558 1822 729 1876 rebus
748 1822 896 1893 juris
916 1822 1141 1890 habeat,
1166 1828 1222 1877 et
1248 1840 1349 1877 suo
1374 1823 1495 1877 loco
1527 1822 1587 1877 in
1607 1824 1713 1878 hac
1735 1823 1904 1877 disci-

201 1912 367 1984 plina
394 1912 725 1983 diligentius
749 1911 1145 1982 requiremus;
1176 1916 1232 1966 et
1261 1916 1475 1983 quanto
1497 1911 1556 1966 in
1579 1912 1900 1967 eruditione

201 2000 525 2071 promotior
574 2000 706 2067 eris,
748 2004 904 2053 tanto
944 2001 1067 2070 ejus
1118 2000 1234 2054 vim
1285 2000 1491 2054 melius
1520 2004 1901 2071 naturamque

202 2104 529 2159 cognosces.
572 2088 679 2142 Sed
724 2088 880 2142 vides
914 2091 1086 2157 certe,
1130 2088 1281 2159 quod
1328 2088 1388 2142 in
1435 2087 1735 2159 praesentia
1766 2088 1901 2142 satis

202 2183 309 2244 est,
332 2182 447 2232 tres
468 2177 595 2231 illos
620 2193 908 2243 numeros,
938 2193 1182 2247 quorum
1203 2176 1486 2231 mirabare
1513 2175 1897 2246 concordiam,

204 2266 434 2321 sibimet
470 2266 531 2320 in
569 2267 769 2321 eadem
814 2266 1169 2320 connexione
1197 2265 1308 2319 nisi
1335 2282 1439 2336 per
1469 2265 1899 2337 quaternarium

202 2371 511 2409 numerum
568 2371 684 2408 non
731 2355 982 2425 potuisse
1023 2354 1290 2409 conferri.
1339 2353 1717 2419 Quamobrem
1771 2356 1901 2424 post

202 2443 333 2498 illos
364 2459 423 2497 se
444 2442 721 2510 ordinari,
752 2442 829 2496 sic
858 2446 921 2496 ut
940 2442 1037 2497 illa
1058 2442 1360 2496 concordia
1384 2459 1515 2496 cum
1540 2442 1630 2497 his
1659 2440 1899 2495 arctiore

201 2531 520 2601 copuletur,
544 2534 821 2601 quantum
845 2530 1120 2601 intelligis
1138 2531 1267 2601 jure
1288 2528 1684 2602 impetravit‘;
1705 2530 1899 2600 utjam

206 2636 323 2675 non
362 2635 565 2686 unum,
609 2619 743 2682 duo.
784 2619 895 2673 tria
934 2623 1195 2686 tantum;
1230 2619 1327 2673 sed
1366 2635 1569 2685 unum,
1601 2619 1732 2685 duo,
1767 2618 1896 2685 tria,

208 2712 475 2779 quatuor,
508 2707 579 2760 sit
606 2706 946 2761 amicissime
978 2708 1239 2778 copulata
1273 2706 1596 2779 progressio
1624 2722 1897 2761 numero-

206 2811 357 2850 rum.
390 2797 456 2849 D.
490 2794 735 2849 Omnino
766 2794 1062 2849 assentior.

278 2885 367 2939 24.
394 2885 470 2938 Μ.
504 2885 576 2937 At
604 2887 807 2937 caetera
832 2883 1074 2947 intuere,
1106 2899 1177 2937 ne
1205 2882 1498 2938 arbitreris
1527 2882 1672 2937 nihil
1687 2882 1898 2937 habere

203 2972 502 3043 proprium
533 2971 964 3043 quaternarium
986 2987 1311 3037 numerum,
1336 2986 1450 3041 quo
1471 2969 1679 3040 reliqui
1699 2986 1899 3025 omnes

206 3060 435 3115 numeri
477 3063 724 3126 careant,
770 3060 925 3130 quod
966 3059 1152 3113 valeat
1180 3059 1251 3113 ad
1282 3057 1449 3112 istam
1487 3058 1897 3116 connexionem

203 3148 275 3203 de
303 3165 416 3219 qua
444 3149 668 3219 loquor,
700 3152 763 3202 ut
786 3147 856 3202 ab
880 3163 995 3202 uno
1032 3163 1213 3219 usque
1241 3146 1311 3201 ad
1341 3150 1589 3215 quatuor
1610 3150 1797 3229 certus
1826 3145 1900 3201 sit

201 3252 499 3303 numerus,
532 3240 588 3290 et
617 3235 1040 3306 pulcherrimus
1069 3234 1475 3305 progrediendi
1504 3232 1723 3288 modus.
1758 3234 1899 3288 Con-

202 3329 439 3379 venerat
474 3324 687 3395 quippe
718 3323 866 3377 inter
908 3339 1012 3377 nos
1047 3322 1331 3393 superius,
1359 3326 1495 3376 tunc
1529 3338 1597 3375 ex
1636 3321 1896 3392 pluribus

204 3428 387 3467 unum
419 3412 631 3483 aliquid
662 3411 908 3465 maxime
946 3410 1092 3477 ﬁeri,
1133 3427 1261 3465 cum
1305 3410 1570 3465 extremis
1599 3410 1806 3477 media,
1841 3413 1898 3465 et

203 3500 405 3555 mediis
434 3505 682 3555 extrema
712 3500 1090 3554 consentiunt.
1126 3502 1189 3553 D.
1223 3501 1307 3553 Ita
1337 3503 1439 3553 est.
1479 3501 1552 3553 Μ.
1588 3498 1728 3553 Cum
1759 3515 1894 3569 ergo

199 3591 549 3645 collocamus
587 3606 769 3643 unum
801 3592 858 3643 et
885 3588 997 3643 duo
1030 3592 1086 3642 et
1116 3588 1245 3653 tria,
1277 3587 1366 3642 dic
1392 3603 1519 3658 qua:
1558 3586 1672 3641 sint
1697 3588 1895 3657 {extre-

207 3695 326 3745 ma,
372 3678 521 3748 quod
552 3677 825 3732 medium.
874 3680 937 3731 D.
974 3678 1159 3731 Unum
1201 3679 1257 3730 et
1284 3676 1396 3729 tria
1424 3680 1678 3730 extrema
1710 3675 1893 3743 video,

202 3768 323 3823 duo
368 3767 640 3821 medium.
675 3769 751 3821 M.
786 3765 1083 3835 Responde
1136 3780 1307 3830 nunc,
1356 3780 1421 3818 ex
1464 3780 1581 3819 uno
1624 3767 1681 3817 et
1715 3763 1897 3817 tribus

204 3856 345 3928 quid
368 3856 721 3909 conﬁciatur.
755 3856 816 3908 D.
850 3854 1121 3918 Quatuor.
1145 3856 1217 3908 Μ.
1252 3852 1442 3917 Quid?
1473 3854 1585 3908 duo
1617 3851 1717 3923 qui
1747 3868 1896 3906 unus

196 3946 263 3999 in
311 3944 498 3999 medio
554 3960 827 3997 numerus
877 3947 981 4009 est,
1032 3958 1171 3996 num
1222 3946 1406 4013 potest
1454 3941 1563 3995 nisi
1614 3941 1717 3995 sibi
1762 3956 1896 3995 con-

195 4034 377 4090 ferri?
406 4032 786 4098 Quamobrem
813 4032 901 4086 dic
931 4030 1100 4085 etiam
1136 4031 1246 4085 duo
1276 4031 1361 4085 bis
1390 4030 1527 4101 quid
1557 4029 1887 4084 conﬁciant.

199 4126 266 4178 D.
300 4122 574 4185 Quatuor.
615 4124 688 4176 Μ.
728 4122 811 4174 Ita
841 4135 976 4189 ergo
1005 4118 1261 4173 medium
1292 4117 1575 4183 extremis,
1612 4122 1669 4171 et
1702 4117 1894 4171 medio

196 4215 460 4265 extrema
498 4207 881 4263 consentiunt.
930 4208 1312 4271 Quamobrem
1359 4205 1503 4259 sicut
1557 4205 1781 4259 excellit
1835 4205 1896 4258 in

198 4299 406 4361 tribus,
439 4299 588 4369 quod
634 4302 765 4368 post
811 4312 989 4350 unum
1037 4301 1092 4350 et
1121 4296 1233 4350 duo
1266 4297 1637 4361 collocantur,
1668 4309 1796 4347 cum
1829 4308 1897 4347 ex

203 4405 320 4441 uno
343 4390 399 4441 et
427 4386 649 4440 duobus
679 4388 935 4439 constent
960 4404 974 4451 ;
997 4383 1076 4437 sic
1104 4383 1331 4437 excellit
1358 4382 1420 4436 in
1446 4387 1711 4452 quatuor,
1746 4381 1897 4451 quod

197 4480 335 4548 post
366 4490 547 4530 unum
586 4477 640 4527 et
669 4473 781 4528 duo
825 4477 883 4528 et
922 4472 1031 4527 tria
1076 4475 1474 4538 numerantur,
1512 4486 1641 4524 cum
1682 4473 1901 4523 constet

198 4582 271 4620 ex
302 4580 416 4619 uno
461 4568 516 4617 et
557 4562 756 4627 tribus,
789 4562 876 4615 vel
924 4561 1013 4615 bis
1050 4560 1303 4628 duobus;
1349 4576 1477 4631 qute
1515 4564 1900 4613 extremorum

198 4670 333 4708 cum
361 4652 576 4717 medio,
607 4654 662 4704 et
690 4650 866 4704 medii
894 4665 1023 4703 cum
1045 4649 1331 4716 extremis,
1364 4649 1423 4702 in
1443 4648 1542 4702 illa
1562 4664 1689 4719 qua:
1717 4663 1900 4719 graece

199 4748 441 4810 ἀναλογία
497 4738 724 4805 dicitur,
791 4736 1163 4808 proportione
1215 4735 1513 4791 consensio
1577 4738 1679 4790 est.
1738 4733 1902 4799 Quod

209 4836 402 4884 utrum
428 4826 776 4881 intellexeris
803 4826 1010 4896 pande.
1045 4828 1107 4879 D.
1143 4824 1289 4879 Satis
1317 4823 1597 4895 intelligo.

278 4920 368 4971 25.
416 4918 489 4971 Μ.
522 4917 698 4971 Tenta
737 4931 872 4985 ergo
920 4914 979 4967 in
1028 4913 1265 4984 reliquis
1305 4913 1580 4979 numeris,
1632 4916 1901 4967 utrumne

205 5006 531 5061 inveniatur
572 5003 726 5074 quod
773 5001 1126 5073 quaternarii
1173 5000 1397 5055 numeri
1439 4999 1735 5071 proprium
1782 5016 1903 5053 esse

207 5093 479 5148 diximus.
521 5093 595 5145 D.
640 5090 880 5146 Faciam.
916 5091 1057 5144 Nam
1090 5088 1135 5142 si
1165 5088 1577 5143 constituamus
1606 5088 1740 5154 duo,
1771 5086 1901 5154 tria,

210 5186 479 5254 quatuor,
532 5184 786 5234 extrema
817 5179 1019 5233 collata
1056 5179 1202 5232 fiunt
1230 5193 1323 5231 sex
1349 5193 1362 5243 ;
1394 5176 1500 5230 hoc
1529 5176 1662 5230 facit
1691 5180 1747 5229 et
1784 5192 1902 5229 me-

212 5269 373 5325 dium
402 5266 509 5321 sibi
528 5267 828 5321 collatum:
856 5281 959 5319 nec
988 5268 1179 5318 tamen
1212 5280 1325 5331 sex,
1360 5263 1455 5317 sed
1488 5262 1743 5333 quinque
1771 5278 1904 5315 con-

209 5360 551 5428 sequuntur.
574 5357 790 5409 Rursus
811 5354 939 5417 tria,
969 5356 1214 5422 quatuor
1231 5356 1289 5405 et
1308 5350 1563 5422 quinque
1583 5348 1862 5402 constituo
1890 5368 1905 5415 ;

210 5450 463 5501 extrema
486 5448 609 5498 octo
627 5443 860 5509 faciunt,
892 5440 1145 5495 medium
1177 5455 1405 5511 quoque
1433 5438 1521 5492 bis
1544 5437 1778 5491 ductum
1803 5451 1817 5489 ε
1848 5439 1907 5490 at

274 5546 284 5576 ι
321 5542 637 5606 Imperavit,
658 5540 811 5603 juxta
834 5540 956 5587 Mss.
983 5537 1025 5586 Α
1049 5540 1101 5587 et
1126 5538 1179 5585 Β.
1246 5537 1311 5584 Μ.

517 5638 793 5703 PATROL.
844 5636 1088 5701 XXXII.

1693 292 1901 349 LIBER
1961 290 2244 350 PRIMUS.

3584 308 3721 363 1098

2021 417 2174 470 inter
2210 417 2472 489 quinque
2510 422 2567 474 et
2608 424 2753 488 octo,
2774 423 3025 495 nonjam
3063 439 3268 497 unum,
3308 430 3402 484 sed
3438 429 3601 499 duos,
3635 450 3721 487 se-

2022 503 2249 557 narium
2282 504 2493 558 scilicet
2534 510 2589 559 et
2625 510 3012 577 septenarium
3052 528 3323 568 numeros
3352 515 3718 586 interpositos

2020 589 2205 645 video.
2239 594 2424 663 Atque
2470 593 2567 647 illa
2601 595 2819 650 ratione
2849 604 3128 668 quantum
3167 604 3517 673 progredior,
3553 609 3714 660 tanto

2020 678 2141 733 haec
2170 679 2316 733 ﬁunt
2340 680 2637 736 intervalla
2658 685 2875 755 majora
2904 686 2945 740 ί.
2978 692 3043 742 Μ.
3068 689 3241 744 Video
3271 695 3325 745 te
3348 692 3711 757 intellexisse,

2021 769 2075 819 et
2105 767 2339 822 omnino
2372 769 2512 823 scire
2542 772 2695 841 quod
2727 773 2941 828 dictum
2973 779 3055 829 est
3082 793 3095 842 ;
3124 778 3222 831 sed
3245 778 3367 847 jam
3395 796 3466 833 ne
3498 780 3707 835 immo-

2018 869 2232 922 remur,
2278 856 2685 912 animadvertis
2723 865 2871 914 certe
2911 862 2980 916 ab
3011 880 3123 917 uno
3156 881 3337 936 usque
3369 868 3436 921 ad
3464 873 3713 938 quatuor

2010 940 2385 1011 justissimam
2433 945 2557 999 ﬁeri
2586 949 3085 1018 progressionem:
3118 952 3233 1006 sive
3259 959 3496 1024 propter
3524 959 3709 1027 impa-

2016 1045 2139 1083 rem
2185 1048 2248 1085 ac
2308 1049 2503 1102 parem
2553 1052 2881 1105 numerum,
2942 1040 3217 1109 quoniam
3265 1042 3483 1111 primus
3528 1044 3714 1114 impar

2015 1120 2167 1172 totus
2209 1119 2340 1189 tria,
2387 1126 2442 1175 et
2490 1123 2713 1191 primus
2758 1141 2864 1194 par
2906 1130 3058 1180 totus
3101 1132 3363 1198 quatuor,
3407 1130 3475 1184 de
3510 1148 3621 1201 qua
3651 1149 3713 1187 re

2013 1206 2184 1276 paulo
2208 1211 2336 1261 ante
2369 1213 2671 1264 tractatum
2700 1216 2783 1265 est
2805 1232 2819 1279 ;
2840 1213 2954 1267 sive
2979 1214 3114 1284 quia
3134 1232 3315 1270 unum
3344 1222 3399 1271 et
3426 1218 3537 1272 duo
3558 1220 3715 1289 prin-

2014 1293 2162 1363 cipia
2190 1300 2344 1365 sunt,
2368 1301 2425 1350 et
2445 1298 2609 1367 quasi
2642 1300 2862 1353 semina
2892 1316 3286 1370 numerorum,
3320 1321 3348 1358 e
3371 1306 3576 1375 quibus
3605 1312 3714 1361 ter-

2012 1382 2208 1435 narius
2255 1384 2575 1459 conﬁcitur,
2615 1391 2679 1441 ut
2718 1387 2830 1441 sint
2852 1388 2973 1458 jam
3005 1394 3121 1444 tres
3165 1393 3426 1459 numeri;
3463 1394 3562 1464 qui
3600 1396 3707 1449 sibi

2010 1469 2147 1522 dum
2186 1471 2555 1541 proportione
2586 1474 2975 1542 conferuntur,
3007 1479 3404 1548 quaternarius
3445 1481 3711 1537 elucescit

2011 1562 2069 1611 et
2095 1557 2370 1628 gignitur,
2396 1563 2451 1614 et
2469 1565 2772 1632 propterea
2790 1563 2871 1617 eis
2882 1565 3011 1634 jure
3031 1566 3424 1636 conjungitur,
3443 1572 3507 1622 ut
3528 1584 3710 1639 usque

2013 1646 2081 1699 ad
2108 1646 2271 1700 illum
2287 1646 2387 1701 ﬁat
2406 1664 2491 1717 ea,
2508 1666 2681 1721 quam
2708 1652 3020 1722 quaerimus
3041 1654 3336 1709 moderata
3359 1657 3702 1727 progressio.

2011 1736 2077 1789 D.
2109 1735 2372 1806 Intelligo
2386 1779 2399 1792 .

2081 1825 2176 1876 26.
2227 1823 2303 1877 Μ.
2355 1825 2505 1879 Bene
2544 1840 2698 1879 sane.
2740 1826 2847 1881 Sed
2879 1828 3268 1883 meministine
3304 1830 3531 1886 tandem
3569 1831 3706 1903 quid

2009 1909 2441 1965 institueramus
2473 1912 2763 1983 inquirere
2791 1913 2819 1967 ?
2863 1916 3025 1985 Nam,
3074 1920 3135 1970 ut
3174 1916 3403 1987 opinor,
3437 1920 3702 1989 proposi-

2008 2000 2134 2052 tum
2164 2003 2303 2067 erat,
2325 2000 2373 2053 si
2402 2001 2695 2071 quomodo
2726 2001 2982 2057 invenire
3006 2020 3327 2073 possemus,
3360 2022 3488 2060 cum
3520 2006 3579 2060 in
3610 2007 3708 2061 illa

2010 2084 2291 2141 inﬁnitate
2323 2104 2696 2143 numerorum
2727 2090 2865 2144 certi
2892 2090 3113 2145 articuli
3142 2098 3330 2147 essent
3357 2096 3707 2150 numeranti-

2010 2172 2116 2227 bus
2146 2174 2454 2241 constituti,
2492 2176 2627 2246 quid
2657 2181 2804 2231 esset
2829 2194 3013 2232 causas
3045 2195 3146 2233 cur
3174 2180 3295 2250 ipse
3319 2180 3541 2251 primus
3576 2182 3717 2236 arti-

2008 2261 2169 2315 culus
2194 2261 2256 2315 in
2285 2262 2520 2317 denario
2545 2279 2784 2318 numero
2815 2270 2981 2336 esset,
3011 2266 3110 2338 qui
3128 2284 3233 2339 per
3256 2284 3453 2323 omnes
3474 2274 3708 2324 cazteros

2007 2349 2157 2403 valet
2198 2350 2550 2421 plurimum;
2586 2351 2643 2406 id
2677 2356 2782 2422 est,
2814 2369 2915 2407 cur
2952 2354 3024 2409 ab
3054 2371 3169 2409 uno
3198 2372 3380 2426 usque
3410 2358 3480 2412 ad
3511 2358 3703 2412 decem

2007 2438 2297 2508 progressi
2337 2443 2702 2494 numerantes
2748 2457 2977 2495 rursum
3021 2442 3090 2496 ad
3129 2459 3311 2497 unum
3344 2445 3711 2500 remearent?

2008 2527 2070 2579 D.
2106 2526 2392 2581 Recordor
2416 2528 2586 2598 plane
2610 2528 2944 2599 quaestionis
2972 2530 3145 2601 hujus
3169 2547 3338 2585 causa
3361 2549 3464 2587 nos
3484 2536 3709 2589 tantum

2008 2612 2371 2668 circumisse:
2414 2615 2511 2669 sed
2550 2614 2689 2686 quid
2722 2615 3077 2671 effecerimus
3124 2619 3277 2688 quod
3318 2620 3388 2673 ad
3433 2636 3556 2675 eam
3590 2623 3708 2676 sol-

2006 2701 2253 2755 vendam
2291 2701 2599 2772 pertineat,
2632 2718 2751 2756 non
2780 2702 3030 2758 invenio.
3065 2704 3363 2775 Siquidem
3396 2706 3493 2761 illa
3523 2709 3709 2762 omnis

2006 2792 2204 2843 nostra
2242 2788 2600 2843 ratiocinatio
2647 2790 2715 2843 ad
2754 2789 2813 2845 id
2844 2791 3109 2846 conclusa
3138 2795 3240 2859 est,
3274 2796 3337 2847 ut
3380 2809 3497 2847 non
3526 2810 3709 2865 usque

2007 2876 2081 2930 ad
2133 2876 2453 2943 denarium,
2507 2877 2604 2931 sed
2666 2894 2846 2948 usque
2904 2878 2974 2932 ad
3020 2879 3452 2949 quaternarium
3502 2897 3711 2935 nume-

2007 2980 2135 3019 rum
2190 2966 2262 3020 sit
2318 2966 2477 3034 justa
2550 2969 2606 3020 et
2659 2966 2955 3021 moderata
3018 2967 3361 3038 progressio.
3417 2971 3493 3024 Μ.
3549 2970 3708 3024 Tune

2006 3052 2185 3123 igitur
2255 3070 2369 3108 non
2441 3053 2617 3122 vides,
2685 3070 2751 3108 ex
2813 3070 2926 3109 uno
2992 3058 3050 3109 et
3106 3055 3346 3123 duobus,
3408 3062 3464 3113 et
3527 3057 3710 3112 tribus

2008 3145 2066 3196 et
2094 3146 2342 3213 quatuor
2385 3159 2512 3214 quae
2557 3158 2781 3196 summa
2826 3141 3205 3198 conﬁciatur?
3250 3146 3320 3199 D.
3361 3144 3534 3199 Video
3559 3145 3704 3216 jam,

2007 3229 2189 3294 video,
2248 3236 2304 3285 et
2348 3230 2529 3285 miror
2579 3230 2791 3298 omnia,
2841 3234 2897 3285 et
2942 3236 3126 3286 ortam
3182 3232 3557 3304 quaestionem
3614 3249 3703 3288 so-

2007 3317 2188 3373 lutam
2229 3335 2352 3374 esse
2383 3318 2698 3374 confiteor:
2733 3335 2913 3374 unum
2968 3320 3124 3375 enim
3165 3325 3221 3376 et
3266 3321 3379 3376 duo
3427 3327 3485 3376 et
3515 3321 3623 3376 tria
3650 3327 3707 3376 et

2008 3412 2256 3477 quatuor
2304 3408 2479 3463 simul
2526 3408 2721 3463 decem
2772 3412 2921 3463 sunt.
2975 3410 3048 3465 Μ.
3095 3410 3241 3477 Ergo
3286 3409 3424 3463 istos
3463 3414 3708 3478 quatuor

2006 3494 2225 3565 primos
2266 3511 2560 3562 numeros,
2602 3496 2924 3567 seriemque
2963 3500 3019 3550 et
3060 3496 3470 3551 connexionem
3504 3512 3705 3552 eorum

2005 3582 2398 3637 honorabilius
2438 3582 2660 3651 haberi,
2712 3600 2884 3654 quam
2926 3588 3151 3649 caetera,
3192 3583 3255 3637 in
3287 3584 3541 3639 numeris
3570 3600 3702 3641 con-

2004 3670 2175 3725 venit.

2007 3759 2235 3814 CAPUT
2278 3758 2463 3813 XXIII.
2496 3789 2563 3798 —
2594 3761 2668 3813 De
2693 3761 3226 3828 proportionatorum
3255 3763 3492 3815 motuum
3522 3759 3705 3815 decore

2408 3852 2673 3915 quatenus
2702 3848 2944 3902 sensibus
2962 3848 3310 3917 judicantur.

2075 3939 2169 3991 27.
2208 3937 2454 4007 Tempus
2498 3939 2580 3990 est
2623 3939 2814 3989 autem
2859 3936 2930 3990 ad
2969 3936 3096 3990 illos
3140 3941 3331 3992 motus
3372 3937 3558 3992 redire
3586 3941 3706 3992 tra-

2005 4023 2239 4078 ctandos
2269 4028 2325 4077 et
2363 4023 2767 4089 discutiendos,
2814 4023 2913 4094 qui
2952 4024 3087 4078 huic
3131 4024 3445 4096 disciplina;
3477 4026 3706 4097 proprie

2005 4113 2360 4178 tribuuntur,
2410 4116 2466 4165 et
2494 4116 2727 4182 propter
2771 4127 2913 4181 quos
2944 4110 3053 4165 ista
3081 4112 3151 4166 de
3181 4112 3457 4179 numeris,
3489 4113 3557 4167 de
3595 4113 3707 4167 alia

2006 4201 2223 4256 scilicet
2271 4200 2589 4269 disciplina,
2639 4203 2919 4269 quantum
2960 4215 3065 4270 pro
3096 4199 3327 4269 negotio
3359 4199 3493 4253 satis
3520 4199 3705 4253 visum

2008 4293 2110 4355 est,
2147 4286 2653 4342 consideravimus.
2688 4287 2886 4356 Itaque
2916 4302 3068 4340 nunc
3099 4286 3195 4339 abs
3225 4290 3279 4340 te
3314 4302 3531 4356 quaaro,
3563 4302 3709 4356 quo-

2006 4375 2163 4430 niam
2217 4373 2576 4443 intelligendi
2632 4372 2813 4443 gratia
2859 4372 2917 4427 in
2970 4374 3245 4427 horarum
3280 4372 3463 4442 spatio
3519 4377 3706 4426 motus

2008 4462 2517 4527 constituebamus,
2551 4477 2693 4532 quos
2733 4461 2802 4515 ad
2843 4477 2900 4515 se
2940 4459 3182 4515 invicem
3210 4458 3422 4513 habere
3452 4459 3704 4530 aliquam

2007 4565 2372 4605 numerosam
2402 4548 2817 4603 dimensionem
2846 4548 2989 4601 ratio
3016 4546 3482 4611 demonstrabat;
3515 4551 3706 4601 utrum

2010 4639 2057 4693 si
2089 4637 2392 4710 quisquam
2439 4653 2604 4691 mora
2644 4636 2816 4690 unius
2846 4636 3005 4689 hora:
3035 4638 3246 4700 currat,
3284 4638 3342 4688 et
3370 4634 3515 4687 alius
3544 4634 3705 4689 dein-

2010 4744 2138 4798 ceps
2171 4727 2439 4792 duarum,
2483 4724 2666 4796 possis
2708 4739 2822 4777 non
2853 4723 3110 4792 inspecto
3140 4722 3441 4792 horologio
3471 4723 3557 4777 vel
3590 4724 3707 4777 cle-

2010 4816 2245 4888 psydra,
2277 4815 2364 4869 vel
2397 4814 2589 4885 aliqua
2626 4810 3025 4881 hujuscemodi
3053 4814 3380 4881 temporum
3415 4811 3708 4866 notatione

2012 4903 2223 4959 sentire
2254 4902 2383 4957 illos
2431 4902 2571 4956 duos
2600 4903 2811 4964 motus,
2861 4898 3017 4968 quod
3064 4914 3214 4954 unus
3257 4898 3515 4970 simplus,
3564 4898 3709 4953 alius

2014 4992 2224 5062 duplus
2256 4990 2326 5045 sit
2360 5004 2372 5045 :
2408 4990 2495 5043 vel
2542 4985 2765 5042 etiamsi
2797 4985 2853 5040 id
2883 5001 2997 5040 non
3023 4986 3207 5056 possis
3248 4987 3471 5053 dicere,
3489 4986 3587 5041 illa
3615 4990 3707 5039 ta-

2012 5096 2146 5134 men
2175 5076 2551 5149 congruentia
2582 5073 2871 5141 delectari,
2905 5078 3074 5145 atque
3106 5075 3296 5146 aliqua
3322 5077 3610 5144 voluptate
3634 5073 3710 5126 af-

2013 5168 2124 5223 ﬁci.
2160 5172 2223 5222 D.
2256 5167 2421 5220 Nullo
2447 5164 2619 5218 modo
2648 5178 2901 5233 possum.
2932 5164 3005 5217 Μ.
3040 5162 3207 5230 Quid,
3233 5162 3278 5215 si
3302 5161 3585 5233 quispiam
3608 5176 3710 5213 nu-

2014 5272 2234 5310 merose
2275 5252 2532 5324 plaudat,
2583 5251 2660 5305 ita
2702 5255 2767 5304 ut
2804 5266 2953 5303 unus
2983 5252 3198 5306 sonitus
3244 5250 3536 5319 simplum,
3568 5247 3712 5301 alter

2016 5344 2257 5415 duplum
2302 5340 2579 5411 temporis
2618 5342 2830 5406 teneat,
2861 5355 3001 5410 quos
3029 5339 3249 5394 iambos
3278 5337 3449 5408 pedes
3490 5340 3709 5398 vocant,

2016 5446 2227 5503 eosque
2277 5428 2573 5483 continuet
2617 5431 2787 5498 atque
2859 5430 3148 5493 contexat;
3202 5425 3347 5479 alius
3401 5426 3595 5478 autem
3642 5423 3712 5479 ad

2084 5531 2097 5562 ¹
2134 5528 2212 5575 In.
2241 5527 2321 5585 Β..
2331 5525 2551 5586 faciunt
2572 5524 2853 5575 intervalla
2872 5524 3110 5584 majora.
3132 5523 3253 5569 Mss.
3277 5520 3337 5569 A.
3362 5518 3517 5583 ﬁunt.
3582 5519 3649 5569 M.

2892 5620 3385 5706 (Trente-cinq.)
