4080 6178
470 292 606 347 1099

466 409 732 464 eumdem
762 422 967 462 sonum
994 407 1178 473 saltet,
1211 403 1524 459 secundum
1557 418 1622 456 ea
1658 401 1872 455 scilicet
1897 405 2158 471 tempora

465 513 699 552 movens
747 495 1051 550 membra?
1101 509 1290 548 nonne
1323 495 1339 527 ¹
1395 496 1494 544 aut
1549 491 1717 544 etiam
1773 489 1927 544 dicas
1969 489 2157 559 ipsum

466 585 765 639 modulum
786 590 1130 654 temporum,
1153 582 1212 635 id
1238 586 1322 635 est
1346 579 1497 650 quod
1529 578 1798 647 simplum
1829 577 1897 630 ad
1916 577 2156 646 duplum

467 672 648 742 spatia
677 672 737 725 in
769 673 1020 725 motibus
1050 667 1491 735 a1ternent,sive
1519 667 1578 719 in
1597 666 1691 719 illo
1713 667 1913 736 plausu
1937 665 2036 735 qui
2056 680 2156 716 au-

467 760 642 827 ditur,
674 759 788 813 sive
818 759 877 810 in
908 758 1005 810 illa
1031 756 1327 808 saltatione
1359 770 1486 824 quae
1509 754 1799 819 cernitur;
1835 757 1933 805 aut
1957 752 2156 804 saltem

465 847 758 900 delecteris
809 844 1219 898 numerositate
1273 859 1446 912 quam
1499 841 1730 907 sentias,
1777 840 2004 894 tametsi
2043 855 2157 894 non

462 933 644 1003 possis
671 948 938 986 numeros
960 933 1082 1001 ejus
1113 929 1486 984 dimensionis
1517 929 1736 982 edicere
1758 929 1786 981 ?
1814 931 1879 982 Β.
1913 930 2000 980 Ita
2025 942 2157 980 vero

463 1027 568 1088 est,
616 1025 682 1074 ut
721 1021 861 1074 dicis
886 1035 898 1072 :
932 1035 1065 1073 nam
1095 1024 1152 1072 et
1182 1019 1263 1072 illi
1294 1018 1392 1089 qui
1423 1019 1525 1071 hos
1555 1032 1824 1071 numeros
1853 1019 2154 1080 noverunt,

462 1109 714 1162 sentiunt
751 1124 849 1162 eos
890 1108 951 1162 in
999 1109 1206 1178 plausu
1237 1111 1408 1178 atque
1441 1106 1768 1174 saltatione,
1799 1105 2014 1176 quique
2045 1103 2158 1156 sint

459 1196 624 1250 facile
661 1195 893 1264 dicunt;
939 1201 993 1250 et
1036 1197 1134 1266 qui
1181 1213 1278 1249 eos
1324 1211 1438 1248 non
1468 1199 1749 1248 noverunt
1787 1210 1889 1247 nec
1919 1196 2158 1263 possunt

459 1283 666 1351 dicere,
711 1301 829 1338 non
858 1288 1071 1354 negant
1099 1289 1292 1338 tamen
1323 1299 1390 1336 ex
1419 1282 1508 1336 his
1551 1299 1607 1335 se
1651 1283 1938 1352 voluptate
1967 1281 2158 1350 aliqua

459 1372 696 1441 perfrui.

529 1463 620 1513 28.
652 1461 728 1514 M.
784 1459 924 1512 Cum
965 1458 1142 1528 igitur
1185 1458 1256 1512 ad
1295 1458 1477 1528 ipsam
1515 1457 1796 1511 rationem
1841 1455 2156 1525 disciplinae

459 1547 652 1616 hujus,
694 1547 979 1616 siquidem
1027 1546 1265 1600 scientia
1306 1551 1390 1599 est
1443 1546 1590 1600 bene
1635 1543 1989 1609 modulandi,
2039 1558 2156 1595 non

459 1635 641 1704 possit
668 1634 867 1705 negari
897 1650 1096 1690 omnes
1124 1635 1409 1704 pertinere
1440 1638 1629 1688 motus
1658 1633 1756 1703 qui
1787 1633 1930 1686 bene
1959 1630 2157 1684 modu-

458 1722 559 1776 lati
602 1727 752 1788 sunt,
802 1727 856 1776 et
905 1739 1002 1776 eos
1047 1722 1411 1792 potissimum
1441 1723 1542 1792 qui
1579 1739 1698 1776 non
1728 1722 2060 1776 referuntur
2083 1718 2155 1772 ad

459 1810 615 1864 aliud
636 1810 871 1880 aliquid,
904 1810 1001 1864 sed
1035 1809 1095 1863 in
1134 1809 1334 1879 seipsis
1367 1809 1545 1864 ﬁnem
1574 1810 1793 1864 decoris
1823 1807 2155 1863 delectatio-

456 1898 613 1952 nisve
641 1902 1006 1965 conservant;
1040 1898 1101 1951 hi
1129 1903 1319 1952 tamen
1358 1903 1569 1964 motus,
1602 1903 1665 1951 ut
1692 1913 1844 1952 nunc
1875 1913 1908 1950 a
1935 1912 2028 1949 me
2058 1911 2155 1949 ro-

456 1990 623 2056 gatus
661 1990 809 2040 recte
839 2001 1105 2056 vereque,
1138 1985 1346 2051 dixisti,
1382 1985 1430 2040 si
1466 1987 1638 2057 longo
1669 1985 1852 2056 spatio
1880 1983 2153 2054 temporis

518 2097 536 2131 ι
561 2097 657 2146 Ms.
684 2096 728 2146 A
755 2097 920 2166 addit,
950 2098 1228 2150 advertas.
1295 2099 1364 2148 Μ.

1742 286 1835 339 DE
1875 283 2157 348 MUSICA,
2199 281 2254 338 S.
2297 279 2682 338 AUGUSTINI

3757 291 3856 341 1100

2268 397 2426 464 ﬁant,
2462 399 2638 468 inque
2683 397 2808 467 ipsa
2837 396 3198 451 dimensione
3231 413 3358 468 quas
3386 398 3570 453 decora
3594 407 3680 467 est,
3707 404 3860 460 horam

2266 489 2351 540 vel
2384 487 2552 540 etiam
2584 486 2771 556 majus
2801 490 3030 555 tempus
3063 485 3378 550 obtineant,
3409 502 3518 540 non
3542 496 3743 557 possunt
3764 509 3862 546 con-

2266 591 2471 646 gruere
2501 574 2709 628 nostris
2735 574 2994 628 sensibus
3018 571 3058 627 ⁴.
3090 574 3464 638 Quamobrem
3491 592 3602 629 cum
3620 581 3864 646 procedens

2267 663 2693 733 quodammodo
2717 662 2785 716 de
2810 662 3205 716 secretissimis
3229 662 3596 731 penetralibus
3618 665 3811 732 musica,
3827 669 3868 720 in

2265 751 2476 804 nostris
2518 752 2690 804 etiam
2741 751 3021 817 sensibus,
3070 751 3158 804 vel
3201 751 3286 804 his
3333 751 3494 804 rebus
3536 768 3650 822 quae
3689 769 3715 806 a
3750 756 3870 808 nobis

2265 838 2610 902 sentiuntur,
2634 839 2872 907 vestigia
2901 839 3165 908 quaedam
3195 838 3480 908 posuerit;
3511 855 3677 894 nonne
3703 847 3870 912 oportet

2265 926 2461 980 eadem
2492 927 2730 996 vestigia
2752 927 2912 996 prius
2944 926 3230 997 persequi,
3265 931 3327 979 ut
3355 927 3680 982 commodius
3704 929 3762 982 ad
3785 929 3869 999 ipsa

2266 1014 2312 1066 si
2343 1015 2720 1084 potuerimus,
2768 1031 2897 1085 quas
2945 1015 3058 1068 dixi
3089 1015 3420 1085 penetralia,
3466 1015 3577 1068 sine
3603 1017 3707 1070 ullo
3731 1033 3869 1072 errore

2265 1102 2542 1156 ducamur
2560 1103 2589 1155 ?
2626 1105 2691 1156 D.
2727 1102 2964 1172 Oportet
2993 1118 3148 1168 vero,
3179 1107 3238 1156 et
3265 1103 3374 1155 hoc
3397 1102 3719 1173 jamjamque
3742 1110 3794 1158 ut
3815 1105 3869 1159 fa-

2265 1190 2498 1254 ciamus,
2531 1190 2804 1260 efflagito.
2839 1193 2914 1245 Μ.
2948 1191 3288 1245 Omittamus
3320 1207 3452 1260 ergo
3478 1191 3596 1244 illas
3624 1193 3751 1246 ultra.
3773 1197 3788 1228 ³
3809 1211 3869 1247 ca-

2263 1278 2568 1346 pacitatem
2607 1294 2804 1331 sensus
2852 1277 3028 1331 nostri
3067 1283 3357 1346 porrectas
3393 1277 3867 1348 temporumjmetas,

2265 1370 2322 1419 et
2351 1366 2420 1419 de
2443 1365 2532 1418 his
2565 1365 2825 1419 brevibus
2853 1365 3285 1419 intervallorum
3316 1364 3528 1434 spatiis,
3559 1381 3675 1435 qua:
3701 1365 3752 1418 in
3778 1381 3868 1419 can-

2264 1453 2438 1506 tando
2484 1454 2858 1522 saltandoque
2907 1469 3010 1506 nos
3047 1453 3319 1517 mulcent,
3353 1457 3622 1528 quantum
3655 1453 3776 1506 ratio
3799 1471 3870 1507 nos

2265 1541 2511 1610 duxerit,
2561 1541 2926 1595 disseramus.
2976 1541 3096 1594 Nisi
3141 1544 3204 1594 tu
3252 1541 3394 1594 forte
3449 1540 3604 1594 aliter
3641 1543 3779 1610 putas
3807 1542 3872 1594 illa

2263 1629 2501 1700 vestigia
2529 1628 2789 1699 indagari
2817 1645 3007 1698 posse,
3040 1645 3169 1700 quas
3199 1629 3259 1682 in
3289 1628 3493 1682 nostris
3516 1628 3762 1691 sensibus,
3786 1629 3871 1682 his-

2264 1733 2376 1788 que
2414 1717 2582 1770 rebus
2629 1734 2770 1787 quas
2815 1718 3070 1771 valemus
3119 1717 3356 1784 sentire,
3403 1716 3545 1770 hanc
3587 1715 3871 1786 disciplinam

2261 1805 2516 1876 posuisse
2543 1805 2881 1875 praedictum
2909 1809 3010 1859 est.
3039 1808 3102 1859 D.
3138 1806 3306 1858 Nullo
3337 1805 3501 1859 modo
3529 1805 3677 1858 aliter
3701 1808 3825 1874 puto.

2329 1912 2344 1944 ¹
2371 1909 2530 1973 Addit
2550 1909 2742 1973 Vatic.:
2771 1911 2918 1973 Licet
2935 1909 3211 1973 aliquanto
3233 1909 3372 1973 idem
3390 1922 3482 1973 per
3499 1909 3558 1973 in,
3573 1909 3783 1968 carimde,
3801 1921 3873 1959 ser-

2261 1973 2391 2023 vata
2402 1971 2701 2033 collationis
2713 1971 2942 2030 ratione,
2961 1971 3102 2022 alia:
3119 1971 3468 2033 longioribus,
3483 1971 3613 2023 alia:
3627 1973 3873 2022 brevioribus

2259 2035 2422 2096 possit
2444 2030 2562 2096 ﬁeri
2585 2035 2745 2082 sonis.
2813 2034 2904 2082 Md

2327 2096 2349 2129 ³
2381 2095 2568 2155 Vatic.,
2598 2097 2773 2145 extra.
2840 2095 2909 2143 M.

1387 2298 1943 2420 LIBER
2053 2295 3039 2420 SECUNDUS.

1491 2478 1548 2527 In
1577 2493 1678 2542 quo
1703 2477 1767 2527 de
1799 2478 2007 2541 syllabis
2037 2486 2088 2527 et
2116 2478 2336 2543 pedibus
2359 2479 2594 2529 metricis
2619 2479 2932 2544 disputatur.

457 2675 684 2731 CAPUT
711 2675 1005 2730 PRIMUM.
1038 2703 1106 2714 —-
1135 2674 1480 2742 Syllabarum
1503 2677 1688 2744 spatia
1715 2674 1936 2730 aliunde
1962 2691 2147 2745 gram-

773 2765 1029 2833 maticus,
1061 2763 1281 2816 aliunde
1308 2765 1543 2818 musicus
1576 2764 1828 2818 attendit.

531 2855 577 2908 1.
629 2854 706 2908 Μ.
756 2852 998 2906 Attende
1045 2850 1225 2921 igitur
1254 2851 1580 2921 diligenter.
1614 2856 1670 2904 et
1715 2868 1868 2906 nunc
1914 2852 2148 2906 demum

453 2940 645 3011 accipe
686 2939 850 3010 quasi
880 2940 1126 2994 alterum
1157 2943 1366 2993 nostra:
1397 2938 1794 3009 disputationis
1826 2939 2142 2994 exordium.

451 3029 532 3082 Ac
588 3028 841 3098 primum
893 3027 1197 3097 responde,
1250 3031 1442 3081 utrum
1507 3027 1653 3082 bene
1703 3027 1968 3082 didiceris
2020 3045 2146 3081 eam

453 3131 630 3186 quam
654 3116 1012 3186 grammatici
1043 3115 1266 3181 docent,
1298 3115 1641 3185 syllabarum
1660 3115 1920 3170 brevium
1947 3117 2146 3187 longa-

452 3217 700 3272 rumque
717 3201 1049 3256 distantiam
1069 3218 1081 3268 ;
1102 3218 1175 3255 an
1193 3217 1325 3256 vero
1339 3202 1453 3256 sive
1465 3201 1572 3256 ista
1591 3202 1748 3256 noris
1768 3203 2145 3274 siveignores,

453 3290 620 3344 malis
642 3294 708 3344 ut
725 3289 805 3343 ita
826 3305 1169 3359 quaeramus,
1193 3290 1357 3360 quasi
1378 3291 1611 3344 omnino
1635 3291 1806 3345 rudes
1829 3292 2032 3345 harum
2055 3308 2145 3346 re-

451 3393 584 3434 rum
602 3377 798 3444 simus,
817 3382 883 3431 ut
899 3377 968 3431 ad
983 3377 1175 3431 omnia
1187 3393 1291 3431 nos
1305 3378 1450 3432 ratio
1463 3379 1655 3448 potius
1667 3379 1955 3449 perducat,
1971 3397 2144 3450 quam

451 3465 767 3520 inveterata
785 3465 1157 3534 consuetudo,
1189 3469 1286 3520 aut
1314 3466 1686 3536 prazjudicata
1714 3471 1876 3537 cogat
1893 3467 2143 3521 auctori-

449 3558 558 3609 tas.
590 3557 653 3609 D.
688 3554 771 3608 Ita
799 3554 969 3624 plane
999 3554 1170 3607 malle
1200 3569 1314 3623 me,
1344 3570 1460 3608 non
1488 3555 1661 3608 modo
1690 3553 1814 3625 ipsa
1844 3555 2012 3621 ratio,
2047 3557 2146 3610 sed

449 3643 690 3696 istarum
717 3642 890 3696 etiam
918 3641 1264 3712 syllabarum
1294 3641 1586 3711 imperitia
1614 3641 1771 3712 (quid
1798 3641 1952 3695 enim
1978 3641 2144 3696 fateri

451 3729 772 3799 dubitem?)
804 3729 1069 3798 impellit.
1127 3731 1202 3784 M.
1251 3732 1369 3798 Age
1411 3730 1554 3799 jam,
1609 3729 1806 3783 saltem
1848 3729 1992 3783 illud
2016 3730 2143 3782 elo-

451 3832 648 3887 quere,
679 3821 875 3869 utrum
903 3821 963 3869 tu
988 3816 1108 3886 ipse
1131 3832 1235 3886 per
1264 3821 1318 3870 te
1349 3832 1645 3886 nunquam
1674 3815 2143 3869 animadverteris

450 3903 513 3957 in
542 3901 830 3956 locutione
868 3907 1062 3955 nostra
1108 3902 1248 3954 alias
1293 3902 1535 3971 syllabas
1578 3903 1790 3971 raptim
1822 3907 1877 3955 et
1905 3903 2140 3956 minime

448 3989 569 4053 diu,
609 3988 747 4042 alias
795 3992 986 4042 autem
1031 3988 1364 4058 productius
1408 3993 1464 4042 et
1496 3989 1709 4042 diutius
1739 3990 2041 4044 enuntiari.
2072 3994 2136 4044 D.

450 4079 667 4148 Negare
713 4091 828 4130 non
877 4092 1109 4146 possum
1141 4092 1259 4130 non
1293 4092 1384 4130 me
1435 4077 1503 4131 ad
1550 4076 1660 4131 ista
1706 4077 1860 4131 enim
1902 4078 2139 4132 surdum

449 4165 644 4220 fuisse.
676 4165 752 4218 M.
799 4163 974 4233 Atqui
1003 4163 1144 4217 scias
1177 4164 1349 4218 velim
1392 4168 1570 4219 totam
1616 4165 1774 4218 illam
1819 4164 2136 4234 scientiam,

447 4268 578 4324 quae
611 4251 983 4322 grammatica
1013 4267 1216 4322 graece,
1249 4252 1422 4306 latine
1462 4257 1653 4306 autem
1685 4252 2002 4307 litteratura
2030 4270 2138 4306 no-

443 4339 716 4406 minatur,
748 4339 1003 4393 historias
1042 4340 1358 4394 custodiam
1396 4339 1673 4410 proﬁteri,
1722 4341 1808 4394 vel
1840 4341 2038 4406 solam,
2073 4344 2138 4395 ut

443 4427 707 4483 subtilior
743 4428 906 4482 docet
950 4427 1094 4481 ratio
1122 4444 1136 4494 ;
1170 4428 1256 4482 vel
1294 4427 1562 4493 maxime,
1594 4432 1659 4480 ut
1688 4427 1860 4482 etiam
1896 4429 2138 4498 pinguia

443 4516 614 4571 corda
633 4517 968 4571 concedunt.
993 4517 1191 4585 Itaque
1212 4515 1369 4569 verbi
1390 4515 1572 4585 gratia
1593 4531 1721 4569 cum
1739 4516 2134 4583 dixeris,cano,

441 4605 530 4657 vel
561 4604 622 4657 in
666 4619 833 4658 versu
860 4605 1007 4658 forte
1037 4603 1318 4674 posueris,
1347 4603 1424 4657 ita
1454 4607 1520 4656 ut
1548 4603 1635 4656 vel
1664 4607 1723 4656 tu
1757 4603 2134 4674 pronuntians

441 4690 719 4760 producas
756 4689 925 4759 hujus
951 4691 1109 4744 verbi
1148 4691 1423 4762 syllabam
1451 4689 1720 4760 primam,
1749 4693 1837 4744 vel
1877 4692 1936 4744 in
1966 4708 2134 4746 versu

441 4793 508 4831 eo
539 4777 662 4831 loco
691 4792 890 4846 ponas,
924 4778 1024 4832 ubi
1055 4795 1174 4833 esse
1202 4778 1539 4850 productam
1571 4778 1865 4848 oportebat
1893 4795 1906 4846 ;
1939 4795 2132 4850 repre-

439 4862 654 4917 hendet
699 4864 1124 4931 grammaticus,
1181 4869 1367 4919 custos
1404 4865 1500 4919 ille
1549 4864 1809 4919 videlicet
1854 4865 2127 4931 historiae,

437 4950 583 5005 nihil
625 4949 780 5005 aliud
824 4951 1079 5005 asserens
1121 4968 1222 5006 cur
1269 4953 1422 5007 hunc
1457 4952 1667 5024 corripi
1711 4957 1989 5022 oporteat,
2021 4955 2128 5008 nisi

436 5039 589 5110 quod
607 5037 668 5092 hi
693 5037 794 5108 qui
823 5042 952 5092 ante
981 5054 1087 5092 nos
1110 5039 1359 5107 fuerunt,
1394 5046 1450 5095 et
1473 5057 1722 5111 quorum
1754 5039 1881 5094 libri
1910 5047 2130 5098 exstant

432 5130 862 5197 tractanturque
893 5142 925 5179 a
956 5125 1364 5196 grammaticis,
1390 5145 1458 5181 ea
1483 5135 1743 5199 correpta
1771 5131 1810 5195 ¹,
1847 5145 1962 5183 non
1991 5147 2126 5200 pro-

433 5217 604 5272 ducta
631 5215 720 5271 usi
746 5214 979 5269 fuerint.
1008 5214 1190 5279 Quare
1213 5215 1304 5269 hic
1320 5216 1600 5286 quidquid
1626 5219 1790 5286 valet,
1825 5219 2127 5273 auctoritas

430 5305 597 5360 valet.
630 5306 703 5359 At
737 5320 870 5358 vero
908 5303 1143 5358 musicae
1175 5303 1341 5370 ratio,
1373 5305 1444 5358 ad
1483 5321 1655 5375 quam
1697 5306 1974 5360 dimensio
2003 5307 2126 5378 ipsa

430 5409 632 5448 vocum
662 5392 1015 5448 rationabilis
1041 5397 1098 5446 et
1119 5392 1500 5446 numerositas
1524 5393 1788 5463 pertinet,
1825 5411 1941 5449 non
1966 5400 2125 5450 curat

494 5498 507 5529 ¹
537 5497 721 5558 Vatic.,
747 5511 852 5562 pro
881 5500 1148 5560 correpta.
1217 5498 1284 5545 Μ.

2256 2675 2366 2730 nisi
2387 2680 2452 2730 ut
2476 2674 2817 2745 corripiatur
2840 2676 2924 2730 vel
2949 2676 3301 2745 producatur
3332 2675 3564 2747 syllaba,
3591 2689 3705 2746 quas
3724 2672 3799 2728 illo
3813 2671 3872 2725 vel

2255 2762 2354 2816 illo
2383 2763 2504 2816 loco
2527 2767 2612 2816 est
2633 2763 2946 2817 secundum
2966 2764 3250 2818 rationem
3269 2779 3663 2820 mensurarum
3682 2777 3869 2817 suarum.

2256 2851 2400 2904 Nam
2429 2851 2476 2904 si
2523 2866 2590 2904 eo
2635 2851 2759 2905 loco
2791 2851 2890 2904 ubi
2919 2851 3060 2904 duas
3090 2853 3290 2922 longas
3323 2853 3564 2923 syllabas
3590 2851 3710 2922 poni
3741 2849 3869 2912 decet,

2253 2939 2360 2993 hoc
2391 2939 2630 2993 verbum
2652 2940 2932 3010 posueris,
2949 2945 3004 2994 et
3031 2940 3279 3011 primam
3311 2958 3444 3013 quas
3471 2942 3646 2996 brevis
3671 2944 3754 3006 est,
3776 2954 3870 3009 pro-

2252 3027 2616 3082 nuntiatione
2647 3029 2877 3098 longam
2897 3029 3117 3096 feceris,
3149 3029 3294 3084 nihil
3325 3031 3542 3084 musica
3565 3023 3764 3084 omnino
3786 3040 3870 3079 sac-

2252 3120 2446 3169 censet
2475 3118 2492 3152 ¹
2525 3131 2538 3169 ;
2585 3120 2844 3185 tempora
2876 3117 3030 3171 enim
3059 3135 3264 3173 vocum
3301 3137 3376 3174 ea
3413 3135 3700 3191 pervenere
3723 3117 3778 3171 ad
3800 3131 3871 3169 au-

2253 3219 2365 3267 res,
2415 3219 2543 3272 quze
2574 3203 2660 3258 illi
2706 3219 2949 3259 numero
3003 3206 3194 3260 debita
3236 3207 3493 3262 fuerunt.
3541 3203 3870 3262 Grammaticus

2255 3295 2447 3344 autem
2487 3291 2655 3360 jubet
2696 3294 3010 3360 emendari,
3061 3301 3118 3348 et
3162 3295 3304 3348 illud
3351 3302 3410 3351 te
3459 3296 3682 3350 verbum
3717 3306 3869 3363 ponere

2252 3379 2414 3448 cujus
2442 3379 2628 3449 prima
2658 3381 2875 3448 syllaba
2903 3382 3268 3452 producenda
3299 3384 3400 3451 sit,
3433 3384 3717 3440 secundum
3740 3380 3868 3448 majo-

2251 3482 2402 3533 rum,
2451 3472 2512 3520 ut
2557 3467 2770 3522 dictum
2820 3474 2925 3536 est,
2973 3471 3401 3536 auctoritatem,
3452 3488 3680 3544 quorum
3722 3468 3870 3538 scripta

2251 3554 2500 3608 custodit
2527 3558 2569 3608 ³.

2253 3642 2476 3696 CAPUT
2507 3643 2576 3698 II.
2609 3671 2679 3683 —-
2707 3646 2780 3697 De
2807 3659 2968 3699 uersu
3000 3645 3223 3713 judicat
3249 3650 3635 3713 grammaticus
3660 3661 3716 3700 ea:
3739 3645 3866 3698 auclo-

2560 3733 2746 3800 ritate,
2776 3735 3010 3788 musicus
3047 3749 3114 3787 ea;
3142 3737 3358 3790 ratione
3386 3741 3437 3790 et
3464 3751 3633 3791 sensu.

2319 3817 2372 3869 2.
2414 3816 2799 3880 Quamobrem
2827 3835 2954 3889 nos,
3004 3836 3134 3874 cum
3182 3822 3441 3878 rationes
3487 3824 3697 3878 musices
3730 3832 3865 3892 perse-

2247 3905 2503 3972 quendas
2551 3908 2990 3978 susceperimus,
3023 3910 3193 3963 etiam
3242 3911 3290 3964 si
3331 3912 3516 3967 nescis
3561 3929 3676 3983 qum
3712 3905 3866 3980 syllaba

2246 3992 2629 4061 corripienda,
2675 4011 2804 4065 quae
2851 3997 3225 4067 producenda
3268 3999 3381 4069 sit;
3414 4015 3699 4071 possumus
3728 4001 3864 4048 tamen

2247 4092 2361 4130 non
2399 4079 2669 4150 impediri
2715 4084 2820 4136 hac
2861 4084 3186 4154 ignorantia
3239 4092 3358 4153 tua,
3414 4090 3655 4159 satisque
3693 4084 3862 4138 habere.

2245 4166 2401 4234 quod
2429 4171 2484 4220 te
2533 4168 3000 4226 animadvertisse
3042 4173 3239 4228 dixisti
3285 4176 3429 4229 alias
3474 4176 3698 4247 syllabas
3731 4184 3864 4224 corre-

2244 4253 2479 4324 ptiores,
2513 4256 2652 4310 alias
2693 4257 3107 4327 productiores.
3143 4262 3330 4325 Quare
3373 4265 3513 4318 illud
3543 4279 3680 4317 nunc
3705 4271 3864 4330 quam,

2243 4347 2436 4396 utrum
2465 4359 2635 4397 sonus
2678 4362 2944 4400 versuum
2985 4347 3292 4419 aliquando
3324 4356 3380 4404 te
3413 4351 3600 4421 aliqua
3631 4364 3721 4420 per
3748 4357 3864 4398 aures

2242 4429 2528 4500 voluptate
2558 4435 2944 4489 commoverit.
2994 4439 3060 4490 D.
3103 4438 3342 4491 Prorsus
3379 4438 3692 4510 saepissime,
3735 4434 3796 4488 ita
3824 4432 3866 4481 υί

2242 4533 2538 4588 nunquam
2563 4519 2680 4574 fere
2711 4521 2832 4576 sine
2855 4524 3226 4579 delectatione
3254 4543 3486 4581 versum
3515 4524 3780 4581 audierim.
3803 4517 3862 4570 Μ.

2241 4604 2298 4658 Si
2339 4606 2466 4675 quis
2505 4623 2640 4677 ergo
2681 4608 2739 4662 in
2771 4626 2959 4677 versu,
2993 4628 3108 4682 quo
3140 4613 3336 4668 audito
3368 4614 3671 4680 delectaris,
3701 4626 3755 4664 eo
3779 4607 3863 4661 loc-0

2239 4709 2351 4763 quo
2382 4693 2527 4747 ratio
2555 4695 2808 4765 ejusdem
2852 4714 3048 4752 versus
3082 4716 3197 4754 non
3230 4703 3502 4772 postulat,
3535 4704 3616 4756 vel
3650 4697 3864 4770 producat

2241 4780 2508 4850 syllabas,
2539 4785 2627 4836 vel
2671 4785 2963 4854 corripiat,
3012 4804 3153 4842 num
3206 4790 3411 4844 eodem
3459 4791 3621 4845 modo
3657 4779 3863 4842 delectari

2238 4873 2398 4939 potes
2420 4869 2446 4922 Τ
2470 4873 2536 4924 D.
2559 4872 2678 4925 Imo
2703 4873 2901 4927 audire
2922 4875 3031 4929 hoc
3057 4877 3178 4930 sine
3198 4879 3511 4932 olfensione
3532 4895 3641 4933 non
3665 4885 3859 4947 possum.

2236 4960 2311 5012 M.
2342 4959 2506 5011 Nullo
2530 4960 2696 5014 modo
2718 4960 2896 5031 igitur
2921 4963 3160 5018 dubium
3181 4971 3285 5034 est,
3309 4967 3451 5038 quin
3473 4976 3527 5022 te
3555 4967 3611 5020 in
3639 4978 3758 5018 sono
3781 4972 3860 5029 quo

2236 5049 2289 5098 te
2320 5046 2585 5100 delectari
2616 5048 2774 5116 dicis,
2811 5050 3092 5107 dimensio
3123 5056 3390 5124 quadam
3421 5067 3761 5110 numerorum
3789 5047 3860 5100 de'

2235 5133 2416 5198 lectet,
2452 5152 2566 5206 qua
2595 5137 2922 5205 perturbata
2956 5140 3253 5196 delectatio
3279 5144 3379 5197 illa
3410 5140 3655 5197 exhiberi
3682 5134 3860 5192 auribus

2297 5259 2313 5325 ξ
2343 5256 2668 5325 Q/I’enditur,
2695 5260 2848 5325 juxta
2881 5263 3047 5313 Vatic.
3116 5266 3183 5314 Μ.
3826 5317 3834 5325 ,

2293 5320 2314 5387 2
2345 5319 2518 5390 Inﬁt,
2542 5319 2945 5390 “custodiuntur.
2994 5327 3079 5374 Er.
3113 5328 3280 5390 Lugd.
3309 5319 3857 5390 Venucuslodluuhfic

2230 5379 2385 5428 etiam
2414 5382 2506 5452 Ms:
2541 5384 2595 5430 B.
2622 5399 2634 5442 ;
2667 5388 2719 5432 at
2745 5387 2838 5432 Ms.
2865 5388 2925 5452 ΑΞ
2953 5379 3222 5449 custodit:
3235 5394 3292 5438 ut
3316 5379 3628 5452 signiﬁcetur
3652 5380 3855 5452 custodire

2229 5445 2602 5548 grammaticus
2628 5459 2784 5555 queri;
2806 5449 2964 5509 paulo
2993 5455 3117 5500 ante
3146 5445 3473 5513 Augustinus
3495 5449 3706 5499 historiae
3725 5447 3855 5492 custo-

2265 5517 2344 5550 em
2375 5518 2624 5555 uuucuna
2656 5543 2665 5552 .
2794 5546 2802 5555 .

2265 5517 2344 5550 em
2375 5517 2665 5567 uuHCUpat.
2737 5517 2802 5555 Μ.
