4080 6178
210 319 337 372 1101

198 454 319 493 non
350 440 562 507 potest.
595 440 672 494 D.
705 438 1063 495 Manifestum
1093 444 1197 496 est.
1212 443 1293 498 Μ.
1332 440 1431 496 Dic
1460 441 1603 497 mihi
1633 443 1903 516 deinceps

204 526 360 597 quod
391 527 463 581 ad
494 542 701 580 sonum
742 543 935 581 versus
961 528 1183 596 attinet,
1224 529 1364 600 quid
1418 530 1659 599 intersit,
1705 538 1902 587 utrum

200 616 411 675 dicam,
434 616 614 669 Arma
641 618 925 684 virumque
944 632 1099 686 cano,
1128 619 1302 686 Troja
1325 621 1424 686 qui
1446 622 1659 687 primus
1680 620 1748 674 ab
1768 624 1897 675 oris:

203 720 277 757 an
305 707 403 772 qui
418 706 618 773 primis
644 705 711 758 ab
732 707 861 759 oris.
892 707 968 761 D.
1002 706 1138 761 Mihi
1169 722 1301 760 vero
1345 712 1673 778 utrumque,
1718 725 1900 779 quan-

201 796 329 846 tum
358 792 428 846 ad
458 792 617 847 illam
648 792 1064 848 dimensionem
1096 794 1362 864 pertinet,
1396 794 1548 849 idem
1594 802 1775 851 sonat.
1821 799 1896 851 Μ.

200 882 275 934 At
307 882 325 917 ¹
351 880 460 935 hoc
491 898 619 935 mea
641 881 1108 951 pronuntiatione
1137 883 1349 937 factum
1370 887 1473 950 est,
1506 900 1637 938 cum
1658 900 1725 939 eo
1756 885 1902 939 scili-

202 972 291 1022 cet
320 968 458 1022 vitio
489 969 645 1039 quod
667 969 1082 1023 barbarismum
1116 970 1475 1040 grammatici
1500 976 1736 1026 vocant:
1764 988 1899 1026 nam

192 1058 433 1125 primus,
466 1056 639 1126 longa
684 1061 769 1111 est
798 1061 852 1111 et
890 1057 1076 1111 brevis
1127 1058 1378 1128 syllaba;
1435 1061 1630 1128 primis
1682 1064 1893 1121 autem,

197 1144 383 1198 amba
409 1144 792 1214 producenda
819 1150 983 1200 sunt:
1009 1146 1105 1200 sed
1135 1162 1240 1216 ego
1269 1147 1530 1201 ultimam
1556 1163 1753 1202 earum
1774 1163 1899 1201 cor-

193 1232 351 1303 ripui
376 1250 389 1299 ;
414 1232 495 1286 ita
524 1232 667 1285 nihil
700 1233 913 1287 fraudis
942 1250 1121 1303 passa
1153 1238 1286 1289 sunt
1313 1251 1479 1289 aures
1506 1239 1640 1290 tua.
1683 1235 1895 1299 Quam-

193 1321 399 1374 obrem
430 1320 575 1374 illud
604 1320 777 1375 etiam
809 1325 978 1393 atque
1013 1322 1186 1376 etiam
1216 1323 1554 1377 tentandum
1576 1327 1679 1389 est,
1702 1328 1896 1377 utrum

189 1425 286 1463 me
314 1409 727 1479 pronuntiante
759 1410 990 1477 sentias,
1024 1410 1163 1481 quid
1192 1411 1265 1465 sit
1296 1409 1320 1443 ³
1353 1411 1413 1464 in
1443 1411 1676 1481 syllabis
1708 1411 1804 1465 diu
1841 1416 1898 1465 et

188 1514 312 1553 non
338 1497 458 1563 diu,
490 1502 555 1551 ut
598 1502 795 1552 nostra
818 1498 1148 1569 disputatio,
1198 1514 1291 1553 me
1325 1498 1717 1568 interrogante
1749 1515 1810 1553 ac
1840 1502 1896 1553 te

187 1586 599 1657 respondente,
632 1586 777 1641 sicut
812 1586 1185 1655 instituimus,
1207 1586 1391 1657 possit
1420 1586 1745 1657 procedere.
1781 1588 1895 1640 Ita-

189 1690 306 1746 que
329 1674 451 1744 jam
481 1674 750 1728 eumdem
792 1690 1019 1728 versum
1063 1673 1125 1727 in
1154 1690 1268 1745 quo
1295 1674 1717 1729 barbarismum
1744 1674 1893 1728 fece-

184 1780 339 1833 ram,
368 1767 644 1833 repetam,
678 1767 735 1817 et
754 1762 914 1816 illam
944 1762 1219 1832 syllabam
1250 1778 1445 1832 quam,
1481 1778 1552 1816 ne
1586 1766 1699 1816 tua
1728 1778 1894 1816 aures

187 1852 640 1918 offenderentur,
676 1850 948 1921 corripui,
980 1851 1315 1921 producam,
1341 1855 1407 1905 ut
1424 1849 1783 1921 grammatici
1798 1850 1893 1920 ju-

183 1940 359 1995 bent:
391 1944 453 1994 tu
483 1939 624 1993 mihi
679 1940 1029 2006 renuntiato,
1052 1944 1247 1994 utrum
1267 1939 1367 1993 illa
1392 1955 1586 1993 versus
1614 1938 1895 1993 dimensio

187 2044 425 2082 sensum
464 2032 627 2083 tuum
658 2028 855 2081 eadem
887 2027 1095 2081 afﬁciat
1116 2027 1440 2098 voluptate:
1474 2027 1553 2080 sic
1577 2026 1731 2081 enim
1760 2043 1895 2097 pro-

187 2117 483 2184 nuntiem,
511 2120 700 2172 Arma
727 2119 1013 2184 virumque
1048 2132 1199 2170 cano.
1253 2118 1428 2185 Traja
1458 2117 1555 2183 qui
1578 2117 1777 2184 primis
1823 2115 1892 2169 ab

187 2208 328 2260 oris.
364 2206 432 2259 D.
466 2206 627 2260 Nunc
681 2222 812 2259 vero
859 2220 1070 2274 negare
1114 2220 1230 2259 non
1272 2220 1525 2275 possum,
1558 2202 1747 2258 nescio
1779 2219 1895 2274 qua

187 2293 322 2348 soni
343 2293 703 2347 deformitate
732 2310 825 2348 me
856 2292 1158 2347 offensum.
1188 2295 1263 2347 Μ.
1293 2294 1419 2347 Non
1444 2290 1692 2362 injuria:
1717 2308 1895 2363 quan-

192 2398 376 2454 quam
434 2382 587 2437 enim
632 2382 1020 2436 barbarismus
1068 2382 1247 2435 factus
1301 2397 1416 2435 non
1462 2380 1550 2448 sit,
1611 2380 1667 2435 id
1698 2384 1891 2434 tamen

187 2470 401 2525 vitium
431 2470 645 2524 factum
677 2474 778 2535 est,
834 2469 988 2541 quod
1018 2473 1074 2524 et
1120 2469 1491 2539 grammatica
1511 2468 1893 2539 reprehendat

187 2563 250 2613 et
298 2559 547 2613 musica:
599 2558 990 2628 grammatica,
1042 2557 1177 2629 quia
1225 2556 1285 2611 id
1317 2556 1577 2625 verbum,
1608 2557 1770 2627 cujus
1794 2572 1893 2611 no-

186 2646 423 2701 vissima
452 2646 666 2717 syllaba
714 2645 1081 2717 producenda
1110 2648 1213 2708 est,
1245 2660 1312 2699 eo
1358 2644 1480 2698 loco
1519 2644 1770 2714 positum
1809 2648 1895 2699 est

186 2735 296 2789 ubi
327 2734 691 2805 corripienda
746 2733 888 2804 poni
940 2733 1175 2800 debuit;
1208 2732 1426 2787 musica
1462 2748 1594 2787 vero
1641 2736 1892 2787 tantum-

186 2823 369 2877 modo
416 2822 552 2894 quia
580 2822 859 2892 producta
886 2821 1158 2892 qualibet
1206 2837 1313 2874 vox
1366 2824 1448 2873 est
1503 2836 1570 2874 eo
1601 2820 1745 2886 loco,
1777 2836 1892 2890 quo

186 2911 405 2981 corripi
433 2910 750 2982 oportebat,
806 2914 861 2963 et
902 2914 1127 2980 tempus
1177 2908 1435 2963 debitum
1486 2908 1641 2978 quod
1688 2923 1891 2962 nume-

187 3016 323 3055 rosa
369 2998 647 3053 dimensio
685 2997 1033 3068 postulabat,
1084 2995 1371 3050 redditum
1429 3011 1547 3049 non
1591 2999 1697 3049 est.
1741 2995 1890 3059 Quo-

189 3086 344 3141 circa
373 3086 421 3139 si
442 3086 563 3157 jam
618 3085 751 3140 satis
809 3084 1085 3139 discernis
1140 3084 1279 3156 quid
1324 3100 1544 3152 sensus,
1597 3083 1735 3155 quid
1789 3100 1892 3138 au-

190 3174 423 3230 ctoritas
473 3174 741 3245 postulet,
816 3173 1077 3244 sequitur
1132 3177 1196 3227 ut
1252 3171 1563 3239 videamus,
1628 3171 1725 3225 ille
1768 3170 1892 3241 ipse

191 3278 396 3317 sensus
423 3279 522 3316 cur
549 3263 689 3315 alias
719 3262 1031 3316 delectetur
1058 3261 1119 3315 in
1174 3261 1327 3315 sonis
1358 3262 1446 3315 vel
1484 3259 1774 3330 productis
1803 3261 1891 3314 vel

192 3348 494 3418 correptis,
524 3347 662 3401 alias
691 3346 1048 3401 offendatur:
1082 3346 1137 3400 id
1168 3350 1251 3400 est
1283 3346 1437 3401 enim
1468 3345 1622 3417 quod
1669 3345 1738 3400 ad
1770 3345 1889 3415 diu,

192 3440 256 3492 et
300 3452 412 3490 non
445 3435 544 3489 diu
571 3434 839 3506 pertinet.
871 3435 1053 3498 Quam
1097 3439 1319 3505 partem
1361 3451 1465 3488 nos
1495 3432 1891 3504 explicandam

191 3524 509 3595 suscepisse
539 3524 704 3578 credo
735 3522 891 3593 quod
941 3522 1292 3577 memineris.
1345 3523 1419 3576 D.
1475 3523 1589 3591 Ego
1645 3536 1777 3575 vero
1836 3524 1892 3575 et

192 3613 338 3667 illud
369 3612 627 3679 discrevi,
660 3617 716 3666 et
744 3612 851 3665 hoc
880 3610 1139 3679 memini,
1172 3615 1228 3665 et
1269 3626 1337 3665 ea
1383 3625 1513 3681 qua
1573 3613 1893 3678 sequuntur

190 3700 577 3757 intentissima
614 3704 895 3771 exspecto.

480 3790 704 3844 CAPUT
736 3789 831 3843 III.
864 3819 935 3829 —
959 3787 1309 3857 Syllabarum
1347 3792 1605 3857 tempora.

269 3880 321 3933 3.
353 3880 429 3933 Μ.
470 3877 607 3942 Qua
637 3881 824 3947 putas,
860 3876 970 3931 nisi
999 3880 1064 3931 ut
1095 3875 1436 3947 incipiamus
1466 3874 1693 3929 sibimet
1721 3874 1890 3944 sylla-

191 3967 297 4022 bas
328 3981 673 4036 comparare,
706 3969 763 4019 et
788 3964 983 4019 videre
1022 3980 1163 4035 quos
1193 3980 1462 4019 numeros
1519 3963 1590 4017 ad
1618 3978 1737 4017 sese
1788 3962 1890 4016 ha-

190 4055 396 4121 beant;
420 4053 563 4107 sicut
590 4053 660 4107 de
690 4052 937 4107 motibus
961 4053 1082 4123 jam
1098 4052 1249 4106 inter
1271 4068 1375 4105 nos
1399 4056 1518 4106 tam
1547 4051 1893 4119 longasupe-

192 4142 319 4197 rius
346 4142 563 4196 ratione
592 4144 896 4195 tractatum
923 4142 1055 4195 est?
1084 4141 1149 4194 In
1180 4144 1340 4193 motu
1371 4142 1455 4193 est
1510 4139 1664 4192 enim
1719 4138 1893 4193 etiam

194 4246 370 4286 omne
402 4230 555 4301 quod
584 4233 745 4283 sonat
769 4246 782 4295 ;
810 4233 868 4283 et
889 4228 1121 4299 syllaba
1139 4228 1338 4297 utique
1369 4229 1606 4280 sonant:
1632 4241 1703 4279 an
1733 4225 1894 4296 quid-

194 4334 373 4389 quam
403 4318 611 4372 horum
641 4316 839 4387 negari
866 4316 1099 4387 potest?
1130 4316 1204 4381 D,
1240 4314 1407 4369 Nullo
1437 4312 1629 4366 modo.
1654 4314 1727 4367 Μ.
1752 4313 1893 4367 Cum

194 4422 339 4477 ergo
366 4406 517 4459 inter
536 4422 594 4458 se
611 4405 843 4475 syllaba
872 4404 1259 4468 conferuntur,
1281 4405 1469 4455 motus
1491 4399 1725 4471 quidam
1745 4399 1897 4453 inter

195 4510 259 4549 se
272 4494 663 4560 conferuntur,
692 4494 752 4547 in
781 4492 989 4563 quibus
1018 4490 1238 4562 possint
1263 4488 1489 4545 numeri
1510 4488 1746 4559 quidam
1758 4492 1898 4542 tem-

192 4582 355 4655 poris
378 4587 399 4617 ³
438 4597 708 4637 mensura
736 4579 1129 4635 diuturnitatis
1161 4578 1397 4649 inquiri.
1447 4578 1521 4631 D.
1571 4578 1652 4630 Ita
1689 4579 1787 4629 est.
1823 4578 1893 4631 Μ.

197 4673 349 4727 Num
380 4670 557 4740 igitur
587 4674 768 4741 potest
798 4668 905 4723 sibi
947 4685 1059 4723 una
1107 4667 1323 4739 syllaba
1364 4664 1726 4736 comparari?
1757 4664 1898 4720 Nam

196 4775 432 4814 omnem
462 4757 967 4829 comparationem,
1008 4756 1120 4810 nisi
1148 4761 1209 4810 tu
1240 4754 1398 4809 aliud
1424 4759 1610 4825 putes,
1645 4752 1898 4823 singula-

200 4846 343 4902 ritas
371 4847 538 4917 fugit.
562 4848 636 4900 D.
671 4846 823 4900 Nihil
849 4850 986 4916 puto
1010 4844 1183 4899 aliud.
1214 4846 1288 4899 Μ.
1320 4842 1507 4907 Quid?
1525 4857 1639 4896 una
1656 4840 1777 4906 uni,
1803 4844 1901 4895 aut

200 4950 323 4990 una
373 4935 461 4989 vel
518 4934 659 4997 dua,
679 4934 899 4988 duabus
928 4934 1014 4987 vel
1036 4933 1239 4998 tribus,
1264 4936 1319 4985 et
1336 4930 1603 5001 deinceps
1628 4929 1688 4983 in
1717 4928 1899 4998 pluri-

201 5024 333 5089 bus,
368 5022 507 5092 quin
559 5022 780 5093 possint
827 5020 1053 5077 sibimet
1094 5018 1360 5083 conferri,
1396 5034 1535 5073 num
1568 5032 1739 5087 negas
1765 5018 1795 5069 ?
1828 5017 1897 5069 D.

204 5111 345 5177 Quis
376 5111 486 5165 hoc
537 5109 876 5180 negaverit?
918 5112 994 5165 Μ.
1030 5110 1245 5163 Rursus
1274 5107 1380 5161 hoc
1407 5105 1552 5169 vide,
1586 5102 1904 5175 quamlibet

204 5199 484 5271 syllabam
496 5199 725 5253 brevem
739 5198 1090 5268 minimeque
1105 5196 1201 5251 diu
1215 5192 1645 5266 pronuntiatam
1656 5233 1669 5259 ,
1693 5195 1747 5245 et
1772 5207 1903 5244 mox

202 5294 271 5343 ut
300 5287 555 5359 eruperit
580 5288 960 5351 desinentem,
993 5300 1267 5356 occupare
1304 5288 1497 5339 tamen
1544 5281 1605 5335 in
1647 5284 1904 5349 tempore

270 5431 284 5463 ί
322 5429 381 5476 In
414 5429 490 5487 Β..
520 5431 609 5486 et;
639 5428 760 5476 Mss.
790 5426 907 5476 Aet
925 5425 982 5484 B,
1010 5425 1087 5474 at.
1149 5483 1161 5487 _
1210 5422 1284 5487 Μ.

265 5492 288 5525 ί
324 5489 409 5538 Sic
431 5480 552 5538 Mss.
576 5480 618 5537 Ᾱ
648 5492 699 5538 et
730 5490 791 5561 β.
826 5489 885 5536 In
909 5480 997 5545 BL,
1028 5483 1162 5598 quod
1194 5481 1279 5550 ﬁt,
1306 5481 1485 5532 minus
1507 5480 1668 5530 latine
1732 5480 1804 5529 M.

270 5552 291 5585 ³
320 5554 604 5598 Temporis.
637 5553 709 5598 et.
736 5554 883 5598 quta
910 5550 1005 5598 Ms.
1077 5584 1088 5595 .
1222 5547 1283 5594 M.

270 5552 291 5585 ³
320 5554 604 5615 Temporis,
637 5553 709 5610 et,
730 5551 883 5613 juxta
910 5550 1005 5598 Ms.
1028 5547 1088 5598 Ᾱ.
1222 5547 1283 5594 Μ’.

1640 321 1851 379 LIBER
1891 321 2276 381 SECUNDUS.

3568 337 3705 394 1102

2010 448 2222 518 aliquid
2255 447 2444 518 spatii,
2478 453 2535 503 et
2558 448 2765 503 habere
2795 452 3102 521 quamdam
3117 454 3401 510 morulam
3422 472 3603 513 suam.
3625 461 3701 513 D.

2016 534 2185 588 Video
2214 552 2443 590 necesse
2474 552 2594 591 esse
2624 539 2777 608 quod
2806 538 2964 595 dicis.
2997 544 3071 596 M.
3098 541 3198 596 Dic
3224 558 3396 611 nunc,
3422 546 3573 600 unde
3596 563 3703 601 nu-

2010 638 2233 677 merum
2265 623 2643 679 exordiamur.
2678 627 2752 680 D.
2801 628 2883 681 Ab
2910 644 3025 682 uno
3056 628 3286 685 scilicet.
3332 634 3392 687 Μ
3401 675 3416 688 .
3454 634 3577 688 Non
3606 634 3707 689 ab-

2008 712 2178 765 surde
2208 710 2387 781 igitur
2418 712 2527 766 hoc
2556 712 2615 767 in
2646 716 2903 784 tempore
2951 716 3113 786 quasi
3151 717 3457 773 minimum
3511 721 3701 791 spatii,

2009 799 2165 868 quod
2191 798 2378 852 brevis
2408 799 2625 853 obtinet
2654 802 2885 871 syllaba,
2917 818 3100 857 unum
3129 806 3356 874 tempus
3386 810 3707 863 veteresvo-

2008 888 2314 938 caverunt:
2353 902 2384 937 a
2412 885 2570 939 brevi
2600 886 2755 940 enim
2787 888 2857 941 ad
2911 888 3141 959 longam
3172 892 3593 961 progredimur.
3624 895 3701 949 D.

2009 972 2215 1026 Verum
2243 976 2345 1029 est.
2379 976 2454 1027 Μ.
2487 974 2758 1044 Sequitur
2776 976 2920 1045 jam,
2952 980 3013 1031 ut
3028 977 3168 1031 illud
3187 995 3414 1050 quoque
3444 980 3702 1035 animad-

2006 1064 2210 1124 vertas,
2244 1061 2519 1130 quoniam
2551 1067 2612 1116 ut
2657 1062 2717 1116 in
2775 1064 3025 1118 numeris
3052 1066 3121 1118 ab
3150 1081 3265 1119 uno
3325 1067 3396 1121 ad
3455 1067 3566 1121 duo
3619 1074 3704 1123 est

2006 1148 2194 1218 prima
2220 1152 2541 1220 progressio
2571 1170 2586 1217 ;
2616 1150 2694 1205 ita
2718 1154 2778 1205 in
2792 1153 3039 1222 syllabis,
3069 1169 3182 1224 qua
3204 1157 3220 1191 ι
3244 1155 3458 1209 scilicet
3487 1173 3517 1209 a
3546 1156 3705 1210 brevi

2005 1236 2075 1290 ad
2105 1237 2337 1307 longam
2358 1238 2776 1308 progredimur,
2801 1240 3034 1310 longam
3047 1241 3288 1311 duplum
3308 1244 3581 1314 temporis
3599 1245 3701 1299 ha-

2006 1323 2139 1377 bere
2170 1325 2413 1378 debere:
2442 1341 2507 1378 ac
2536 1342 2637 1396 per
2691 1327 2797 1380 hoc
2839 1327 2885 1381 si
2915 1328 3164 1398 spatium
3196 1331 3344 1399 quod
3376 1330 3563 1386 brevis
3601 1348 3702 1387 oc-

2006 1416 2195 1481 cupat,
2219 1418 2369 1467 recte
2381 1429 2564 1467 unum
2584 1418 2812 1483 tempus
2828 1421 3059 1469 vocatur
3083 1432 3096 1482 ;
3126 1417 3525 1487 spatiumitem
3548 1421 3699 1490 quod

2004 1500 2176 1570 longa
2204 1504 2463 1571 occupat,
2488 1505 2637 1555 recte
2669 1502 2782 1556 duo
2812 1507 3071 1574 tempora
3092 1503 3407 1560 nominari.
3436 1508 3509 1561 D.
3531 1508 3702 1562 Recte

2005 1604 2240 1659 prorsus
2268 1605 2280 1643 :
2304 1604 2439 1643 nam
2469 1588 2526 1643 id
2556 1589 2837 1645 rationem
2861 1592 3149 1661 postulare
3176 1592 3489 1649 consentio.

2358 1678 2582 1732 CAPUT
2613 1678 2702 1732 IV.
2734 1708 2803 1717 -—
2827 1679 2988 1733 Pedes
3040 1680 3345 1747 dissyllabi.

2072 1765 2125 1819 4.
2158 1766 2232 1820 Μ.
2268 1766 2407 1835 Age,
2438 1782 2591 1819 nunc
2648 1766 2975 1821 collationes
3026 1767 3178 1837 ipsas
3208 1768 3533 1823 videamus:
3568 1784 3703 1823 nam

2002 1867 2117 1906 una
2136 1852 2321 1907 brevis
2350 1853 2566 1923 syllaba
2612 1854 2683 1908 ad
2720 1870 2894 1908 unam
2927 1854 3160 1909 brevem
3211 1856 3487 1926 syllabam
3512 1873 3703 1927 quaro

2002 1956 2175 2011 quam
2206 1940 2490 1995 rationem
2515 1940 2620 1995 tibi
2649 1942 2860 1996 habere
2886 1942 3161 2010 videatur,
3189 1944 3276 1997 vel
3307 1942 3368 1997 hi
3400 1948 3586 1999 motus
3606 1944 3702 1999 in—

2002 2032 2090 2081 ter
2119 2044 2177 2081 se
2207 2027 2346 2098 quid
2374 2032 2672 2085 vocentur.
2708 2028 3016 2084 Meministi
3050 2030 3225 2096 enim,
3259 2029 3368 2084 nisi
3401 2030 3587 2097 fallor,
3639 2031 3702 2086 in

2001 2115 2296 2185 superiore
2327 2132 2589 2171 sermone
2620 2132 2723 2171 nos
2754 2118 3021 2172 omnibus
3051 2117 3322 2185 motibus,
3355 2118 3455 2189 qui
3473 2118 3623 2173 inter
3642 2135 3701 2175 se

2001 2204 2194 2275 aliqua
2220 2204 2632 2259 numerositate
2653 2205 3015 2270 conveniunt,
3041 2204 3379 2275 imposuisse
3403 2206 3696 2261 vocabula.

2002 2293 2078 2347 D.
2114 2293 2386 2363 Equales
2398 2309 2493 2348 eos
2512 2292 2752 2347 memini
2783 2293 3105 2347 nominatos
3130 2309 3142 2348 :
3166 2294 3523 2349 tantumdem
3549 2294 3701 2349 enim

2001 2380 2073 2435 ad
2122 2396 2243 2435 sese
2271 2380 2484 2436 habent
2531 2380 2828 2451 temporis.
2872 2383 2947 2437 M.
2981 2382 3089 2435 Sed
3140 2380 3306 2435 istam
3337 2381 3701 2437 collationem

2001 2468 2347 2538 syllabarum
2379 2484 2493 2539 qua
2514 2468 2622 2523 sibi
2646 2468 2764 2538 jam
2798 2468 3170 2523 conferuntur
3196 2473 3257 2523 ut
3279 2468 3525 2523 habeant
3543 2470 3615 2524 ad
3643 2486 3703 2525 se

2002 2555 2225 2627 aliquos
2254 2572 2546 2626 numeros,
2580 2572 2719 2610 num
2749 2572 2945 2611 censes
2972 2556 3095 2610 sine
3124 2556 3400 2611 vocabulo
3434 2546 3563 2610 esse
3604 2573 3699 2612 re-

2000 2644 2420 2715 linquendam?
2448 2645 2521 2699 Π.
2568 2645 2694 2699 Non
2732 2648 2892 2714 puto.
2938 2646 3015 2699 Μ.
3073 2644 3247 2713 Atqui
3275 2644 3435 2710 scias,
3482 2648 3701 2700 veteres

2000 2732 2209 2803 pedem
2248 2747 2605 2802 nuncupasse
2656 2731 2830 2786 talem
2870 2729 3237 2785 collationem
3266 2746 3558 2785 sonorum.
3591 2731 3700 2785 Sed

2001 2836 2297 2891 quousque
2328 2819 2537 2890 pedem
2565 2819 2834 2889 progredi
2861 2818 3007 2873 ratio
3046 2817 3215 2884 sinat,
3247 2817 3552 2888 diligenter
3601 2818 3699 2873 ad-

1998 2908 2335 2963 vertendum
2366 2911 2468 2962 est.
2493 2907 2874 2972 Quamobrem
2896 2906 3018 2977 jam
3060 2904 3151 2960 dic
3178 2904 3373 2971 etiam,
3406 2905 3589 2959 brevis
3643 2910 3699 2960 et

1999 2993 2172 3064 longa
2198 2994 2410 3065 syllaba
2439 3009 2554 3065 qua
2573 2993 2681 3047 sibi
2704 2993 2924 3047 ratione
2935 2992 3311 3048 conferuntur
3328 2992 3442 3047 ‘ID.
3457 2992 3694 3064 Opinor,

2001 3098 2069 3136 ex
2100 3082 2199 3137 illo
2228 3098 2438 3153 genere
2468 3098 2862 3149 numerorum,
2904 3098 3045 3153 quos
3073 3081 3442 3153 complicatos
3472 3082 3695 3137 vocavi-

2001 3185 2150 3238 mus,
2181 3170 2349 3224 istam
2376 3170 2740 3225 collationem
2769 3184 3037 3225 manere:
3067 3169 3350 3241 siquidem
3370 3169 3431 3224 in
3460 3186 3527 3224 ea
3557 3170 3697 3225 sim-

1998 3260 2159 3330 plum
2188 3259 2255 3313 ad
2286 3260 2527 3329 duplum
2555 3260 2826 3313 collatum
2878 3274 2999 3313 esse
3050 3258 3235 3327 video,
3268 3258 3326 3314 id
3382 3262 3469 3313 est
3516 3274 3695 3313 unum

1998 3351 2223 3418 tempus
2252 3347 2440 3402 brevis
2465 3347 2695 3418 syllaba
2720 3347 2793 3401 ad
2822 3347 2934 3402 duo
2952 3351 3211 3418 tempora
3232 3346 3421 3417 longa
3441 3346 3693 3417 syllaba.

1998 3439 2073 3491 Μ.
2106 3437 2248 3501 Quid
2277 3436 2325 3491 si
2341 3436 2423 3507 ita
2451 3437 2813 3507 ordinentur,
2841 3441 2905 3492 ut
2932 3437 3093 3508 prius
3124 3438 3314 3507 longa,
3336 3436 3539 3491 deinde
3572 3436 3697 3491 bre-

1998 3525 2082 3579 vis
2107 3526 2321 3595 syllaba
2348 3525 2789 3595 pronuntietur?
2809 3541 2949 3579 num
2981 3525 3114 3596 quia
3146 3525 3284 3579 ordo
3315 3527 3569 3579 mutatus
3589 3528 3694 3591 est,

1998 3614 2127 3668 ideo
2166 3612 2637 3683 complicatorum
2667 3629 3041 3667 numerorum
3089 3611 3235 3665 ratio
3292 3627 3410 3665 non
3460 3612 3700 3666 manet?

2000 3702 2141 3756 Nam
2173 3706 2237 3754 ut
2260 3700 2320 3753 in
2350 3700 2448 3754 illo
2477 3701 2622 3770 pede
2650 3699 2920 3770 simplum
2969 3700 3039 3754 ad
3092 3699 3349 3770 duplum,
3382 3698 3461 3753 ita
3488 3698 3547 3753 in
3586 3698 3697 3754 isto

2001 3789 2240 3859 duplum
2274 3788 2345 3841 ad
2374 3788 2645 3858 simplum
2678 3787 2987 3843 invenitur.
3020 3789 3096 3842 D.
3136 3788 3220 3842 Ita
3248 3791 3352 3841 est.
3385 3788 3459 3842 Μ.
3507 3785 3650 3850 Quid
3671 3788 3701 3841 ?

2000 3877 2061 3932 in
2088 3877 2232 3948 pede
2264 3876 2509 3931 duarum
2531 3876 2856 3947 longarum,
2887 3892 3080 3930 nonne
3111 3875 3225 3930 duo
3269 3879 3531 3946 tempora
3557 3875 3698 3930 duo-

1998 3965 2105 4020 bus
2137 3964 2492 4035 temporibus
2520 3964 2888 4019 conferuntur
2913 3966 2942 4018 ?
2962 3965 3039 4019 D.
3086 3962 3447 4018 Manifestum
3476 3965 3577 4017 est.
3609 3966 3690 4019 Μ.

2002 4056 2077 4108 Ex
2111 4068 2224 4124 qua
2249 4068 2386 4122 ergo
2418 4051 2636 4105 ratione
2667 4051 2892 4105 ducitur
2919 4050 3026 4105 ista
3056 4049 3322 4105 collatio?
3367 4052 3442 4105 D.
3504 4051 3579 4105 Ex
3610 4066 3702 4105 eo-

2000 4157 2130 4195 rum
2160 4139 2372 4194 scilicet
2391 4139 2490 4210 qui
2517 4138 2763 4210 aquales
2786 4138 3056 4209 appellati
3086 4141 3237 4192 sunt.

2072 4232 2122 4282 5.
2147 4230 2221 4283 Μ.
2254 4231 2392 4298 Age,
2428 4242 2579 4281 nunc
2608 4226 2698 4281 dic
2724 4226 2889 4290 mihi,
2943 4242 3012 4280 ex
3040 4241 3154 4296 quo
3186 4241 3220 4279 a
3267 4223 3489 4277 duabus
3516 4222 3700 4277 brevi-

2002 4315 2109 4369 bus
2142 4314 2254 4368 orsi
2285 4314 2357 4368 ad
2405 4314 2545 4368 duas
2596 4314 2838 4383 syllabas
2870 4314 3075 4383 longas
3118 4310 3503 4381 pervenimus,
3563 4314 3707 4380 quot

2001 4402 2219 4473 pedum
2250 4400 2580 4455 collationes
2610 4400 3064 4455 tractaverimus.
3096 4398 3168 4453 D.
3226 4398 3513 4462 Quatuor:
3566 4413 3703 4451 nam

2005 4490 2191 4562 primo
2225 4490 2293 4544 de
2329 4489 2551 4544 duabus
2598 4488 2863 4543 brevibus
2914 4488 3128 4542 dictum
3184 4492 3289 4551 est,
3347 4484 3601 4539 secundo
3633 4484 3703 4539 de

2004 4576 2163 4632 brevi
2194 4580 2250 4631 et
2277 4576 2470 4646 longa,
2502 4576 2669 4631 tertio
2716 4576 2785 4631 de
2831 4576 3005 4644 longa
3056 4577 3112 4627 et
3166 4572 3343 4638 brevi,
3399 4576 3602 4643 quarto
3633 4572 3704 4627 de

2002 4664 2223 4718 duabus
2245 4663 2449 4733 longis.
2468 4664 2540 4718 M.
2565 4664 2711 4717 Num
2734 4665 2969 4733 possunt
2994 4676 3115 4713 esse
3130 4660 3327 4729 plures
3352 4676 3528 4729 quam
3558 4675 3702 4730 qua-

2006 4756 2155 4817 tuor,
2189 4767 2319 4805 cum
2351 4751 2478 4805 dua
2517 4751 2749 4821 syllaba
2774 4748 3003 4803 sibimet
3026 4747 3441 4801 conferuntur?
3463 4748 3536 4801 D.
3567 4747 3706 4801 Nul-

2007 4838 2062 4893 lo
2090 4838 2297 4894 modo:
2329 4854 2466 4893 nam
2490 4854 2623 4892 cum
2652 4836 2884 4908 syllaba
2912 4836 3065 4889 hunc
3095 4834 3332 4890 modum
3361 4834 3703 4904 acceperint,

2007 4933 2072 4983 ut
2098 4928 2285 4983 brevis
2324 4944 2505 4983 unum
2536 4932 2784 4997 tempus,
2824 4927 2996 4996 longa
3039 4926 3152 4980 duo
3192 4925 3416 4991 habeat,
3462 4939 3707 4994 cumque

2010 5017 2223 5088 syllaba
2254 5016 2440 5071 omnis
2469 5019 2569 5070 aut
2596 5014 2783 5069 brevis
2802 5017 2901 5068 aut
2929 5014 3103 5084 longa
3124 5012 3226 5079 sit;
3263 5029 3377 5083 quo
3404 5016 3570 5083 pacto
3600 5008 3709 5063 sibi

2008 5106 2243 5172 possunt
2273 5103 2401 5156 dua
2432 5101 2662 5172 syllaba
2693 5101 3015 5171 comparari
3045 5104 3215 5172 atque
3236 5098 3494 5170 copulari
3522 5102 3586 5153 ut
3614 5114 3709 5167 pe-

2012 5189 2142 5244 dem
2170 5190 2397 5255 faciant,
2435 5189 2543 5243 nisi
2574 5194 2673 5242 aut
2698 5188 2883 5243 brevis
2912 5194 2968 5242 et
2985 5188 3172 5242 brevis
3201 5189 3294 5253 sit,
3329 5191 3427 5240 aut
3454 5184 3643 5239 brevis
3656 5188 3711 5236 ct

2012 5279 2201 5349 longa,
2237 5281 2335 5332 aut
2366 5279 2538 5347 longa
2569 5282 2624 5331 et
2654 5277 2860 5343 brevis,
2893 5281 2991 5331 aut
3022 5275 3446 5346 longaetlonga
3460 5273 3585 5325 ῩιΜ.
3611 5270 3711 5324 Dic

2013 5365 2187 5421 etiam
2218 5368 2357 5435 quot
2383 5364 2590 5419 habeat
2612 5364 3147 5435 temporabinarum
3172 5360 3517 5432 syllabarum
3538 5356 3710 5412 mini-

2082 5540 2096 5570 ¹
2134 5534 2287 5592 Quia,
2310 5535 2458 5599 juxta
2487 5536 2580 5584 Ms.
2613 5535 2670 5591 Α,
2800 5537 2869 5585 Μ.
