4098 6182
454 313 591 367 1103

451 449 579 488 mus
608 448 727 502 pes,
760 433 903 501 quot
920 430 1061 484 item
1072 430 1373 484 maximus.
1389 430 1465 483 D.
1490 428 1859 496 Duoille,iste
1879 433 2140 499 quatuor.

450 523 527 577 M.
554 520 792 573 Videsne
826 522 887 571 ut
908 519 1232 589 progressio
1258 518 1367 573 nisi
1396 533 1575 588 usque
1608 517 1679 571 ad
1716 517 2145 587 quaternarium

452 624 761 664 numerum
791 606 915 661 ﬁeri
945 624 1064 661 non
1091 608 1361 677 potuerit,
1398 606 1512 659 sive
1550 606 1611 659 in
1648 606 1909 676 pedibus,
1942 606 2056 658 sive
2086 604 2146 657 in

454 694 851 767 temporibus?
894 697 969 749 D.
1006 696 1176 749 Video
1219 696 1411 765 plane,
1460 700 1515 749 et
1565 695 1827 748 recordor
1864 694 2146 746 rationem

454 784 868 857 progressionis
899 784 959 837 in
999 783 1272 845 numeris,
1297 787 1465 853 atque
1504 784 1661 837 illam
1699 782 1812 836 vim
1843 782 1935 835 hic
1972 783 2146 835 etiam

454 872 641 927 inesse
674 871 856 925 sentio
888 888 1016 925 cum
1048 888 1257 943 magna
1285 872 1462 926 animi
1491 873 1799 941 voluptate.
1841 873 1915 925 Μ.
1948 871 2146 923 Nonne

454 974 591 1029 ergo
622 975 836 1025 censes,
887 974 1017 1013 cum
1046 960 1216 1030 pedes
1244 960 1472 1030 syllabis
1501 964 1779 1025 constent,
1820 959 1877 1013 id
1927 961 2010 1012 est
2039 957 2148 1011 dis-

454 1046 644 1102 tinctis
675 1051 731 1101 et
759 1046 923 1117 quasi
962 1046 1271 1100 articulatis
1310 1047 1556 1100 motibus
1587 1047 1685 1117 qui
1719 1051 1852 1100 sunt
1882 1045 1944 1098 in
1973 1044 2145 1110 sonis,

455 1133 685 1204 syllaba
712 1139 907 1187 autem
935 1135 1243 1188 tendantur
1296 1134 1668 1204 temporibus,
1714 1137 1980 1204 oportere
2023 1130 2149 1184 ﬁeri

454 1221 627 1276 etiam
651 1237 831 1292 usque
856 1222 927 1275 ad
947 1228 1191 1293 quatuor
1216 1222 1456 1293 syllabas
1486 1222 1946 1293 progressionem
1968 1221 2144 1291 pedis,

455 1308 601 1363 sicut
625 1310 743 1379 jam
764 1310 967 1363 factam
987 1326 1166 1379 usque
1179 1310 1249 1363 ad
1276 1310 1709 1379 quaternarium
1731 1325 2060 1376 numerum,
2094 1312 2150 1361 et

454 1397 709 1467 ipsorum
737 1398 947 1467 pedum
978 1401 1035 1450 et
1057 1402 1382 1468 temporum
1412 1398 1596 1451 cernis
1616 1398 1645 1451 ?
1676 1401 1741 1453 D.
1776 1399 1857 1451 Ita
1888 1398 2055 1468 plane
2088 1400 2151 1449 ut

454 1484 594 1538 dicis
620 1485 821 1548 sentio,
856 1488 911 1538 et
928 1484 1034 1538 hoc
1063 1485 1243 1540 videri
1271 1485 1537 1556 perfecta
1568 1485 1775 1539 rationi
1804 1501 2081 1556 cognosco
2106 1483 2146 1551 ί,

456 1576 513 1626 et
543 1571 803 1626 debitum
831 1572 1049 1641 ﬂagito.

835 1658 1063 1714 CAPUT
1094 1661 1153 1714 V.
1187 1690 1256 1701 —
1280 1661 1442 1715 Pedes
1474 1661 1767 1731 trisyllabi.

525 1749 578 1802 6.
606 1749 680 1801 Μ.
713 1749 833 1817 Age
880 1763 1033 1800 nunc
1071 1764 1207 1818 ergo
1236 1749 1416 1819 prius,
1448 1754 1512 1803 ut
1555 1750 1695 1803 ordo
1723 1749 1844 1819 ipse
1872 1747 2145 1820 postulat,

453 1839 748 1890 ternarum
790 1836 1136 1905 syllabarum
1175 1838 1347 1907 pedes
1377 1842 1515 1908 quot
1544 1854 1663 1892 esse
1693 1838 1932 1909 possint,
1965 1837 2150 1891 videa-

452 1938 600 1989 mus,
628 1922 772 1976 sicut
796 1922 1063 1977 binarum
1094 1928 1343 1994 quatuor
1373 1940 1493 1978 esse
1525 1925 1926 1994 comperimus.
1961 1928 2023 1979 D.
2067 1926 2150 1980 Ita

452 2010 569 2065 ﬁat.
596 2013 672 2066 Μ.
709 2010 1011 2065 Meministi
1039 2011 1111 2065 ab
1144 2014 1259 2065 una
1301 2012 1459 2067 brevi
1489 2014 1724 2083 syllaba,
1770 2014 1827 2068 id
1866 2018 1950 2068 est
1977 2012 2149 2068 unius

451 2098 723 2169 temporis
772 2098 938 2152 istam
969 2116 1073 2152 nos
1128 2100 1421 2155 inchoasse
1471 2101 1771 2167 rationem,
1823 2105 1881 2157 et
1925 2119 2025 2156 cur
2070 2102 2149 2155 ita

452 2189 741 2255 oporteret
772 2186 907 2240 satis
956 2187 1321 2243 intellexisse.
1379 2190 1449 2242 D.
1502 2190 1732 2243 Memini
1776 2190 1844 2244 ab
1899 2190 1993 2244 illa
2021 2191 2147 2261 lege

450 2274 812 2341 numerandi,
845 2290 959 2346 qua
982 2278 1005 2311 ²
1029 2276 1099 2329 ab
1132 2292 1245 2329 uno
1266 2276 1589 2347 incipimus,
1618 2279 1769 2349 quod
1798 2278 2146 2349 principium

451 2378 827 2417 numerorum
856 2366 960 2431 est,
991 2363 1271 2433 placuisse
1308 2365 1472 2418 nobis
1513 2382 1628 2419 non
1667 2372 1931 2437 oportere
1962 2367 2146 2421 disce-

452 2450 605 2505 dere.
636 2453 711 2506 M.
749 2452 890 2505 Cum
919 2451 1097 2521 igitur
1123 2451 1183 2505 in
1214 2452 1456 2522 pedibus
1484 2452 1753 2507 binarum
1801 2454 2146 2525 syllabarum

450 2538 547 2593 ille
577 2539 647 2592 sit
688 2537 910 2609 primus
952 2539 1053 2610 qui
1083 2539 1305 2594 duabus
1350 2541 1613 2595 brevibus
1642 2547 1861 2596 constat
1893 2543 2148 2613 (cogebat

450 2626 603 2681 enim
622 2626 767 2681 ratio
779 2627 881 2681 uni
902 2627 1150 2698 tempori
1172 2628 1332 2699 prius
1344 2644 1526 2684 unum
1546 2634 1771 2701 tempus
1785 2631 1955 2702 jungi
1971 2648 2146 2702 quam

450 2715 628 2783 duo);
661 2731 833 2786 quem
874 2716 1107 2778 tandem
1156 2716 1447 2770 arbitraris
1474 2717 1537 2771 in
1575 2718 1815 2789 pedibus
1853 2725 2147 2774 ternarum

449 2804 795 2874 syllabarum
825 2804 1080 2875 primum
1105 2820 1224 2859 esse
1253 2805 1458 2859 debere
1477 2807 1504 2861 ?
1532 2807 1606 2861 D.
1640 2807 1841 2873 Quem,
1873 2808 1983 2862 nisi
2013 2825 2146 2863 eum

450 2891 550 2961 qui
579 2908 610 2945 a
638 2891 822 2946 tribus
847 2892 1110 2947 brevibus
1140 2892 1365 2948 conﬁt?
1392 2896 1453 2949 Μ
1457 2937 1467 2949 .
1515 2895 1579 2949 Et
1617 2894 1722 2950 iste
1749 2900 1891 2967 quot
1923 2902 2148 2967 tempo-

450 2994 581 3033 rum
610 2978 744 3032 est?
774 2980 849 3032 D.
893 2980 1089 3033 Trium
1136 2982 1364 3036 scilicet.
1396 2985 1473 3038 Μ.
1526 2983 1825 3047 Quomodo
1873 3000 2008 3055 ergo
2037 2985 2147 3039 hu-

443 3068 734 3136 juspartes
760 3066 870 3120 sibi
896 3068 1305 3123 conferuntur?
1328 3072 1469 3124 Nam
1502 3088 1733 3126 omnem
1766 3074 1971 3144 pedem
2011 3090 2143 3145 pro-

449 3157 577 3222 pter
604 3152 763 3205 illam
791 3167 1166 3206 numerorum
1202 3155 1565 3209 collationem
1613 3157 1751 3212 duas
1779 3159 1987 3213 habere
2014 3177 2145 3230 par-

450 3243 556 3306 tes,
588 3255 717 3309 qua
745 3239 973 3293 sibimet
1011 3240 1203 3310 aliqua
1231 3242 1453 3297 ratione
1483 3244 1867 3313 conferantur,
1918 3264 2145 3303 necesse

451 3330 555 3394 est,
588 3326 762 3397 idque
797 3327 1060 3397 superius
1090 3328 1271 3398 egisse
1301 3346 1403 3384 nos
1431 3332 1707 3387 memini:
1739 3336 1837 3388 sed
1865 3336 2146 3407 numquid

450 3430 749 3486 possumus
795 3414 951 3469 hunc
980 3416 1153 3469 trium
1183 3418 1440 3473 brevium
1470 3420 1815 3490 syllabarum
1853 3424 2057 3493 pedem
2087 3426 2147 3479 in

451 3502 593 3557 duas
623 3502 873 3573 aquales
927 3508 1119 3573 partes
1156 3504 1457 3561 dividere?
1485 3509 1559 3562 D.
1614 3509 1780 3563 Nullo
1828 3510 2019 3565 modo.
2067 3513 2141 3566 Μ.

449 3590 745 3654 Quomodo
768 3607 903 3661 ergo
931 3590 1204 3647 dividitur
1226 3596 1255 3649 ?
1283 3596 1357 3649 D.
1387 3596 1539 3650 Nihil
1568 3597 1723 3651 aliud
1748 3598 1931 3665 video,
1964 3599 2147 3654 nisiut

452 3678 640 3747 prima
669 3694 801 3748 pars
830 3680 1041 3734 habeat
1061 3697 1238 3735 unam
1259 3684 1557 3753 syllabam,
1581 3688 1827 3741 secunda
1856 3688 1995 3742 duas
2019 3694 2147 3755 ;aut

448 3764 638 3835 prima
668 3766 831 3835 duas,
857 3768 1099 3823 secunda
1123 3786 1317 3825 unam.
1348 3774 1424 3827 Μ.
1459 3774 1556 3828 Dic
1577 3774 1748 3828 etiam
1769 3777 1878 3830 hoc
1903 3780 1924 3812 ³
1943 3777 2012 3831 de
2034 3794 2148 3847 qua

449 3855 649 3923 regula
670 3870 1045 3912 numerorum
1071 3858 1191 3913 sit?
1216 3860 1293 3914 D.
1328 3862 1404 3915 De
1435 3863 1906 3932 complicatorum
1936 3882 2146 3936 genere

451 3958 573 3997 esse
598 3958 897 4013 cognosco.

518 4036 572 4085 7.
604 4031 687 4087 M.
716 4035 854 4103 Age,
888 4050 1041 4089 nunc
1078 4036 1219 4091 illud
1245 4039 1491 4102 attende,
1526 4045 1639 4095 tres
1668 4041 1898 4112 syllaba
1927 4044 1988 4097 in
2017 4044 2145 4115 qui-

448 4118 555 4172 bus
584 4122 668 4173 est
720 4136 835 4174 una
893 4122 1087 4193 longa,
1139 4130 1359 4180 catera
1398 4126 1619 4197 breves,
1679 4130 1901 4200 quoties
1939 4132 2145 4185 variari

447 4206 690 4277 possint,
723 4207 777 4262 id
803 4213 887 4263 est
916 4215 1058 4280 quot
1083 4212 1257 4282 pedes
1284 4214 1466 4270 facere
1492 4233 1505 4283 ;
1539 4220 1595 4271 et
1626 4219 1927 4286 responde,
1976 4220 2022 4273 si
2054 4221 2144 4274 in-

449 4294 690 4349 veneris.
724 4296 801 4349 D.
828 4298 1013 4351 Unum
1043 4300 1247 4368 pedem
1268 4301 1431 4356 video
1461 4306 1900 4377 esse,quilonga
1929 4312 1984 4361 et
2011 4308 2147 4362 dua-

454 4381 559 4435 bus
588 4382 854 4437 brevibus
877 4390 1129 4452 constet;
1154 4388 1305 4442 aliud
1334 4406 1450 4444 non
1488 4392 1771 4463 intelligo.
1804 4397 1877 4449 Μ.
1912 4396 2143 4451 Idemne

448 4469 603 4523 solus
630 4470 734 4524 tibi
764 4472 988 4526 videtur
1015 4473 1225 4529 habere
1264 4492 1435 4531 unam
1465 4478 1526 4532 in
1548 4480 1729 4535 tribus
1758 4483 2010 4553 longam,
2046 4485 2145 4555 qui

449 4568 576 4641 eam
611 4557 799 4625 primo
826 4558 996 4614 habet
1026 4562 1151 4615 loco
1171 4561 1198 4615 ?
1236 4566 1301 4617 D.
1343 4564 1510 4618 Nullo
1538 4572 1703 4635 pacto
1730 4568 1881 4624 istud
1911 4576 2143 4641 putave-

450 4640 583 4711 rim,
608 4658 737 4697 cum
774 4647 993 4715 possint
1026 4650 1155 4704 dua
1182 4650 1382 4705 breves
1408 4653 1629 4723 priores
1680 4672 1819 4724 esse,
1854 4640 2025 4729 longa
2053 4662 2142 4713 ul-

448 4727 607 4783 tima.
640 4732 719 4785 M.
767 4735 1071 4791 Considera
1095 4742 1290 4793 utrum
1321 4740 1390 4795 sit
1424 4741 1635 4813 aliquid
1670 4745 1917 4800 tertium.
1947 4727 2003 4800 Ῐ)
2051 4749 2143 4802 Est

448 4816 617 4887 plane
642 4833 656 4871 :
686 4834 820 4873 nam
851 4821 971 4877 hac
1012 4826 1182 4897 longa
1211 4828 1384 4882 etiam
1414 4829 1475 4883 in
1524 4831 1710 4886 medio
1738 4833 1981 4888 duarum
2020 4837 2141 4891 bre-

448 4904 603 4959 vium
655 4906 917 4963 collocari
969 4917 1171 4981 potest.
1221 4918 1294 4970 Μ.
1354 4918 1489 4973 Vide
1538 4921 1785 4975 etiamne
1825 4922 1895 4976 sit
1923 4923 2141 4994 aliquid

448 4996 738 5064 quartum.
764 4997 829 5050 D.
862 4997 1106 5054 Omnino
1146 5018 1263 5057 non
1292 5010 1499 5074 potest.
1532 5010 1607 5063 Μ.
1638 5011 1875 5064 Potesne
1900 5011 2021 5081 jam
2048 5029 2139 5067 re-

448 5082 748 5152 spondere,
780 5087 896 5138 tres
944 5087 1173 5156 syllaba
1224 5092 1498 5149 habentes
1527 5096 1586 5150 in
1617 5113 1674 5151 se
1701 5114 1875 5152 unam
1908 5100 2139 5169 longam

448 5172 505 5224 et
533 5170 673 5225 duas
688 5170 906 5241 breves,
931 5177 1153 5245 quoties
1187 5179 1387 5235 variari
1406 5184 1645 5253 possint,
1677 5186 1736 5241 id
1766 5190 1850 5242 est
1880 5192 2018 5258 quot
2039 5206 2140 5260 pe-

509 5328 531 5462 ξ
557 5331 1359 5462 ῗιῖᾘῗοέξιὲὲῗὲχῗῗὲίὲΐαῗξ
1392 5342 1599 5454 recgus.
1729 5407 1796 5455 M.

450 5509 460 5519 .
508 5451 529 5484 ³
560 5451 617 5498 In
643 5453 700 5501 Β.
732 5451 877 5505 deest
900 5456 1017 5519 hoc,
1038 5451 1637 5569 guod'inveniturapud
1668 5451 1834 5519 editos
1877 5484 2059 5522 omnes
2088 5478 2139 5524 et

450 5522 502 5558 In
532 5511 653 5561 Mss.
685 5514 727 5564 A
763 5520 814 5566 et
845 5519 901 5567 Β.
1097 5558 1106 5569 .

447 5511 502 5558 in
532 5511 653 5561 Mss.
685 5514 727 5564 A
763 5520 814 5566 et
845 5519 901 5567 Β.
1005 5511 1106 5569 Ἢ.

1716 307 1811 362 DE
1849 304 2134 372 MUSICA,
2187 304 2247 359 S.‘
2304 302 2690 361 AUGUSTINI

3788 309 3890 359 HM

2254 427 2351 481 des
2397 426 2581 480 facere
2603 426 2713 480 ?D.
2751 426 2987 478 Possum
3018 439 3188 478 sane:
3224 439 3358 478 nam
3388 429 3473 478 ter
3518 431 3644 479 sunt
3683 428 3889 493 variata,

2256 519 2310 568 et
2338 518 2451 567 tres
2476 514 2729 566 fecerunt
2757 512 2949 581 pedes.
2982 514 3055 567 M.
3089 511 3278 575 Quid?
3332 511 3427 565 isti
3474 516 3581 566 tres
3608 515 3767 584 pedes
3792 532 3896 586 quo-

2256 600 2429 654 modo
2459 600 2571 654 sint
2598 600 2899 653 ordinandi
2922 600 3120 669 jamne
3161 600 3281 669 ipse
3330 600 3566 670 colligis,
3597 618 3665 654 an
3714 603 3777 656 ad
3816 603 3897 656 hoc

2256 689 2429 742 etiam
2456 688 2783 742 minutatim
2823 704 2882 741 es
2931 688 3375 757 perducendus?
3408 692 3469 743 D.
3504 690 3751 760 Displicet
3777 691 3897 744 enim

2255 777 2363 831 tibi
2413 777 2553 831 ordo
2596 777 2691 830 ille
2724 792 2837 846 quo
2886 776 3073 845 ipsam
3122 776 3453 830 varietatem
3501 779 3898 848 comperi7nam

2255 864 2441 935 primo
2498 864 2712 919 adverti
2758 880 2934 919 unam
2985 865 3216 934 longam
3247 869 3305 919 et
3332 866 3472 919 duas
3499 865 3708 929 breves,
3737 866 3899 920 deinde

2256 953 2395 1007 duas
2440 952 2638 1006 breves
2669 957 2725 1006 et
2775 969 2949 1007 unam
3006 953 3259 1023 longam,
3309 959 3596 1023 postremo
3636 955 3840 1009 brevem
3863 961 3901 1008 et

2255 1040 2486 1108 longam
2515 1044 2570 1092 et
2598 1040 2847 1093 brevem.
2881 1042 2955 1094 Μ.
2989 1041 3147 1093 Itane
3174 1057 3308 1095 vero
3348 1042 3452 1095 tibi
3501 1059 3613 1096 non
3655 1042 3900 1113 displiceat

2258 1126 2357 1197 qui
2387 1127 2467 1180 sic
2495 1128 2739 1193 ordinat,
2763 1133 2827 1181 ut
2853 1144 2886 1181 a
2912 1128 3102 1197 primo
3135 1128 3206 1182 ad
3223 1129 3456 1182 tertium
3487 1130 3689 1198 veniat,
3717 1148 3745 1183 a
3772 1133 3901 1184 tertio

2257 1216 2325 1269 ad
2344 1216 2655 1269 secundum
2682 1233 2693 1282 ;
2723 1233 2787 1269 ac
2818 1233 2933 1269 non
2962 1217 3155 1285 potius
3178 1234 3211 1270 a
3234 1218 3418 1288 primo
3449 1219 3515 1273 ad
3540 1219 3901 1283 secundum,et

2258 1303 2461 1357 deinde
2493 1304 2560 1358 ad
2590 1305 2862 1358 tertium?
2882 1308 2943 1358 D.
2966 1305 3235 1375 Displicet
3263 1322 3501 1375 prorsus
3524 1324 3537 1361 :
3571 1308 3664 1361 sed
3692 1308 3815 1377 quid
3838 1307 3902 1360 hic

2255 1392 2487 1446 tandem
2517 1394 2627 1446 tale
2658 1393 2970 1459 advertisti,
3000 1410 3139 1464 rogo
3161 1394 3188 1443 ‘?
3210 1397 3285 1449 Μ.
3304 1395 3446 1449 Cum
3478 1395 3605 1449 ideo
3626 1396 3683 1448 in
3714 1396 3807 1449 hac
3831 1396 3900 1448 tri«

2256 1480 2467 1549 partita
2494 1480 2818 1534 differentia
2846 1481 3010 1535 illum
3038 1482 3247 1551 pedem
3274 1483 3532 1551 primum
3558 1483 3815 1553 posueris,
3832 1482 3903 1554 qui

2256 1568 2445 1637 primo
2467 1569 2587 1622 loco
2605 1569 2776 1622 habet
2798 1570 3051 1639 longam,
3076 1570 3212 1640 quia
3239 1571 3465 1624 sensisti
3485 1572 3755 1625 unitatem
3766 1572 3902 1642 ipsam

2257 1656 2445 1726 longa
2498 1657 2731 1727 syllaba
2787 1657 3177 1727 principatum
3225 1662 3420 1712 tenere
3472 1660 3771 1730 (siquidem
3814 1659 3901 1728 ipse

2256 1742 2337 1797 ibi
2368 1759 2486 1798 una
2497 1744 2623 1815 est),
2649 1750 2705 1798 et
2722 1750 3026 1816 propterea
3038 1762 3165 1800 eam
3185 1746 3390 1800 debere
3411 1746 3670 1800 ordinem
3687 1746 3901 1816 gignere,

2257 1836 2321 1885 ut
2351 1832 2446 1886 ille
2476 1832 2548 1886 sit
2568 1832 2787 1903 primus
2816 1850 2916 1903 pes
2946 1834 3043 1888 ubi
3071 1835 3258 1903 prima
3279 1834 3402 1905 ipsa
3426 1838 3513 1889 est
3539 1850 3552 1888 :
3587 1834 3744 1887 simul
3774 1834 3903 1887 etiam

2257 1918 2451 1974 videre
2482 1921 2731 1975 debuisti
2760 1938 2893 1976 eum
2933 1938 3051 1976 esse
3083 1922 3393 1976 secundum
3425 1921 3529 1976 ubi
3559 1921 3679 1993 ipsa
3708 1922 3904 1976 secunda

2259 2013 2363 2074 est,
2400 2025 2532 2062 eum
2560 2010 2795 2063 tertium
2844 2010 2943 2064 ubi
2999 2010 3197 2064 eadem
3237 2011 3403 2064 tertia
3434 2016 3539 2065 est.
3572 2015 3657 2064 An
3686 2011 3842 2065 adhuc
3864 2010 3904 2061 in

2258 2096 2355 2150 illa
2384 2098 2664 2151 sententia
2690 2098 3039 2153 manendum
3063 2103 3230 2169 putas
3250 2102 3279 2152 ?
3304 2102 3370 2153 D.
3395 2100 3518 2154 Imo
3550 2116 3674 2153 eam
3704 2099 3810 2152 sine
3835 2099 3905 2152 du-

2258 2185 2533 2240 bitatione
2573 2187 2922 2241 condemno:
2957 2187 3107 2241 hunc
3139 2187 3291 2241 enim
3321 2204 3442 2242 esse
3474 2189 3765 2242 meliorem
3791 2186 3903 2240 ordi-

2260 2290 2411 2340 nem,
2441 2275 2527 2329 vel
2558 2276 2749 2345 potius
2777 2277 2931 2330 hunc
2978 2292 3097 2330 esse
3127 2276 3413 2339 ordinem,
3445 2277 3578 2348 quis
3607 2293 3720 2331 non
3755 2291 3904 2330 assen-

2256 2361 2433 2416 tiatur
2460 2364 2489 2416 ?
2515 2365 2586 2417 M.
2624 2365 2781 2417 Nunc
2807 2380 2942 2434 ergo
2976 2364 3065 2418 dic
3092 2380 3206 2435 qua
3230 2380 3613 2420 numerorum
3644 2366 3819 2435 regula
3840 2364 3905 2415 isti

2256 2466 2487 2521 quoque
2514 2450 2839 2506 dividantur
2864 2454 3058 2522 pedes,
3090 2467 3404 2524 eorumque
3434 2454 3551 2508 sibi
3593 2458 3772 2525 partes
3805 2467 3903 2506 con-

2256 2538 2535 2594 ferantur.
2568 2542 2631 2593 D.
2656 2540 2913 2594 Primum
2936 2545 2993 2594 et
3020 2546 3378 2612 postremum
3409 2543 3624 2614 aquali
3646 2542 3823 2613 regula
3844 2541 3905 2593 di-

2256 2625 2372 2679 vidi
2402 2625 2587 2693 video,
2640 2626 2777 2697 quia
2833 2632 2888 2681 et
2912 2627 3005 2681 ille
3050 2629 3110 2682 in
3140 2629 3372 2700 longam
3425 2634 3484 2684 et
3512 2631 3651 2684 duas
3677 2630 3849 2683 breves
3868 2630 3906 2678 et

2254 2713 2360 2767 iste
2384 2714 2444 2767 in
2472 2714 2611 2768 duas
2639 2714 2837 2769 breves
2864 2720 2921 2769 et
2950 2717 3180 2786 longam
3202 2717 3377 2774 dividi
3407 2723 3617 2789 potest,
3649 2716 3907 2785 utsingula

2255 2806 2443 2872 partes
2472 2802 2721 2857 habeant
2748 2803 2883 2857 bina
2915 2808 3196 2874 tempora,
3228 2810 3283 2859 et
3313 2806 3383 2859 ob
3406 2806 3519 2860 hoc
3550 2807 3662 2860 sint
3688 2804 3903 2875 aequales.

2259 2890 2323 2943 In
2336 2891 2583 2945 secundo
2598 2897 2791 2945 autem
2806 2893 3081 2963 quoniam
3112 2894 3363 2948 mediam
3390 2894 3569 2949 habet
3592 2896 3804 2965 longam
3825 2891 3905 2961 syl-

2256 2978 2467 3045 labam,
2500 2978 2614 3033 sive
2646 2979 2824 3049 priori
2850 2980 2965 3034 sive
3008 2981 3313 3050 posteriori
3340 2984 3500 3053 parti
3529 2983 3813 3049 tribuatur,
3840 2982 3908 3030 aut

2257 3066 2319 3120 in
2348 3066 2459 3121 tria
2489 3072 2545 3120 et
2576 3083 2777 3134 unum,
2806 3074 2902 3121 aut
2933 3068 2992 3122 in
3016 3084 3199 3123 unum
3229 3074 3287 3123 et
3324 3069 3437 3124 tria
3470 3076 3723 3142 tempora
3750 3066 3906 3123 dividi-

2256 3158 2350 3208 tur
2382 3171 2394 3208 :
2425 3170 2487 3208 ac
2516 3171 2618 3225 per
2646 3156 2751 3209 hoc
2783 3155 2844 3209 in
2870 3156 2993 3225 eius
3041 3157 3317 3212 divisione
3348 3159 3803 3230 complicatorum
3826 3168 3903 3208 nu-

2255 3256 2551 3294 merorum
2580 3242 2726 3295 ratio
2756 3243 2923 3297 valet.

2328 3332 2379 3383 8.
2413 3331 2486 3384 Μ.
2539 3330 2678 3384 Volo
2734 3330 2878 3384 mihi
2920 3332 3041 3401 jam
3090 3331 3244 3387 dicas
3281 3349 3387 3404 per
3423 3338 3482 3388 te
3523 3335 3643 3405 ipse
3694 3332 3737 3386 si
3765 3335 3901 3403 potes,

2257 3418 2386 3484 post
2414 3414 2553 3469 istos
2581 3416 2681 3487 qui
2721 3434 2753 3471 a
2782 3419 2947 3472 nobis
2976 3420 3200 3474 tractati
3241 3426 3395 3489 sunt,
3428 3439 3576 3493 quos
3600 3422 3760 3493 pedes
3792 3417 3903 3473 ordi-

2254 3502 2471 3555 nandos
2498 3508 2684 3572 putes.
2716 3506 2958 3560 Tractati
2980 3507 3132 3561 enim
3164 3514 3298 3563 sunt
3327 3511 3519 3580 primo
3544 3512 3795 3565 binarum
3820 3506 3904 3575 syl-

2254 3589 2513 3644 labarum
2545 3596 2810 3661 quatuor,
2844 3610 3091 3665 quorum
3111 3597 3248 3651 Ordo
3279 3598 3489 3654 ductus
3521 3606 3608 3655 est
3629 3617 3660 3654 a
3686 3609 3902 3653 numero-

2256 3692 2385 3731 rum
2416 3679 2637 3747 ordine,
2664 3686 2726 3735 ut
2754 3698 2788 3735 a
2815 3683 3079 3738 brevibus
3108 3686 3338 3756 syllabis
3365 3688 3708 3742 ordiremur.
3740 3682 3901 3739 Deinde

2250 3765 2371 3836 jam
2398 3768 2788 3837 productiores
2811 3775 3103 3826 ternarum
3129 3774 3483 3843 syllabarum
3515 3776 3685 3846 pedes
3711 3776 3901 3827 tractan-

2255 3853 2355 3907 dos
2408 3856 2783 3925 suscepimus,
2818 3864 2875 3913 et
2902 3861 3053 3930 quod
3084 3861 3247 3916 facile
3302 3867 3425 3917 erat
3457 3881 3528 3918 ex
3557 3862 3821 3934 superiore
3846 3873 3902 3909 r8-

2256 3941 2432 4011 tione,
2458 3959 2490 3996 a
2517 3944 2700 3998 tribus
2723 3946 2988 4001 brevibus
3019 3950 3134 4002 orsi
3173 3966 3393 4008 sumus.
3442 3952 3596 4016 Quid
3637 3949 3817 4005 deinde
3841 3960 3900 3996 se—

2257 4030 2559 4099 quebatur,
2587 4032 2696 4085 nisi
2722 4038 2782 4087 ut
2802 4050 2916 4088 una
2942 4035 3114 4108 longa
3137 4053 3267 4091 cum
3288 4038 3514 4093 duabus
3536 4039 3783 4094 brevibus
3804 4034 3902 4105 quot

2255 4118 2465 4171 formas
2496 4120 2692 4174 ederet
2717 4122 3088 4179 videremus?
3124 4125 3319 4179 Visum
3360 4132 3481 4195 est;
3526 4133 3584 4182 et
3630 4133 3735 4181 tres
3772 4121 3899 4193 pedes

2254 4210 2381 4275 post
2420 4206 2585 4260 illum
2615 4209 2890 4277 primum,
2939 4211 3017 4265 ita
3048 4216 3109 4266 ut
3151 4214 3479 4284 oportebat,
3508 4214 3746 4270 ordinati
3790 4212 3899 4263 sunt.

2255 4292 2362 4356 Qui
2379 4293 2644 4366 deinceps
2669 4305 3088 4369 consequantur
3116 4318 3309 4355 nonne
3334 4319 3441 4372 per
3473 4309 3530 4357 te
3552 4304 3732 4374 ipsum
3756 4299 3901 4352 videre

2246 4381 2368 4451 jam
2398 4382 2588 4451 debes,
2638 4400 2707 4438 ne
2738 4386 2933 4440 omnia
2962 4388 3363 4443 minutissimis
3392 4384 3902 4463 interrogatiunculis

2253 4472 2566 4525 eruamus?
2598 4475 2659 4525 D.
2710 4475 2878 4528 Recte
2929 4476 3104 4531 dicis:
3146 4494 3280 4532 nam
3312 4480 3445 4549 quis
3479 4497 3598 4534 non
3645 4479 3808 4532 videat
3831 4488 3899 4526 eos

2245 4556 2365 4627 jam
2404 4559 2585 4630 sequi,
2631 4560 2691 4615 in
2733 4562 2941 4632 quibus
2973 4581 3086 4618 una
3114 4566 3299 4620 brevis
3332 4567 3428 4633 sit,
3464 4574 3685 4623 catera
3715 4558 3897 4633 longa?

2252 4646 2343 4699 cui
2374 4646 2552 4713 brevi,
2588 4648 2724 4717 quia
2753 4666 2869 4704 una
2904 4655 3005 4718 est,
3049 4669 3177 4708 cum
3210 4656 3508 4725 superiore
3538 4656 3751 4710 ratione
3786 4650 3900 4723 prin-

2250 4734 2469 4804 cipatus
2519 4736 2823 4801 tribuatur,
2867 4740 3087 4810 primus
3134 4742 3244 4796 erit
3300 4744 3561 4813 profecto
3627 4744 3683 4797 in
3716 4742 3793 4797 his
3831 4732 3900 4789 ubi

2250 4822 2439 4892 prima
2470 4828 2573 4886 est,
2609 4826 2890 4881 secundus
2920 4829 3021 4883 ubi
3064 4832 3329 4895 secunda,
3362 4834 3573 4886 tertius
3617 4832 3712 4885 ubi
3755 4826 3897 4885 tertia,

2252 4926 2380 4980 qua
2415 4912 2585 4966 etiam
2619 4914 2819 4969 ultima
2851 4921 2953 4971 est.
2986 4920 3060 4972 Μ.
3099 4918 3315 4988 Cernis,
3376 4925 3442 4974 ut
3481 4920 3700 4991 opinor,
3733 4914 3897 4988 quibus

2252 4997 2424 5052 etiam
2458 5000 2775 5056 rationibus
2805 5004 3149 5073 dividantur,
3172 5012 3238 5061 ut
3257 5007 3364 5063 sibi
3380 5024 3585 5063 eorum
3608 5013 3781 5079 partes
3802 5016 3900 5055 con-

2250 5090 2386 5145 ferri
2416 5099 2647 5163 queant.
2683 5097 2758 5151 D.
2802 5098 2981 5153 Cerno
3010 5116 3278 5170 prorsus:
3316 5117 3449 5155 nam
3484 5102 3580 5156 ille
3611 5099 3705 5171 qui
3730 5112 3788 5151 ex
3811 5103 3898 5146 una

2248 5180 2408 5235 brevi
2437 5186 2492 5235 et
2515 5182 2734 5237 duabus
2757 5185 2945 5255 longis
2977 5193 3209 5250 constat,
3245 5190 3421 5244 dividi
3454 5206 3575 5243 non
3603 5193 3788 5258 potest,
3818 5177 3898 5233 nisi

2249 5267 2327 5321 ita
2355 5273 2420 5323 ut
2447 5270 2605 5340 prior
2637 5288 2762 5341 pars
2791 5274 2999 5330 habeat
3028 5276 3138 5330 tria
3165 5281 3459 5349 ;tempora,
3511 5293 3637 5349 qua
3688 5270 3897 5328 continet

2247 5356 2477 5411 brevem
2509 5363 2564 5412 et
2592 5360 2859 5432 longam;
2888 5365 3169 5434 posterior
3197 5366 3330 5431 duo,
3358 5383 3490 5436 qua
3524 5366 3621 5419 uni
3646 5366 3810 5430 longe
3836 5356 3896 5407 i11-

2248 5449 2399 5499 sunt.
2434 5447 2533 5499 Hic
2586 5452 2778 5503 autem
2815 5452 3016 5506 tertius
3047 5453 3108 5508 in
3138 5471 3205 5508 eo
3237 5454 3467 5526 quidem
3502 5453 3672 5524 priori
3699 5463 3790 5521 par
3812 5448 3891 5497 es“

2251 5534 2402 5602 quod
2430 5550 2602 5589 unam
2637 5538 2849 5606 patitur
2875 5540 3207 5597 divisionem
3234 5561 3246 5602 :
3286 5543 3342 5598 in
3366 5540 3441 5596 eo
3471 5548 3657 5597 autem
3685 5530 3891 5593 dissimi-
