4080 6178
237 232 369 284 H05

226 352 318 419 lis,
350 351 502 422 quod
526 366 658 405 cum
700 350 795 404 ille
824 350 885 403 in
913 349 1023 404 tria
1074 354 1131 403 et
1163 350 1297 413 duo,
1356 351 1461 405 iste
1490 350 1551 405 in
1579 351 1691 406 duo
1719 356 1775 406 et
1812 352 1923 406 tria

224 446 485 511 tempora
515 444 752 495 secatur.
786 440 925 493 Nam
949 440 1121 509 longa
1153 439 1386 510 syllaba,
1420 456 1547 511 qua:
1576 440 1826 511 primam
1846 445 1924 497 te-

224 533 324 583 net
349 533 589 599 partem,
622 528 841 583 duobus
870 528 1492 598 temporibustenditur
1523 545 1536 583 :
1563 533 1735 584 restat
1752 531 1923 601 longa

225 623 282 671 et
310 616 516 682 brevis,
548 616 698 687 quod
729 620 811 669 est
827 615 1002 669 trium
1034 619 1364 686 temporum
1393 617 1663 687 spatium.
1688 619 1761 672 At
1788 635 1920 672 vero

225 705 447 761 medius
481 704 582 775 qui
617 705 790 759 habet
817 704 1049 758 brevem
1077 705 1354 774 syllabam
1410 705 1679 772 mediam,
1739 706 1921 777 gemi-

222 811 355 848 nam
386 797 572 864 potest
600 792 969 862 partitionem
1019 791 1158 861 pati,
1195 792 1329 861 quia
1379 794 1579 847 eadem
1626 794 1812 847 brevis
1864 798 1921 849 et

220 883 401 954 priori
431 887 487 936 et
516 880 817 952 posteriori
844 879 994 951 parti
1022 880 1197 934 tribui
1227 884 1451 951 potest:
1490 881 1700 935 idcirco
1731 886 1831 936 aut
1856 882 1918 937 in

220 971 334 1026 duo
366 974 422 1024 et
458 969 590 1037 tria,
635 973 732 1023 aut
771 968 829 1021 in
876 969 986 1022 tria
1029 972 1085 1022 et
1125 969 1237 1022 duo
1290 968 1562 1023 dividitur
1608 974 1865 1041 tempora
1900 987 1913 1025 :

220 1058 597 1130 quamobrem
628 1060 1021 1127 sesquatorum
1053 1072 1429 1110 numerorum
1458 1056 1603 1110 ratio
1634 1061 1748 1111 tres
1778 1057 1915 1111 istos

217 1146 471 1217 possidet
500 1145 691 1215 pedes.
752 1146 831 1197 M.
872 1144 1154 1198 Omnesue
1204 1144 1326 1214 jam
1363 1143 1538 1199 trium
1569 1146 1915 1215 syllabarum

215 1235 393 1305 pedes
451 1230 950 1292 consideravimus,
999 1248 1070 1284 an
1108 1230 1326 1302 aliquid
1380 1235 1603 1287 restat?
1631 1234 1706 1286 D.
1727 1235 1914 1287 Unum

216 1322 505 1393 reliquum
530 1320 717 1385 video,
752 1319 849 1389 qui
877 1335 944 1372 ex
977 1319 1157 1373 tribus
1180 1319 1364 1389 longis
1394 1325 1632 1374 constat.
1666 1322 1738 1375 M.
1771 1322 1913 1375 Tra-

215 1413 306 1463 cta
338 1424 474 1478 ergo
507 1406 678 1460 etiam
708 1405 878 1475 hujus
907 1404 1261 1459 divisionem.
1309 1407 1383 1461 D.
1446 1408 1566 1461 Una
1612 1408 1827 1477 syllaba
1856 1412 1913 1463 et

216 1497 367 1562 duae,
402 1500 497 1549 aut
526 1495 653 1549 dua:
684 1498 855 1564 atque
886 1509 1001 1547 una
1032 1493 1201 1564 hujus
1250 1493 1452 1548 divisio
1500 1498 1620 1562 est;
1650 1500 1912 1565 tempora

216 1586 432 1640 scilicet
460 1585 573 1639 duo
607 1587 663 1637 et
701 1586 967 1653 quatuor,
1011 1587 1108 1635 aut
1153 1586 1397 1652 quatuor
1442 1587 1499 1636 et
1545 1584 1656 1637 duo
1690 1601 1701 1638 :
1735 1601 1910 1654 quare

214 1673 685 1743 complicatorum
716 1686 1091 1725 numerorum
1122 1670 1346 1724 ratione
1401 1670 1566 1725 istius
1593 1672 1757 1742 pedis
1804 1673 1910 1727 sibi

213 1766 405 1833 partes
434 1762 823 1816 conferuntur.

545 1848 769 1903 CAPUT
794 1846 884 1899 VI.
917 1875 985 1885 —
1013 1845 1175 1899 Pedes
1204 1846 1563 1914 tetrasyllabi.

286 1940 343 1991 9.
384 1940 455 1992 M.
515 1937 675 1990 Nunc
723 1938 1131 2005 quaternarum
1178 1934 1519 2004 syllabarum
1562 1934 1734 2004 pedes
1772 1950 1910 1989 con-

211 2030 520 2097 sequenter
551 2028 721 2093 atque
778 2022 977 2075 ordine
1038 2020 1351 2087 videamus,
1405 2025 1460 2074 et
1518 2021 1637 2091 ipse
1662 2022 1783 2091 jam
1818 2022 1908 2076 dic

209 2130 383 2185 quem
408 2113 612 2166 horum
644 2110 897 2181 primum
928 2125 1049 2163 esse
1080 2113 1360 2179 oporteat,
1394 2109 1586 2163 addita
1614 2110 1787 2164 etiam
1814 2126 1909 2165 ra-

210 2202 369 2256 tione
402 2198 697 2255 divisionis
742 2199 884 2268 ejus.
920 2198 993 2250 D.
1052 2195 1274 2250 Scilicet
1323 2200 1571 2265 quatuor
1623 2197 1905 2265 brevium,

212 2289 315 2362 qui
345 2287 615 2343 dividitur
667 2286 727 2339 in
784 2286 923 2339 duas
975 2284 1242 2338 binarum
1300 2284 1645 2353 syllabarum
1694 2290 1904 2355 partes,

214 2374 524 2446 aequalium
573 2371 793 2427 ratione
845 2385 1222 2425 numerorum
1275 2370 1389 2423 duo
1419 2373 1475 2423 et
1506 2370 1618 2424 duo
1648 2375 1909 2441 tempora

209 2463 584 2534 possidentes.
614 2463 687 2515 M.
724 2461 941 2513 Tenes‘
969 2475 982 2524 ;
1008 2458 1130 2527 jam
1182 2457 1372 2528 itaque
1428 2474 1601 2529 perge
1655 2459 1794 2529 ipse,
1853 2464 1910 2514 et

211 2561 557 2615 persequere
588 2549 811 2599 caetera.
849 2544 1002 2598 Nihil
1032 2542 1187 2597 enim
1216 2558 1359 2612 opus
1390 2558 1509 2596 esse
1534 2544 1654 2613 jam
1686 2549 1823 2614 puto
1850 2549 1906 2600 te

208 2644 317 2698 per
346 2628 570 2698 singula
614 2627 977 2696 interrogari,
1008 2641 1137 2679 cum
1196 2624 1268 2677 sit
1296 2640 1411 2678 una
1441 2624 1585 2678 ratio
1640 2625 1907 2681 demendi

210 2715 477 2786 deinceps
515 2712 712 2768 breves
768 2714 1030 2784 syllabas,
1090 2717 1147 2766 et
1188 2728 1291 2783 pro
1342 2711 1431 2766 his
1478 2713 1678 2783 longas
1721 2714 1907 2785 subji-

206 2803 414 2870 ciendi,
440 2804 619 2858 donec
648 2803 716 2857 ad
749 2818 948 2856 omnes
978 2803 1178 2872 longas
1208 2800 1506 2867 veniatur;
1560 2806 1617 2855 et
1646 2818 1776 2856 cum
1806 2803 1904 2857 de-

205 2896 442 2946 muntur
481 2892 700 2959 breves,
732 2891 1033 2961 longaeque
1064 2890 1404 2955 subduntur,
1437 2905 1576 2960 quas
1606 2890 1905 2946 varietates

204 2981 431 3048 faciant,
465 2984 520 3034 et
548 2984 685 3051 quot
710 2980 882 3050 pedes
911 2978 1172 3051 gignant,
1217 2976 1617 3033 considerandi
1643 2994 1656 3043 ;
1684 2994 1751 3031 ea
1798 2976 1903 3031 sci-

206 3069 339 3124 licet
365 3069 580 3140 syllaba
610 3066 996 3137 principatum
1026 3064 1240 3120 ordinis
1278 3066 1583 3133 retinente,
1633 3081 1761 3135 quae
1793 3082 1905 3119 una

206 3158 381 3213 fuerit
406 3157 556 3211 inter
584 3160 814 3210 caeteras
842 3156 930 3209 vel
959 3156 1133 3225 longa
1163 3155 1246 3208 vel
1275 3154 1499 3209 brevis:
1527 3154 1588 3207 in
1616 3152 1705 3207 his
1751 3153 1903 3207 enim

206 3246 473 3301 omnibus
496 3245 617 3316 jam
645 3243 907 3315 superius
930 3258 990 3296 es
1022 3243 1378 3297 exercitatus.
1410 3241 1513 3297 Ubi
1553 3246 1746 3295 autem
1776 3242 1903 3295 dum

204 3336 403 3391 breves
432 3338 566 3389 sunt
590 3336 647 3387 et
676 3333 805 3386 duae
826 3333 1031 3401 longa},
1067 3330 1292 3402 quodin
1307 3329 1763 3401 praecedentibus
1784 3346 1904 3383 non

206 3429 349 3490 erat,
382 3440 522 3494 quas
552 3437 744 3476 censes
772 3420 1157 3491 principatum
1184 3420 1394 3473 habere
1425 3419 1663 3473 debere?
1676 3420 1749 3472 D.
1778 3420 1803 3473 J
1811 3434 1902 3472 am

208 3513 315 3566 hoc
344 3526 573 3582 quoque
605 3508 972 3563 manifestum
1007 3511 1089 3561 est
1131 3507 1199 3561 de
1249 3506 1659 3576 superioribus.
1714 3505 1901 3576 Siqui-

208 3601 343 3655 dem
372 3600 551 3669 magis
583 3601 736 3651 tenet
777 3597 1051 3650 unitatem
1090 3595 1274 3649 brevis
1312 3594 1525 3665 syllaba
1555 3610 1683 3664 quae
1722 3610 1903 3647 unum

204 3688 378 3742 habet
413 3692 660 3756 tempus,
695 3702 867 3756 quam
897 3686 1066 3753 longa
1094 3699 1223 3754 quae
1253 3683 1385 3737 duo.
1420 3684 1484 3736 Et
1512 3685 1813 3752 propterea
1842 3680 1903 3735 in

205 3776 368 3831 omni
394 3774 577 3846 capite
604 3778 774 3844 atque
804 3772 1089 3843 principio
1116 3788 1248 3826 eum
1266 3771 1471 3843 pedem
1500 3769 1902 3825 constituimus

203 3865 306 3939 qui
336 3880 404 3919 ex
432 3863 697 3918 brevibus
727 3865 963 3915 constat.

282 3956 365 4008 lO.
398 3955 470 4008 Μ.
507 3952 658 4006 Nihil
690 3950 865 4021 igitur
894 3955 949 4004 te
1002 3948 1262 4019 impedit,
1320 3946 1463 4019 quin
1514 3962 1712 4002 omnes
1768 3945 1902 4001 istos

205 4040 572 4114 persequaris
602 4040 777 4110 pedes
806 4038 1069 4093 audiente
1102 4054 1164 4092 ac
1192 4036 1475 4108 iudicante
1516 4052 1627 4100 me,
1665 4052 1783 4089 non
1812 4036 1900 4089 in-

204 4133 556 4201 terrogante.
589 4128 662 4181 D.
699 4126 920 4181 Faciam
949 4125 997 4179 si
1027 4130 1223 4195 potero
1257 4141 1269 4178 :
1304 4141 1438 4178 nam
1471 4124 1737 4195 primode
1769 4139 1902 4194 qua-

204 4219 336 4270 tuor
365 4215 629 4270 brevibus
658 4214 829 4285 primi
860 4212 1043 4284 pedis,
1065 4212 1250 4267 brevis
1275 4228 1390 4266 una
1420 4211 1770 4265 detrahenda
1798 4216 1899 4277 est,

204 4309 263 4359 et
292 4319 395 4375 pro
426 4320 492 4357 ea
521 4304 689 4373 longa
718 4301 982 4372 ponenda
1014 4300 1073 4354 in
1103 4299 1290 4370 primo
1312 4300 1435 4353 loco
1466 4304 1702 4370 propter
1716 4300 1904 4353 unita-

202 4394 279 4448 tis
309 4391 663 4463 dignitatem.
731 4391 826 4444 Hic
875 4395 1065 4443 autem
1097 4405 1197 4459 pes
1244 4387 1516 4443 dividitur
1560 4387 1648 4441 bis
1673 4404 1685 4442 :
1715 4391 1814 4441 aut
1844 4387 1903 4441 in

207 4483 445 4553 longam
476 4486 533 4535 et
562 4486 676 4534 tres
706 4479 899 4533 breves
925 4495 938 4544 ;
973 4484 1071 4533 aut
1098 4478 1156 4531 in
1188 4478 1417 4548 longam
1467 4481 1521 4531 et
1548 4477 1799 4543 brevem,
1849 4480 1906 4530 et

207 4571 351 4626 duas
387 4570 587 4624 breves
610 4586 623 4635 ;
666 4569 723 4623 id
751 4573 837 4622 est
865 4571 964 4621 aut
993 4567 1051 4621 in
1083 4566 1196 4621 duo
1229 4571 1284 4621 et
1312 4566 1454 4633 tria;
1489 4570 1585 4619 aut
1613 4565 1675 4618 in
1696 4564 1828 4633 tria,
1851 4568 1907 4619 et

206 4660 323 4715 duo
354 4663 631 4729 tempora.
659 4657 916 4713 Secundo
948 4661 1139 4710 autem
1191 4656 1313 4710 loco
1343 4655 1529 4725 posita
1560 4654 1732 4724 longa
1764 4652 1903 4706 facit

206 4746 387 4801 alium
422 4747 647 4817 pedem,
683 4746 782 4817 qui
821 4762 937 4800 uno
968 4745 1139 4800 modo
1171 4748 1319 4798 recte
1361 4741 1653 4805 dividitur,
1712 4740 1773 4793 in
1796 4739 1907 4793 tria

204 4835 422 4889 scilicet
449 4839 507 4889 et
530 4835 643 4888 duo
670 4840 950 4903 tempora,
980 4838 1042 4887 ut
1065 4832 1223 4903 prior
1270 4846 1400 4902 pars
1456 4832 1648 4883 teneat
1676 4828 1906 4881 brevem

206 4928 267 4977 et
299 4924 551 4992 longam,
581 4922 865 4992 posterior
914 4921 1053 4975 duas
1108 4920 1325 4973 breves.
1360 4920 1536 4972 Porro
1584 4915 1751 4969 tertio
1780 4916 1905 4969 loco

204 5011 519 5067 constituta
572 5012 742 5081 longa
796 5010 930 5064 facit
963 5025 1092 5062 eum
1126 5008 1352 5078 pedem,
1408 5006 1507 5076 qui
1556 5020 1751 5057 rursus
1790 5018 1905 5056 uno

206 5100 383 5154 modo
414 5099 522 5152 rite
553 5098 825 5153 dividitur
850 5115 862 5163 ;
896 5098 992 5151 sed
1031 5097 1111 5150 ita
1141 5100 1203 5149 ut
1230 5094 1391 5165 prior
1418 5110 1548 5165 pars
1570 5093 1774 5145 habeat
1794 5091 1906 5143 duo

205 5194 472 5257 tempora
504 5186 561 5239 in
583 5186 803 5241 duabus
834 5185 1097 5239 brevibus
1126 5183 1376 5253 syllabis,
1408 5180 1685 5251 posterior
1711 5178 1820 5233 tria
1847 5179 1907 5231 in

206 5278 385 5345 longa
408 5278 463 5329 et
491 5275 668 5331 brevi.
699 5274 972 5339 Quartum
992 5272 1195 5343 pedem
1219 5270 1539 5339 iacitlonga
1566 5267 1786 5334 ultima,
1809 5266 1905 5337 qui

283 5454 292 5486 ¹
323 5450 679 5514 Tenco,juxta
714 5450 795 5505 Er.
831 5448 994 5511 Ludg.
1033 5447 1162 5499 Ven.
1200 5448 1251 5496 et
1272 5444 1392 5495 Mss.
1425 5442 1465 5496 A
1495 5446 1546 5492 et
1574 5443 1627 5491 Β.
1698 5442 1763 5490 Μ.

1670 228 1884 286 LIBER
1926 226 2312 286 SECUNDUS.

3594 238 3729 292 1106

2037 350 2263 406 duobus
2292 350 2477 406 modis
2503 350 2794 418 dividitur,
2828 356 2895 406 ut
2924 352 3019 407 ille
3057 351 3159 407 ubi
3204 351 3390 424 prima
3437 359 3558 412 est:
3592 373 3728 413 nam

2033 441 2121 493 vel
2150 439 2209 494 in
2232 440 2372 494 duas
2400 440 2633 508 breves,
2654 443 2710 494 et
2750 440 2980 496 brevem
3011 457 3075 495 ac
3106 441 3371 513 longam;
3403 444 3491 498 vel
3523 444 3583 499 in
3613 449 3727 501 tres

2032 528 2249 595 breves,
2282 533 2339 583 et
2369 529 2598 600 longam
2618 529 2817 599 partiri
2849 546 2979 584 eum
2999 530 3129 584 licet
3154 550 3169 597 ;
3198 530 3258 584 in
3283 530 3394 585 duo
3424 531 3728 601 scilicet,et

2031 616 2178 683 tria;
2210 622 2310 671 aut
2340 617 2398 670 iu
2437 617 2566 685 tria,
2599 621 2656 670 et
2686 618 2798 671 duo
2845 621 3127 687 tempora.
3174 619 3384 672 Omnes
3413 623 3602 673 autem
3633 619 3724 674 isti

2031 708 2277 775 quatuor
2305 705 2497 775 pedes,
2531 704 2627 758 ubi
2659 720 2789 758 cum
2818 704 3000 759 tribus
3029 704 3293 759 brevibus
3348 709 3501 760 varie
3554 708 3723 778 longa

2029 793 2358 859 collocatur,
2408 796 2807 863 sesquatorum
2864 808 3236 847 numerorum
3273 793 3491 848 ratione
3532 798 3721 865 partes

2028 896 2161 935 suas
2192 881 2258 934 ad
2292 897 2351 935 se
2381 882 2608 935 collatas
2638 878 2658 913 ¹
2690 880 2922 935 habent.

2102 973 2185 1023 Η.
2221 968 2489 1039 Sequitur
2517 972 2581 1021 ut
2610 968 2679 1022 de
2736 973 2981 1038 quatuor
3027 967 3291 1022 brevibus
3348 968 3566 1023 duabus
3621 970 3717 1024 de-

2026 1056 2243 1122 tractis,
2282 1072 2387 1125 pro
2419 1055 2507 1109 his
2538 1055 2679 1109 duas
2712 1055 2913 1126 longas
2951 1055 3341 1126 subjiciamus,
3398 1055 3718 1110 videamus-

2025 1160 2138 1213 que
2169 1148 2311 1214 quot
2337 1144 2548 1197 formas
2580 1159 2643 1197 ac
2672 1144 2846 1213 pedes
2876 1160 3005 1196 cum
3036 1144 3234 1197 breves
3264 1160 3326 1197 ac
3355 1143 3545 1215 longae
3569 1144 3721 1199 binae

2024 1230 2158 1296 sint,
2192 1232 2411 1301 possint
2449 1232 2640 1285 edere.
2673 1231 2865 1286 Primo
2894 1231 3072 1301 igitur
3114 1232 3279 1286 video
3329 1233 3469 1287 duas
3521 1233 3719 1287 breves

2023 1323 2081 1372 et
2109 1319 2249 1372 duas
2277 1320 2478 1389 longas
2499 1336 2617 1372 esse
2637 1318 2953 1388 ponendas,
2980 1320 3132 1388 quod
3161 1336 3194 1372 a
3222 1320 3486 1374 brevibus
3510 1321 3718 1376 rectius

2020 1407 2318 1460 exordium
2375 1406 2463 1460 sit.
2500 1407 2599 1459 Hic
2624 1410 2815 1459 autem
2841 1423 2942 1476 pes
2970 1406 3142 1460 habet
3171 1407 3457 1477 duplicem
3486 1407 3718 1462 divisio-

2019 1508 2154 1548 nem
2186 1510 2198 1547 :
2231 1498 2329 1547 aut
2358 1493 2513 1547 enim
2542 1494 2601 1547 in
2632 1494 2745 1547 duo
2777 1498 2833 1547 et
2863 1498 3138 1564 quatuor,
3172 1498 3270 1547 aut
3298 1494 3359 1547 in
3387 1500 3633 1564 quatuor
3662 1500 3719 1550 et

2020 1581 2133 1635 duo
2154 1581 2427 1635 dividitur
2440 1586 2726 1651 tempora;
2750 1585 2815 1635 ut
2835 1584 2933 1634 aut
2952 1581 3080 1635 dum
3109 1582 3308 1635 breves
3328 1581 3579 1651 priorem
3599 1598 3719 1653 par-

2018 1673 2136 1724 tem
2167 1673 2414 1735 teneant,
2444 1674 2500 1723 et
2530 1669 2899 1740 posteriorem
2928 1669 3056 1723 dum
3086 1669 3301 1739 longe;
3335 1674 3435 1723 aut
3462 1672 3525 1722 ut
3567 1669 3718 1740 prio-

2019 1772 2143 1811 rem
2172 1757 2299 1810 duae
2324 1757 2522 1810 breves
2553 1761 2610 1810 et
2632 1758 2820 1826 longa,
2870 1756 3243 1827 posteriorem
3298 1762 3489 1810 autem
3542 1758 3717 1827 longa

2019 1860 2149 1915 quae
2176 1844 2398 1915 reliqua
2426 1848 2532 1899 est.
2569 1845 2654 1897 Fit
2683 1844 2829 1898 alius
2875 1861 2993 1915 pes,
3026 1860 3155 1897 cum
3209 1844 3338 1898 duae
3367 1845 3489 1899 ista:
3516 1844 3715 1900 breves

2019 1949 2161 2003 quas
2188 1933 2247 1986 in
2273 1933 2457 2004 capite
2488 1948 2887 2002 posueramus,
2918 1932 2997 1985 ita
3022 1936 3086 1986 ut
3110 1932 3248 1986 ordo
3276 1932 3397 2001 ipse
3442 1933 3712 2001 postulat,

2017 2019 2079 2074 in
2106 2020 2297 2074 medio
2326 2020 2540 2075 fuerint
2568 2020 2874 2086 collocatae,
2906 2024 2963 2074 et
2992 2025 3077 2073 est
3104 2020 3276 2090 hujus
3304 2020 3465 2090 pedis
3511 2020 3713 2075 divisio

2016 2104 2079 2158 in
2110 2105 2218 2173 tria
2245 2110 2303 2160 et
2324 2106 2435 2159 tria
2465 2110 2721 2176 tempora
2753 2121 2768 2159 :
2800 2121 2932 2159 nam
2986 2105 3243 2175 priorem
3280 2110 3503 2175 partem
3541 2122 3712 2160 occu-

2016 2196 2157 2262 pant
2182 2193 2353 2263 longa
2390 2196 2448 2247 et
2476 2193 2682 2259 brevis,
2728 2191 3107 2263 posteriorem
3164 2192 3350 2246 brevis
3404 2197 3459 2247 et
3516 2193 3707 2263 longa.

2018 2280 2157 2334 Cum
2190 2286 2383 2335 autem
2414 2285 2710 2351 ponuntur
2736 2281 2797 2334 in
2827 2281 3049 2347 ultimo,
3101 2297 3233 2335 nam
3286 2281 3394 2335 hoc
3428 2282 3709 2352 sequitur,

2016 2368 2231 2423 faciunt
2261 2369 2464 2438 pedem
2483 2368 2728 2438 geminae
2742 2367 3056 2433 divisionis,
3081 2369 3242 2438 cujus
3273 2373 3373 2422 aut
3395 2368 3553 2438 prior
3579 2385 3713 2439 pars

2017 2455 2222 2510 habeat
2243 2456 2354 2509 duo
2376 2458 2637 2525 tempora
2653 2454 2713 2508 in
2726 2471 2843 2508 una
2866 2456 3056 2523 longa,
3079 2454 3365 2524 posterior
3383 2458 3632 2525 quatuor
3650 2455 3713 2509 in

2016 2545 2189 2615 longa
2218 2548 2276 2598 et
2306 2544 2525 2598 duabus
2547 2543 2847 2609 brevibus;
2882 2547 2981 2597 aut
3004 2542 3162 2612 prior
3191 2547 3438 2613 quatuor
3464 2542 3525 2595 in
3565 2542 3711 2596 dua—

2016 2632 2122 2686 bus
2152 2632 2357 2702 longis,
2391 2631 2673 2702 posterior
2699 2632 2760 2685 in
2793 2630 3013 2684 duabus
3042 2630 3308 2684 brevibus
3338 2630 3469 2683 duo.
3497 2632 3711 2684 Horum

2018 2724 2208 2773 autem
2221 2719 2396 2773 trium
2412 2719 2625 2789 pedum
2641 2712 2852 2787 partes,
2878 2717 3028 2787 quod
3046 2717 3114 2769 ad
3134 2717 3387 2786 primum
3405 2720 3460 2770 et
3477 2717 3711 2771 tertium

2017 2807 2239 2869 attinet,
2260 2806 2729 2876 complicatorum
2750 2820 3126 2858 numerorum
3164 2804 3387 2859 ratione
3408 2803 3518 2857 sibi
3547 2820 3710 2859 com—

2013 2900 2329 2966 parantur;
2360 2893 2582 2947 medius
2601 2893 2847 2963 aequales
2878 2907 2973 2944 eas
3004 2890 3196 2945 habet.

2092 2986 2172 3037 l2.
2206 2984 2330 3036 Jam
2352 2980 2621 3051 deinceps
2649 2980 2770 3033 ista:
2800 2980 2929 3033 duae
2957 2980 3155 3032 breves
3211 2993 3340 3049 qua:
3396 2977 3708 3048 conjunctae

2014 3069 2695 3142 ponebantur,disjunctze
2717 3067 2994 3139 ponenda).
3012 3070 3146 3120 sunt
3168 3082 3442 3137 :quarum
3473 3065 3711 3120 minima

2016 3159 2323 3229 disjunctio
2354 3163 2459 3223 est,
2491 3175 2525 3211 a
2552 3173 2667 3227 qua
2695 3156 2866 3210 etiam
2887 3154 3301 3225 incipiendum,
3332 3155 3707 3224 utunam.syl-

2013 3247 2201 3301 labam
2229 3247 2463 3315 longam
2512 3244 2662 3298 inter
2713 3260 2772 3297 se
2818 3243 3105 3308 habeant;
3137 3242 3402 3309 maxima,
3434 3246 3498 3295 ut
3544 3242 3705 3296 duas.

2013 3333 2121 3387 Sed
2149 3348 2279 3386 cum
2309 3348 2424 3385 una
2452 3335 2537 3384 est
2563 3330 2713 3384 inter
2741 3345 2855 3396 eas,
2889 3329 3110 3384 duobus
3166 3328 3351 3381 modis
3391 3328 3475 3394 lit,
3510 3332 3566 3381 et
3595 3328 3708 3381 duo

2013 3422 2191 3492 pedes
2222 3420 2559 3491 gignuntur.
2588 3417 2953 3473 Priorautem
2975 3421 3060 3470 est
3079 3417 3284 3470 horum
3310 3416 3629 3480 modorum,
3648 3420 3712 3469 ut

2012 3508 2073 3562 in
2103 3508 2286 3577 capite
2309 3506 2494 3560 brevis
2519 3507 2610 3573 sit,
2634 3505 2837 3560 deinde
2860 3505 3059 3573 longa:
3082 3504 3214 3557 inde
3234 3502 3440 3569 brevis,
3464 3508 3521 3557 et
3540 3504 3711 3573 longa

2013 3612 2143 3666 quin
2158 3595 2380 3665 reliqua
2392 3599 2497 3647 est.
2512 3595 2666 3647 Alter
2678 3592 2883 3646 modus
2896 3595 2996 3656 est,
3016 3595 3080 3644 ut
3100 3591 3157 3643 in
3173 3590 3419 3644 secundo
3437 3589 3561 3643 etin
3582 3590 3710 3644 ulti-

2013 3700 2107 3738 mo
2136 3684 2251 3737 sint
2277 3684 2491 3748 breves,
2517 3681 2577 3734 in
2604 3680 2789 3751 primo
2818 3682 2874 3733 et
2902 3678 3069 3732 tertio
3097 3679 3217 3731 loco
3249 3678 3437 3747 longas
3461 3693 3473 3731 :
3497 3677 3575 3731 ita
3601 3677 3710 3732 erit

2012 3773 2188 3842 longa
2217 3775 2275 3826 et
2290 3770 2561 3838 brevis,et
2582 3769 2752 3838 longa
2772 3765 3042 3821 etbrevis.
3064 3765 3305 3820 Maxima
3316 3780 3446 3819 vero
3472 3765 3571 3818 illa
3594 3764 3709 3818 dis-

2007 3859 2234 3932 junctio
2266 3863 2366 3925 est,
2402 3874 2533 3913 cum
2563 3857 2691 3911 duae
2714 3857 2901 3926 longa:
2948 3853 3007 3907 in
3049 3852 3238 3907 medio
3267 3855 3416 3919 sunt,
3450 3851 3709 3908 brevium

2013 3954 2206 4004 autem
2237 3965 2351 4002 una
2381 3948 2439 4001 in
2463 3946 2675 4017 primo,
2708 3945 2885 3999 altera
2914 3942 2974 3996 in
3005 3946 3253 3996 extremo
3284 3941 3426 3995 loco.
3472 3942 3539 3995 Et
3565 3940 3709 3995 divi-

2014 4038 2231 4092 duntur
2259 4036 2300 4090 ii
2328 4041 2441 4091 tres
2470 4036 2662 4106 pedes,
2690 4033 2750 4087 in
2782 4032 2989 4104 quibus
3033 4031 3229 4085 breves
3276 4029 3571 4099 disjunctae
3598 4045 3711 4098 po-

2013 4127 2249 4188 nuntur,
2284 4120 2343 4174 in
2374 4120 2484 4173 tria
2509 4123 2565 4173 et
2580 4118 2976 4186 triatempora,
3010 4114 3066 4168 id
3093 4118 3177 4166 est
3189 4112 3409 4183 primus
3430 4112 3710 4165 horumin

2010 4211 2241 4265 brevem
2264 4214 2319 4263 et
2349 4210 2598 4278 longam,
2630 4210 2684 4259 et
2702 4207 2931 4259 brevem
2962 4219 3026 4257 ac
3055 4203 3285 4271 longam
3312 4216 3324 4253 :
3351 4199 3634 4253 secundus
3648 4199 3711 4252 in

2014 4296 2247 4365 longam
2278 4310 2340 4347 ac
2369 4293 2620 4357 brevem,
2652 4294 2708 4343 et
2736 4290 2966 4358 longam
3017 4302 3079 4340 ac
3108 4286 3337 4339 brevem
3368 4299 3381 4336 :
3419 4281 3620 4336 tertius
3650 4281 3711 4336 in

2013 4383 2248 4438 brevem
2278 4398 2341 4435 ac
2372 4381 2623 4449 longam,
2655 4382 2711 4431 et
2734 4377 2965 4446 longam
2998 4391 3060 4427 ac
3084 4371 3432 4427 brevem.Ita
3452 4370 3601 4424 ﬁunt
3615 4386 3713 4424 sex

2016 4472 2189 4543 pedes
2219 4469 2440 4525 duabus
2472 4466 2738 4521 brevibus
2770 4470 2826 4519 et
2850 4463 3070 4519 duabus
3100 4459 3291 4529 longis
3310 4457 3538 4529 syllabis
3556 4457 3710 4512 varie

2015 4560 2167 4615 inter
2197 4574 2276 4625 se,
2305 4556 2492 4629 quoad
2525 4558 2786 4627 possunt,
2818 4550 3029 4607 locatis.

2091 4651 2176 4703 t3.
2202 4648 2394 4702 Restat
2427 4651 2489 4699 ut
2517 4646 2587 4699 de
2608 4647 2855 4715 quatuor
2875 4637 3139 4693 brevibus
3176 4633 3547 4689 detrahantur
3574 4637 3711 4702 tres,

2016 4740 2073 4791 et
2100 4751 2203 4807 pro
2236 4734 2325 4788 his
2352 4738 2467 4787 tros
2497 4733 2682 4801 longa:
2712 4728 3130 4784 constituantur
3163 4740 3175 4777 :
3209 4722 3318 4777 erit
3347 4738 3462 4776 una
3490 4722 3708 4789 brevis;

2016 4830 2075 4880 et
2102 4824 2238 4895 quia
2266 4839 2381 4877 una
2404 4822 2587 4876 brevis
2618 4821 2676 4874 in
2708 4816 2908 4887 capite,
2943 4828 3117 4884 quam
3148 4816 3261 4865 tres
3308 4812 3494 4880 longae
3515 4826 3713 4865 conse-

2018 4917 2288 4983 quentur,
2312 4911 2443 4965 facit
2460 4907 2636 4962 alium
2662 4901 3141 4977 pedem,secundo
3165 4901 3289 4955 loco
3312 4899 3498 4971 posita
3510 4915 3711 4953 secun-

2016 5001 2173 5065 dum,
2206 4998 2439 5053 tertium
2470 4994 2660 5059 tertio,
2703 4996 2971 5064 quartum
2998 4994 3223 5060 quarto.
3256 4989 3511 5052 Quorum
3564 5002 3709 5056 qua-

2015 5093 2167 5154 tuor,
2198 5088 2310 5141 duo
2338 5083 2509 5155 primi
2526 5083 2583 5136 in
2606 5082 2714 5135 tria
2731 5085 2788 5136 et
2814 5085 3057 5151 quatuor
3080 5082 3344 5147 tempora
3358 5074 3708 5136 dividuntur,

2017 5176 2129 5229 duo
2159 5178 2351 5228 autem
2392 5169 2729 5240 posteriores
2758 5168 2817 5222 in
2854 5171 3100 5238 quatuor
3128 5170 3186 5219 et
3233 5164 3362 5227 tria,
3400 5166 3457 5215 et
3507 5174 3710 5214 omnes

2017 5266 2416 5334 sesquatorum
2446 5256 2665 5312 ratione
2695 5270 3068 5311 numerorum
3101 5257 3288 5324 partes
3335 5249 3441 5304 sibi
3485 5248 3713 5303 collatas

2086 5442 2097 5474 ι
2130 5435 2443 5497 Collocalas,
2471 5435 2626 5499 juxta
2651 5436 2747 5485 Ms.
2777 5434 2818 5487 A
2851 5446 2911 5485 ar.
2953 5432 3086 5487 Edd.
3123 5442 3305 5481 omnes
3370 5427 3436 5477 M.
