4080 6178
449 234 581 288 1107

442 349 660 406 habent
690 363 705 404 :
737 362 872 402 nam
900 345 1059 417 prior
1084 359 1216 416 pars
1243 343 1415 415 primi
1444 345 1530 397 est
1557 341 1742 396 brevis
1770 347 1827 396 et
1847 343 2037 414 longa,
2058 346 2139 397 te-

443 454 588 494 nens
615 436 726 492 tria
753 439 1041 506 tempora;
1067 431 1352 504 posterior
1375 431 1503 486 duae
1531 431 1760 502 longua:
1791 430 1853 484 in
1893 434 2138 501 quatuor

442 525 817 596 temporibus.
832 522 1076 579 Secundi
1090 521 1250 592 prior
1266 536 1400 591 pars
1419 523 1504 572 est
1520 519 1691 589 longa
1707 523 1762 572 et
1780 519 1984 583 brevis,
2001 535 2136 590 ergo

441 614 552 668 tria
578 618 866 683 tempora;
895 610 1177 682 posterior
1205 609 1333 663 duas
1352 608 1558 677 longae,
1589 611 1837 678 quatuor
1853 611 2135 679 tempora.

443 701 666 756 Tertius
692 699 852 770 prior
875 701 1190 768 empartem
1216 696 1388 750 habet
1415 695 1476 749 in
1506 695 1726 750 duabus
1755 694 1965 765 longis,
1995 711 2138 767 qua-

443 793 576 845 tuor
598 786 988 858 temporibus;
1019 783 1392 855 posteriorem
1447 783 1571 854 ejus
1613 786 1836 854 partem
1865 783 2052 837 brevis
2083 788 2140 838 et

441 877 612 946 longa
640 874 880 938 obtinet,
916 873 972 927 id
1003 876 1087 927 est
1137 871 1248 926 tria
1297 875 1578 942 tempora.
1633 871 1832 936 Quarti
1886 871 2137 941 priorem

439 967 664 1035 partem
693 961 956 1016 similiter
983 961 1200 1016 faciunt
1244 961 1373 1016 duae
1402 961 1594 1030 longae
1633 961 1880 1030 quatuor
1920 962 2140 1030 tempo-

441 1066 601 1118 rum;
633 1053 689 1104 et
718 1049 1092 1120 posteriorem
1132 1049 1304 1118 longa
1334 1052 1391 1102 et
1419 1047 1629 1114 brevis,
1661 1046 1846 1101 tribus
1870 1047 2140 1117 tempori-

439 1139 570 1194 bus.
611 1138 885 1208 Reliquus
904 1154 1006 1208 pes
1036 1141 1120 1192 est
1148 1141 1398 1208 quatuor
1415 1136 1785 1207 syllabarum,
1805 1134 1907 1189 ubi
1937 1151 2136 1189 omnes

444 1225 784 1282 auferuntur
810 1225 1032 1292 breves,
1065 1229 1127 1280 ut
1156 1229 1400 1296 quatuor
1429 1224 1617 1294 longis
1646 1239 1746 1294 pes
1773 1227 2009 1277 constet.
2039 1223 2140 1277 llic

442 1314 504 1368 in
536 1314 674 1368 duas
705 1318 761 1369 et
791 1314 932 1368 duas
961 1315 1163 1384 longas
1219 1312 1533 1366 secundum
1570 1311 1818 1382 aequales
1848 1327 2137 1378 numeros,

443 1402 501 1458 id
525 1401 677 1456 estin
690 1405 936 1472 quatuor
955 1405 1012 1455 et
1027 1405 1275 1472 quatuor
1295 1399 1555 1454 videlicet
1577 1398 2135 1470 dividiturtempora.

446 1490 629 1545 Habes
670 1489 821 1560 quod
849 1505 952 1559 per
1001 1487 1284 1559 meipsum
1335 1487 1603 1558 explicari
1655 1485 1887 1541 voluisti
1918 1502 1932 1541 :
1963 1501 2139 1558 perge

441 1578 563 1648 jam
593 1577 850 1648 rogando
876 1576 1145 1648 persequi
1173 1581 1396 1631 caetera.

451 1667 676 1721 CAPUT
702 1666 819 1720 νη.
849 1695 919 1705 -
954 1667 1152 1721 Versus
1181 1669 1321 1720 certo
1338 1663 1557 1734 pedum,
1598 1666 1658 1717 ut
1684 1677 1780 1733 pes
1801 1662 2141 1734 syllabarum

1053 1767 1272 1807 numero
1298 1755 1525 1806 constat.

518 1842 602 1895 14.
633 1843 708 1896 Μ.
757 1839 981 1895 Faciam
1025 1855 1038 1894 :
1085 1841 1180 1894 sed
1226 1839 1438 1894 satisne
1483 1837 2137 1909 considerastiprogres-

441 1927 659 1983 sionem
689 1927 856 1982 istam
887 1943 1067 1999 usque
1097 1927 1168 1982 ad
1195 1925 1624 1999 quaternarium
1649 1941 1976 1993 numerum,
2009 1942 2138 1998 quin

442 2015 505 2070 in
516 2015 655 2086 ipsis
674 2015 931 2070 numeris
947 2015 1332 2070 demonstrata
1343 2019 1448 2081 est,
1481 2019 1763 2086 quantum
1783 2014 1842 2068 in
1854 2015 1944 2069 his
1963 2013 2138 2069 etiam

441 2104 684 2174 pedibus
711 2104 906 2160 valet?
926 2105 1002 2159 D.
1035 2105 1119 2158 Ita
1147 2120 1281 2158 sane
1310 2103 1370 2158 in
1397 2103 1486 2158 his
1515 2107 1581 2158 ut
1605 2102 1665 2156 in
1693 2103 1807 2156 illis
1829 2103 1977 2157 hanc
2004 2119 2137 2173 pro-

442 2191 740 2261 grediendi
765 2189 1047 2245 rationem
1095 2189 1299 2260 probo.
1350 2192 1427 2246 M.
1459 2190 1604 2254 Quid
1634 2189 1775 2244 illud
1798 2190 1826 2245 ?
1855 2205 2044 2244 nonne
2075 2193 2140 2244 ut

444 2277 722 2333 contextis
751 2277 980 2348 syllabis
991 2277 1176 2348 pedes
1209 2277 1341 2332 facti
1369 2282 1523 2341 sunt,
1551 2277 1630 2331 ita
1658 2277 1830 2332 etiam
1861 2277 2138 2332 contextis

441 2363 684 2436 pedibus
713 2363 929 2435 aliquid
957 2363 1083 2418 ﬁeri
1129 2379 1293 2433 posse
1347 2363 1787 2419 existimandum
1827 2367 1930 2434 est,
1987 2365 2138 2435 quod

432 2452 560 2522 jam
587 2466 774 2522 neque
803 2450 1032 2522 syllabae
1069 2466 1256 2522 neque
1307 2452 1472 2522 pedis
1523 2451 1758 2507 nomine
1794 2451 2138 2507 censeatur?

441 2541 518 2594 D.
551 2539 796 2594 Omnino
826 2537 1107 2593 existimo.
1137 2541 1210 2595 Μ.
1237 2539 1385 2603 Quid
1417 2540 1646 2594 tandem
1675 2540 1731 2598 id
1760 2545 1926 2612 putas
1971 2543 2138 2595 esse?

443 2628 518 2683 D.
551 2628 789 2681 Versum
828 2625 1099 2681 arbitror.
1157 2628 1230 2682 Μ.
1266 2626 1411 2690 Quid
1443 2625 1488 2681 si
1518 2631 1797 2698 perpetuo
1837 2631 2138 2683 contexere

448 2715 738 2787 quispiam
766 2714 938 2785 pedes
963 2713 1184 2785 aliquos
1211 2713 1372 2784 velit,
1397 2714 1478 2768 ita
1497 2717 1561 2769 ut
1589 2714 1669 2769 eis
1699 2715 1934 2770 modum
1973 2731 2036 2770 ac
2065 2715 2134 2770 ﬁ-

441 2819 574 2858 nem
605 2819 723 2858 non
751 2801 1032 2873 imponat,
1066 2801 1178 2856 nisi
1203 2805 1302 2856 aut
1322 2801 1574 2856 defectus
1602 2803 1772 2870 vocis,
1803 2807 1904 2858 aut
1933 2803 2137 2875 aliquis

441 2891 587 2947 alius
614 2907 774 2946 casus
802 2889 1195 2960 interpellans,
1227 2894 1327 2944 aut
1378 2889 1652 2962 temporis
1681 2890 1824 2946 ratio
1880 2892 1950 2946 ad
1981 2892 2138 2947 aliud

440 2979 659 3051 aliquid
684 2977 1061 3034 transeundi?
1087 2976 1334 3032 etiamne
1361 2993 1555 3032 versus
1583 2994 1617 3032 a
1644 2982 1701 3032 te
1723 2977 2136 3047 nominabitur,

440 3067 657 3123 habens
682 3066 771 3120 vel
807 3065 1023 3136 vigenti
1052 3066 1139 3119 vel
1180 3065 1393 3136 trigina
1428 3066 1515 3120 vel
1558 3070 1788 3120 centum
1817 3066 1992 3120 etiam
2021 3065 2137 3121 sive

444 3154 692 3226 amplius
741 3153 935 3224 pedes,
983 3155 1048 3207 ut
1095 3152 1342 3208 voluerit
1390 3169 1453 3207 ac
1481 3153 1734 3224 potuerit
1769 3153 1864 3208 ille
1895 3155 1995 3224 qui
2041 3171 2135 3208 eos

446 3240 765 3314 quamlibet
802 3241 978 3311 longa
1015 3239 1392 3311 perpetuitate
1443 3241 1738 3296 contexit?
1773 3242 1848 3296 D.
1881 3243 2006 3296 Non
2057 3242 2136 3296 ita

441 3335 526 3387 est
556 3347 569 3385 :
603 3345 791 3402 neque
821 3328 978 3384 enim
1009 3333 1106 3383 aut
1133 3328 1232 3382 ubi
1255 3329 1430 3400 pedes
1459 3345 1600 3400 quos
1622 3329 1765 3384 libet
1785 3330 2137 3400 quibuslibet

440 3416 752 3490 permixtos
782 3415 1258 3485 animadvertero,
1291 3420 1390 3471 aut
1411 3416 1806 3487 perinﬁnitam
1832 3417 2135 3489 longitudi-

438 3522 573 3562 nem
599 3506 811 3561 multos
838 3520 1140 3574 connexos,
1171 3519 1399 3558 versum
1443 3504 1746 3576 appellabo
1771 3521 1784 3573 ;
1819 3506 1917 3560 sed
1946 3510 2005 3561 et
2041 3522 2136 3577 ge-

441 3611 550 3650 nus
579 3598 636 3651 et
649 3609 972 3649 °numerum
999 3593 1230 3663 pedum,
1261 3591 1320 3646 id
1333 3592 1529 3664 estqui
1553 3597 1611 3648 et
1638 3597 1777 3664 quot
1806 3595 1980 3666 pedes
2007 3610 2135 3650 ver-

439 3699 568 3737 sum
597 3680 901 3737 conficiant
950 3679 1141 3752 aliqua
1199 3679 1498 3752 disciplina
1552 3681 1824 3753 consequi
1880 3686 1935 3737 et
1969 3699 2039 3737 ex
2068 3698 2137 3738 ea

431 3770 691 3841 judicare
722 3773 945 3840 potero,
978 3771 1171 3822 utrum
1197 3784 1393 3823 versus
1441 3783 1606 3823 aures
1638 3785 1794 3824 meas
1821 3770 2130 3841 pepulerit.

440 3860 516 3914 Μ.
542 3859 614 3912 At
639 3856 762 3910 haec
788 3871 1165 3927 quaecumque
1194 3859 1278 3909 est
1307 3854 1624 3926 disciplina,
1663 3857 1917 3912 versibus
1961 3873 2132 3931 regu-

438 3943 558 3998 lam
571 3945 628 3997 et
653 3941 890 3995 modum
914 3957 1031 3995 non
1041 3941 1241 4012 utique
1261 3945 1327 3996 ut
1346 3941 1575 3995 libitum
1595 3945 1696 4006 est,
1722 3943 1820 3998 sed
1839 3944 2032 4015 aliqua
2048 3959 2134 4000 ra-

435 4029 594 4085 tione
623 4027 933 4083 constituit.
967 4029 1042 4082 D.
1076 4029 1204 4082 Non
1235 4029 1386 4083 enim
1429 4029 1612 4095 aliter,
1646 4029 1933 4100 siquidem
1963 4031 2131 4086 disci-

439 4117 600 4188 plina
630 4121 734 4184 est,
765 4120 864 4170 aut
893 4115 1211 4186 oportebat,
1262 4121 1360 4171 aut
1400 4121 1645 4188 poterat.
1692 4120 1766 4173 M.
1801 4120 1956 4173 Hanc
1993 4135 2130 4191 ergo

436 4205 719 4260 rationem
771 4203 1195 4274 investigemus,
1239 4206 1296 4258 et
1351 4219 1742 4276 assequamur,
1797 4207 1845 4262 si
1900 4209 2129 4279 placet:

438 4310 574 4349 nam
599 4293 647 4347 si
677 4291 1075 4347 auctoritatem
1103 4293 1281 4347 solam
1316 4291 1662 4362 intueamur,
1695 4294 1743 4348 is
1773 4295 1883 4349 erit
1913 4311 2128 4364 versus,

439 4399 613 4456 quem
639 4398 865 4437 versum
895 4380 1008 4435 dici
1039 4379 1218 4435 voluit
1245 4381 1604 4452 Asclepiades
1632 4383 1824 4437 nescio
1877 4384 1998 4455 qui,
2033 4391 2133 4441 aut

437 4471 829 4539 Archilochus,
863 4473 1048 4541 poeta:
1079 4467 1296 4524 scilicet
1321 4473 1561 4538 veteres,
1595 4474 1692 4524 aut
1740 4470 1967 4542 Sappho
1998 4489 2131 4543 poe-

433 4560 566 4629 tria,
597 4563 653 4615 et
677 4557 887 4629 cmteri,
921 4573 1168 4629 quorum
1192 4556 1365 4611 etiam
1394 4557 1724 4611 nominibus
1738 4575 2006 4622 versuum
2028 4577 2127 4631 ge-

437 4659 578 4698 nera
603 4649 896 4712 vocantur,
931 4661 1060 4716 qum
1110 4644 1284 4715 primi
1341 4643 1854 4701 animadvertentes
1907 4647 2127 4704 cecine-

437 4734 591 4785 runt.
625 4730 767 4785 Nam
797 4736 855 4786 et
883 4732 1295 4804 Asclepiadaeus
1323 4747 1517 4786 versus
1545 4732 1770 4801 dicitur,
1797 4738 1853 4789 et
1878 4736 2130 4791 Archilo-

437 4819 599 4874 cbius
626 4823 684 4874 et
701 4818 1036 4890 Sapphicus,
1063 4825 1120 4875 et
1139 4821 1249 4876 alia
1267 4825 1529 4876 sexcenta
1549 4826 1847 4877 auctorum
1858 4824 2130 4880 vocabula

437 4906 616 4963 Graeci
643 4905 900 4960 versibus
930 4906 1137 4962 diversi
1163 4909 1388 4979 generis
1403 4909 1751 4965 indiderunt.
1777 4912 1853 4964 Ex
1875 4927 1990 4981 quo
2012 4927 2128 4965 non

436 4995 680 5051 absurde
713 4993 961 5062 cuipiam
988 4994 1168 5049 videri
1191 5001 1396 5066 potest,
1432 4998 1584 5069 quod
1619 4997 1667 5052 si
1713 4997 1841 5069 quis
1867 5003 1929 5053 ut
1956 5000 2125 5069 volet,

436 5081 612 5155 pedes
637 5085 777 5154 quot
803 5081 973 5148 volet,
989 5085 1044 5136 et
1060 5098 1204 5153 quos
1230 5084 1383 5139 volet
1411 5084 1785 5155 ordinaverit,
1811 5085 1945 5156 quia
1957 5101 2126 5141 nemo

412 5175 572 5227 “ante
603 5171 792 5242 ipsum
822 5169 975 5224 hunc
993 5169 1252 5224 ordinem
1282 5189 1346 5226 ac
1374 5189 1698 5228 mensuram
1727 5173 1970 5244 pedibus
1990 5191 2125 5228 con-

437 5260 705 5328 stituerit,
727 5262 877 5313 recte
906 5274 970 5312 ac
992 5257 1123 5329 jure
1144 5260 1403 5315 conditor
1426 5261 1558 5316 novi
1589 5261 1814 5332 generis
1857 5277 2126 5317 versuum

339 5407 346 5414 ,
432 5351 894 5420 propagatorque
919 5345 1156 5402 dicetur.
1187 5349 1298 5401 Aut
1320 5348 1368 5402 si
1405 5349 1526 5404 haec
1543 5349 1771 5405 licentia
1796 5350 2126 5406 intercludi-

435 5439 529 5493 tur
556 5436 813 5509 homini,
841 5453 972 5494 cum
1009 5436 1413 5510 conquestione
1442 5440 1815 5511 quaerendum
1853 5445 1939 5497 est
1985 5439 2121 5512 quid

1721 228 1815 283 DE
1860 224 2145 291 MUSICA,
2188 225 2243 281 S.
2283 222 2668 280 AUGUSTINI

3757 231 3860 285 1108

2247 342 2482 397 tandem
2509 341 2595 396 illi
2631 343 2988 407 meruerunt,
3039 339 3086 393 si
3141 339 3358 394 nullam
3401 341 3660 397 rationem
3704 349 3862 412 secuti,

2246 429 2656 486 connexionem
2703 429 2920 500 pedum
2974 445 3116 500 quos
3174 429 3290 483 illis
3314 435 3628 485 connectere
3675 434 3862 503 placuit,

2247 534 2474 573 versum
2501 519 2739 589 apellari
2768 517 3082 588 haberique
3110 517 3382 573 fecerunt.
3410 521 3494 572 An
3518 519 3616 573 tibi
3642 521 3782 576 aliter
3806 525 3866 577 vi-

2249 607 2460 662 detur?
2490 609 2563 660 D.
2598 608 2681 661 Ita
2706 621 2840 660 vero
2871 609 2968 660 esté
2985 609 3048 659 ut
3076 605 3237 674 dicis,
3271 611 3327 659 et
3362 621 3582 676 prorsus
3625 609 3866 674 assentior,

2247 695 2470 750 ratione
2499 694 2691 765 potius
2721 709 2896 765 quam
2922 693 3257 748 auctoritate
3285 709 3506 748 versum
3533 708 3644 748 esse
3679 709 3869 763 genera-

2247 786 2391 850 tum,
2424 797 2599 854 quam
2625 785 2756 852 peto
2784 781 3140 852 jamjamque
3166 780 3476 836 videamus.

2496 905 2723 960 CAPUT
2753 905 2894 959 VIII.
2927 934 2996 945 —-
3030 906 3203 961 Varia
3227 906 3424 976 pedum
3453 909 3674 961 nomina.

2323 1032 2405 1083 15.
2437 1030 2512 1083 Μ.
2545 1027 2847 1082 Videamus
2883 1044 3019 1099 ergo
3048 1029 3149 1100 qui
3184 1030 3357 1100 pedes
3387 1030 3608 1086 sibimet
3653 1035 3871 1104 copulan-

2247 1115 2306 1172 di
2335 1117 2470 1184 sint,
2501 1116 2707 1172 deinde
2737 1117 2877 1188 quid
2905 1117 2994 1171 his
3026 1117 3301 1188 copulatis
3328 1119 3426 1172 ﬁat
3455 1119 3592 1189 (non
3623 1121 3757 1175 enim
3780 1137 3872 1176 ver-

2248 1221 2342 1259 sus
2371 1205 2436 1259 ﬁt
2464 1205 2632 1275 solus)
2667 1224 2682 1272 ;
2710 1209 2996 1276 postremo
3020 1205 3090 1260 de
3120 1221 3316 1260 versus
3337 1212 3458 1261 tota
3485 1208 3692 1262 ratione
3716 1215 3872 1263 tracta-

2247 1293 2457 1348 bimus.
2489 1293 2601 1348 Sed
2636 1309 2774 1346 num
2803 1309 2996 1348 censes
3025 1294 3327 1348 commode
3357 1293 3465 1348 ista
3488 1311 3588 1348 nos
3614 1312 3759 1365 posse
3779 1313 3871 1367 per-

2249 1380 2433 1452 sequi,
2466 1381 2578 1435 nisi
2605 1381 2823 1451 pedum
2850 1381 3086 1436 nomina
3105 1386 3404 1437 teneamus
3425 1385 3452 1436 ?
3471 1384 3776 1454 Quanquam
3799 1386 3873 1438 hoc

2249 1469 2448 1524 ordine
2474 1486 2506 1522 a
2530 1468 2693 1523 nobis
2718 1469 2924 1540 digesti
2971 1474 3124 1533 sunt,
3178 1475 3240 1524 ut
3267 1470 3484 1542 possint
3511 1471 3677 1542 ipsius
3699 1472 3770 1525 sui
3811 1488 3874 1526 or-

2249 1557 2399 1612 dinis
2428 1556 2758 1611 nominibus
2787 1558 3143 1628 nuncupari:
3174 1558 3285 1612 dici
3299 1558 3454 1612 enim
3477 1563 3668 1629 potest,
3689 1559 3874 1629 primus,

2249 1644 2550 1712 secundus,
2583 1645 2805 1712 tertius,
2839 1649 3009 1716 atque
3038 1646 3146 1699 hoc
3188 1646 3362 1700 modo
3406 1647 3607 1702 caeteri.
3653 1648 3744 1702 Sed
3779 1648 3876 1717 quia
3976 1661 3977 1688 ι

2248 1748 2368 1787 non
2387 1736 2520 1786 sunt
2548 1733 2968 1787 contemnenda
2997 1737 3217 1787 vetusta
3242 1733 3529 1800 vocabula,
3561 1750 3657 1788 nec
3682 1733 3815 1789 facile
3851 1751 3874 1787 a

2248 1821 2660 1875 consuetudine
2692 1821 3097 1887 recedendum,
3125 1821 3236 1874 nisi
3261 1838 3391 1891 qua;
3421 1821 3624 1875 rationi
3671 1823 3873 1876 adversa-

2249 1912 2376 1976 tur;
2407 1908 2691 1962 utendum
2721 1913 2806 1962 est
2828 1908 2917 1962 his
2929 1908 3258 1962 nominibus
3286 1909 3500 1979 pedum
3517 1925 3637 1980 qua:
3657 1907 3872 1964 Graeciin-

2248 1996 2577 2061 stituerunt,
2610 2000 2668 2050 et
2719 1996 2895 2050 nostri
2933 1996 3055 2066 jam
3095 2000 3339 2050 utuntur
3391 2012 3495 2066 pro
3545 1996 3716 2050 latinis
3743 2012 3754 2048 :
3781 2011 3872 2065 qua:

2247 2083 2416 2153 plane
2445 2083 2526 2137 ita
2547 2097 2915 2153 usurpemus,
2944 2086 3009 2136 ut
3064 2098 3178 2136 non
3204 2098 3530 2153 quaeramus
3559 2082 3777 2153 origines
3799 2096 3870 2135 no-

2249 2170 2492 2225 minum.
2530 2171 2768 2224 Multum
2799 2169 2954 2224 enim
2981 2169 3155 2224 habet
3181 2169 3289 2224 ista
3315 2187 3408 2224 res
3435 2170 3778 2241 loquacitatis,
3797 2170 3873 2222 uti-

2247 2257 2420 2312 litatis
2446 2273 2671 2327 parum.
2735 2258 2927 2328 Neque
2981 2258 3137 2310 enim
3179 2274 3246 2311 eo
3292 2258 3486 2312 minus
3511 2258 3711 2312 utiliter
3733 2258 3783 2310 in
3811 2258 3868 2310 lo-

2245 2347 2472 2418 quendo
2488 2347 2741 2417 appellas
2765 2362 2994 2417 panem,
3015 2346 3257 2417 lignum,
3274 2346 3546 2417 lapidem,
3569 2347 3704 2418 quod
3730 2345 3868 2400 nescis

2247 2451 2349 2490 cur
2376 2436 2498 2490 haec
2524 2435 2604 2490 ita
2631 2435 2744 2490 sint
2797 2434 3100 2505 appellata.
3131 2435 3212 2489 D.
3267 2436 3356 2489 Ita
3408 2451 3650 2506 prorsus,
3675 2437 3730 2488 ut
3754 2433 3869 2498 dicis,

2248 2524 2452 2579 sentio.

2247 2629 2327 2684 Μ.
2361 2626 2587 2682 Primus
2614 2642 2713 2698 pes
2741 2630 2974 2681 vocatur
3002 2623 3392 2698 Pyrrhichius,
3421 2643 3484 2684 ex
3512 2627 3710 2682 duabus
3731 2625 3870 2680 brevi-

2318 2715 2444 2782 bus,
2471 2719 2798 2785 temporum
2828 2715 3029 2781 duum,
3061 2720 3125 2770 ut
3150 2718 3309 2784 fuga.

2247 2801 2557 2868 Secundus,
2587 2800 2839 2870 Iambus,
2868 2817 2938 2856 ex
2961 2801 3121 2856 brevi
3150 2806 3206 2856 et
3230 2803 3427 2873 longa,
3454 2805 3518 2856 ut
3539 2815 3737 2872 parens,
3765 2802 3870 2854 tem-

2317 2905 2522 2961 porum
2556 2889 2737 2943 trium
2750 2929 2762 2942 .

2247 2978 2488 3045 Tertius,
2509 2977 2831 3046 Trochaeus,
2869 2977 2958 3031 vel
2988 2976 3249 3045 Chorius,
3281 2993 3355 3034 ex
3384 2979 3552 3049 longa
3574 2980 3626 3032 et
3650 2975 3804 3040 brevi;
3827 2980 3870 3027 ut

2316 3071 2478 3134 meta,
2509 3070 2838 3135 temporum
2863 3065 3066 3120 trium.

2248 3153 2514 3221 Quartus,
2549 3153 2868 3223 Spondeus,
2900 3169 2963 3207 ex
2993 3153 3214 3208 duabus
3242 3152 3453 3225 longis,
3477 3156 3541 3207 ut
3565 3156 3723 3216 aestas,
3765 3152 3867 3202 tem-

2316 3257 2526 3312 porum
2558 3245 2828 3311 quatuor.

2246 3329 2507 3396 Quintus,
2542 3329 2903 3390 Tribrachus,
2937 3345 3006 3384 ex
3043 3329 3226 3384 tribus
3264 3329 3554 3398 brevibus,
3596 3333 3653 3382 ut
3688 3327 3866 3387 mucida,

2314 3421 2644 3489 temporum
2676 3417 2874 3472 trium.

2246 3505 2468 3576 Sextus,
2517 3506 2800 3576 Dactylus,
2849 3520 2917 3559 ex
2945 3504 3117 3575 longa
3166 3509 3223 3559 et
3265 3505 3493 3561 duabus
3529 3504 3792 3568 brevibus,
3819 3502 3866 3552 ut

2315 3595 2596 3661 Menalas,
2626 3598 2954 3664 temporum
2981 3597 3248 3664 quatuor.

2247 3681 2554 3753 Septimus,
2585 3681 3062 3752 Amphibrachus,
3096 3697 3166 3736 ex
3201 3681 3364 3736 brevi
3394 3685 3449 3736 et
3475 3682 3638 3752 longa
3665 3681 3713 3734 et
3731 3674 3860 3737 brevi.

2315 3774 2380 3824 ut
2405 3771 2614 3836 carina,
2645 3773 2971 3840 temporum
3002 3772 3271 3839 quatuor.

2245 3855 2502 3924 Octavus,
2532 3856 2885 3924 Anapaestus,
2918 3869 2984 3908 ex
3015 3853 3236 3908 duabus
3259 3853 3526 3910 brevibus
3566 3856 3618 3907 et
3644 3852 3798 3921 longa,
3821 3849 3864 3900 ut

2314 3945 2502 4009 Erato,
2536 3946 2862 4012 temporum
2894 3947 3158 4013 quatuor.

2246 4031 2458 4098 Nonus,
2495 4029 2784 4096 Bacchius,
2812 4046 2882 4084 ex
2908 4029 3067 4085 brevi
3095 4034 3152 4085 et
3179 4029 3404 4086 duabus
3433 4028 3630 4102 longis,
3658 4031 3714 4081 ut
3735 4023 3862 4080 Acha-

2315 4124 2412 4185 tes,
2445 4123 2772 4189 temporum
2793 4117 3071 4189 quinque.

2243 4207 2520 4269 Decimus,
2554 4205 2801 4260 Creticus
2822 4205 2908 4259 vel
2934 4205 3394 4277 Amphimacrus,
3427 4223 3492 4262 ex
3513 4207 3688 4276 longa,
3707 4206 3752 4256 et
3771 4199 3861 4253 bre-

2309 4294 2365 4347 vi
2396 4299 2452 4348 et
2482 4295 2678 4365 longa,
2703 4298 2769 4348 ut
2795 4295 2998 4356 (multa,
3029 4298 3357 4365 temporum
3373 4296 3656 4367 quinque.’

2242 4382 2600 4448 Undecimus,
2634 4381 3104 4447 Palimbacchius,
3137 4399 3201 4436 ex
3222 4383 3444 4438 duabus
3466 4382 3640 4452 longis
3660 4372 3856 4435 elbrevi,

2311 4475 2372 4524 ut
2397 4475 2617 4536 natura,
2652 4473 2977 4540 temporum
3009 4470 3283 4542 quinque.

2241 4557 2638 4620 Duodecimus,
2693 4558 2985 4625 Molossus,
3039 4575 3105 4613 ex
3144 4559 3327 4614 tribus
3375 4559 3558 4629 longis
3603 4559 3660 4611 ut
3697 4555 3858 4613 Εηεσες

2309 4651 2635 4716 temporum
2664 4661 2782 4700 sex.

2240 4734 2501 4789 Decimus
2531 4734 2746 4800 tertius,
2781 4735 3311 4797 Proceleumaticus,
3357 4753 3427 4791 ex
3462 4737 3689 4807 quatuor
3725 4723 3859 4783 brevi-

2307 4822 2430 4888 bus,
2466 4827 2530 4876 ut
2557 4825 2792 4891 avicula,
2833 4827 3157 4894 temporum
3187 4828 3453 4895 quatuor.

2239 4911 2500 4965 Decimus
2526 4916 2784 4981 quartus,
2818 4913 2989 4964 Paeon
3029 4911 3270 4982 primus,
3304 4929 3372 4966 ex
3426 4912 3607 4983 prima
3639 4910 3782 4976 longa
3820 4903 3858 4952 et

2306 4997 2488 5052 tribus
2520 4998 2804 5064 brevibus,
2831 5002 2896 5052 ut
2919 5000 3209 5066 legitimus,
3234 5003 3556 5071 temporum
3575 4997 3803 5070 quinqne.

2237 5085 2497 5141 Decimus
2529 5086 2778 5156 quintus,
2814 5089 2985 5142 Paton
3011 5087 3311 5155 secundus,
3364 5105 3428 5143 ex
3463 5085 3687 5142 secunda
3726 5082 3853 5145 longa

2307 5179 2364 5228 et
2391 5173 2571 5228 tribus
2597 5174 2886 5238 brevibus,
2926 5179 2990 5229 ut
3016 5176 3242 5239 colonia,
3284 5181 3600 5246 temporum
3633 5169 3851 5242 quinque.

2235 5261 2499 5316 Decimus
2523 5266 2733 5330 sextus,
2767 5265 2940 5317 Paeon
2961 5263 3184 5330 tertius,
3205 5280 3270 5318 ex
3292 5257 3456 5317 tertia
3471 5263 3629 5330 longa
3644 5261 3691 5311 et
3714 5251 3850 5308 tribus

2303 5351 2593 5417 brevibus,
2628 5355 2694 5405 ut
2719 5351 3078 5419 Menedemus,
3112 5356 3436 5422 temporum
3468 5350 3713 5421 quinque.

2237 5438 2498 5494 Decimus
2536 5439 2834 5511 septimus,
2878 5442 3052 5495 Paeon
3085 5445 3341 5512 quartus,
3390 5456 3454 5496 ex
3501 5439 3681 5510 quarta
3717 5429 3848 5494 10118⁸
