4098 6182
239 244 381 295 1109

311 366 368 416 et
410 360 591 415 tribus
643 360 928 429 brevibus,
976 366 1042 416 ut
1088 363 1353 429 celeritas,
1401 368 1727 435 temporum
1774 362 1937 434 quin-

309 466 441 521 que.

236 539 503 594 Decimus
542 541 792 603 octavus,
839 537 1062 591 Ionicus
1098 556 1130 593 a
1168 539 1409 605 minore,
1451 556 1517 593 ex
1554 540 1774 593 duabus
1808 539 1937 593 bre-

307 627 472 681 vibus
520 630 579 680 et
627 625 849 680 duabus
896 626 1104 697 longis,
1156 632 1221 681 ut
1261 627 1556 687 Diomedes,
1611 632 1937 698 temporum

311 731 426 770 $81.

234 804 501 859 Decimus
556 818 759 868 nonus,
819 803 1213 869 Choriambus,
1266 820 1334 857 ex
1382 804 1554 873 longa
1602 807 1659 857 et
1716 803 1935 857 duabus

308 891 575 945 brevibus
604 896 660 945 et
689 892 881 962 longa,
914 896 976 945 ut
1005 894 1351 961 armipotens,
1380 897 1704 962 temporum
1734 907 1849 944 sex.

236 980 574 1050 Vigesimus,
603 980 826 1034 Ionicus
850 998 880 1033 a
909 980 1146 1051 majore,
1168 997 1236 1035 ex
1259 980 1477 1035 duabus
1498 979 1686 1050 longis
1716 983 1771 1033 et
1794 979 1932 1033 dua-

311 1069 413 1122 bus
445 1068 730 1131 brevibus,
764 1072 828 1122 ut
853 1070 1139 1134 Iunonius,
1173 1074 1499 1139 temporum
1530 1084 1645 1122 sex.

236 1156 558 1226 Vigesimus
606 1156 846 1226 primus,
893 1156 1207 1223 Diiambus,
1254 1172 1320 1211 ex
1366 1156 1523 1210 brevi
1553 1160 1609 1210 et
1652 1157 1844 1222 longa,
1876 1160 1933 1209 et

307 1243 466 1298 brevi
493 1248 547 1297 et
575 1244 770 1315 longa,
804 1248 867 1297 ut
886 1247 1290 1313 propinquitas,
1320 1248 1648 1314 temporum
1674 1260 1786 1297 sex.

235 1332 557 1403 Vigesimus
604 1332 908 1398 secundus,
960 1332 1257 1386 Dichorius
1302 1333 1389 1385 vel
1444 1331 1810 1399 Ditrochazus,
1864 1346 1931 1385 ex

305 1421 478 1491 longa
504 1424 561 1474 et
586 1419 768 1489 brevi,
808 1424 866 1473 et
891 1419 1062 1491 longa
1103 1424 1158 1473 et
1186 1420 1361 1486 brevi,
1391 1424 1457 1473 ut
1487 1420 1756 1473 cantilena
1784 1423 1929 1473 tem-

303 1524 511 1580 porum
541 1525 655 1564 sex.

230 1597 547 1667 Vigesimus
590 1596 810 1664 tertius,
862 1596 1238 1665 Antispastus,
1286 1612 1353 1650 ex
1402 1596 1561 1649 brevi
1606 1600 1662 1650 et
1710 1594 1928 1649 duabus

300 1686 485 1757 longis
517 1688 572 1740 et
601 1684 786 1752 brevi,
816 1688 879 1738 ut
905 1685 1214 1750 Saloninus,
1245 1688 1567 1754 temporum
1598 1699 1712 1736 sex.

228 1775 549 1845 Vigesimus
580 1778 836 1844 quartus,
880 1773 1151 1844 Epitritus
1186 1772 1426 1841 primus,
1462 1789 1529 1826 ex
1556 1772 1745 1843 prima
1772 1770 1929 1826 brevi

298 1866 355 1916 et
381 1862 561 1915 tribus
581 1861 788 1931 longis,
820 1866 885 1915 ut
913 1861 1232 1927 sacerdotes,
1270 1866 1587 1931 temporum
1615 1865 1851 1930 septem.

226 1950 547 2021 Vigesimus
593 1950 853 2020 quintus,
900 1950 1170 2019 Epitritus
1218 1950 1517 2017 secundus,
1562 1964 1627 2002 ex
1674 1947 1928 2001 secunda

296 2038 457 2093 brevi
486 2043 540 2092 et
566 2038 749 2093 tribus
793 2038 1001 2107 longis,
1032 2042 1097 2092 ut
1124 2038 1441 2105 conditores,
1473 2042 1801 2107 temporum
1834 2052 1926 2091 se-

296 2132 473 2199 ptem.

226 2216 547 2286 Vigesimus
578 2216 792 2279 sextus,
832 2213 1105 2284 Epitritus
1140 2215 1361 2281 tertius,
1394 2230 1459 2268 ex
1489 2214 1655 2268 tertia
1680 2214 1834 2269 brevi
1868 2219 1923 2270 et

296 2304 479 2358 tribus
502 2303 707 2373 longis,
736 2307 801 2357 ut
829 2303 1222 2368 Demosthenes,
1251 2307 1577 2373 temporum
1610 2307 1849 2373 septem.

222 2392 544 2463 Vigesimus
594 2390 888 2462 septimus,
950 2391 1223 2462 Epitritus
1281 2395 1539 2462 quartus,
1597 2408 1661 2445 ex
1720 2396 1924 2461 quarta

294 2480 453 2536 brevi
483 2485 538 2535 et
568 2480 750 2534 tribus
778 2480 986 2551 longis,
1004 2484 1070 2534 ut
1091 2482 1463 2547 Fescenninus,
1488 2483 1813 2551 temporum
1834 2497 1920 2535 se-

293 2574 469 2640 ptem.

222 2658 548 2730 Vigesimus
594 2660 839 2723 octavus,
895 2655 1265 2727 Dispondeus,
1314 2672 1382 2711 ex
1425 2660 1671 2727 quatuor
1713 2656 1917 2728 longis,

292 2748 357 2800 ut
379 2750 638 2811 oratores,
666 2746 993 2813 temporum
1022 2747 1148 2797 octo
1172 2744 1212 2797 ί.

528 2869 753 2924 CAPUT
778 2869 862 2921 lx.
896 2896 963 2906 —
983 2869 1057 2920 De
1085 2864 1282 2934 pedum
1311 2868 1610 2919 structura.

298 2982 379 3034 16.
432 2981 495 3033 D.
548 2977 736 3031 Habeo
790 2974 917 3028 ista.
970 2974 1129 3027 Nunc
1173 2972 1405 3037 dissere,
1447 2971 1546 3041 qui
1598 2970 1705 3025 sibi
1748 2973 1920 3041 pedes

215 3068 576 3137 copulentur.
620 3066 694 3118 Μ.
735 3061 1019 3117 Judicabis
1058 3062 1165 3115 hoc
1213 3059 1395 3126 facile,
1446 3059 1491 3112 si
1531 3060 1919 3130 aequalitatem

221 3171 287 3209 ac
313 3152 747 3207 similitudinem
784 3148 1161 3220 inaequalitati
1193 3164 1255 3201 ac
1285 3147 1735 3201 dissimilitudini
1770 3165 1918 3218 prse-

221 3241 555 3296 stantiorem
608 3256 726 3293 esse
764 3238 1007 3309 judicas.
1039 3240 1104 3291 D.
1152 3236 1449 3290 Neminem
1490 3252 1610 3290 esse
1649 3237 1917 3306 arbitror,

221 3330 323 3402 qui
352 3346 469 3383 non
496 3329 573 3383 ita
601 3328 837 3398 judicet.
883 3328 957 3380 Μ.
1005 3327 1158 3379 Hanc
1206 3340 1340 3394 ergo
1386 3324 1543 3394 prius
1574 3324 1820 3377 maxime
1859 3324 1915 3378 in

221 3417 589 3472 contexendis
619 3415 860 3486 pedibus
890 3413 1050 3484 sequi
1081 3416 1325 3483 oportet,
1357 3428 1457 3465 nec
1489 3413 1557 3465 ab
1588 3428 1653 3464 ea
1683 3412 1917 3465 omnino

219 3506 582 3569 deviandum,
622 3503 730 3557 nisi
762 3519 891 3557 cum
936 3501 1127 3571 aliqua
1166 3517 1333 3554 causa
1356 3500 1673 3569 justissima
1707 3505 1809 3553 est.
1851 3504 1915 3553 D.

220 3593 529 3648 Assentior.
555 3595 628 3647 Μ.
661 3593 783 3645 Non
810 3590 988 3660 igitur
1008 3589 1291 3642 dubitabis
1312 3588 1667 3658 pyrrhichios
1692 3588 1919 3641 sibimet

218 3682 396 3753 pedes
427 3684 743 3741 contexere,
773 3695 876 3731 nec
906 3677 1147 3741 iambos,
1183 3691 1286 3729 nec
1316 3675 1591 3728 trochaeos
1622 3675 1719 3744 qui
1746 3679 1917 3727 etiam

218 3768 396 3824 chorii
430 3768 821 3834 nominantur,
862 3781 964 3818 nec
1003 3764 1315 3833 spondeos;
1357 3767 1526 3832 atque
1566 3761 1645 3815 ita
1683 3765 1915 3815 casteros

219 3857 309 3911 sui
336 3855 561 3927 generis
588 3856 845 3925 profecto
876 3853 1103 3906 sibimet
1132 3850 1252 3905 sine
1288 3852 1403 3905 ulla
1437 3850 1788 3904 dubitatione
1819 3866 1915 3903 co-

217 3945 480 4018 pulabis:
515 3949 597 3998 est
626 3944 780 3997 enim
812 3958 1035 3995 summa
1062 3940 1357 4011 aequalitas
1386 3956 1516 3993 cum
1540 3939 1795 4009 ejusdem
1826 3955 1917 4008 ge-

218 4034 369 4089 neris
393 4047 449 4089 et
471 4032 721 4087 nominis
740 4032 911 4101 pedes
937 4046 1057 4083 sese
1088 4032 1531 4099 consequuntur.
1554 4030 1641 4080 An
1671 4027 1770 4081 tibi
1800 4044 1916 4079 non

217 4124 478 4176 videtur?
506 4125 568 4176 D.
604 4121 769 4175 Nullo
810 4120 975 4173 modo
1011 4118 1153 4171 mihi
1192 4117 1357 4169 aliter
1385 4115 1561 4168 videri
1590 4118 1792 4183 potest.
1826 4115 1907 4167 Μ.

219 4212 405 4276 Quid?
436 4210 575 4265 illud
605 4225 793 4262 nonne
827 4207 1128 4277 approbas,
1158 4205 1296 4257 alios
1327 4203 1450 4257 aliis
1477 4203 1649 4272 pedes
1680 4200 1914 4271 aequali-

218 4304 335 4354 tate
367 4303 585 4353 servata
624 4314 743 4351 esse
782 4295 1150 4349 miscendos?
1188 4291 1331 4356 Quid
1365 4290 1519 4343 enim
1551 4289 1782 4342 auribus
1812 4304 1914 4357 po-

217 4392 326 4443 test
347 4386 656 4458 jucundius
679 4402 819 4449 esse,
845 4400 1018 4454 quam
1049 4398 1176 4435 cum
1196 4385 1249 4433 et
1270 4379 1538 4432 varietate
1571 4378 1913 4443 mulcentur,

216 4494 323 4531 nec
358 4476 682 4547 mqualitate
722 4470 1094 4527 fraudantur?
1136 4474 1200 4524 D.
1242 4468 1385 4523 Satis
1427 4467 1624 4537 probo.
1658 4468 1733 4520 Μ.
1769 4466 1917 4518 Num

215 4582 413 4619 censes
434 4564 571 4617 alios
594 4564 841 4633 aequales
860 4560 1151 4614 habendos
1180 4558 1374 4629 pedes,
1396 4555 1503 4608 nisi
1530 4554 1627 4625 qui
1659 4554 1915 4623 ejusdem

215 4669 501 4709 mensura:
549 4653 717 4704 sunt?
745 4654 813 4705 1).
867 4651 946 4702 Ita
996 4647 1275 4702 existimo.
1318 4647 1390 4699 Μ.
1434 4643 1618 4707 Quid?
1660 4643 1915 4712 ejusdem

215 4756 503 4796 mensurae
533 4737 849 4809 putandine
890 4740 1041 4802 sunt,
1084 4734 1195 4788 nisi
1231 4733 1330 4804 qui
1356 4731 1629 4801 temporis
1658 4734 1915 4784 tantum—

214 4830 348 4884 dem
388 4830 702 4898 occupant?
739 4829 803 4880 D.
840 4826 1047 4878 Verum
1082 4827 1184 4876 est.
1228 4826 1300 4877 M.
1334 4822 1485 4885 Quos
1524 4837 1659 4891 ergo
1690 4820 1917 4873 invene-

216 4918 295 4971 ris
324 4916 498 4987 pedes
533 4914 771 4969 totidem
802 4918 1143 4982 temporum,
1178 4910 1298 4964 sine
1336 4909 1560 4963 aurium
1604 4908 1914 4962 offensione

216 5010 501 5060 contexes.
534 5004 609 5057 D.
642 5002 813 5057 Video
844 5018 961 5055 esse
991 5014 1371 5070 consequens.

284 5162 310 5222 ¹ν
333 5160 469 5208 Libri
501 5164 702 5209 veteres
737 5161 933 5222 absque
970 5157 1317 5220 explicatione
1348 5159 1399 5203 et
1439 5154 1678 5222 exemplo
1704 5154 1813 5222 ullo
1844 5154 1917 5201 sic

220 5221 377 5284 pedes
397 5227 673 5270 recensent
695 5237 706 5269 :
744 5215 963 5271 Primus
982 5215 1079 5282 pes
1102 5222 1320 5284 pacatur
1338 5215 1703 5284 Pyrrhichius,
1731 5220 1918 5284 Secun-

217 5278 316 5332 Zlus
355 5284 577 5339 (ambus,
618 5285 825 5334 Tertius
854 5278 1369 5342 omn-scriptumque
1401 5281 1703 5342 constanter
1732 5278 1917 5342 praife-

218 5349 345 5393 runt
361 5338 638 5408 spondius,
653 5345 978 5408 dispertitum.
990 5338 1165 5405 pman,
1187 5356 1277 5408 pro
1286 5338 1415 5408 span
1424 5338 1916 5408 deus,_dispongieus,

218 5402 400 5470 ρίιόηῖ
418 5409 546 5456 Item
572 5402 665 5470 pro
685 5402 1486 5470 tribraclurs‘etamphibrachus,
1502 5402 1697 5450 habent
1716 5402 1917 5463 aliquo-

221 5465 319 5519 ties
352 5465 657 5531 tribrachys
682 5474 732 5519 ct
762 5465 1180 5531 amphibrachys.

1667 242 1878 297 LIBER
1929 238 2317 296 SECUNDUS.

3604 245 3740 297 1110

2050 360 2272 415 CAPUT
2302 363 2364 415 Χ.
2399 392 2465 400 -
2483 348 2921 431 Amphibrachus
2946 377 3036 416 nec
3063 376 3161 430 per
3184 376 3239 417 se
3264 377 3357 416 nec
3388 364 3513 418 aliis
3536 365 3741 418 mimus

2273 464 2487 504 versum
2515 452 2740 517 conﬁcit.
2767 452 2840 503 De
2863 452 3123 504 levatione
3152 454 3202 505 et
3223 452 3505 519 positione.

2123 558 2203 609 t7.
2234 558 2307 610 M.
2341 556 2511 610 Recte
2569 555 2836 624 quidem:
2884 557 2981 609 sed
3030 556 3215 609 adhuc
3270 555 3534 609 nonnihil
3582 572 3739 627 qum-

2045 642 2241 697 stionis
2263 659 2351 697 res
2372 643 2563 697 habet.
2596 643 2733 696 Nam
2757 658 2886 696 cum
2904 644 3359 713 Amphibrachus
3371 660 3470 713 pes
3492 648 3738 713 quatuor

2044 731 2116 789 sit
2142 736 2490 800 temporum,
2521 735 2733 800 negant
2762 746 2894 785 eum
2924 730 3156 799 quidam
3187 747 3347 801 posse
3372 732 3619 801 misceri,
3651 732 3737 786 vel

2044 819 2280 890 dactylis
2306 820 2393 872 vel
2426 819 2729 889 anaprestis
2757 820 2843 872 vel
2878 819 3147 888 spondeis
3178 820 3267 872 vel
3296 821 3735 889 proceleumati-

2042 906 2156 961 cis:
2187 923 2321 961 nam
2351 907 2411 961 hi
2442 912 2575 961 sunt
2603 923 2800 961 omnes
2834 911 3248 977 quaternorum
3286 911 3605 975 temporum
3632 924 3737 977 pe-

2042 994 2177 1047 des:
2210 998 2409 1048 etnon
2434 995 2620 1048 solum
2662 994 2785 1048 istis
2835 1010 2967 1047 eum
3018 998 3233 1064 negant
3282 1010 3445 1063 posse
3487 994 3734 1063 misceri,

2040 1082 2137 1135 sed
2167 1098 2268 1135 nec
2294 1098 2360 1135 ex
2383 1082 2506 1151 ipso
2534 1082 2655 1135 solo
2686 1082 2928 1151 repetito
2956 1086 3011 1135 et
3040 1082 3269 1136 sibimet
3288 1097 3562 1148 conuexo,
3586 1087 3735 1137 recte

2040 1173 2097 1222 et
2126 1169 2287 1239 quasi
2320 1169 2572 1239 legitime
2614 1169 2923 1239 procedere
2972 1185 3278 1223 numerum
3314 1173 3537 1239 putant.
3579 1170 3735 1233 Quo—

2039 1274 2168 1312 rum
2200 1259 2529 1327 opinionem
2570 1258 2925 1312 considerare
2956 1275 3057 1311 nos
3085 1262 3330 1327 oportet,
3357 1274 3429 1311 ne
3460 1258 3596 1328 quid
3625 1260 3736 1313 ha-

2037 1346 2169 1400 beat
2196 1346 2449 1411 rationis,
2498 1346 2654 1416 quod
2685 1346 2846 1416 sequi
2876 1350 2932 1399 et
2957 1346 3273 1415 approbare
3312 1346 3631 1401 conveniat.
3664 1351 3731 1401 D.

2039 1434 2215 1503 Cupio
2260 1438 2430 1504 atque
2464 1450 2601 1487 aveo
2648 1450 2881 1503 prorsus
2909 1433 3106 1486 audire
3146 1432 3281 1502 quid
3312 1433 3573 1489 afferant.
3611 1435 3734 1488 Non

2038 1521 2191 1576 enim
2221 1538 2426 1593 parum
2448 1537 2538 1574 me
2570 1525 2778 1585 movet,
2805 1537 2935 1574 cum
2958 1520 3382 1590 duodetriginta
3400 1521 3575 1590 pedes
3602 1521 3734 1591 sint,

2038 1626 2179 1680 quos
2204 1610 2349 1663 ratio
2384 1613 2679 1679 persecuta
2708 1613 2808 1675 est,
2842 1610 2993 1662 hunc
3023 1608 3207 1662 solum
3238 1608 3457 1662 excludi
3489 1625 3523 1661 a
3552 1610 3735 1663 conti-

2038 1699 2311 1753 nuatione
2352 1714 2744 1764 numerorum,
2782 1713 2912 1751 cum
2958 1701 3185 1750 tantum
3230 1697 3399 1766 spatii
3444 1702 3636 1752 teneat
3674 1698 3735 1752 in

2035 1793 2294 1858 tempore
2321 1791 2601 1857 quantum
2632 1787 2886 1857 dactylus
2916 1789 2971 1839 et
3000 1784 3097 1839 alii
3127 1800 3269 1854 quos
3296 1800 3462 1854 pares
3493 1802 3735 1840 enume-

2034 1876 2192 1942 rasti,
2240 1892 2380 1947 quos
2422 1879 2757 1928 connectere
2806 1889 2977 1927 nemo
3025 1872 3379 1943 prohibetur.
3430 1875 3503 1927 M.
3562 1875 3734 1944 Atqui

2036 1979 2180 2033 opus
2205 1965 2305 2027 est,
2342 1964 2402 2013 ut
2429 1960 2535 2014 hoc
2565 1959 2842 2029 dispicere
2873 1960 3081 2026 valeas,
3111 1957 3468 2011 considerare
3499 1962 3734 2013 caeteros

2032 2050 2224 2122 pedes,
2247 2048 2735 2119 quemadmodum
2752 2045 2982 2099 sibimet
3009 2060 3210 2099 eorum
3230 2049 3419 2114 partes
3439 2046 3733 2101 conferan-

2032 2142 2163 2191 tur:
2188 2137 2269 2191 ita
2298 2136 2452 2190 enim
2480 2134 2700 2189 videbis
2726 2134 2859 2188 huic
2890 2132 2989 2186 uni
3020 2132 3295 2203 quiddam
3332 2133 3585 2187 accidere
3624 2149 3733 2187 no-

2032 2242 2168 2280 vum
2198 2242 2262 2279 ac
2289 2224 2599 2295 singulare,
2632 2226 2696 2276 ut
2724 2239 2839 2277 non
2870 2223 3080 2277 frustra
3110 2220 3347 2275 minime
3376 2220 3732 2275 adhibendus

2032 2315 2103 2369 ad
2127 2329 2396 2369 numeros
2419 2312 2705 2383 judicatus
2734 2310 2822 2365 sit.

2108 2401 2190 2453 18.
2244 2399 2350 2453 Sed
2382 2399 2487 2452 hoc
2517 2398 2681 2452 nobis
2721 2395 3228 2463 considerantibus,
3279 2411 3422 2465 opus
3478 2398 3561 2449 est
3610 2396 3733 2451 haec

2033 2487 2147 2541 duo
2177 2487 2413 2541 nomina
2441 2486 2716 2541 mandare
2755 2484 3075 2553 memoriae,
3114 2484 3455 2539 levationem
3488 2487 3543 2537 et
3575 2483 3731 2554 posi-

2027 2576 2268 2630 tionem.
2302 2577 2365 2629 In
2412 2574 2736 2645 plaudendo
2782 2572 2937 2627 enim
2986 2571 3121 2643 quia
3165 2571 3385 2625 levatur
3414 2575 3469 2625 et
3496 2571 3733 2642 ponitur

2030 2678 2255 2728 manus,
2282 2666 2507 2732 partem
2536 2662 2695 2732 pedis
2724 2661 2832 2715 sibi
2866 2661 3070 2715 levatio
3100 2660 3369 2726 vindicat,
3396 2665 3619 2730 partem
3634 2676 3732 2730 po-

2029 2749 2178 2804 sitio.
2212 2752 2403 2804 Partes
2434 2754 2626 2803 autem
2652 2748 2862 2819 pedum
2896 2748 3021 2803 dico
3051 2748 3195 2814 illas,
3228 2748 3295 2801 de
3328 2747 3535 2817 quibus
3559 2763 3729 2818 supe-

2031 2837 2172 2903 rius,
2196 2853 2326 2891 cum
2348 2853 2441 2890 eos
2464 2837 2663 2890 ordine
2684 2850 3183 2905 persequeremur,
3216 2834 3351 2887 satis
3380 2834 3595 2888 dictum
3624 2838 3727 2888 est.

2031 2925 2303 2990 Quocirca
2359 2925 2406 2977 si
2455 2925 2563 2978 hoc
2608 2924 2837 2994 probas,
2887 2922 3077 2992 incipe
3134 2936 3428 2975 recensere
3482 2922 3730 2975 breviter

2029 3029 2325 3067 mensuras
2354 3012 2605 3082 partium
2640 3012 2701 3064 in
2740 3010 3007 3064 omnibus
3043 3009 3301 3080 pedibus,
3332 3013 3396 3062 ut
3427 3009 3565 3079 quid
3595 3008 3731 3063 huic

2030 3101 2129 3155 uni
2156 3102 2225 3155 de
2256 3116 2368 3171 quo
2399 3099 2589 3170 agitur
2617 3098 2915 3169 proprium
2948 3096 3234 3163 acciderit,
3268 3096 3507 3151 noveris.
3539 3100 3606 3151 D.
3637 3097 3730 3151 Vi-

2029 3191 2135 3244 deo
2166 3189 2420 3259 primum
2439 3187 2834 3257 pyrrhichium
2857 3190 3084 3239 tantum
3118 3185 3328 3239 habere
3359 3185 3419 3238 in
3450 3185 3728 3239 levatione

2029 3281 2308 3348 quantum
2361 3276 2422 3328 in
2464 3274 2778 3344 positione.
2828 3272 3123 3342 Spondeus
3164 3288 3411 3342 quoque,
3452 3272 3726 3341 dactylus,

2028 3369 2373 3434 anapaestus,
2424 3361 2955 3433 proceleumaticus,
2998 3360 3379 3424 choriambus,
3423 3359 3724 3426 diiambus,

2028 3452 2335 3518 dichorius,
2398 3450 2761 3520 antispastus,
2822 3448 3194 3518 dispondeus,
3251 3448 3451 3501 eadem
3507 3447 3728 3501 ratione

2030 3540 2389 3594 dividuntur:
2439 3553 2572 3591 nam
2618 3536 2978 3591 tantumdem
3019 3534 3288 3604 temporis
3331 3533 3391 3587 in
3430 3534 3518 3587 his
3563 3534 3729 3602 ponit

2027 3629 2280 3698 plausus,
2325 3629 2603 3695 quantum
2648 3625 2814 3677 levat.
2865 3622 3038 3675 Video
3083 3621 3415 3687 secundum,
3466 3620 3724 3674 iambum

2028 3714 2220 3784 simpli
2240 3717 2296 3768 et
2318 3712 2477 3782 dupli
2504 3712 2714 3765 habere
2730 3709 3040 3775 rationem;
3066 3724 3239 3778 quam
3261 3708 3539 3761 rationem
3556 3723 3725 3760 cerno

2027 3807 2084 3856 et
2108 3802 2167 3855 in
2199 3801 2393 3856 chorio
2428 3805 2482 3855 et
2507 3800 2565 3853 in
2606 3798 2893 3853 tribracho
2928 3800 2983 3851 et
3013 3796 3072 3850 in
3108 3796 3374 3861 molosso,
3404 3794 3538 3849 etin
3563 3798 3723 3847 utro-

2027 3907 2137 3961 que
2171 3889 2378 3943 ionico.
2411 3890 2537 3942 Jam
2567 3887 2740 3956 hujus
2770 3884 3166 3955 amphibrachi
3196 3883 3402 3937 levatio
3432 3886 3488 3936 et
3518 3882 3723 3953 positio

2028 3981 2185 4048 (nam
2216 3978 2339 4047 ipsa
2370 3976 2513 4030 mihi
2552 3992 2617 4029 ex
2648 3974 2846 4029 ordine
2880 3972 3143 4038 occurrit,
3177 3971 3267 4025 cui
3297 3986 3461 4041 pares
3489 3974 3725 4024 caeteros

2026 4067 2323 4138 quaeram),
2356 4064 2548 4135 simpli
2579 4068 2635 4117 et
2655 4063 2811 4133 tripli
2835 4062 3055 4115 ratione
3089 4063 3323 4113 constat.
3357 4058 3467 4113 Sed
3496 4073 3614 4111 non
3644 4056 3726 4109 in-

2026 4155 2189 4209 venio
2219 4170 2451 4224 prorsus
2478 4152 2653 4205 alium
2685 4150 2970 4219 deinceps,
3014 4149 3176 4219 cujus
3208 4146 3315 4199 sibi
3346 4150 3534 4215 partes
3565 4147 3723 4197 tanto

2026 4243 2321 4297 intervallo
2349 4240 2735 4294 conferantur.
2761 4238 2903 4291 Nam
2924 4252 3052 4290 cum
3076 4252 3169 4288 eos
3194 4233 3491 4287 considero
3516 4232 3575 4284 in
3603 4230 3725 4301 qni-

2026 4332 2131 4385 bus
2178 4345 2293 4383 una
2336 4327 2518 4381 brevis
2569 4331 2650 4379 est
2690 4329 2747 4379 et
2778 4326 2904 4379 dum
2946 4326 3152 4392 longae,
3201 4321 3260 4374 id
3290 4325 3375 4372 est
3403 4317 3723 4386 bacchium,

2027 4418 2295 4473 creticum
2336 4420 2390 4469 et
2432 4413 2927 4485 palimbacchium,
2976 4407 3331 4481 sesquialteri
3368 4406 3595 4459 numeri
3633 4422 3721 4458 ra-

2025 4507 2178 4562 tione
2218 4500 2566 4560 levationem
2618 4518 2679 4555 ac
2722 4502 3065 4573 positionem
3108 4499 3165 4551 in
3214 4496 3302 4550 his
3355 4494 3479 4549 tieri
3536 4493 3723 4547 video.

2028 4596 2233 4650 Eadem
2262 4593 2406 4651 ratio
2429 4597 2510 4645 est
2532 4595 2586 4645 et
2606 4592 2665 4645 in
2694 4591 2761 4643 iis
2791 4593 3058 4660 quatuor,
3090 4586 3149 4639 in
3177 4584 3384 4654 quibus
3415 4599 3527 4636 una
3553 4582 3725 4651 longa

2026 4689 2110 4738 est
2137 4687 2193 4737 et
2221 4687 2334 4736 tres
2362 4682 2580 4747 breves,
2615 4679 2714 4750 qui
2745 4682 2989 4749 quatuor
3027 4688 3255 4744 paeones
3296 4688 3362 4725 ex
3392 4670 3588 4725 ordine
3619 4687 3722 4724 no-

2026 4773 2338 4827 minantur.
2394 4769 2619 4838 Reliqui
2649 4770 2781 4819 sunt
2824 4768 3069 4834 quatuor
3115 4759 3332 4831 epitriti
3369 4760 3628 4813 similiter
3656 4775 3724 4812 ex

2026 4861 2224 4915 ordine
2252 4856 2583 4927 nuncupati,
2631 4868 2879 4924 quorum
2910 4851 3255 4905 levationem
3286 4865 3349 4902 ac
3378 4848 3718 4919 positionem

2026 4946 2421 5017 sesquitertius
2451 4957 2725 4998 numerus
2755 4940 3027 4994 continet.

2100 5040 2183 5091 19.
2217 5038 2289 5090 Μ.
2344 5035 2491 5088 Num
2540 5030 2715 5101 igitur
2744 5044 2950 5099 parum
2981 5026 3082 5081 tibi
3112 5026 3265 5097 justa
3300 5040 3467 5080 causa
3500 5023 3724 5078 videtur

2026 5140 2169 5190 esse,
2202 5138 2302 5177 cur
2341 5122 2447 5174 iste
2498 5135 2596 5189 pes
2649 5119 2722 5185 (α)
2755 5118 2822 5171 ad
2866 5117 3070 5170 seriem
3109 5129 3472 5169 numerosam
3519 5125 3721 5163 vocum

2028 5226 2142 5263 non
2171 5208 2524 5275 admittatur,
2547 5206 2697 5276 quod
2721 5205 2896 5259 solius
2925 5208 3111 5275 partes
3135 5208 3251 5257 tam
3274 5204 3445 5270 longe
3475 5215 3507 5251 a
3535 5213 3592 5250 se
3622 5196 3723 5249 dif-

2026 5298 2228 5361 ferant,
2265 5300 2325 5349 ut
2353 5311 2470 5348 una
2501 5295 2706 5364 simpla
2737 5294 2829 5360 sit,
2865 5293 2975 5347 alia
3010 5291 3219 5363 tripla?
3266 5288 3527 5342 Vicinitas
3568 5283 3721 5338 enim

2095 5460 2163 5520 (α)
2198 5456 2629 5519 Amphibrachus.
