4098 6182
490 251 617 304 1111

478 371 746 444 quadam
799 370 1054 442 partium
1103 372 1261 424 tanto
1321 373 1406 424 est
1461 368 1872 440 approbatione
1929 370 2177 442 dignior,

476 464 691 533 quanto
723 464 806 514 est
832 459 1097 530 proxima
1126 457 1460 529 aequalitati.
1499 460 1695 529 Itaque
1726 457 1786 512 in
1815 459 1908 513 illa
1940 462 2137 532 regula
2163 461 2181 496 ¹

476 563 852 604 numerorum
885 563 1017 601 cum
1046 547 1116 600 ab
1147 562 1262 600 uno
1294 561 1474 616 usque
1504 546 1577 600 ad
1607 551 1852 616 quatuor
1878 549 2173 618 progredi-

476 651 626 703 mur,
669 635 812 690 nihil
861 634 1170 704 unicuique
1209 636 1292 686 est
1331 632 1516 702 seipso
1550 635 1947 707 propinquius.
1989 637 2172 701 Quare

474 723 617 778 illud
637 723 697 777 in
716 723 920 794 primis
945 721 1388 792 approbandum
1418 726 1504 776 est
1527 722 1586 776 in
1617 724 1880 795 pedibus,
1904 741 2034 780 cum
2055 731 2174 780 tau-

473 811 732 866 tumdem
767 811 978 865 habent
1006 813 1196 880 partes
1236 810 1308 864 ad
1334 809 1607 878 invicem;
1654 812 1856 867 deinde
1894 814 2176 885 c0pulatio

475 898 668 968 simpli
699 901 754 952 et
782 897 942 968 dupli
973 897 1258 952 eminetin
1289 914 1406 952 uno
1435 903 1494 953 et
1523 899 1770 968 duobus;
1805 902 2177 973 sesquialtera

473 1001 604 1039 vero
635 985 922 1055 copulatio
954 984 1014 1038 in
1052 985 1275 1040 duobus
1314 989 1371 1040 et
1396 987 1578 1040 tribus
1611 992 1876 1059 apparet;
1902 990 2025 1060 jam
2051 1007 2172 1044 ses-

472 1072 765 1145 quitertia,
788 1073 971 1127 tribus
1001 1079 1058 1128 et
1078 1078 1343 1144 quatuor.
1377 1073 1658 1146 Simplum
1687 1092 1819 1131 vero
1853 1081 1912 1132 et
1939 1078 2174 1148 triplum

473 1176 804 1232 quanquam
833 1160 1309 1231 complicatorum
1336 1178 1711 1218 numerorum
1735 1163 1860 1234 lege
1889 1168 2171 1234 teneatur,

472 1264 588 1303 non
613 1247 896 1303 tamenin
935 1249 1136 1304 ordine
1168 1249 1268 1303 illo
1298 1249 1521 1305 sibimet
1558 1251 1842 1307 cohaeret:
1876 1269 1991 1307 non
2018 1253 2172 1308 enim

470 1341 601 1406 post
622 1353 803 1391 unum
834 1336 945 1390 tria
974 1353 1362 1403 numeramus,
1393 1338 1491 1393 sed
1511 1338 1582 1392 ab
1609 1356 1723 1393 uno
1754 1341 1826 1395 ad
1856 1341 2173 1396 ternarium

472 1440 777 1478 numerum
817 1424 1040 1479 binario
1088 1425 1421 1496 interposito
1465 1427 1814 1496 pervenitur.
1862 1431 1989 1486 Haec
2025 1431 2172 1485 ratio

471 1517 556 1567 est
584 1528 700 1583 qua
736 1513 1118 1567 excludendus
1154 1513 1448 1583 judicatur
1489 1515 1933 1585 amphibrachus
1963 1534 2064 1588 pes
2100 1519 2171 1574 ab

471 1616 540 1654 ea
569 1600 927 1670 copulatione
956 1601 1024 1656 de
1055 1617 1168 1671 qua
1193 1601 1504 1672 quaerimus
1525 1600 1568 1669 ³,
1592 1619 1722 1673 quae
1753 1603 1803 1657 si
1830 1604 1928 1658 abs
1958 1609 2013 1660 te
2041 1621 2172 1676 pro-

471 1689 658 1753 batur,
697 1694 900 1742 caetera
937 1688 1250 1744 videamus.
1291 1693 1356 1744 D.
1395 1691 1676 1746 Probatur
1713 1708 1847 1747 sane
1876 1708 2010 1748 nam
2047 1710 2170 1748 ma-

469 1775 835 1830 nifestissima
856 1779 1026 1848 atque
1056 1776 1372 1832 certissima
1401 1782 1503 1834 est.

647 1863 869 1919 CAPUT
897 1866 982 1920 ΧΙ.
1017 1895 1086 1906 --
1122 1866 1323 1920 Pedum
1352 1866 1694 1922 rationabilis
1722 1869 1986 1923 mia'tura.

443 1988 446 1990 η
538 1952 628 2005 20.
686 1953 762 2007 Μ.
825 1952 965 2007 Cum
1023 1969 1158 2025 ergo
1209 1953 1450 2024 placeat,
1508 1970 1740 2026 quoquo
1788 1956 1960 2010 modo
2004 1972 2062 2010 se
2109 1956 2169 2010 in

466 2039 696 2110 syllabis
723 2039 990 2110 habeant,
1026 2045 1220 2097 tamen
1247 2042 1294 2096 si
1326 2042 1581 2113 ejusdem
1611 2043 1779 2114 spatii
1806 2043 1920 2099 sint
1947 2045 2008 2099 in
2037 2049 2169 2100 tem-

465 2143 629 2198 pore,
661 2133 812 2183 recte
837 2129 944 2185 sibi
988 2135 1046 2185 et
1082 2130 1203 2185 sine
1241 2130 1584 2186 detrimento
1621 2132 1960 2203 aequalitatis
1996 2133 2169 2205 pedes

464 2230 631 2286 posse
661 2215 911 2286 misceri,
941 2222 1177 2288 excepto
1209 2219 1485 2273 duntaxat
1515 2220 1957 2290 amphibracho;
1985 2223 2167 2293 qumri

467 2318 582 2356 non
628 2302 917 2359 immerito
961 2309 1163 2374 potest,
1212 2311 1410 2360 utrum
1454 2310 1605 2361 recte
1650 2308 2016 2376 misceantur,
2067 2309 2168 2381 qui

467 2405 796 2462 quanquam
828 2391 942 2446 sint
980 2394 1228 2464 aequales
1267 2397 1546 2464 tempore,
1589 2411 1706 2450 non
1745 2398 1945 2453 eadem
1973 2402 2165 2454 tamen

467 2478 832 2547 percussione
870 2481 1232 2547 concordant,
1270 2497 1400 2552 quae
1440 2482 1726 2538 levatione
1775 2501 1840 2539 ac
1884 2486 2164 2556 positione

460 2569 652 2636 partes
698 2565 860 2637 pedis
911 2566 1139 2623 sibimet
1177 2569 1422 2624 confert.
1474 2571 1616 2625 Nam
1662 2571 1914 2643 dactylus
1942 2579 2000 2628 et
2029 2591 2163 2629 ana-

464 2657 673 2725 paestus
699 2659 758 2709 et
790 2655 1080 2724 spondens
1119 2672 1238 2711 non
1269 2658 1457 2712 solum
1498 2659 1808 2730 aequalium
1837 2665 2164 2732 temporum

464 2747 615 2808 sunt,
649 2742 748 2796 sed
779 2742 953 2798 etiam
989 2744 1391 2814 percutiuntur
1427 2747 1756 2818 aequaliter:
1797 2748 1859 2804 in
1898 2752 2165 2807 omnibus

463 2829 619 2884 enim
649 2833 871 2885 tantum
900 2831 1128 2895 levatio,
1169 2838 1449 2904 quantum
1490 2834 1698 2906 positio
1734 2836 1844 2891 sibi
1881 2838 2152 2897 vindicat.

463 2920 658 2989 Itaque
685 2917 747 2972 hi
777 2918 886 2973 sibi
915 2919 1229 2975 miscentur
1252 2923 1461 2993 justius
1482 2940 1657 2994 quam
1679 2926 1922 2996 quilibet
1944 2927 2164 2984 ionicus

461 3005 678 3060 caeteris
702 3021 798 3061 sex
823 3009 1151 3078 temporum
1188 3009 1449 3079 pedibus.
1485 3013 1731 3084 Uterque
1770 3014 1986 3086 quippe
2013 3017 2160 3071 ioni-

462 3109 561 3147 cus
609 3093 679 3147 ad
723 3092 996 3164 simplum
1025 3099 1082 3149 et
1130 3096 1372 3167 duplum
1411 3099 1750 3168 percutitur,
1799 3101 1911 3157 duo
1950 3103 2163 3159 scilicet

465 3183 727 3248 tempora
755 3184 1000 3251 quatuor
1028 3184 1383 3254 temporibus
1409 3185 1721 3242 conferens.
1756 3189 1852 3244 His
1880 3192 2161 3247 molossus

463 3266 639 3321 etiam
666 3266 726 3321 in
756 3268 859 3322 hac
886 3285 948 3322 re
975 3271 1255 3340 congruit.
1300 3274 1500 3328 Caeteri
1540 3291 1670 3330 vero
1699 3276 1776 3348 (a)
1808 3278 1881 3333 ad
1906 3282 2158 3335 tantum-

460 3353 619 3422 dem;
651 3371 786 3410 nam
815 3356 875 3411 in
899 3357 988 3411 his
1016 3352 1285 3414 levationi
1312 3377 1376 3415 ac
1407 3362 1678 3432 positioni
1707 3368 1870 3421 terna
1899 3372 2160 3440 tempora

459 3441 812 3500 tribuuntur.
855 3447 999 3516 Ergo
1050 3448 1269 3503 tametsi
1309 3465 1508 3505 omnes
1545 3451 1798 3523 legitime
1839 3455 2154 3527 feriantur;

459 3541 594 3583 nam
623 3533 679 3583 et
702 3529 789 3584 illi
817 3534 931 3586 tres
962 3531 1154 3605 simpli
1179 3537 1234 3588 et
1261 3535 1424 3606 dupli
1445 3537 1684 3608 ratione,
1713 3543 1768 3593 et
1792 3540 1889 3595 alii
1909 3547 2157 3612 quatuor

457 3615 638 3686 requis
653 3617 1236 3690 partibusferiuntur;
1259 3626 1452 3679 tamen
1473 3625 1608 3695 quia
1628 3627 2156 3703 plausuminaaqua-

454 3703 569 3758 lem
596 3705 732 3759 facit
752 3705 860 3760 ista
876 3707 1203 3777 permixtio,
1229 3711 1380 3765 haud
1408 3712 1523 3768 scio
1546 3731 1617 3768 an
1631 3715 1763 3784 jure
1786 3717 2150 3788 repudietur:

455 3791 565 3844 nisi
595 3791 734 3862 quid
760 3793 934 3848 habes
964 3796 1036 3849 ad
1066 3797 1205 3851 haec.
1238 3802 1305 3854 D.
1360 3801 1668 3856 Proclivior
1712 3820 1838 3858 sum
1886 3805 1949 3860 in
1985 3806 2153 3864 istam

455 3869 814 3934 sententiam.
858 3882 1001 3936 Nam
1020 3882 1321 3954 inaequalis
1343 3887 1575 3957 plausus
1603 3892 1892 3959 quomodo
1923 3909 2152 3952 sensum

453 3979 569 4017 non
598 3964 851 4052 offendat
877 3967 1080 4037 ignoro
1107 3984 1120 4022 :
1151 3969 1197 4022 si
1227 3976 1417 4025 autem
1449 3973 1704 4043 offendit,
1733 3993 1851 4032 non
1877 3980 2076 4052 utique
2093 3983 2152 4040 id

452 4055 641 4123 potest
667 4051 789 4107 sine
814 4052 950 4108 vitio
979 4055 1148 4126 hujus
1176 4059 1568 4128 permixtionis
1594 4064 1866 4122 accidere.

521 4143 610 4196 2i.
637 4145 710 4198 Μ.
739 4143 913 4214 Atqui
951 4144 1092 4199 scias
1117 4151 1331 4202 veteres
1361 4149 1678 4207 miscendos
1697 4155 1982 4226 judicasse
2011 4158 2150 4216 istos

448 4229 641 4299 pedes,
675 4234 732 4285 et
760 4230 970 4287 horum
1012 4233 1283 4292 mixtione
1325 4254 1520 4293 versus
1563 4244 1907 4314 compositos
1953 4249 2149 4304 condi-

449 4318 615 4374 disse.
649 4319 759 4374 Sed
803 4337 875 4375 ne
918 4326 972 4376 te
1012 4324 1345 4381 auctoritate
1385 4344 1647 4397 premere
1692 4333 1906 4402 videar,
1958 4339 2148 4409 accipe

447 4406 664 4478 aliquid
686 4407 894 4463 horum
923 4425 1212 4479 versuum,
1245 4417 1301 4468 et
1329 4414 1457 4470 vide
1489 4421 1682 4473 utrum
1711 4421 1965 4479 offendat
1993 4406 2149 4482 audi-

445 4501 588 4550 tum.
617 4495 674 4552 Si
699 4498 854 4553 enim
883 4515 1000 4554 non
1026 4500 1195 4555 modo
1223 4519 1341 4557 non
1368 4503 1690 4577 offenderit,
1721 4511 1818 4566 sed
1851 4487 2024 4569 etiam
2056 4517 2147 4571 de-

446 4582 754 4671 lectaverit,
779 4587 936 4642 nulla
953 4587 1061 4643 erit
1074 4589 1221 4644 ratio
1238 4591 1409 4662 hujus
1423 4593 1713 4650 mixtionis
1726 4598 2140 4671 improbandae.

448 4670 651 4726 Versus
681 4677 870 4729 autem
899 4675 944 4730 ii
972 4681 1104 4732 sunt
1133 4695 1275 4749 quos
1305 4681 1560 4737 advertas
1589 4686 1751 4741 volo:

631 4760 961 4840 gicopgsona
985 4779 1102 4830 quas
1129 4772 1271 4840 sunt,
1307 4770 1409 4819 nisi
1438 4771 1708 4840 vocalibus
1737 4780 1901 4840 aptes,

632 4822 757 4896 Pars
781 4822 1058 4896 dimidium
1080 4830 1227 4878 vocis
1256 4822 1389 4896 opus
1418 4822 1862 4896 proferetexﬂsevzi

629 4883 755 4955 Pars
776 4892 926 4935 muta
943 4890 1060 4955 soni
1091 4883 1399 4955 comprimet
1421 4883 1519 4944 bra
1545 4883 1861 4950 mouentum
1880 4915 1892 4949 :

629 4944 738 5022 Illis
768 4959 930 4996 sonus
957 4944 1232 5022 obscurior
1259 4944 1680 5022 impeditior-que,

628 5006 920 5072 Utrumque
954 5015 1130 5063 tamen
1154 5006 1414 5078 promitur
1441 5033 1530 5069 ore
1561 5006 1859 5072 sem’icluso.

1485 5083 1503 5142 (
1511 5085 1891 5148 Terentianus.)

504 5155 613 5241 inin.
632 5156 700 5241 I3;
721 5155 1078 5241 deestlroc‘ula
1100 5165 1381 5241 inﬁgi-iam.
1399 5171 1726 5241 restituimus
1759 5187 1822 5222 ex
1855 5174 1954 5241 Er._
1971 5176 2134 5241 Lugd.

439 5214 572 5298 vix}:
584 5219 796 5298 licvit
817 5221 1013 5298 uses
1029 5227 1087 5298 et
1097 5225 1155 5298 is:
1170 5214 2139 5298 'thgdadjﬁ'i6667&&,'§u3&'h§13§5i

437 5276 780 5345 Benedictini,
810 5295 922 5332 esse
947 5284 1002 5332 in
1027 5284 1199 5345 editis,
1227 5276 1370 5339 istas

498 5343 520 5375 ³
544 5343 604 5390 In
634 5343 710 5414 B.,
748 5346 1094 5414 quasieimus.
1120 5343 1203 5397 Er.
1237 5351 1401 5414 Lugd.
1442 5355 1573 5404 Ven.
1608 5357 1729 5407 Lov.
1763 5373 1858 5409 nec
1892 5373 1999 5411 non
2033 5363 2128 5413 Ms.

434 5399 496 5463 Α,
508 5464 515 5467 _
527 5399 826 5467 qumrimus.
896 5409 962 5456 Μ.

498 5464 572 5529 (ἀ)
591 5466 950 5534 Choriambus,
982 5470 1263 5535 diiambus,
1295 5473 1578 5540 dichorius,
1605 5482 1942 5546 antispastus.

1762 249 1854 303 DE
1892 248 2176 317 MUSICA,
2221 249 2274 306 S.
2318 248 2701 306 AUGUSTINI

3815 251 3914 303 lll‘l

2282 371 2426 427 Satis
2452 387 2573 425 esse
2605 369 2850 425 arbitror
2877 369 2948 423 ad
2963 368 3343 440 judicandum
3360 367 3416 423 id
3439 369 3592 440 quod
3625 369 3759 426 volo.
3778 371 3920 432 Quare

2283 461 2391 526 dic,
2442 475 2660 532 quaeso,
2717 462 2912 513 utrum
2969 456 3115 511 nihil
3171 461 3296 512 tuas
3328 473 3491 511 aures
3551 473 3803 512 numerus
3847 461 3920 515 iste

2282 546 2664 618 permulserit.
2720 549 2784 600 D.
2826 547 2948 599 Imo
2999 544 3143 598 nihil
3201 544 3344 599 mihi
3366 544 3587 599 videtur
3639 562 3842 600 currere
3877 566 3919 602 ac

2283 653 2488 691 sonare
2526 634 2800 691 festivius.
2851 637 2926 689 M.
2985 632 3292 688 Considera
3343 632 3520 704 igitur
3579 635 3762 704 pedes,
3804 635 3920 688 inve-

2284 725 2408 780 nies
2438 724 2691 795 profecto
2717 738 2847 777 cum
2879 721 2994 776 sint
3022 721 3274 793 quinque
3310 737 3524 788 versus,
3573 722 3710 776 duos
3752 723 3918 793 primos

2283 811 2417 867 solis
2472 811 2674 866 ionicis
2730 826 2982 880 currere,
3039 814 3151 864 tres
3218 810 3560 880 posteriores
3623 810 3813 864 habere
3855 813 3918 864 ad-

2282 901 2528 955 mixtum
2580 899 2923 965 dichorium,
2953 914 3084 953 cum
3128 913 3327 952 omnes
3357 898 3595 953 omnino
3622 914 3828 954 sensum
3851 915 3916 953 ne

2282 992 2462 1042 strum
2521 988 2814 1042 communi
2862 987 3187 1059 aequalitate
3239 987 3537 1041 delectent.
3575 989 3636 1040 Β.
3689 987 3798 1039 iam
3843 985 3915 1038 hoc

2282 1077 2678 1145 animadverti,
2707 1081 2763 1131 et
2781 1075 3003 1130 facilius
3025 1080 3078 1129 te
3106 1074 3539 1146 pronuntiante.
3568 1074 3648 1127 Μ.
3672 1073 3800 1137 Quid
3819 1089 3914 1144 ergo

2283 1165 2609 1219 dubitamus
2624 1163 2949 1218 consentire
2963 1163 3246 1218 veteribus
3268 1179 3382 1216 non
3404 1178 3606 1216 eorum
3623 1161 3912 1229 auctoritate,

2283 1253 2381 1307 sed
2411 1253 2536 1323 ipsa
2560 1253 2680 1324 jam
2709 1251 2932 1306 ratione
2969 1251 3122 1319 victi,
3156 1251 3254 1322 qui
3292 1255 3530 1305 censent
3559 1266 3654 1303 eos
3683 1249 3830 1320 pedes
3850 1250 3915 1320 qui

2284 1341 2540 1410 ejusdem
2587 1339 2862 1411 temporis
2893 1344 3025 1394 sunt
3051 1339 3467 1393 rationabiliter
3524 1354 3685 1408 posse
3729 1337 3913 1400 misceri,

2284 1428 2332 1482 si
2357 1428 2606 1482 habeant
2640 1427 2979 1499 legitimam,
3032 1427 3292 1498 quamvis
3323 1426 3613 1481 diversam
3667 1425 3913 1496 percussio-

2279 1532 2413 1571 nem
2431 1516 2458 1570 Ἰ
2491 1518 2561 1571 D.
2596 1517 2742 1572 Cedo
2762 1517 2888 1587 jam
2908 1531 3144 1586 prorsus
3169 1532 3184 1570 :
3211 1532 3347 1570 nam
3368 1532 3461 1570 me
3490 1515 3587 1570 ille
3616 1531 3771 1570 sonus
3797 1513 3911 1586 quid-

2280 1619 2454 1676 quam
2483 1604 2868 1658 contradicere
2895 1619 3012 1657 non
3043 1603 3199 1657 sinit.

2561 1693 2787 1747 CAPUT
2815 1693 2931 1746 XII.
2958 1720 3027 1732 —
3056 1692 3219 1746 Pedes
3247 1706 3342 1746 sea:
3374 1695 3687 1760 temporum.

2349 1781 2436 1834 22.
2467 1781 2540 1833 Μ.
2575 1779 2814 1833 Intende
2844 1777 2984 1832 item
3021 1778 3079 1831 in
3108 1777 3244 1831 istos
3268 1793 3467 1831 versus
3489 1795 3506 1830 :

2467 1866 2597 1914 Volo
2618 1866 2835 1914 tandem
2862 1865 2957 1914 tibi
2986 1879 3186 1927 parcas,
3212 1865 3361 1913 labor
3389 1869 3470 1914 est
3499 1865 3553 1914 in
3583 1863 3776 1921 chartis,

2466 1929 2528 1990 Et
2554 1932 2794 1990 apertum
2829 1927 2902 1976 ire
2927 1941 3019 1990 per
3043 1941 3197 1975 auras
3223 1927 3463 1990 animum
3494 1927 3749 1990 permittas

2463 1989 2639 2038 Placet
2666 1989 2767 2038 hoc
2801 1989 3236 2045 nam’sapienter,
3274 1989 3543 2038 remittere
3571 1989 3807 2037 interdum

2463 2051 2644 2100 Aciem
2674 2052 2830 2100 rebus
2855 2051 3075 2114 agendis
3104 2051 3350 2099 decenter
3390 2051 3665 2100 intentam.

2279 2129 2352 2183 D.
2382 2129 2564 2184 Etiam
2592 2130 2700 2184 hoc
2729 2130 2862 2184 satis
2891 2136 2995 2185 est.
3028 2133 3103 2186 Μ.
3134 2131 3463 2185 Praesertim
3505 2147 3634 2185 cum
3661 2129 3744 2184 isti
3767 2144 3905 2183 versus

2275 2217 2388 2272 sint
2417 2217 2714 2285 inconditi,
2746 2235 2891 2290 quos
2923 2219 3257 2274 necessitate
3288 2219 3359 2273 ad
3392 2224 3620 2291 tempus
3665 2217 3906 2273 fabricatus

2277 2323 2422 2361 sum.
2459 2309 2866 2362 Verumtamen
2896 2313 2953 2362 et
2980 2307 3041 2361 in
3065 2307 3135 2361 iis
3167 2312 3417 2378 quatuor
3447 2308 3671 2380 requiro
3693 2306 3905 2378 judicium

2273 2409 2472 2448 sensus
2499 2394 2604 2449 tui.
2639 2399 2706 2450 D.
2738 2395 2887 2458 Quid
2904 2395 3060 2449 aliud
3093 2401 3150 2450 et
3171 2395 3262 2450 hic
3290 2413 3537 2465 possum,
3564 2396 3754 2461 dicere,
3781 2406 3904 2465 quam

2273 2482 2507 2553 pulchre
2551 2482 2680 2537 illos
2729 2488 3227 2554 congruenterque
3284 2485 3546 2539 sonuisse
3597 2487 3668 2539 M.
3708 2482 3903 2537 Sentisne

2273 2570 2446 2624 etiam
2477 2570 2618 2624 duos
2647 2571 2970 2640 superiores
2986 2571 3164 2626 altero
3195 2571 3384 2626 ionico
3412 2575 3664 2627 constare
3704 2572 3788 2641 qui
3814 2567 3904 2620 dici-

2271 2662 2366 2712 tur
2393 2674 2427 2712 a
2456 2658 2698 2721 minore,
2734 2659 2873 2713 duos
2904 2663 3098 2714 autem
3141 2660 3489 2731 posteriores
3518 2659 3803 2715 diiambum
3826 2656 3898 2709 ha-

2271 2745 2405 2800 bere
2461 2746 2809 2816 permixtum
2832 2748 2861 2801 ‘P
2898 2748 2966 2801 D.
3030 2749 3095 2802 Et
3141 2748 3248 2802 hoc
3275 2751 3332 2802 te
3364 2747 3772 2818 pronuntiando
3806 2742 3896 2798 insi-

2271 2838 2485 2888 nuante
2507 2835 2781 2906 persensi.
2813 2838 2878 2892 E.
2915 2835 3060 2900 Quid
3077 2836 3104 2891 ‘l
3143 2835 3283 2891 illud
3303 2853 3504 2892 nonne
3529 2841 3580 2892 te
3609 2839 3771 2891 movet
3793 2830 3898 2904 quod

2270 2922 2331 2976 in
2361 2922 2472 2977 illis
2494 2923 2819 2978 Terentiani
2849 2924 3104 2979 versibus
3131 2925 3316 2979 ionico
3351 2926 3409 2980 ei
3451 2927 3610 2998 quia
3636 2923 3816 2993 majore
3838 2918 3893 2973 di~

2272 3008 2440 3079 citur,
2467 3009 2785 3078 dichorius;
2820 3009 2880 3065 in
2907 3009 2978 3065 iis
3009 3016 3198 3066 autem
3233 3014 3445 3068 nostris
3476 3013 3632 3068 alteri
3651 3010 3805 3066 ionico
3825 3005 3892 3078 qui

2270 3113 2304 3150 a
2333 3097 2556 3152 minore
2587 3097 2935 3165 nominatur,
2970 3099 3256 3155 diiambus
3297 3101 3510 3157 mixtus
3538 3103 3658 3156 est?
3691 3115 3752 3152 an
3789 3094 3889 3150 nihil

2270 3183 2546 3239 interesse
2579 3185 2914 3242 arbitraris?
2943 3188 3023 3244 D.
3062 3189 3181 3242 Imo
3216 3189 3475 3260 interest,
3506 3193 3562 3244 et
3585 3187 3758 3242 videor
3793 3179 3890 3237 mihi

2269 3271 2554 3326 rationem
2582 3271 2768 3342 ipsam
2797 3272 2987 3329 videre
3014 3291 3026 3328 :
3061 3290 3194 3329 nam
3223 3277 3503 3346 quoniam
3534 3275 3733 3330 ionicus
3757 3288 3782 3324 a
3804 3284 3888 3322 ma-

2262 3359 2389 3429 jore
2416 3375 2450 3413 a
2480 3360 2702 3415 duabus
2731 3360 2930 3431 incipit
2950 3361 3165 3434 longis,
3186 3379 3320 3418 eum
3345 3364 3457 3418 sibi
3483 3364 3662 3435 potius
3689 3357 3888 3430 copulan-

2268 3447 2405 3501 dum
2447 3448 2645 3518 poscit,
2680 3449 2780 3503 ubi
2837 3449 3009 3521 longa
3058 3451 3245 3522 prima
3285 3457 3393 3520 est,
3427 3453 3484 3507 id
3514 3457 3595 3506 est
3622 3445 3884 3504 dichorium.

2269 3534 2560 3590 Diiambus
2591 3553 2722 3591 vero
2749 3538 2902 3609 quod
2934 3538 3139 3610 incipit
3165 3555 3198 3593 a
3225 3540 3409 3608 brevi,
3443 3536 3803 3611 congruentius
3828 3529 3884 3583 al-

2207 3617 2217 3624 ’
2265 3624 2374 3678 teri
2406 3624 2676 3679 miscetur
2702 3625 2888 3680 ionico
2917 3643 2951 3680 a
2980 3627 3198 3682 duabus
3227 3629 3502 3684 brevibus
3534 3623 3808 3698 incipienti.

2333 3715 2422 3767 23.
2452 3715 2525 3768 Μ.
2554 3714 2701 3767 Bene
2732 3714 3003 3786 intelligis
3027 3731 3039 3769 :
3073 3732 3248 3788 quare
3270 3717 3387 3772 hoc
3410 3709 3880 3789 quoquetenendum

2264 3802 2347 3854 est
2388 3799 2558 3854 istam
2613 3801 2785 3856 etiam
2838 3805 3292 3874 congruentiam,
3357 3811 3588 3878 excepta
3632 3798 3879 3873 zequalitate

2262 3891 2609 3959 temporum,
2643 3889 2704 3944 in
2733 3890 2976 3961 pedibus
3022 3887 3330 3948 miscendis
3365 3895 3702 3966 aliquantum
3747 3885 3877 3966 valere

2261 3981 2524 4048 oportere
2560 3994 2572 4032 :
2607 3995 2721 4034 non
2751 3980 2906 4035 enim
2956 3982 3291 4053 plurimum,
3338 3985 3446 4039 sed
3474 3989 3655 4038 tamen
3683 3954 3876 4035 nonmihil

2261 4066 2426 4120 valet.
2463 4067 2603 4121 Nam
2629 4084 2732 4138 pro
2765 4070 2924 4124 omni
2975 4071 3121 4142 pede
3179 4089 3276 4126 sex
3320 4076 3658 4145 temporum,
3707 4075 3874 4123 omnem

2258 4154 2464 4224 pedem
2523 4172 2620 4210 sex
2677 4160 3003 4229 temporum
3063 4161 3204 4232 poni
3265 4178 3450 4233 posse,
3514 4163 3589 4216 ita
3645 4171 3785 4214 sensu
3819 4151 3875 4204 in-

2261 4247 2547 4313 terrogato
2571 4244 2795 4314 judices
2843 4247 3009 4302 licet:
3051 4249 3304 4319 primum
3357 4250 3584 4305 molossi
3622 4243 3872 4312 exemplum

2257 4329 2332 4384 sit
2386 4331 2567 4397 nobis,
2622 4335 2852 4389 virtutes
2904 4355 2920 4390 :
2973 4335 3146 4391 ionici
3204 4354 3236 4391 a
3290 4339 3531 4408 minore,
3577 4335 3871 4391 moderatas;

2261 4418 2597 4485 choriambi,
2647 4425 2918 4492 percipies
2957 4443 2973 4479 :
3021 4424 3195 4480 ionici
3241 4443 3274 4480 a
3325 4428 3557 4499 majore,
3605 4421 3868 4479 concedat:

2253 4506 2512 4577 diiambi,
2574 4509 3196 4580 bcnignitas:dichorii,
3256 4518 3587 4586 civitasque:
3622 4501 3869 4579 antispasti.

2252 4596 2389 4649 volet
2410 4596 2585 4664 justa.
2646 4599 2714 4653 D.
2780 4599 2970 4655 Habeo
3023 4601 3148 4657 ista.
3206 4605 3281 4658 Μ.
3315 4604 3555 4659 Contexe
3605 4600 3756 4672 igitur
3797 4593 3869 4646 ista

2251 4683 2445 4740 omnia
2478 4689 2650 4756 atque
2695 4689 3022 4758 pronuntia,
3055 4692 3142 4745 vel
3173 4707 3266 4746 me
3316 4693 3507 4763 potius
3535 4683 3864 4762 pronuntiante

2251 4772 2460 4842 accipe,
2486 4790 2597 4844 quo
2619 4774 2690 4829 ad
2714 4776 3090 4846 judicandum
3121 4779 3355 4835 liberior
3383 4796 3572 4836 sensus
3589 4780 3740 4832 vacet.
3766 4771 3863 4824 Nam

2249 4863 2314 4914 ut
2341 4861 2656 4918 continuati
2684 4866 2909 4920 numeri
2939 4869 3326 4938 aequalitatem
3357 4870 3476 4924 sine
3494 4869 3602 4922 ulla
3614 4858 3864 4919 offensione

2248 4949 2476 5005 aurium
2505 4951 2607 5006 tibi
2638 4952 2949 5025 insinuem,
2980 4957 3085 5010 hoc
3115 4961 3301 5012 totum
3332 4962 3640 5013 contextum
3666 4958 3738 5006 ter
3773 4958 3863 5015 Pm‘

2248 5038 2544 5107 nuntiabo,
2581 5043 2735 5112 quod
2767 5044 2902 5098 satis
2933 5061 3052 5100 esse
3082 5063 3196 5101 non
3250 5045 3638 5102 dubitaverim.
3681 5037 3861 5096 γένευτῶ

2245 5127 2551 5183 moderatas
2576 5133 2860 5200 percipies,
2893 5134 3172 5189 concedere
3199 5135 3496 5206 benignitas
3521 5134 3776 5196 civitasque
3795 5133 3858 5173 1‘0-

2245 5214 2316 5268 let
2331 5216 2506 5284 justa.
2549 5219 2788 5274 Virtutes
2818 5221 3132 5278 moderatas
3156 5227 3440 5294 percipies,
3473 5219 3720 5277 concedere
3750 5208 3858 5264 beni-

2241 5306 2423 5371 gnitas
2456 5308 2755 5376 civitasque
2783 5311 2919 5365 volet
2941 5312 3115 5380 justa.
3175 5311 3405 5368 Virtutes
3433 5311 3707 5366 moderatas
3720 5296 3855 5370 μενεῖ·

2242 5393 2384 5461 pies,
2432 5396 2711 5450 concedere
2733 5399 3036 5466 benignitas
3078 5404 3375 5472 civitasque
3400 5401 3530 5455 volet
3563 5399 3714 5466 justa.
3745 5389 3851 5442 Num

2240 5480 2388 5538 forte
2413 5482 2630 5556 aliquid
2661 5485 2722 5541 in
2743 5487 2851 5542 hoc
2861 5489 3076 5561 pedum
3089 5507 3256 5547 cursu
3278 5507 3437 5548 aures
3459 5493 3571 5544 tuas
3593 5475 3849 5554 aequalitate
