4080 6178
259 266 388 316 1113

247 386 348 437 aut
373 382 647 437 suavitate
677 382 1003 437 fraudavit?
1034 386 1098 438 D.
1135 385 1299 439 Nullo
1339 385 1528 439 modo.
1563 386 1631 439 Μ.
1684 385 1940 439 Delecta-

247 471 403 525 vitne
423 470 638 542 aliquid
661 472 691 525 ?
719 487 1045 543 quanquam
1072 473 1181 527 hoc
1211 473 1444 544 quidem
1478 490 1833 547 consequens
1860 478 1944 529 est

246 561 309 614 in
328 560 435 613 hoc
464 575 694 631 genere,
731 565 793 614 ut
813 561 1050 615 delectet
1082 578 1251 616 omne
1282 564 1435 633 quod
1466 580 1579 617 non
1618 564 1937 620 offenderit.

244 650 328 703 D.
362 650 488 703 Non
513 665 747 719 possum
785 649 950 703 aliter
976 665 1067 703 me
1112 652 1294 705 dicere
1324 653 1607 720 affectum,
1643 670 1815 724 quam
1846 654 1927 707 vi-

245 738 416 792 detur
440 736 564 791 tibi.
598 740 672 792 M.
708 737 915 792 Probas
941 755 1076 809 ergo
1122 756 1320 794 omnes
1345 740 1484 795 istos
1522 743 1696 811 pedes
1739 759 1941 797 senum

243 829 575 896 temporum
606 830 756 881 recte
785 826 893 881 sibi
944 843 1109 898 posse
1148 828 1401 899 copulari
1443 834 1613 901 atque
1638 830 1655 863 ⁴
1679 830 1932 887 misceri.

244 915 321 968 D.
354 914 561 969 Probo.

353 1021 597 1077 CAPUT.
637 1022 763 1077 XIII
792 1051 858 1063 —
892 1022 1034 1079 Ordo
1061 1023 1259 1092 pedum
1309 1024 1569 1095 quomodo
1600 1028 1835 1080 mutetur

962 1127 1228 1166 οοηίηηηθ.

317 1220 404 1272 24.
454 1219 527 1273 Μ.
589 1217 818 1273 Nihilne
845 1218 1137 1288 formidas,
1183 1237 1255 1274 ne
1305 1221 1433 1291 quis
1466 1221 1774 1276 arbitretur
1821 1228 1938 1276 tam

242 1306 542 1378 aequaliter
587 1306 726 1361 istos
797 1308 972 1378 pedes
1034 1310 1140 1363 hoc
1195 1309 1394 1364 ordine
1446 1311 1681 1365 collatos
1738 1325 1937 1363 sonare

240 1394 532 1463 potuisse;
560 1394 605 1447 si
629 1399 819 1449 autem
848 1396 1109 1450 ordinem
1140 1401 1454 1467 permutes,
1484 1414 1599 1450 non
1630 1397 1783 1451 idem
1816 1414 1939 1467 pos-

241 1484 348 1536 se?
380 1484 452 1537 D.
486 1482 757 1537 Nonnihil
787 1484 1022 1554 quidem
1072 1486 1253 1552 allert,
1288 1486 1385 1540 sed
1418 1485 1664 1555 experiri
1708 1502 1823 1539 non
1855 1490 1940 1539 est

243 1570 497 1625 difﬁcile.
530 1574 604 1626 Μ.
633 1573 790 1626 Istud
822 1588 959 1642 ergo
988 1572 1155 1626 facito
1192 1590 1320 1627 cum
1350 1573 1601 1629 vacabit:
1627 1588 1746 1628 non
1772 1574 1937 1627 aliter

242 1661 498 1715 invenies
537 1677 711 1731 quam
741 1677 971 1716 sensum
1011 1666 1174 1715 tuum
1205 1663 1545 1716 multiformi
1573 1663 1841 1716 varietate
1880 1668 1938 1716 et

240 1765 360 1803 una
388 1749 711 1820 aequalitate
760 1750 1017 1804 mulceri.
1047 1754 1110 1805 D.
1148 1750 1369 1805 Faciam
1394 1768 1439 1821 τι
1460 1750 1937 1822 quanquamlhoc

239 1840 502 1909 exemplo
529 1854 699 1892 nemo
752 1844 854 1903 est,
900 1838 998 1910 qui
1047 1856 1163 1893 non
1198 1839 1505 1910 praevideat
1535 1840 1852 1894 necessario
1879 1839 1935 1894 id

240 1930 596 1980 eventurum.
621 1928 701 1981 M.
740 1926 909 1981 Recte
942 1926 1265 1980 existimas:
1298 1927 1396 1981 sed
1422 1927 1569 1997 quod
1618 1928 1685 1981 ad
1719 1943 1932 1998 propo-

238 2013 414 2068 situm
457 2014 726 2085 pertinet,
760 2015 985 2069 admoto
1016 2016 1220 2085 plausu
1252 2015 1359 2069 ista
1388 2033 1739 2087 percurram,
1772 2022 1835 2070 ut
1864 2017 1933 2070 de

236 2102 347 2155 hoc
371 2119 599 2174 quoque
632 2103 942 2173 dijudicare
974 2104 1153 2174 possis
1183 2109 1376 2158 utrum
1418 2105 1655 2175 aliquid,
1690 2122 1762 2158 an
1790 2106 1932 2159 nihil

236 2189 548 2245 claudicet:
584 2196 756 2261 atque
784 2196 844 2245 ut
872 2192 1044 2246 simul
1070 2192 1285 2263 aliquid
1348 2194 1659 2263 erperiaris
1689 2194 1756 2248 de
1778 2210 1932 2248 com-

239 2278 556 2333 mutatione
587 2279 740 2333 illius
769 2279 1002 2347 ordinis,
1035 2296 1208 2351 quam
1235 2280 1377 2335 nihil
1407 2282 1833 2336 claudicationis
1863 2283 1932 2336 il-

239 2367 482 2421 laturam
508 2384 626 2421 esse
650 2368 1055 2439 praadiximus;
1082 2370 1202 2439 jam
1234 2386 1387 2424 nunc
1431 2371 1621 2441 ipsum
1674 2371 1933 2425 ordinem

237 2458 417 2520 muta,
449 2459 506 2509 et
534 2459 596 2509 ut
622 2456 851 2511 libitum
882 2461 985 2524 est,
1008 2457 1237 2511 eosdem
1276 2458 1447 2529 pedes
1498 2460 1799 2513 collocatos
1830 2459 1932 2513 ali-

238 2547 325 2595 ter
338 2546 506 2613 atque
530 2560 563 2596 a
592 2560 682 2597 me
703 2545 957 2600 collocati
980 2550 1131 2612 sunt,
1156 2547 1544 2617 personandos
1595 2548 1736 2604 mihi
1766 2550 1930 2618 plau-

239 2631 568 2703 dendosque
598 2634 884 2704 permitte.
916 2637 991 2690 D.
1019 2635 1277 2691 Primum
1315 2638 1440 2691 volo
1472 2654 1590 2692 esse
1621 2638 1872 2691 ionicum
1902 2654 1933 2690 a

236 2719 478 2787 minore,
515 2723 826 2778 secundum
872 2723 1122 2778 ionicum
1154 2743 1186 2778 a
1238 2727 1476 2797 majore,
1527 2727 1761 2781 tertium
1805 2726 1932 2779 cho-

238 2807 545 2875 riambum,
579 2816 845 2880 quartum
873 2812 1210 2881 diiambum,
1233 2814 1497 2883 quintum
1528 2815 1929 2885 antispastum,

236 2900 458 2950 sextum
486 2898 825 2966 dichorium,
852 2900 1158 2971 septimum
1190 2904 1526 2959 molossum.
1565 2906 1638 2959 Μ.
1694 2904 1930 2958 Intende

236 3000 373 3054 ergo
402 2990 459 3039 et
488 3002 687 3041 aurem
724 2988 785 3042 in
815 3005 1040 3057 sonum,
1078 2995 1134 3044 et
1160 2990 1222 3045 in
1251 2992 1515 3061 plausum
1554 2993 1744 3045 oculos
1770 3009 1782 3045 :
1816 3008 1931 3046 non

235 3071 390 3125 enim
419 3074 625 3141 audiri,
658 3076 758 3130 sed
776 3076 956 3132 videri
987 3095 1131 3149 opus
1157 3084 1241 3133 est
1270 3080 1639 3149 plaudentem
1670 3095 1925 3145 manum,

235 3164 292 3214 et
324 3161 700 3219 animadverti
727 3166 931 3221 acriter
959 3172 1171 3237 quanta
1200 3169 1472 3239 temporis
1504 3185 1666 3223 mora
1686 3168 1747 3221 in
1779 3170 1927 3222 leva-
1976 3162 1981 3169 ’

236 3250 411 3315 tione,
457 3255 697 3323 quanta:
727 3254 785 3307 in
825 3256 1107 3325 positione
1142 3256 1234 3310 sit.
1284 3260 1345 3311 D.
1400 3259 1571 3311 Totus
1618 3257 1745 3312 istic
1777 3273 1925 3324 sum,

232 3344 513 3411 quantum
552 3343 731 3396 valeo.
765 3345 837 3398 M.
869 3344 1075 3413 Accipe
1101 3344 1276 3414 igitur
1304 3345 1739 3399 collocationem
1768 3346 1927 3399 illam

231 3444 365 3482 cum
383 3430 588 3499 plausu
616 3434 807 3486 tuam:
842 3432 1169 3499 Moderatus,
1199 3433 1493 3501 concedere,
1522 3436 1809 3503 percipies,
1839 3435 1925 3488 be-

228 3519 495 3584 nignitas,
536 3520 860 3589 voletjusta,
886 3523 1201 3589 civitasque,
1220 3525 1467 3576 virtutes.
1496 3526 1561 3576 ,D.
1591 3522 1783 3578 Sentio
1805 3524 1928 3594 qui-

228 3607 361 3659 dem
393 3623 755 3678 nequaquam
777 3610 1037 3679 plausum
1066 3610 1239 3664 istum
1262 3612 1596 3677 claudicare,
1630 3615 1684 3664 et
1701 3616 1925 3665 tantum

226 3697 415 3749 levare
464 3702 743 3766 quantum
798 3714 1051 3767 ponere;
1100 3700 1196 3753 sed
1256 3701 1626 3754 vehementer
1672 3691 1926 3755 admir'or

226 3784 517 3853 quomodo
547 3800 613 3838 eo
644 3785 858 3855 percuti
890 3785 1185 3855 potuerint
1215 3785 1297 3839 illi
1324 3787 1517 3857 pedes,
1552 3804 1800 3857 quorum
1832 3790 1923 3845 di-

224 3871 370 3925 visio
415 3872 605 3942 simpli
635 3877 690 3926 et
733 3873 891 3944 dupli
928 3875 1073 3928 ratio
1104 3880 1341 3941 constat,
1375 3876 1538 3929 sicuti
1582 3882 1717 3931 sunt
1752 3879 1922 3933 ambo

223 3960 403 4014 ionici
433 3966 491 4015 et
541 3962 836 4015 molossus.
859 3964 929 4017 Μ.
967 3962 1112 4026 Quid
1135 3962 1225 4016 hic
1254 3964 1376 4017 ﬁeri
1400 3968 1591 4018 tamen
1610 3965 1918 4032 arbitraris,

221 4064 359 4102 cum
388 4048 448 4103 in
475 4049 566 4103 his
594 4049 703 4103 tria
728 4051 985 4104 leventur
1008 4056 1285 4121 tempora,
1317 4053 1671 4124 totidemque
1702 4072 1920 4124 ponan-

224 4138 368 4191 tur?
390 4139 470 4193 D.
498 4137 646 4192 Nihil
682 4138 837 4193 aliud
864 4138 954 4193 hic
976 4156 1211 4209 prorsus
1238 4140 1397 4194 video
1428 4158 1600 4212 quam
1640 4158 1766 4197 eam
1796 4144 1919 4197 lon-

219 4241 360 4295 gam
412 4227 709 4297 syllabam,
743 4244 871 4299 quae
915 4228 975 4281 in
1006 4228 1190 4282 ionico
1219 4245 1250 4282 a
1273 4229 1487 4299 majore
1508 4234 1564 4283 et
1584 4229 1642 4282 in
1674 4232 1918 4285 molosso

220 4315 494 4382 secunda,
536 4314 597 4368 in
626 4315 812 4370 ionico
841 4322 1033 4371 autem
1066 4336 1099 4370 a
1123 4317 1347 4372 minore
1380 4319 1547 4372 tertia
1578 4325 1683 4386 est,
1715 4322 1917 4390 plausu

219 4402 350 4472 ipso
378 4402 585 4469 dividi;
618 4408 681 4458 ut
717 4405 988 4475 quoniam
1019 4405 1131 4459 duo
1180 4406 1351 4460 habet
1406 4411 1688 4477 tempora,
1740 4426 1918 4464 unum

217 4490 360 4544 inde
389 4492 671 4561 superiori
702 4492 869 4564 parti,
903 4495 1144 4548 alterum
1172 4495 1919 4570 posterioritribuat,atquc

219 4578 306 4632 ita
334 4584 495 4633 terna
522 4584 783 4651 tempora
812 4582 1016 4636 levatio
1049 4583 1370 4654 positioque
1405 4586 1739 4641 sortiantur.

295 4670 384 4720 25.
419 4670 493 4722 Μ.
523 4668 674 4721 Nihil
704 4669 795 4723 hic
826 4670 1061 4725 omnino
1086 4671 1243 4726 aliud
1273 4672 1382 4727 dici
1413 4679 1507 4728 aut
1537 4674 1782 4746 intelligi
1811 4692 1920 4746 po-

216 4760 350 4809 test.
382 4756 488 4810 Sed
520 4772 621 4810 cur
658 4774 772 4812 non
803 4758 976 4813 etiam
1006 4759 1102 4813 ille
1147 4762 1608 4831 amphibrachus,
1644 4780 1816 4835 quem
1847 4765 1917 4818 ab

216 4844 332 4897 ista
360 4845 767 4900 numerositate
792 4847 1019 4917 penitus
1049 4848 1433 4917 ejiciebamus,
1464 4852 1569 4905 hac
1591 4852 1919 4907 conditione

218 4931 528 4987 misceatur
551 4935 825 5003 spondeo,
858 4935 1098 5005 dactylo,
1141 4940 1196 4990 et
1242 4944 1552 5011 anapaesto,
1596 4940 1682 4993 vel
1730 4956 1832 5011 per
1861 4958 1919 4995 se

215 5020 343 5089 ipse
395 5037 766 5077 numerosum
794 5021 817 5055 ²
849 5024 1063 5095 aliquid
1096 5024 1154 5077 in
1204 5008 1421 5079 musica
1450 5027 1812 5081 continuatus
1843 5028 1918 5082 ef-

216 5109 422 5162 ficiat?
441 5112 627 5165 Potest
656 5111 809 5166 enim
842 5111 1014 5166 simili
1044 5113 1259 5167 ratione
1290 5114 1477 5167 media
1497 5132 1727 5185 quoque
1757 5116 1919 5185 pedis

215 5197 344 5267 ejus
377 5200 611 5269 syllaba,
667 5216 793 5270 qua:
826 5201 993 5270 longa
1042 5206 1144 5267 est,
1202 5201 1402 5272 plausu
1452 5202 1662 5269 dividi;
1698 5209 1757 5257 ut
1788 5220 1916 5258 cum

262 5315 392 5426 ὧὶὲ
419 5316 609 5426 ΒΜ,ατιι
630 5331 642 5375 ;
660 5317 852 5365 rectius
876 5330 994 5365 cum
1018 5317 1101 5365 Er.
1132 5317 1296 5381 Lugd.
1327 5319 1453 5367 Ven.
1480 5319 1603 5367 Lov.
1622 5322 1673 5369 et
1694 5321 1815 5369 Mss.
1834 5322 1914 5382 A.,

216 5387 401 5471 “’i‘éﬁz

211 5439 303 5549 su:
332 5439 416 5489 Sic
450 5441 593 5499 Mss.;
630 5444 683 5490 at
706 5441 826 5490 Lov.
878 5440 1097 5505 aliaeque
1130 5440 1385 5492 editiones
1420 5442 1631 5502 habent,
1672 5456 1914 5497 immere-

1688 260 1899 315 LIBER
1940 257 2322 315 SECUNDUS.

3621 256 3752 311 1114

2056 381 2283 454 singula
2311 387 2569 454 tempora
2597 382 2835 453 singulis
2868 381 3140 437 lateribus
3171 382 3409 450 dederit,
3467 399 3581 439 non
3627 384 3752 455 jam

2054 487 2236 526 unum
2267 476 2321 525 et
2374 472 2504 539 tria,
2551 472 2647 525 sed
2691 471 2826 525 bina
2878 474 3139 543 tempora
3167 472 3371 525 levatio
3425 472 3749 545 positioque

2052 557 2161 612 sibi
2221 557 2536 612 vindicent:
2588 558 2699 612 nisi
2768 559 2941 613 habes
2999 559 3214 629 aliquid
3271 559 3422 630 quod
3496 560 3745 615 resistat.

2054 649 2114 699 D.
2150 645 2301 699 Nihil
2331 662 2463 699 sane
2484 646 2665 700 habeo
2697 648 2849 717 quod
2879 647 3084 715 dicam,
3104 648 3212 701 nisi
3242 648 3393 701 hunc
3423 647 3595 705 etiam
3626 664 3749 703 esse

2051 733 2492 788 admittendum.
2527 737 2599 789 M.
2632 735 2862 805 Aliquid
2890 751 3024 805 ergo
3070 736 3411 805 plaudamus
3438 741 3746 807 quaterno-

2049 839 2181 876 rum
2212 826 2537 893 temporum
2567 823 2811 892 pedibus
2841 824 3170 877 ordinatum
3194 828 3362 894 atque
3396 830 3747 893 contextum,

2051 911 2259 982 quibus
2314 912 2419 965 iste
2476 911 2819 965 commixtus
2864 912 2957 977 sit,
3016 917 3072 965 et
3102 913 3302 966 eodem
3352 913 3521 967 modo
3573 930 3744 968 sensu

2047 1002 2405 1071 exploremus
2436 1004 2627 1053 utrum
2660 1000 2802 1054 nihil
2833 1001 3095 1070 imparile
3121 1000 3388 1054 offendat.
3418 1003 3483 1054 Et
3512 1001 3637 1055 ideo
3666 1006 3743 1056 at-

2047 1088 2216 1141 tendo
2252 1089 2312 1141 in
2340 1089 2493 1141 hunc
2510 1104 2815 1142 numerum
2842 1092 3075 1158 propter
3094 1088 3385 1153 judicandi
3414 1088 3740 1143 facilitatem

2047 1190 2178 1229 cum
2206 1177 2408 1245 plausu
2446 1176 2612 1229 tertio
2671 1176 2997 1245 repetitum.
3044 1178 3237 1231 Sumas
3284 1180 3507 1245 optima,
3559 1178 3740 1242 facias

2050 1265 2285 1318 honesta.
2319 1266 2511 1319 Sumas
2541 1266 2763 1333 opt-ima,
2796 1267 2972 1329 facias
3009 1265 3253 1319 honesta.
3291 1266 3483 1319 Sumas
3514 1268 3741 1334 optima,

2044 1352 2224 1417 facias
2268 1354 2503 1406 honesta.
2555 1356 2620 1406 D.
2666 1352 2929 1422 Jamjam,
2991 1352 3246 1420 obsecro,
3281 1368 3447 1421 parce
3506 1354 3741 1407 auribus

2046 1439 2188 1493 meis
2214 1454 2226 1495 :
2256 1456 2391 1493 nam
2422 1440 2592 1493 etiam
2622 1442 2827 1509 plausu
2858 1456 2972 1492 non
3003 1440 3257 1504 admoto,
3287 1440 3407 1509 ipse
3429 1457 3531 1510 per
3558 1458 3616 1493 se
3642 1442 3742 1494 ho-

2044 1544 2172 1581 rum
2196 1529 2407 1599 pedum
2428 1527 2803 1582 cursusinillo
2828 1527 3234 1597 amphibracho
3248 1528 3742 1582 vehementissime

2046 1617 2346 1671 claudicat.
2386 1619 2455 1671 Μ.
2491 1616 2634 1680 Quid
2668 1616 2844 1686 igitur
2899 1616 3221 1684 putandum
3254 1619 3336 1669 est
3368 1631 3487 1669 esse
3535 1632 3739 1683 causai,

2047 1710 2112 1758 ut
2147 1705 2207 1757 in
2232 1705 2338 1758 hoc
2364 1704 2487 1757 ﬁeri
2517 1720 2632 1757 non
2660 1704 2843 1773 possit
2886 1704 3038 1773 quod
3087 1704 3146 1755 in
3180 1704 3427 1756 molosso
3459 1708 3514 1757 et
3541 1704 3743 1758 ionicis

2045 1795 2231 1865 potuit
2251 1796 2362 1849 ?an
2376 1794 2649 1865 quoniam
2678 1794 2738 1846 in
2760 1792 2870 1846 illis
2891 1792 3133 1863 aequalia
3154 1796 3287 1845 sunt
3307 1793 3495 1846 medio
3516 1794 3695 1847 latera
3713 1796 3743 1847 ‘2

2045 1885 2106 1938 in
2131 1899 2371 1937 numero
2400 1882 2555 1937 enim
2576 1881 2720 1953 pari,
2752 1882 2851 1935 ubi
2881 1881 2951 1934 sit
2983 1880 3238 1935 medium
3266 1880 3381 1934 suis
3410 1881 3626 1951 aequale
3656 1882 3739 1936 la-

2044 1973 2283 2038 teribus,
2335 1971 2555 2041 primus
2585 1970 2838 2023 senarius
2897 1968 3159 2022 occurrit.
3222 1970 3366 2038 Ergo
3424 1969 3507 2021 illi
3536 1984 3737 2022 senum

2045 2064 2369 2131 temporum
2427 2058 2601 2128 pedes
2651 2057 2926 2129 quoniam
2983 2057 3094 2110 duo
3140 2060 3401 2126 tempora
3440 2056 3499 2110 in
3548 2055 3739 2110 medio

2042 2148 2354 2219 possident,
2388 2151 2443 2201 et
2475 2146 2607 2200 bina
2628 2147 2687 2199 in
2715 2146 2986 2200 lateribus
3013 2162 3026 2210 ;
3054 2145 3293 2198 libenter
3315 2144 3739 2214 quodammodo

2042 2236 2185 2290 illud
2231 2235 2487 2289 medium
2534 2234 2738 2288 cecidit
2779 2233 2838 2286 in
2894 2234 3089 2297 latera,
3143 2232 3350 2303 quibus
3398 2231 3741 2287 amicissima

2045 2324 2369 2396 aequalitate
2427 2322 2812 2392 conjungitur.
2873 2323 2997 2375 Non
3066 2327 3259 2375 autem
3319 2320 3470 2375 idem
3528 2320 3627 2374 ﬁet
3680 2320 3739 2374 in

2044 2411 2584 2484 amphibracho,ubi
2611 2416 2745 2465 sunt
2761 2410 3004 2480 imparia
3026 2409 3214 2463 medio
3238 2410 3434 2475 latera,
3453 2408 3739 2479 siquidem

2044 2502 2103 2555 in
2128 2502 2239 2555 illis
2268 2502 2514 2572 singula,
2545 2500 2604 2553 in
2627 2500 2724 2553 illo
2755 2500 2867 2552 duo
2896 2502 3156 2568 tempora
3192 2501 3344 2551 sunt.
3379 2500 3496 2552 Iluc
3526 2497 3741 2551 accedit

2044 2591 2194 2662 quod
2225 2590 2286 2644 in
2342 2589 2541 2644 ionicis
2594 2593 2648 2643 et
2687 2588 2930 2641 molosso
2991 2587 3179 2642 medio
3210 2585 3270 2640 in
3326 2586 3503 2640 latera
3532 2586 3737 2653 soluto,

2042 2684 2206 2733 terna
2236 2680 2383 2733 fiunt
2409 2683 2688 2747 tempora,
2738 2676 2797 2729 in
2827 2675 3034 2747 quibus
3065 2690 3293 2728 rursum
3333 2674 3524 2728 medio
3567 2674 3695 2743 pari
3716 2672 3736 2707 ¹

2044 2767 2201 2839 paria
2255 2767 2432 2820 latera
2489 2765 2889 2830 inveniuntur;
2943 2764 3096 2834 quod
3156 2763 3293 2815 item
3348 2762 3485 2815 detit
3512 2762 3735 2825 amphi-

2042 2855 2279 2909 bracho.
2319 2858 2383 2909 D.
2419 2855 2501 2907 Ita
2528 2870 2616 2906 res
2649 2856 2733 2906 est
2759 2857 2823 2905 ut
2854 2851 3028 2905 dicis:
3060 2866 3164 2904 nec
3193 2850 3481 2903 immerito
3514 2849 3737 2919 amphi-

2042 2943 2284 2998 brachus
2312 2943 2370 2996 in
2424 2941 2524 2995 illa
2553 2940 2693 2995 serie
2726 2939 2964 2994 offendit
2992 2938 3275 3004 auditum,
3309 2937 3367 2991 hi
3399 2954 3530 2991 vero
3562 2938 3734 2992 etiam

2040 3032 2343 3085 delectant.

2180 3136 2403 3191 CAPUT
2431 3136 2563 3190 XIV.
2605 3165 2673 3175 —
2705 3136 2810 3202 Qui
2832 3134 2994 3204 pedes
3012 3133 3208 3203 quibus
3243 3134 3589 3189 misceantur.

2109 3246 2197 3298 26.
2232 3246 2308 3299 Μ.
2342 3246 2478 3314 Age,
2513 3258 2665 3297 nunc
2691 3245 2753 3296 tu
2779 3257 2885 3312 per
2938 3246 2991 3296 te
3044 3240 3115 3295 ab
3146 3240 3271 3311 ipso
3303 3239 3562 3294 exordire
3600 3256 3733 3310 pyr-

2036 3332 2279 3399 rhichio,
2303 3336 2360 3386 et
2376 3331 2685 3385 secundum
2712 3346 2883 3401 supra
2906 3330 3079 3384 dictas
3103 3329 3371 3397 rationes,
3396 3344 3540 3399 quos
3560 3328 3733 3398 pedes

2037 3421 2246 3493 quibus
2295 3420 2521 3475 misceri
2572 3423 2849 3490 oporteat,
2909 3423 3189 3488 quantum
3250 3422 3432 3487 potes,
3485 3416 3734 3470 breviter

2038 3508 2274 3578 explica.
2306 3512 2371 3563 D.
2418 3509 2618 3563 Nullus
2666 3507 3032 3578 pyrrhichio:
3064 3523 3180 3560 non
3210 3506 3364 3560 enim
3398 3504 3542 3558 alius
3573 3504 3731 3558 inve-

2037 3597 2193 3651 nitur
2222 3597 2459 3651 totidem
2490 3602 2834 3665 temporum.
2873 3595 3066 3649 Iambo
3107 3600 3299 3664 posset
3327 3592 3587 3647 chorius:
3634 3592 3733 3645 sed

2034 3688 2270 3755 propter
2297 3684 2641 3754 inaequalem
2671 3685 2935 3754 plausum
2956 3684 3250 3737 vitandum
3282 3687 3383 3749 est,
3418 3681 3568 3752 quod
3588 3681 3734 3734 alter

2037 3792 2067 3827 a
2097 3774 2324 3844 simplo,
2365 3790 2395 3827 a
2427 3773 2601 3843 duplo
2635 3774 2778 3826 alter
2806 3772 3023 3843 incipit.
3059 3774 3201 3843 Ergo
3232 3770 3551 3826 tribrachus
3581 3768 3733 3823 utri-

2035 3880 2145 3935 que
2201 3862 2618 3917 accommodari
2647 3865 2848 3932 potest.
2883 3861 3209 3932 Spondeum
3260 3864 3315 3915 et
3357 3860 3644 3929 dactylum
3676 3861 3732 3911 et

2032 3950 3031 4021 anapaestum,et'proceleumaticum
3053 3949 3266 4004 amicos
3288 3949 3435 4003 inter
3464 3964 3523 4001 se
3553 3953 3727 4018 atque

2033 4037 2382 4108 copulabiles
2410 4037 2601 4091 video:
2637 4054 2754 4091 non
2792 4036 2947 4092 enim
2978 4042 3199 4091 tantum
3230 4034 3606 4106 temporibus,
3631 4034 3729 4087 sed

2032 4128 2237 4197 plausu
2284 4126 2459 4181 etiam
2532 4125 2636 4179 sibi
2705 4130 3047 4196 congruunt,
3114 4124 3413 4179 Enimvero
3472 4122 3730 4176 exclusus

2032 4214 2495 4283 amphibrachus,
2570 4216 2729 4269 nulla
2798 4215 2986 4285 potuit
3057 4213 3276 4267 ratione
3342 4210 3556 4277 reduci,
3637 4210 3731 4264 cui

2030 4302 2288 4373 parilitas
2340 4308 2663 4372 temporum
2722 4302 2985 4356 auxiliari
3018 4302 3174 4373 quid,
3232 4299 3507 4354 divisione
3565 4298 3727 4368 plau-

2032 4405 2212 4459 suque
2270 4388 2641 4456 discordante,
2712 4404 2825 4442 non
2881 4388 3087 4458 potuit.
3143 4384 3377 4440 Bacchio
3431 4383 3722 4448 creticum,

2032 4482 2088 4531 et
2128 4493 2358 4547 paeones
2406 4477 2677 4545 primum,
2726 4477 3037 4531 secundum
3093 4479 3151 4529 et
3194 4476 3480 4544 quartum.
3516 4471 3726 4526 Pulim-

2030 4566 2261 4621 bacchio
2293 4571 2484 4620 autem
2533 4566 2801 4621 eumdem
2822 4566 3117 4629 creticum,
3153 4568 3447 4633 etpaeones
3468 4560 3723 4631 primum

2032 4661 2087 4709 et
2141 4655 2374 4709 tertium
2424 4660 2478 4709 et
2534 4659 2823 4727 quartum,
2867 4651 3350 4723 et’temporibus
3405 4654 3461 4703 et
3521 4651 3726 4720 plausu

2030 4744 2372 4799 concordare
2411 4744 2776 4799 manifestum
2827 4746 2927 4795 est.
2968 4743 3109 4811 Ergo
3166 4740 3369 4794 cretico
3401 4744 3458 4793 et
3509 4739 3723 4811 paeoni-

2032 4833 2136 4887 bus
2192 4833 2379 4903 primo
2437 4838 2491 4885 et
2544 4836 2774 4903 quarto,
2828 4828 3101 4900 quoniam
3151 4833 3205 4883 et
3260 4845 3292 4881 a
3332 4828 3555 4883 duobus
3610 4834 3725 4882 eta

2028 4922 2211 4975 tribus
2242 4920 2593 4991 temporibus
2622 4934 2819 4973 eorum
2851 4917 3101 4987 incipere
3132 4916 3334 4971 divisio
3375 4922 3582 4987 potest,
3616 4933 3723 4970 caa-

2030 5010 2138 5064 teri
2168 5027 2366 5064 omnes
2414 5010 2655 5079 quinum
2715 5012 3039 5078 temporum
3090 5007 3263 5077 pedes
3318 5009 3559 5077 possunt
3601 5005 3723 5059 sine

2028 5096 2146 5149 ulla
2167 5093 2575 5148 claudicatione
2614 5092 2886 5163 copulari.
2909 5093 3034 5146 Jam
3064 5092 3296 5146 illorum
3327 5091 3427 5162 qui
3463 5106 3555 5143 sex
3582 5094 3722 5143 tem-

2028 5183 2265 5254 poribus
2294 5188 2569 5249 constant,
2603 5180 2858 5236 omnium
2886 5182 3036 5235 inter
3069 5198 3127 5235 se
3172 5180 3376 5235 miram
3407 5177 3715 5249 quamdam

2092 5323 2195 5393 χιιι]
2228 5322 2371 5385 prius
2396 5322 2548 5371 editis
2574 5322 2832 5393 omittitur
2850 5322 2989 5393 part,
3012 5335 3168 5393 quam
3193 5333 3374 5393 vocem
3396 5318 3721 5393 res-tituimps

2026 5398 2090 5433 ex
2123 5380 2267 5439 Mssl,
2298 5397 2504 5432 necnon
2531 5398 2596 5447 ex
2632 5384 2813 5432 iisdem
2844 5380 3004 5447 paulo
3028 5380 3179 5436 infra.
3209 5383 3264 5432 hi
3290 5393 3419 5447 uero
3437 5380 3603 5447 etiam
3630 5380 3717 5429 de-

2027 5446 2259 5503 lectant;
2287 5447 2376 5494 ubi
2417 5446 2539 5495 editi
2570 5446 2783 5503 habent,
2815 5444 2899 5495 hic
2930 5459 3058 5496 rero
3090 5448 3254 5494 etiam
3283 5444 3529 5493 delectat.

2093 5510 2113 5542 9
2146 5510 2201 5555 In
2227 5509 2302 5566 B.,
2334 5511 2388 5557 in
2408 5510 2771 5573 temporibus;
2797 5510 2989 5559 rectius
3018 5521 3139 5557 cum
3170 5511 3391 5569 utroque
3411 5506 3527 5564 Ms.,
3556 5506 3619 5555 et.
3650 5504 3716 5554 Μ.
