4080 6178
445 218 576 271 1115

435 350 557 389 esse
587 332 969 399 concordiam,
997 331 1133 386 satis
1160 331 1515 402 disputatum
1533 336 1633 386 est.
1655 331 2130 404 Quandoquidem

434 422 521 478 illi
551 437 778 493 quoque
809 420 880 474 ab
909 418 1035 473 aliis
1055 418 1117 473 in
1145 419 1470 490 plaudendo
1498 437 1613 474 non
1639 420 1956 487 dissonant,
1988 437 2129 493 quos

435 511 599 566 aliter
627 508 801 565 dividi
830 508 983 578 cogit
1015 509 1267 563 conditio
1327 509 1705 579 syllabarum:
1748 514 1966 564 tantam
2011 510 2128 564 vim

434 600 610 656 habet
639 614 766 652 cum
788 596 980 651 medio
1013 597 1257 654 laterum
1289 597 1600 669 aequalitas.
1625 600 1799 652 Porro
1827 603 2129 668 septenum

433 692 758 756 temporum
787 686 962 756 pedes
1015 701 1142 739 cum
1177 685 1291 740 sint
1346 691 1613 756 quatuor,
1658 687 1756 756 qui
1787 687 2001 756 epitriti
2030 704 2129 742 no-

432 775 745 841 minantur,
799 774 1050 844 primum
1089 777 1146 828 et
1193 775 1503 828 secundum
1534 773 1762 827 invenio
1803 774 1908 828 sibi
1963 791 2126 845 posse

435 863 723 934 copulari:
753 862 1056 917 amborum
1087 862 1240 916 enim
1271 861 1468 916 divisio
1498 861 1699 932 incipit
1727 879 1758 916 a
1790 862 1970 917 tribus
1991 867 2129 918 tem-

435 952 692 1024 poribus,
722 950 931 1005 idcirco
974 966 1078 1005 nec
1116 949 1297 1020 spatio
1326 950 1600 1021 temporis
1631 966 1734 1004 nec
1779 951 1984 1021 plausu
2009 951 2124 1005 dis-

433 1041 638 1095 sident.
674 1040 888 1094 Rursus
919 1039 1162 1092 libenter
1183 1039 1290 1092 sibi
1315 1039 1638 1109 junguntur
1658 1038 1860 1093 tertius
1881 1043 1938 1093 et
1961 1055 2128 1110 quar-

435 1133 546 1195 tus,
579 1129 714 1199 quia
747 1133 982 1198 uterque
1011 1126 1071 1180 in
1099 1126 1399 1181 dividendo
1420 1125 1624 1196 incipit
1644 1144 1676 1180 a
1705 1131 1953 1198 quatuor
1980 1131 2124 1181 tem-

434 1218 690 1290 poribus,
725 1232 898 1289 quare
929 1220 984 1270 et
1010 1216 1329 1270 metiuntur
1349 1220 1407 1270 et
1430 1216 1786 1285 plauduntur
1805 1215 2122 1287 mqualiter.

1710 212 1803 265 DE
1844 210 2129 277 MUSICA,
2171 210 2226 265 S.
2267 209 2653 267 AUGUSTINI

3771 223 3874 274 ltiti

2239 332 2430 386 Restat
2471 334 2594 386 octo
2652 335 2978 403 temporum
3033 348 3135 404 pes
3181 333 3277 405 qui
3307 333 3647 404 dispondeus
3671 346 3879 410 vocatur,

2238 420 2330 474 cui
2358 419 2502 474 sicut
2530 419 2860 490 pyrrhichio
2889 436 2994 491 par
3021 421 3212 476 nullus
3241 426 3346 477 est.
3383 425 3562 479 Habes
3596 442 3628 479 a
3655 443 3736 482 me
3762 434 3884 500 quod

2235 508 2546 579 poposcisti
2574 513 2630 563 et
2675 510 2859 564 facere
2885 509 3071 580 potui.
3103 512 3278 582 Perge
3331 512 3408 566 ad
3447 513 3678 585 reliqua.
3706 519 3771 571 Μ.
3801 519 3882 572 Fa-

2236 597 2418 652 ciam:
2461 597 2556 651 sed
2587 602 2718 669 post
2744 602 2863 652 tam
2930 599 3170 669 longum
3218 617 3543 656 sermonem
3590 605 3885 674 respiramus

2237 686 2691 757 aliquantulum;
2747 690 2804 741 et
2850 686 3081 740 illorum
3147 704 3416 743 versuum
3485 691 3884 765 meminerimus,

2237 791 2380 845 quos
2398 773 2971 845 mihiextemporales
2999 776 3174 846 paulo
3200 782 3330 832 ante
3351 778 3478 848 ipsa
3506 779 3758 836 lassitudo
3780 799 3882 853 δοες

2234 862 2430 930 gessit.

2483 950 2616 1016 Yolo
2644 951 2856 1016 tandem
2878 952 2975 1002 tibi
2995 966 3198 1014 parcas,
3229 952 3381 1016 labor
3398 955 3486 1002 'est
3511 954 3564 1002 in
3596 954 3786 1016 chartis,

2482 1012 2546 1078 Et
2567 1017 2806 1078 apertum
2831 1014 2915 1062 ire
2942 1012 3036 1077 per
3063 1028 3219 1078 auras
3252 1015 3493 1062 animum
3521 1012 3787 1078 permittas.

2482 1075 2657 1122 Placet
2679 1074 2779 1124 hoc
2807 1089 2929 1123 nam
2944 1074 3242 1134 ‘sapienter,
3273 1074 3540 1126 remittere
3568 1078 3805 1128 interdum

2479 1136 2655 1184 Aciem
2685 1138 2844 1186 rebus
2872 1136 3089 1200 agendis
3120 1139 3366 1187 decenter
3404 1139 3678 1189 intentam.

2307 1218 2371 1271 D.
2411 1215 2601 1271 Placet
2629 1233 2786 1284 sane,
2819 1233 2882 1271 ac
2910 1217 3155 1272 libenter
3189 1219 3546 1290 obtempero.

1505 1411 2020 1532 LIBER
2113 1409 2869 1535 TERTIUS.

434 1579 497 1628 In
528 1591 632 1642 quo
667 1579 949 1643 exponitur
977 1579 1103 1643 quid
1137 1579 1344 1630 intersit
1371 1579 1689 1646 discriminis
1719 1581 1860 1646 inter
1878 1578 2213 1646 rhythmum,
2242 1582 2471 1646 metrum
2499 1582 2552 1646 et
2577 1592 2822 1641 versum;
2862 1583 2977 1630 tum
3004 1580 3180 1645 agitur
3207 1580 3431 1630 scorsim
3467 1579 3531 1630 de
3568 1581 3810 1646 rhythmo;
3834 1595 3874 1630 ac

1654 1642 1843 1691 deinde
1872 1640 2112 1690 tractatio
2142 1640 2205 1689 de
2231 1643 2398 1690 metro
2424 1641 2724 1691 inchoatur.

503 1803 728 1858 CAPUT
760 1805 1058 1860 PRIMUM.
1094 1836 1162 1844 —
1188 1806 1491 1874 Rhythmus
1537 1821 1599 1860 ac
1627 1809 1856 1860 metrum
1894 1806 2049 1875 quid.

507 1895 557 1946 1.
586 1893 667 1947 Μ.
706 1891 928 1945 Tertius
957 1891 1050 1946 hic
1103 1908 1290 1946 sermo
1321 1894 1590 1964 postulat,
1639 1897 1705 1948 ut
1736 1894 2012 1964 quoniam
2053 1894 2122 1948 de

429 1980 642 2052 pedum
688 1980 938 2034 amicitia
966 1981 1214 2052 quadam
1263 1968 1680 2053 concordiaque
1726 1983 1857 2037 satis
1909 1983 2122 2037 dictum

429 2072 534 2135 est,
564 2067 857 2123 videamus
887 2069 1025 2140 quid
1083 2085 1149 2124 ex
1199 2069 1287 2124 his
1339 2070 1616 2124 contextis
1664 2069 2122 2141 continuatisque

427 2159 711 2232 gignatur.
741 2159 925 2224 Quare
956 2159 1208 2230 primum
1235 2176 1301 2213 ex
1340 2164 1393 2214 te
1427 2177 1642 2232 qumro,
1681 2164 1870 2214 utrum
1902 2160 2124 2231 possint

427 2247 677 2319 copulati
706 2247 812 2302 sibi
837 2248 1034 2318 pedes,
1067 2264 1211 2319 quos
1241 2249 1498 2319 copulari
1528 2252 1752 2320 oportet
1780 2253 2121 2319 perpetuum

428 2337 736 2408 quemdam
792 2352 1098 2390 numerum
1131 2352 1340 2402 creare,
1385 2337 1480 2391 ubi
1533 2338 1722 2391 nullus
1752 2337 1882 2392 finis
1935 2342 2122 2391 certus

428 2429 700 2497 appareat
724 2441 737 2480 :
772 2425 926 2479 velut
954 2441 1082 2478 cum
1113 2425 1503 2496 symphoniaci
1533 2425 1774 2479 scabella
1794 2429 1848 2479 et
1867 2425 2122 2496 cymbala

425 2513 672 2585 pedibus
695 2512 928 2578 feriunt,
960 2512 1126 2566 certis
1153 2513 1382 2584 quidem
1413 2513 1668 2568 numeris
1697 2517 1753 2567 et
1771 2512 1861 2567 his
1891 2514 1989 2585 qui
2013 2514 2120 2568 sibi

425 2617 557 2656 cum
597 2601 826 2656 aurium
858 2601 1146 2672 voluptate
1171 2601 1532 2672 junguntur;
1564 2602 1660 2656 sed
1701 2605 1893 2656 tamen
1922 2606 2120 2656 tenore

425 2693 726 2761 perpetuo,
761 2689 839 2743 ita
867 2693 932 2742 ut
959 2688 1006 2742 si
1045 2688 1212 2743 tibias
1242 2705 1358 2743 non
1389 2689 1604 2758 audias,
1637 2691 1794 2744 nullo
1825 2691 1995 2745 modo
2039 2690 2120 2745 ibi

425 2782 624 2833 notare
653 2777 831 2848 possis
856 2793 1155 2849 quousque
1184 2783 1484 2849 procurrat
1503 2779 1779 2833 connexio
1799 2779 2035 2850 pedum,
2065 2783 2122 2834 et

425 2866 576 2921 unde
610 2881 807 2921 rursus
840 2867 909 2920 ad
943 2870 1114 2938 caput
1141 2867 1426 2921 redeatur.
1461 2868 1626 2921 Velut
1651 2867 1698 2920 si
1730 2871 1791 2921 tu
1820 2868 1958 2922 velis
1987 2884 2120 2922 cen-

423 2959 546 3010 tum
559 2955 643 3008 vel
665 2954 932 3024 amplius,
949 2971 1245 3025 quousque
1266 2955 1490 3009 libitum
1522 2959 1626 3017 est,
1649 2955 2006 3026 pyrrhichios
2032 2957 2116 3010 vel

421 3041 564 3096 alios
598 3042 698 3112 qui
756 3042 908 3096 inter
955 3059 1014 3096 se
1057 3044 1226 3098 amici
1273 3049 1406 3098 sunt
1449 3044 1642 3114 pedes,
1675 3045 1949 3098 continua
1977 3061 2117 3099 con—

418 3129 660 3184 nexione
714 3129 1034 3185 decurrere.
1095 3134 1158 3185 D.
1191 3133 1314 3186 Jam
1345 3131 1626 3203 intelligo,
1658 3137 1715 3187 et
1770 3132 1895 3186 fieri
1948 3151 2115 3204 posse

425 3218 670 3272 concedo
697 3219 1012 3289 quamdam
1041 3219 1254 3290 pedum
1284 3221 1716 3288 connexionem,
1749 3221 1808 3274 in
1838 3239 1951 3293 qua
1996 3240 2115 3277 cer-

422 3309 546 3359 tum
604 3309 688 3360 est
735 3322 915 3378 usque
967 3307 1039 3361 ad
1092 3312 1231 3377 quot
1273 3309 1440 3378 pedes
1493 3309 1973 3378 progrediendum
2024 3309 2115 3377 sit,

423 3397 596 3466 atque
628 3394 762 3449 inde
809 3395 1186 3450 redeundum.
1215 3398 1288 3451 M.
1320 3397 1466 3450 Num
1499 3396 1670 3466 hujus
1716 3397 1941 3468 generis
1996 3413 2116 3452 esse

425 3482 651 3538 dubitas
676 3485 716 3550 ί,
749 3500 879 3539 cum
909 3487 1128 3539 certum
1159 3484 1550 3539 faciendorum
1575 3501 1840 3540 versuum
1867 3485 2115 3557 discipli-

420 3586 556 3624 nam
605 3586 724 3625 esse
771 3587 891 3625 non
946 3587 1139 3642 neges,
1191 3577 1248 3626 et
1277 3571 1376 3642 qui
1406 3587 1602 3626 versus
1626 3577 1681 3626 te
1735 3588 1962 3644 semper
1986 3589 2117 3628 cum

419 3659 712 3730 voluptate
742 3659 965 3714 audisse
985 3659 1276 3714 confessus
1315 3659 1433 3714 sis?
1455 3661 1529 3714 D.
1567 3660 1924 3716 Manifestum
1953 3665 2036 3716 est
2062 3666 2118 3716 et

417 3747 528 3802 hoc
553 3763 694 3814 esse,
727 3752 785 3802 et
810 3748 878 3802 ab
909 3748 1007 3802 illo
1038 3749 1330 3819 superiore
1359 3764 1568 3819 genere
1599 3748 1829 3804 distare.

489 3837 544 3889 2.
575 3837 647 3889 M.
685 3835 829 3905 Ergo
863 3835 1136 3906 quoniam
1157 3841 1386 3906 oportet
1441 3836 1718 3907 distingui
1747 3838 1922 3892 etiam
1952 3855 2113 3892 voca-

420 3921 572 3977 bulis
601 3938 667 3976 ea
691 3939 818 3992 quae
843 3939 902 3976 re
932 3923 1001 3976 ab
1036 3939 1093 3976 se
1140 3923 1399 3977 distincta
1446 3929 1596 3990 sunt,
1645 3925 1786 3977 scias
1831 3925 1969 3979 illud
2021 3943 2116 3980 su-

421 4009 614 4080 perius
645 4024 826 4080 genus
845 4009 1243 4082 copulationis,
1277 4010 1608 4081 rhythmum
1639 4028 1671 4064 a
1717 4013 1922 4067 Graecis
1955 4033 1970 4080 ;
2008 4014 2116 4068 hoc

421 4101 612 4152 autem
645 4098 909 4163 alterum,
970 4103 1217 4154 metrum
1254 4099 1476 4153 vocari:
1532 4099 1705 4154 latine
1762 4105 1953 4155 autem
2005 4103 2116 4157 dici

419 4191 674 4258 possent,
733 4186 872 4242 illud
906 4203 1202 4258 numerus,
1253 4189 1359 4243 hoc
1412 4189 1632 4243 mensio
1681 4190 1770 4244 vel
1826 4206 2112 4247 mensura.

421 4275 530 4331 Sed
561 4275 831 4346 quoniam
874 4276 996 4331 haec
1025 4276 1175 4347 apud
1229 4293 1330 4331 nos
1381 4277 1619 4331 nomina
1673 4277 1783 4332 late
1811 4283 2028 4350 patent,
2063 4285 2118 4335 et

419 4365 735 4420 cavendum
793 4368 878 4419 est
938 4381 1010 4419 ne
1058 4365 1325 4436 ambigue
1373 4367 1696 4438 loquamur,
1757 4368 2116 4423 commodius

418 4452 635 4507 utimur
663 4452 882 4523 grmcis.
917 4453 1083 4508 Vides
1115 4457 1330 4520 tamen,
1381 4459 1446 4508 ut
1473 4454 1696 4525 opinor,
1733 4472 1906 4527 quam
1962 4463 2115 4512 recte

419 4544 729 4611 utrumque
763 4557 972 4596 nomen
1004 4541 1078 4597 sit
1107 4541 1196 4596 his
1225 4543 1395 4597 rebus
1424 4543 1774 4613 impositum.
1809 4545 1948 4599 Nam
1972 4563 2115 4617 quo-

417 4627 574 4682 niam
604 4629 747 4683 illud
776 4631 1017 4700 pedibus
1049 4631 1218 4686 certis
1239 4630 1609 4702 provolvitur,
1641 4638 2022 4706 peccaturque
2053 4635 2115 4689 in

421 4732 489 4770 eo
517 4715 565 4770 si
616 4716 792 4786 pedes
841 4719 1055 4774 dissoni
1107 4719 1474 4785 misceantur,
1512 4724 1662 4775 recte
1697 4723 1991 4791 appelatus
2033 4727 2118 4777 est

420 4803 745 4876 rhythmus,
778 4805 835 4859 id
867 4811 950 4861 est
1001 4809 1255 4863 numeris
1282 4826 1294 4863 :
1329 4809 1428 4863 sed
1481 4809 1616 4880 quia
1646 4809 1767 4880 ipsa
1795 4811 2115 4879 provolutio

421 4908 541 4948 non
570 4892 744 4946 habet
774 4894 1031 4965 modum,
1087 4913 1190 4950 nec
1239 4902 1514 4952 statutum
1560 4902 1643 4952 est
1681 4898 1740 4951 in
1767 4903 1942 4968 quoto
1972 4899 2115 4969 pede

418 4981 553 5037 finis
581 4979 789 5051 aliquis
821 4981 1108 5050 emineat;
1131 4991 1368 5056 pr0pter
1391 4987 1608 5041 nullam
1641 5002 1967 5041 mensuram
1987 5003 2116 5041 con-

421 5069 756 5127 tinuationis
798 5086 915 5125 non
975 5071 1172 5127 debuit
1226 5079 1476 5130 metrum
1528 5075 1738 5130 vocari.
1781 5077 1896 5130 Hoc
1925 5080 2116 5130 autem

484 5215 499 5249 ¹
515 5213 656 5279 Lo_v._:
665 5215 802 5263 Num
813 5216 1018 5264 certum
1028 5224 1140 5279 esse
1149 5213 1722 5279 dubitas;atMss.,num
1735 5215 1902 5279 hujus
1913 5219 2116 5278 generis

421 5287 526 5340 esse
557 5274 796 5340 dubitas;
828 5275 1095 5340 quomodo
1145 5277 1302 5340 etiam
1332 5274 1593 5340 editiones
1632 5279 1745 5327 Ain.
1787 5274 1840 5328 et
1879 5274 1964 5327 Er.
1998 5293 2116 5340 quae

425 5337 646 5394 addunt,
675 5342 726 5388 et
743 5336 924 5388 hoc—ab
938 5336 1033 5384 illo
1046 5337 1306 5398 superiore
1317 5339 1509 5387 distare
1523 5341 1782 5389 concedis.
1798 5367 1857 5376 —
1870 5343 1927 5388 In
1941 5336 2061 5388 Mss.
2076 5341 2117 5388 Α

426 5398 571 5510 (mag:
617 5399 774 5510 hujgis
827 5401 1046 5463 generis.
1098 5399 1304 5462 fertque
1359 5401 1680 5465 simpliciter,
1714 5415 1840 5452 num
1885 5415 1993 5453 esse
2020 5402 2116 5453 du-

468 5472 585 5511 uas.
715 5472 780 5511 Μ.

2233 1809 2543 1877 utrumque
2571 1806 2780 1862 habet:
2835 1823 2968 1861 nam
3008 1811 3066 1862 et
3112 1807 3279 1862 certis
3327 1807 3572 1878 pedibus
3598 1807 3804 1875 currit‘,
3834 1816 3871 1864 et

2233 1896 2387 1947 certo
2435 1893 2782 1949 terminatur
2823 1895 3014 1950 modo.
3048 1895 3244 1967 Itaque
3277 1912 3396 1950 non
3446 1897 3625 1950 solum
3675 1900 3868 1950 metrum

2230 1985 2468 2052 propter
2522 1982 2809 2054 insignem
2866 1983 3064 2050 finem,
3124 1985 3218 2038 sed
3259 1984 3439 2038 etiam
3469 1985 3747 2056 rhythmus
3793 1990 3865 2048 est,

2231 2075 2469 2142 propter
2506 2072 2719 2142 pedum
2749 2072 3148 2127 rationabilem
3177 2072 3612 2128 connexionem.
3655 2073 3867 2137 Quocirca

2233 2173 2405 2212 omne
2435 2161 2682 2213 metrum
2713 2159 3035 2230 rhythmus,
3066 2175 3182 2213 non
3213 2160 3404 2214 omnis
3425 2161 3708 2231 rhythmus
3737 2160 3864 2214 etiam

2231 2250 2479 2300 metrum
2511 2250 2612 2300 est.
2647 2248 2920 2318 Rhythmi
2959 2248 3114 2302 enim
3141 2265 3363 2302 nomen
3392 2249 3452 2303 in
3483 2248 3686 2302 musica
3728 2264 3864 2318 usque

2233 2334 2376 2389 adeo
2406 2336 2518 2389 late
2546 2339 2721 2406 patet,
2774 2340 2837 2390 ut
2869 2336 2993 2389 hinc
3038 2340 3156 2390 tota
3178 2353 3313 2407 pars
3345 2337 3467 2407 ejus
3496 2353 3618 2408 qua:
3644 2336 3704 2390 ad
3728 2336 3801 2390 diu
3824 2340 3862 2388 et

2233 2438 2348 2476 non
2377 2422 2476 2477 diu
2504 2423 2770 2494 pertinet,
2799 2423 3102 2501 rhythmus
3151 2425 3451 2478 nominata
3479 2428 3567 2478 sit.
3597 2424 3693 2478 Sed
3719 2424 3774 2477 de
3793 2439 3862 2476 no-

2231 2508 2408 2579 mine,
2437 2527 2567 2565 cnm
2619 2527 2708 2564 res
2758 2516 3052 2582 appareat,
3106 2529 3224 2568 non
3275 2529 3403 2567 esse
3452 2513 3800 2584 satagendum,
3823 2515 3860 2564 et

2232 2596 2408 2651 doctis
2432 2602 2487 2651 et
2513 2598 2866 2669 sapientibus
2896 2599 3132 2670 placuit.
3171 2603 3259 2654 An
3287 2601 3510 2671 aliquid
3538 2598 3859 2655 contradicen-

2232 2684 2368 2738 dum
2435 2689 2534 2740 aut
2581 2686 2907 2741 dubitatum
2962 2692 3130 2757 putas
3185 2689 3254 2744 de
3314 2690 3404 2744 his
3435 2705 3615 2762 quaaa
3652 2703 3730 2742 me
3752 2685 3856 2741 dicta

2228 2777 2362 2826 sunt
2387 2772 2415 2826 ?
2439 2776 2504 2828 D.
2535 2775 2657 2827 Imo
2681 2790 2916 2844 prorsus
2944 2776 3245 2832 assentior.

2229 2861 2454 2915 CAPUT
2483 2863 2553 2916 ΙΙ.
2580 2893 2649 2902 -
2687 2863 2829 2928 Quid
2859 2865 3074 2918 intersit
3123 2868 3266 2920 inter
3325 2881 3542 2922 versum
3578 2871 3623 2920 et
3665 2867 3851 2918 metm».

2297 2952 2348 3004 3.
2371 2951 2445 3004 Μ.
2475 2951 2636 3005 Nunc
2665 2967 2800 3022 ergo
2826 2968 3052 3007 mecum
3077 2953 3217 3008 illud
3246 2955 3562 3019 considera,
3594 2959 3759 3008 utrum
3776 2951 3852 3002 sic-

2228 3041 2290 3091 ut
2317 3037 2503 3091 omnis
2531 3054 2724 3092 versus
2755 3045 3003 3094 metrum
3035 3045 3138 3110 est,
3171 3042 3250 3096 ita
3277 3059 3450 3096 omne
3479 3045 3701 3095 metrum
3727 3039 3849 3093 etiam

2225 3141 2420 3180 versus
2441 3125 2535 3180 sit.
2559 3127 2940 3183 D.Considero
2965 3129 3221 3200 quidem,
3251 3132 3352 3185 sed
3387 3130 3521 3202 quid
3541 3128 3848 3199 respondeam

2227 3230 2340 3268 non
2370 3213 2620 3269 invenio.
2639 3217 2710 3270 M.
2738 3216 2894 3270 Unde
2924 3217 2982 3269 id
3013 3217 3116 3271 tibi
3147 3233 3347 3272 censes
3369 3217 3656 3272 accidisse?
3682 3232 3739 3268 an
3755 3212 3849 3284 quia

2225 3302 2294 3357 de
2321 3303 2614 3357 vocabulis
2647 3303 2887 3374 qumstio
2918 3306 3048 3359 est?
3083 3307 3206 3359 Non
3237 3306 3396 3360 enim
3443 3309 3505 3360 ut
3543 3305 3605 3359 de
3632 3303 3769 3357 rebus
3797 3296 3846 3351 ad

2225 3391 2584 3462 disciplinam
2614 3391 3053 3461 pertinentibus,
3078 3393 3159 3447 ita
3181 3394 3249 3448 de
3266 3393 3595 3449 nominibus
3618 3400 3846 3461 possumus

2226 3479 2569 3549 respondere
2595 3479 2970 3550 interrogati:
3005 3486 3314 3552 propterea
3363 3481 3494 3554 quia
3531 3496 3612 3535 res
3652 3475 3845 3532 omnium

2225 3567 2516 3623 mentibus
2547 3569 2932 3623 communiter
2961 3574 3094 3624 sunt
3122 3570 3313 3624 insitae
3339 3589 3352 3637 ;
3401 3569 3624 3624 nomina
3659 3582 3781 3629 vero,
3803 3564 3844 3614 ut

2225 3656 2430 3728 cuique
2448 3657 2682 3728 placuit,
2714 3657 3004 3728 imposita,
3028 3674 3276 3728 quorum
3300 3659 3388 3713 vis
3409 3656 3710 3712 auctoritate
3724 3655 3843 3720 atque

2225 3746 2638 3800 consuetudine
2669 3745 2917 3801 maxime
2957 3747 3195 3802 nititur:
3235 3749 3388 3802 unde
3437 3747 3599 3801 etiam
3641 3758 3738 3798 esse
3763 3739 3837 3792 lin-

2226 3850 2470 3904 guarum
2483 3834 2774 3889 diversitas
2792 3839 2998 3906 potest,
3021 3852 3216 3890 rerum
3241 3842 3436 3891 autem
3462 3835 3520 3889 in
3537 3835 3645 3904 ipsa
3666 3828 3839 3884 veritate

2225 3923 2666 3979 constitutarum
2687 3925 2940 3996 profecto
2955 3941 3071 3979 non
3092 3928 3302 3996 potest.
3335 3928 3382 3980 Α
3411 3941 3498 3978 me
3526 3922 3684 3993 igitur
3708 3915 3839 3984 accipe

2225 4011 2385 4080 quod
2415 4011 2536 4082 ipse
2556 4013 2712 4066 nullo
2743 4018 2904 4084 pacto
2925 4014 3268 4084 respondere
3290 4029 3487 4084 posses
3512 4028 3525 4065 :
3555 4024 3658 4064 non
3677 4016 3838 4060 versum

2225 4099 2431 4166 solum,
2465 4104 2712 4155 metrum
2743 4107 2959 4157 veteres
2997 4117 3286 4156 vocavere.
3333 4104 3522 4172 Itaque
3555 4096 3685 4169 quod
3718 4092 3770 4146 ad
3802 4093 3837 4140 te

2225 4187 2426 4243 attinet
2449 4189 2575 4244 vide
2609 4195 2781 4261 atque
2810 4191 3114 4261 responde,
3145 4207 3266 4245 non
3296 4191 3449 4245 enim
3482 4189 3594 4260 jam
3623 4185 3682 4239 de
3707 4175 3836 4235 nomi-

2225 4277 2393 4330 nibus
2435 4277 2644 4349 agitur,
2692 4282 2886 4333 utrum
2942 4278 3093 4333 inter
3131 4279 3252 4333 haec
3313 4279 3426 4333 duo
3483 4271 3675 4346 aliquid
3699 4268 3833 4324 distet.

2225 4365 2380 4435 quod
2411 4366 2644 4436 quidam
2678 4383 2952 4421 numerus
2965 4368 3181 4438 pedum
3206 4367 3284 4420 ita
3307 4371 3459 4421 certo
3474 4365 3576 4418 ﬁne
3592 4356 3834 4414 claudatur,

2224 4458 2289 4507 ut
2318 4453 2464 4507 nihil
2495 4453 2564 4508 ad
2597 4470 2719 4508 rem
2774 4454 3074 4525 pertineat,
3109 4455 3209 4508 uti
3243 4453 3344 4508 ﬁat
3390 4452 3605 4524 quidam
3633 4440 3833 4500 articulus

2224 4547 2533 4612 antequam
2566 4543 2827 4596 veniatur
2862 4543 2930 4596 ad
2962 4542 3172 4606 tinem;
3203 4543 3349 4596 alius
3379 4546 3555 4594 autem
3578 4549 3678 4590 non
3704 4529 3833 4584 solum

2225 4635 2376 4684 certo
2402 4630 2516 4684 ﬁne
2538 4631 2858 4700 claudatur,
2890 4631 2987 4685 sed
3020 4631 3193 4685 etiam
3221 4636 3352 4685 ante
3373 4630 3537 4684 finem
3562 4624 3723 4677 ’certo
3737 4628 3832 4705 quo:

2227 4717 2358 4772 dam
2400 4717 2524 4771 loco
2556 4719 2818 4788 quaedam
2865 4719 2990 4788 ejus
3046 4719 3278 4788 partitio
3331 4717 3585 4779 emineat,
3632 4714 3685 4762 ut
3719 4714 3831 4774 qua-71

2226 4805 2498 4859 membris
2522 4806 2859 4860 conﬁciatur
2883 4805 3123 4860 duobus.
3160 4808 3223 4860 D.
3259 4806 3382 4860 Non
3411 4800 3662 4870 intelligo.
3686 4793 3744 4848 Μ.
3769 4789 3831 4840 Αἲ-

2226 4893 2393 4948 tende
2425 4909 2560 4964 ergo
2589 4893 2648 4946 in
2677 4894 2798 4947 haec
2825 4893 3108 4962 exempla.

2720 4999 2795 5070 ite
2830 4999 3009 5070 igitur,
3043 4999 3309 5070 Canidiam

2721 5060 3009 5127 Eonticolas
3023 5060 3248 5127 puellm,

2722 5123 2851 5178 Qum
2881 5123 3064 5170 canitis
3094 5124 3191 5170 sub
3221 5122 3386 5170 antris

2720 5183 2997 5232 Mellitluos
3019 5197 3258 5238 sonores,

2725 5245 2853 5303 Quae
2875 5245 3050 5294 lavitis
3079 5246 3327 5308 capillum

2291 5343 2305 5376 ¹
2335 5342 2396 5389 In
2418 5342 2504 5399 13.,
2533 5343 2792 5400 curritur,
2823 5341 2898 5389 Ex
2928 5341 3044 5389 Vat.
3077 5345 3129 5389 et
3159 5341 3278 5389 Mss.
3310 5339 3368 5396 Α,
3390 5337 3569 5400 currit.

2289 5408 2310 5441 ε
2333 5386 2447 5451 illis
2466 5386 2922 5452 'r‘evaaaalagé‘x
2946 5386 3453 5454 ii‘s's.a‘s'ma;¢xiéa.n,
3485 5386 3819 5461 ama/inﬁmi“

2229 5464 2283 5512 iu
2312 5446 2768 5516 iiaai'eaas'éaiu:
2779 5446 3416 5514 7113561112161;desii—ui
3439 5446 3489 5507 in
3511 5446 3647 5504 Vat-ie.
3681 5446 3730 5493 il.
