4080 6178
221 232 350 283 ili?

714 349 1042 410 Purpureum
1055 348 1105 410 ll
1112 361 1410 410 yppocrenc

712 408 893 464 Fonte,
921 408 1010 458 ubi
1046 408 1202 457 fusus
1219 410 1345 460 olim

714 471 943 533 Spumea
970 470 1099 519 lavit
1126 470 1297 520 almus

716 532 818 581 ora
841 532 987 594 jubis
1020 533 1232 594 aquosis

712 595 961 655 Pegasus,
993 594 1046 641 in
1078 595 1333 642 nitentem

606 672 621 689 ε
717 656 1087 704 Pervolaturus
1112 656 1351 705 aethram.

210 735 406 792 Cernis
435 734 691 805 profecto
722 735 980 806 quinque
1023 735 1343 805 superiores
1368 736 1671 791 versiculos
1710 737 1912 791 eodem

208 826 335 880 loco
376 830 598 895 partem
645 824 920 879 orationis
964 824 1173 879 habere
1220 826 1607 893 terminatam,
1650 825 1710 880 id
1739 831 1825 880 est
1851 826 1912 880 in

211 912 543 967 choriambo
571 912 738 983 pede,
770 912 862 965 cui
888 912 1258 982 subjungitur
1286 913 1573 980 bacchius,
1634 919 1700 968 ut
1737 914 1908 968 versi-

212 1002 404 1055 culum
434 1001 720 1070 compleat
745 1000 1015 1071 (namque
1054 1000 1115 1054 hi
1155 1001 1441 1067 undecim,
1490 1002 1821 1057 choriambo
1855 1006 1913 1057 et

209 1088 449 1143 bacchio
479 1088 722 1159 pedibus
752 1088 1031 1157 constant)
1059 1108 1074 1155 ;
1104 1093 1337 1143 caeteros
1356 1105 1489 1144 vero
1512 1094 1746 1159 excepto
1770 1107 1907 1155 uno,

211 1176 429 1231 scilicet
476 1178 587 1231 Ora
614 1177 767 1245 jubis
818 1179 1057 1245 aquosis,
1106 1193 1223 1230 non
1269 1178 1470 1232 eodem
1520 1178 1644 1232 loco
1698 1179 1910 1233 habere

210 1264 585 1318 terminatam
604 1268 829 1334 partem
852 1263 1145 1317 orationis.
1178 1265 1253 1320 D.
1287 1266 1467 1319 Cerno
1486 1264 1637 1318 istud
1652 1266 1908 1336 quidem,

206 1352 310 1406 sed
350 1368 463 1423 quo
493 1352 779 1422 pertineat
808 1367 926 1405 non
953 1352 1133 1406 video.
1165 1355 1240 1407 M.
1290 1354 1366 1405 Eo
1397 1353 1613 1407 scilicet
1642 1358 1706 1407 ut
1735 1354 1907 1407 intel-

204 1440 373 1510 ligas,
406 1441 514 1494 hoc
533 1444 781 1493 metrum
810 1456 928 1493 non
941 1440 1444 1512 quasilegitimum
1475 1442 1662 1495 locum
1677 1441 1904 1507 habere,

205 1528 309 1582 ubi
339 1533 472 1582 ante
498 1528 674 1581 ﬁnem
707 1544 901 1581 versus
923 1528 1158 1582 ﬁniatur
1184 1546 1314 1599 pars
1360 1529 1636 1583 orationis
1662 1547 1673 1583 :
1707 1546 1841 1583 nam
1864 1530 1912 1583 si

205 1616 290 1671 ita
319 1615 486 1682 esset,
519 1632 718 1669 omnes
748 1616 949 1670 eodem
970 1618 1093 1670 loco
1108 1618 1261 1670 hunc
1284 1618 1562 1671 haberent
1584 1618 1906 1685 articulum,

206 1708 312 1758 aut
341 1707 490 1757 certe
520 1702 808 1757 rarissime
856 1704 916 1757 in
957 1704 1047 1758 his
1076 1705 1433 1759 inveniretur
1460 1705 1559 1776 qui
1585 1722 1702 1760 non
1730 1707 1909 1761 habe-

208 1796 299 1847 ret
331 1808 345 1847 :
378 1808 530 1846 nunc
557 1808 691 1846 vero
722 1808 853 1846 cum
882 1791 995 1846 sint
1013 1792 1300 1862 undecim,
1330 1809 1424 1848 sex
1442 1793 1522 1847 ita
1551 1798 1705 1859 sunt,
1738 1795 1907 1865 quin-

206 1897 322 1952 que
353 1897 469 1935 non
497 1881 596 1934 ita.
630 1882 700 1934 D.
756 1882 823 1935 Et
852 1882 959 1935 hoc
1003 1881 1236 1951 accipio,
1298 1886 1355 1935 et
1410 1882 1593 1935 adhuc
1622 1898 1734 1952 quo
1765 1883 1906 1937 ratio

205 1969 403 2023 tendat
435 1974 712 2040 exspecto.
742 1970 818 2023 M.
852 1969 1093 2023 Attende
1122 1986 1257 2040 ergo
1293 1969 1466 2024 etiam
1510 1970 1572 2023 in
1611 1970 1721 2024 ista
1773 1987 1906 2041 per-

208 2056 605 2127 vulgatissima
639 2071 653 2110 :
685 2057 860 2111 Arma
880 2058 1165 2125 virumque
1193 2073 1345 2123 cano,
1381 2059 1556 2127 Trojae
1581 2061 1678 2127 qui
1698 2062 1908 2128 primus

205 2146 284 2198 ab
306 2147 432 2200 oris.
465 2146 530 2199 Et
558 2160 629 2198 ne
660 2144 894 2215 longum
925 2144 1218 2213 faciamus,
1252 2144 1389 2215 quia
1417 2161 1648 2200 carmen
1678 2146 1908 2202 notissio

210 2248 376 2287 mum
406 2236 511 2299 est,
544 2232 613 2287 ab
644 2232 751 2286 hoc
788 2248 953 2287 versu
985 2248 1164 2303 usque
1215 2233 1287 2287 ad
1316 2250 1490 2304 quem
1532 2235 1777 2289 volueris
1806 2253 1905 2290 ex-

206 2321 374 2391 plora
404 2320 660 2390 singulos
688 2336 702 2386 ;
735 2320 992 2374 invenies
1021 2320 1243 2374 ﬁnitam
1272 2326 1493 2392 partem
1544 2323 1817 2377 orationis
1846 2324 1906 2377 in

206 2409 413 2480 quinto
443 2407 755 2479 semipede,
786 2408 844 2463 id
872 2413 975 2477 est,
1009 2409 1071 2463 in
1102 2410 1322 2464 duabus
1350 2410 1592 2480 pedibus
1621 2414 1677 2465 et
1706 2412 1905 2465 semis-

205 2513 315 2550 se:
350 2513 482 2550 nam
536 2496 597 2551 hi
646 2512 840 2551 versus
887 2501 1148 2552 constant
1202 2498 1441 2568 pedibus
1493 2504 1906 2570 quaternorum

202 2589 530 2655 temporum
562 2601 574 2639 :
610 2601 786 2656 quare
815 2586 921 2640 iste
950 2586 1080 2640 ﬁnis
1098 2587 1167 2640 de
1198 2602 1311 2657 quo
1340 2588 1533 2658 agitur
1564 2589 1743 2658 partis
1774 2606 1904 2643 ora-

206 2672 403 2739 tionis,
433 2672 598 2743 quasi
617 2673 911 2743 legitimus
936 2675 999 2728 in
1024 2674 1245 2729 decimo
1272 2679 1530 2747 tempore
1552 2680 1653 2730 est.
1685 2678 1758 2731 D.
1791 2678 1903 2731 Ma-

204 2760 482 2815 nifestum
515 2764 617 2815 est.

276 2850 330 2903 4.
363 2851 440 2904 Μ.
470 2851 596 2903 Jam
623 2865 759 2919 ergo
784 2848 1061 2919 intelligis
1090 2849 1240 2904 inter
1267 2849 1366 2904 illa
1396 2851 1509 2905 duo
1541 2867 1753 2922 genera
1778 2869 1907 2924 qua:

204 2941 338 2991 ante
383 2938 491 2991 ista
549 2938 810 3008 exempla
855 2953 1284 3009 proposueram,
1344 2938 1599 2993 nonnihil
1649 2940 1903 2996 distare:

207 3025 363 3096 quod
393 3025 544 3080 aliud
577 3025 791 3079 scilicet
824 3030 1075 3080 metrum
1106 3030 1417 3097 antequam
1446 3028 1762 3095 claudatur,
1790 3045 1904 3083 non

205 3112 380 3167 habet
407 3119 625 3167 certum
652 3120 709 3167 et
733 3117 1007 3167 statutum
1040 3113 1292 3184 aliquem
1332 3114 1653 3179 articulum,
1682 3116 1827 3172 sicut
1845 3117 1906 3171 in

205 3200 317 3254 illis
380 3202 649 3255 undecim
700 3201 990 3255 versiculis
1038 3203 1457 3273 exploravimus
1499 3219 1513 3257 :
1566 3204 1723 3259 aliud
1771 3222 1904 3259 vero

205 3288 401 3357 habet,
431 3289 578 3343 sicut
628 3290 689 3343 in
716 3290 945 3344 heroico
975 3294 1156 3345 metro
1187 3290 1422 3361 quintus
1470 3292 1715 3362 semipes
1772 3295 1905 3347 satis

204 3375 440 3431 indicat.
489 3378 565 3431 D.
611 3379 735 3431 Jam
784 3378 968 3448 liquet
1013 3379 1166 3449 quod
1204 3380 1364 3434 dicis.
1418 3384 1487 3436 Μ.
1534 3380 1708 3448 Atqui
1762 3382 1905 3435 scias

206 3468 450 3534 oportet,
485 3482 518 3519 a
544 3466 825 3520 veteribus
858 3466 1059 3533 doctis,
1088 3468 1149 3521 in
1204 3468 1413 3539 quibus
1445 3485 1654 3540 magna
1684 3474 1767 3523 est
1796 3486 1903 3523 au-

205 3553 455 3619 ctoritas,
486 3553 628 3607 illud
658 3554 919 3625 superius
944 3572 1125 3625 genus
1152 3572 1267 3610 non
1298 3572 1416 3610 esse
1446 3573 1673 3611 versum
1703 3558 1902 3627 appel-

205 3641 388 3695 latum
415 3658 428 3707 ;
459 3642 559 3695 sed
586 3658 740 3696 nunc
766 3641 1066 3696 deﬁnitum
1114 3648 1171 3697 et
1205 3648 1469 3697 vocatum
1502 3660 1624 3698 esse
1653 3660 1898 3709 versum,

206 3730 309 3800 qui
339 3730 565 3784 duobus
596 3730 759 3801 quasi
790 3730 1063 3785 membris
1105 3735 1408 3797 constaret,
1441 3736 1592 3785 certa
1634 3748 1904 3786 mensura

204 3822 261 3871 et
293 3817 513 3871 ratione
540 3819 877 3889 conjunctis.
910 3819 1021 3873 Sed
1063 3823 1123 3873 tu
1149 3835 1264 3873 non
1309 3820 1555 3874 multum
1584 3820 1804 3876 labores
1833 3821 1902 3875 de

203 3904 459 3970 nomine,
494 3906 646 3975 quod
679 3905 788 3959 nisi
807 3921 841 3960 a
867 3922 961 3960 me
988 3906 1075 3960 vel
1106 3924 1139 3961 a
1168 3907 1424 3977 quolibet
1453 3907 1566 3962 alio
1597 3908 1702 3962 tibi
1750 3907 1902 3963 indi-

201 3997 449 4059 caretur,
482 3994 639 4046 nullo
670 3994 841 4047 modo
892 3994 961 4048 de
990 3994 1098 4049 hoc
1149 3995 1529 4067 interrogatus
1560 3997 1901 4068 respondere

199 4097 419 4153 posses.
450 4081 557 4136 Sed
585 4081 740 4151 quod
772 4081 917 4136 ratio
944 4084 1125 4149 docet,
1159 4083 1218 4137 in
1248 4084 1305 4138 id
1326 4085 1611 4155 praecipue
1642 4091 1697 4139 et
1727 4085 1903 4139 maxi-

200 4185 297 4225 me
328 4170 585 4224 animum
609 4169 865 4239 intende,
897 4171 1051 4225 velut
1076 4172 1186 4226 hoc
1213 4172 1400 4242 ipsum
1427 4174 1580 4243 quod
1605 4190 1758 4228 nunc
1786 4174 1903 4244 agi-

198 4274 332 4312 mus
369 4274 381 4311 :
412 4257 559 4311 ratio
588 4256 741 4311 enim
771 4258 934 4312 docet
966 4258 1120 4312 inter
1148 4260 1269 4313 hazc
1299 4260 1410 4313 duo
1445 4276 1655 4329 genera
1691 4261 1900 4315 distare

198 4345 441 4416 aliquid,
486 4346 834 4417 quibuslibet
879 4346 1165 4401 vocabulis
1224 4352 1630 4417 nuncupentur
1662 4365 1675 4402 :
1704 4348 1899 4418 itaque

195 4433 311 4488 hoc
361 4433 508 4487 bene
557 4434 942 4504 interrogatus
993 4451 1186 4504 posses
1247 4436 1432 4489 dicere
1490 4436 1613 4506 ipsa
1667 4436 1899 4490 veritate

196 4520 449 4575 conﬁsus
481 4538 493 4588 ;
525 4521 665 4575 illud
698 4528 890 4576 autem
920 4523 1026 4576 nisi
1058 4523 1454 4577 auctoritatem
1485 4530 1733 4593 secutus,
1785 4540 1900 4578 non

196 4626 417 4681 posses.
448 4610 527 4665 D.
566 4610 935 4681 Apertissime
986 4611 1108 4681 jam
1160 4610 1268 4665 ista
1297 4612 1555 4682 cognovi,
1606 4616 1662 4665 et
1698 4613 1899 4683 quanti

194 4697 421 4768 pendas
450 4698 573 4759 hoc,
608 4699 677 4752 de
736 4715 850 4769 quo
904 4715 996 4753 me
1043 4704 1161 4753 tam
1211 4701 1410 4754 crebro
1460 4701 1751 4766 admones,
1777 4702 1898 4771 jam

195 4785 484 4841 existimo.
516 4786 590 4841 Μ.
623 4788 751 4841 Haec
797 4803 932 4857 ergo
982 4788 1091 4841 tria
1138 4788 1398 4855 nomina,
1452 4790 1661 4859 quibus
1720 4789 1899 4843 disse-

196 4874 369 4927 rendi
390 4890 558 4928 causa
588 4875 905 4928 necessario
919 4877 1081 4929 usuri
1103 4877 1629 4939 sumus,memorize
1660 4876 1897 4931 mandes

193 4961 374 5016 velim
411 4979 423 5016 :
454 4963 810 5032 rhythmum,
843 4968 1113 5030 metrum,
1150 4980 1397 5018 versum.
1430 4965 1566 5028 Qua:
1590 4965 1665 5017 sic
1692 4964 1894 5018 distin-

192 5055 476 5121 guuntur,
510 5055 571 5105 ut
601 5067 769 5105 omne
800 5056 1047 5105 metrum
1094 5053 1267 5106 etiam
1299 5052 1597 5123 rhythmus
1653 5052 1746 5118 sit,
1781 5069 1896 5106 non

189 5138 381 5193 omnis
407 5140 705 5209 rhythmus
736 5141 905 5194 etiam
938 5145 1209 5195 metrum.
1250 5142 1391 5194 Item
1441 5140 1629 5193 omnis
1677 5157 1889 5196 versus.

191 5227 372 5281 etiam
400 5232 647 5281 metrum
680 5229 770 5295 sit,
814 5244 928 5283 non
958 5245 1127 5283 omne
1174 5233 1423 5283 metrum
1477 5228 1649 5283 etiam
1677 5245 1890 5283 versus.

191 5317 345 5385 Ergo
378 5316 566 5369 omnis
591 5332 787 5371 versus
816 5322 899 5371 est
928 5318 1233 5388 rhythmus
1259 5322 1315 5370 et
1345 5321 1590 5371 metrum
1613 5317 1894 5371 :namhoc

189 5408 262 5459 ut
291 5403 552 5469 arbitror,
592 5420 713 5459 esse
743 5421 1094 5476 consequens
1147 5406 1323 5460 vides.
1362 5407 1433 5459 Ι).
1490 5405 1663 5459 Video
1710 5422 1844 5460 sane
1877 5424 1891 5460 ;

192 5505 331 5544 nam
357 5493 441 5545 est
470 5491 593 5546 luce
622 5491 848 5547 clarius.

1674 227 1887 283 LIBER
1924 227 2247 284 TERTIUS.

3580 231 3718 284 lll8

2263 349 2489 404 CAPUT
2526 350 2621 404 III.
2650 379 2719 390 —
2745 351 3007 419 Rhythmz‘
3026 366 3093 404 ea:
3111 351 3477 421 pyrrhichiis.

2096 482 2147 533 5.
2197 482 2272 536 M.
2308 480 2471 535 Prius
2522 481 2719 552 igitur,
2751 482 2797 534 si
2828 482 3031 551 placet,
3088 483 3157 536 de
3213 483 3479 553 rhythmo
3510 483 3571 538 in
3600 499 3713 554 quo

2023 568 2248 623 nullum
2293 573 2539 623 me‘trum
2572 574 2673 633 est,
2706 570 2911 624 deinde
2940 572 3009 625 de
3034 575 3214 625 metro
3246 571 3345 626 ubi
3374 588 3568 627 versus
3597 588 3713 628 non

2023 660 2126 723 est,
2161 662 2450 726 postremo
2482 659 2551 712 de
2578 658 2701 729 ipso
2724 674 2910 724 versu,
2942 664 3221 730 quantum
3247 676 3570 730 possumus,
3601 662 3715 716 dis-

2023 760 2297 799 seramus.
2330 748 2403 801 D.
2434 747 2625 801 Placet
2671 763 2824 801 vero.
2880 749 2953 801 M.
2986 748 3157 801 Sume
3191 764 3325 818 ergo
3356 749 3460 803 tibi
3487 749 3555 804 ab
3586 750 3709 820 ipso

2022 833 2204 901 capite
2252 834 2428 903 pedes
2479 834 2857 905 pyrrhichios,
2892 840 2946 888 et
2977 836 3045 888 de
3075 835 3164 889 his
3205 836 3535 906 rhythmum
3579 854 3714 892 con-

2021 922 2166 971 texe.
2221 920 2296 972 D.
2332 919 2510 973 Etiam
2544 920 2589 973 si
2620 920 2679 974 id
2718 920 2930 991 possim
2958 921 3163 987 facere,
3192 923 3289 991 qui
3324 923 3523 976 modus
3555 925 3710 977 erit?

2020 1008 2094 1061 M.
2128 1007 2269 1061 Satis
2300 1012 2401 1071 est,
2435 1013 2499 1061 ut
2528 1025 2659 1062 eum
2688 1010 2887 1063 tendas
2917 1010 3187 1080 (exempli
3243 1010 3396 1064 enim
3436 1012 3622 1082 gratia
3651 1012 3710 1065 id

2019 1093 2285 1164 facimus)
2317 1113 2495 1167 usque
2525 1097 2595 1151 ad
2624 1098 2818 1150 decem
2848 1098 3055 1167 pedes:
3091 1114 3222 1151 nam
3254 1115 3433 1169 usque
3462 1100 3533 1153 ad
3564 1100 3714 1154 hunc

2019 1183 2230 1252 pedum
2262 1199 2565 1237 numerum
2593 1201 2707 1237 non
2764 1185 3128 1253 progreditur
3181 1202 3394 1251 versus,
3426 1188 3580 1257 quod
3610 1205 3711 1242 suo

2016 1272 2139 1324 loco
2170 1270 2475 1340 diligenter
2503 1271 2854 1325 tractabitur.
2906 1274 2979 1325 D.
3016 1274 3165 1326 Bene
3194 1274 3428 1343 quidem
3479 1281 3541 1329 tu
3587 1292 3703 1330 non

2021 1359 2231 1411 multos
2261 1358 2432 1427 pedes
2455 1358 2598 1411 mihi
2627 1358 2981 1428 proposuisti
3010 1361 3381 1429 copulandos;
3436 1364 3532 1417 sed
3563 1364 3713 1419 vide-

2020 1443 2096 1495 ris
2131 1441 2271 1496 mihi
2302 1459 2419 1496 non
2445 1444 2752 1509 recordari,
2774 1445 2897 1514 jam
2922 1449 2979 1498 te
3009 1446 3143 1498 satis
3190 1447 3533 1515 discrevisse,
3570 1450 3711 1520 quid

2016 1530 2168 1583 inter
2195 1532 2631 1600 grammaticum
2662 1537 2719 1585 et
2746 1532 3026 1586 musicum
3050 1532 3288 1600 intersit,
3323 1550 3453 1588 cum
3478 1552 3582 1606 ego
3606 1537 3710 1591 tibi

2018 1618 2456 1688 respondissem,
2476 1619 3139 1690 syllabarumlongarum
3164 1624 3218 1674 et
3239 1621 3497 1675 brevium
3521 1623 3715 1693 cogni-

2019 1706 2239 1761 tionem
2262 1722 2354 1760 me
2383 1723 2501 1760 non
2522 1707 2751 1774 habere,
2786 1724 2914 1778 quae
2945 1724 2978 1761 a
3007 1708 3394 1777 grammaticis
3422 1711 3663 1766 traditur
3696 1728 3708 1766 :

2019 1793 2130 1847 nisi
2149 1794 2299 1848 forte
2327 1794 2631 1864 permittis,
2667 1799 2731 1849 ut
2761 1812 2879 1849 non
2898 1796 3103 1862 verbis,
3139 1796 3238 1850 sed
3268 1797 3460 1867 aliquo
3508 1799 3709 1869 plausu

2018 1880 2351 1951 rhythmum
2381 1882 2553 1936 istum
2574 1882 2906 1937 exhibeam:
2932 1899 3063 1937 nam
3088 1883 3369 1954 judicium
3395 1885 3620 1940 aurium
3641 1887 3713 1942 ad

2018 1960 2343 2040 temporum
2371 1976 2665 2026 momenta
2693 1972 3042 2026 moderanda
3069 1987 3157 2025 me
3176 1988 3337 2042 posse
3357 1972 3566 2028 habere
3594 1991 3709 2029 non

2016 2074 2202 2129 nego;
2238 2075 2366 2129 quae
2394 2076 2527 2114 vero
2573 2061 2788 2130 syllaba
2829 2060 3196 2131 producenda
3236 2061 3323 2114 vel
3352 2060 3711 2130 corripienda

2018 2146 2108 2212 sit,
2141 2146 2290 2217 quod
2318 2146 2377 2200 in
2406 2147 2739 2201 auctoritate
2769 2147 2943 2201 situm
2976 2150 3077 2213 est,
3111 2146 3345 2201 omnino
3385 2147 3590 2201 nescio.
3632 2150 3707 2203 M.

2017 2236 2217 2289 Fateor
2245 2252 2348 2289 nos
2377 2235 2476 2305 ita,
2522 2239 2583 2289 ut
2607 2235 2766 2302 dicis,
2800 2234 3239 2305 grammaticum
3261 2252 3293 2289 a
3325 2235 3541 2289 musico
3590 2234 3704 2289 dis-

2018 2322 2278 2392 crevisse,
2310 2327 2365 2377 et
2396 2323 2457 2377 in
2486 2324 2595 2377 hoc
2624 2328 2679 2377 te
2707 2339 2917 2394 genere
2938 2322 3223 2376 inscitiam
3252 2327 3411 2377 tuam
3437 2339 3556 2377 esse
3584 2338 3713 2377 con-

2016 2410 2247 2465 fessum.
2282 2413 2468 2476 Quare
2489 2427 2522 2465 a
2553 2428 2646 2465 me
2676 2411 2868 2481 accipe
2914 2411 3021 2465 hoc
3068 2411 3310 2481 exempli
3339 2426 3515 2480 genus
3546 2430 3559 2465 :
3592 2410 3712 2477 Ago

2015 2500 2253 2553 celeriter
2274 2502 2415 2567 agile
2442 2500 2587 2571 quod
2611 2516 2713 2569 ago
2736 2500 2836 2554 tibi
2860 2499 3003 2568 quod
3032 2501 3220 2554 anima
3237 2500 3384 2554 velit.
3417 2498 3483 2553 D.
3522 2498 3711 2553 Habeo

2016 2584 2177 2641 istuc.

2088 2678 2139 2729 6.
2168 2677 2243 2731 M.
2296 2677 2410 2729 Hoc
2458 2690 2593 2745 ergo
2650 2674 2875 2746 quoties
2932 2674 3069 2729 libet
3114 2675 3446 2744 repetendo,
3501 2675 3711 2730 efﬁcies

2017 2762 2269 2833 rhythmi
2298 2764 2469 2833 hujus
2517 2762 2939 2833 longitudinem
2990 2766 3264 2832 quantam
3292 2763 3465 2829 voles,
3520 2779 3709 2834 quan-

2016 2867 2191 2922 quam
2215 2850 2276 2904 hi
2304 2851 2499 2904 decem
2526 2851 2701 2919 pedes
2758 2851 2828 2904 ad
2880 2850 3201 2919 exemplum
3243 2849 3545 2903 sufﬁciant.
3601 2851 3707 2904 Sed

2015 2939 2157 2993 illud
2188 2954 2405 3009 quaero,
2440 2938 2485 2991 si
2516 2938 2619 2992 tibi
2650 2937 2936 3008 quispiam
2965 2937 3133 3003 dicat,
3176 2953 3293 2991 non
3344 2937 3704 3007 pyrrhichiis,

2016 3028 2113 3081 sed
2132 3024 2626 3097 proceleumaticis
2638 3025 2879 3095 pedibus
2896 3025 3047 3079 hunc
3068 3026 3404 3096 rhythmum
3425 3029 3704 3092 constare,

2015 3115 2151 3186 quid
2181 3113 2554 3185 respondebis
2578 3115 2606 3168 ‘?
2640 3114 2712 3168 D.
2743 3115 2981 3166 Prorsus
3037 3113 3239 3184 ignoro
3270 3129 3283 3168 :
3318 3129 3452 3167 nam
3480 3113 3580 3167 ubi
3608 3114 3705 3167 dc-

2014 3219 2135 3259 cem
2148 3203 2626 3275 pyrrhichiisunt,
2663 3200 2917 3273 quinque
2940 3202 3445 3272 proceleumaticos
3474 3201 3707 3269 metior;

2014 3297 2069 3346 et
2098 3309 2164 3346 eo
2188 3292 2377 3362 major
2405 3290 2684 3346 dubitatio
2716 3294 2819 3356 est,
2852 3289 3006 3360 quod
3059 3289 3127 3343 de
3158 3290 3423 3360 rhythmo
3454 3289 3708 3344 consuli-

2014 3397 2163 3447 mur,
2195 3381 2290 3451 qui
2325 3379 2539 3434 scilicet
2565 3383 2843 3449 perpetuo
2876 3378 3019 3432 ﬂuit.
3056 3379 3327 3433 Undecim
3379 3379 3532 3432 enim
3576 3394 3707 3449 pyr-

2014 3468 2219 3522 rliichii
2242 3469 2329 3522 vel
2360 3467 2653 3533 tredecim,
2688 3472 2745 3520 et
2774 3465 3033 3536 quolibet
3064 3465 3269 3534 impari
3300 3481 3562 3531 numero,
3589 3481 3706 3519 non

2011 3560 2253 3625 possunt
2281 3555 2491 3609 habere
2520 3554 2805 3621 integrum
2845 3552 3454 3623 proceleumaticorum
3503 3568 3707 3606 nume-

2013 3660 2163 3697 rum.
2206 3643 2263 3697 Si
2309 3658 2446 3713 ergo
2487 3646 2635 3695 esset
2666 3645 2850 3694 certus
2885 3639 3017 3693 ﬁnis
3047 3638 3107 3692 in
3136 3639 3244 3692 hoc
3274 3639 3341 3693 de
3365 3656 3478 3710 quo
3518 3638 3709 3710 agitur

2011 3731 2303 3801 rhythmo,
2336 3728 2418 3783 ibi
2446 3729 2646 3783 saltem
2682 3728 2865 3781 dicere
2894 3743 3191 3797 possemus
3235 3726 3562 3798 pyrrhichio
3600 3744 3706 3799 po-

2011 3819 2125 3872 tius
2155 3834 2329 3889 quam
2358 3816 2834 3889 proceleumatico
2890 3831 3022 3870 eum
3078 3831 3325 3881 currere,
3367 3816 3467 3870 ubi
3508 3832 3707 3871 omnes

2010 3906 2222 3978 integri
2248 3904 2710 3978 proceleumatici
2755 3920 2873 3959 non
2920 3904 3315 3959 invenirentur
3350 3922 3362 3959 :
3392 3921 3544 3959 nunc
3570 3921 3703 3960 vero

2010 3999 2066 4049 et
2100 3995 2290 4065 ipsum
2340 3995 2632 4050 inﬁnitum
2663 3993 2827 4048 nobis
2880 3993 3181 4047 conturbat
3214 3992 3520 4063 judicium,
3573 3998 3630 4048 et
3658 3994 3705 4048 si

2009 4082 2237 4153 quando
2268 4082 2557 4136 numerati
2586 4080 2821 4151 quidem
2843 4080 3036 4151 pedes,
3068 4080 3162 4133 sed
3188 4079 3310 4149 pari
3334 4096 3577 4134 numero
3603 4097 3704 4135 no-

2010 4172 2097 4225 bis
2126 4174 2544 4241 proponuntur,
2578 4169 2724 4223 sicut
2750 4170 2845 4223 isti
2870 4172 3005 4223 sunt
3046 4169 3261 4228 decem,
3292 4170 3368 4223 M.
3400 4168 3573 4237 Atqui
3601 4184 3706 4222 nec

2011 4260 2081 4313 de
2111 4259 2234 4329 ipso
2267 4259 2474 4328 impari
2516 4272 2758 4310 numero
2790 4256 3271 4327 pyrrhichiorum,
3303 4255 3452 4324 quod
3487 4255 3589 4309 tibi
3615 4255 3705 4309 vi-

2010 4363 2134 4400 sum
2167 4351 2269 4411 est,
2300 4344 2515 4415 liquido
2532 4344 2717 4397 visum
2738 4349 2839 4399 est.
2861 4345 3006 4408 Quid
3020 4343 3173 4398 enim
3202 4343 3249 4396 si
3278 4342 3545 4396 undecim
3568 4359 3704 4412 pro-

2007 4432 2210 4503 positis
2239 4432 2479 4501 pedibus
2501 4431 2841 4502 pyrrhichiis
2871 4432 3089 4487 dicatur
3116 4430 3417 4501 rhythmus
3446 4430 3703 4502 quinque

2006 4521 2215 4575 habere
2246 4522 2746 4591 proceleumaticos
2780 4525 2835 4575 et
2864 4518 3259 4589 semipedem?
3302 4519 3583 4588 numquid
3614 4536 3703 4574 re-

2007 4610 2128 4662 sisti
2156 4613 2356 4678 potest,
2387 4624 2519 4661 cum
2550 4611 2756 4663 multos
2784 4608 3140 4662 inveniamus
3170 4622 3364 4659 versus
3393 4606 3580 4660 claudi
3610 4623 3698 4661 se-

2007 4697 2272 4767 mipede?
2310 4698 2381 4751 D.
2412 4698 2538 4751 Jam
2563 4696 2680 4751 dixi
2711 4713 2799 4750 me
2831 4698 3045 4748 nescire
3079 4694 3219 4763 quid
3258 4694 3327 4747 de
3357 4693 3463 4747 hac
3493 4710 3555 4748 re
3586 4694 3697 4749 dici

2006 4786 2202 4855 possit.
2234 4787 2306 4839 M.
2339 4787 2486 4840 Num
2539 4785 2711 4839 etiam
2768 4783 2907 4837 illud
2960 4782 3163 4847 nescis,
3221 4783 3698 4853 proceleumatico

2005 4874 2257 4944 priorem
2292 4891 2411 4929 esse
2442 4873 2838 4944 pyrrhichium
2858 4874 2885 4925 ‘I
2914 4870 3197 4942 siquidem
3229 4871 3452 4925 duobus
3471 4871 3701 4943 pyrrhi-

2002 4963 2144 5016 chiis
2182 4962 2687 5034 proceleumaticus
2738 4960 2948 5027 conﬁt;
2980 4960 3127 5014 sicut
3154 4960 3315 5030 prius
3369 4966 3454 5014 est
3505 4975 3688 5014 unum

2002 5068 2175 5122 quam
2206 5052 2337 5116 duo,
2372 5056 2429 5105 et
2462 5051 2573 5104 duo
2606 5066 2777 5121 quam
2804 5054 3071 5119 quatuor,
3113 5049 3191 5102 ita
3218 5047 3695 5119 proceleumatico

2003 5140 2164 5209 prior
2194 5144 2277 5193 est
2306 5138 2686 5209 pyrrhichius.
2735 5139 2805 5192 D.
2852 5138 3219 5191 Verissimum
3265 5142 3372 5191 est.
3428 5139 3501 5191 Μ.
3554 5136 3697 5191 Cum

2004 5242 2139 5296 ergo
2176 5226 2238 5279 in
2289 5226 2436 5279 hanc
2488 5224 2921 5293 ambiguitatem
2978 5224 3304 5290 incidimus,
3336 5227 3401 5276 ut
3429 5221 3606 5291 possit
3638 5220 3698 5275 in

2003 5314 2271 5385 rhythmo
2298 5318 2355 5367 et
2399 5312 2761 5383 pyrrhichius
2806 5312 2996 5367 metiri
3052 5316 3111 5366 et
3163 5308 3693 5381 proceleumaticus,

2001 5403 2090 5456 cui
2121 5402 2507 5472 principatum
2541 5402 2724 5455 daturi
2781 5403 3022 5456 sumus?
3070 5399 3271 5471 priori,
3305 5414 3373 5451 ex
3427 5413 3541 5467 quo
3589 5396 3693 5451 iste

2004 5494 2253 5555 constat;
2302 5506 2373 5543 an
2407 5490 2727 5559 posteriori,
2771 5506 2837 5546 ex
2879 5506 2994 5561 quo
3028 5489 3121 5543 ille
3153 5503 3269 5542 non
3312 5485 3582 5540 constat?
3618 5487 3691 5543 D.
