4080 6178
467 244 601 297 1119

460 364 638 418 Nemo
668 359 952 417 dubitabit
978 359 1157 431 priori
1206 375 1327 414 esse
1379 358 1653 414 dandum.
1694 358 1776 412 M.
1811 357 1956 423 Quid
2011 373 2146 427 ergo

461 450 685 505 dubitas
715 449 784 504 de
808 449 912 502 hac
937 464 998 501 re
1027 447 1317 501 consultus
1345 445 1711 516 respondere,
1759 443 2155 515 pyrrhichium

462 538 653 612 potius
681 553 855 608 quam
883 533 1426 606 proceleumaticum
1454 534 1628 587 istum
1672 533 2004 604 rhythmum
2035 548 2156 586 esse

463 626 917 697 nuncupandum
939 627 967 679 ?
991 626 1071 679 D.
1112 625 1234 678 Jam
1265 622 1501 676 omnino
1547 637 1663 676 non
1699 621 1896 676 dubito
1931 638 1943 676 :
1979 621 2157 691 pudet

465 725 582 774 tam
620 715 982 770 manifestam
1024 712 1304 766 rationem
1347 727 1462 765 non
1509 726 1602 765 me
1642 709 1752 764 cito
1797 709 2155 764 animadver-

467 807 617 864 tisse.

746 893 971 948 CAPUT
1003 890 1092 945 lV.
1127 919 1188 930 —
1229 889 1530 957 Rhythmus
1567 889 1868 943 continuus.

531 988 585 1040 '7.
617 985 691 1038 M.
723 981 965 1035 Videsne
994 979 1138 1033 illud
1169 977 1340 1032 etiam
1372 976 1478 1031 ista
1506 977 1726 1030 ratione
1755 976 1900 1048 cogi,
1938 979 2002 1030 ut
2027 976 2154 1047 qui-

463 1075 595 1128 dam
628 1071 801 1142 pedes
823 1069 956 1133 sint,
990 1067 1089 1138 qui
1119 1067 1451 1137 rhythmum
1503 1065 1832 1120 continuare
1861 1081 1979 1119 non
2022 1081 2154 1136 pos-

461 1160 621 1214 sint?
651 1160 792 1213 Nam
825 1156 976 1227 quod
1008 1157 1076 1210 de
1108 1153 1583 1224 proceleumatico
1613 1154 1908 1208 inventum
1939 1157 2040 1220 est,
2063 1153 2155 1208 cui

460 1247 607 1302 tollit
643 1244 1004 1317 pyrrhichius
1035 1243 1445 1313 principatum,
1478 1243 1585 1296 hoc
1613 1246 1666 1295 et
1699 1242 1766 1296 de
1805 1242 2053 1296 diiambo
2100 1245 2156 1296 et

465 1332 535 1386 de
559 1331 814 1386 dichorio
844 1334 900 1384 et
931 1330 999 1385 de
1031 1329 1347 1398 dispondeo
1378 1328 1676 1382 inventum
1702 1332 1877 1398 puto:
1911 1328 2020 1382 nisi
2049 1327 2155 1382 tibi

459 1419 615 1473 aliud
647 1418 889 1472 videtur.
922 1419 995 1471 1).
1029 1417 1177 1481 Quid
1207 1415 1351 1470 mihi
1381 1415 1534 1470 aliud
1575 1416 1748 1470 videri
1774 1419 1977 1486 potest,
2024 1432 2154 1470 cum

458 1506 698 1576 probata
721 1506 819 1559 illa
833 1505 1054 1559 ratione
1084 1505 1189 1559 hoc
1217 1504 1370 1575 quod
1394 1503 1653 1574 sequitur
1678 1504 2005 1575 improbare
2033 1521 2152 1559 non

459 1592 718 1664 possim?
774 1595 847 1647 Μ.
899 1593 1037 1648 Vide
1095 1593 1267 1647 etiam
1306 1592 1431 1659 ista,
1465 1597 1520 1646 et
1545 1609 1811 1664 compara
1851 1609 1915 1647 ac
1934 1594 2149 1664 judica.

461 1683 601 1736 Nam
631 1681 1018 1751 videtur,cum
1047 1683 1158 1735 tale
1178 1681 1461 1735 incertum
1492 1682 1698 1747 evenit,
1727 1683 1931 1751 plausu
1957 1682 2152 1750 potius

459 1770 665 1823 debere
697 1769 941 1823 discerni
965 1769 980 1804 ¹
1003 1786 1114 1839 quo
1142 1769 1281 1840 pede
1320 1773 1582 1823 curratur
1613 1786 1626 1824 :
1659 1773 1722 1823 ut
1748 1769 1794 1823 si
1820 1769 2149 1840 pyrrhichio

458 1857 597 1912 velis
628 1873 876 1924 currere,
921 1873 1101 1911 unum
1147 1857 1251 1911 tibi
1297 1861 1526 1927 tempus
1582 1858 1909 1924 levandum,
1967 1874 2146 1912 unum

455 1947 787 2018 ponendum
819 1946 928 2012 sit;
983 1945 1030 1999 si
1058 1945 1551 2016 proceleumatico,
1583 1945 1696 2000 duo
1728 1949 1782 2000 et
1827 1946 2061 2000 duozita
2093 1951 2151 2001 et

454 2051 556 2106 pes
584 2034 904 2105 apparebit,
938 2038 993 2088 et
1021 2035 1214 2088 nullus
1242 2035 1458 2104 pedum
1490 2035 1597 2088 erit
1626 2051 1657 2088 a
1687 2034 1941 2105 rhythmi
1970 2035 2149 2089 conti-

456 2123 732 2178 nuatione
785 2123 1051 2176 seclusus.
1111 2124 1182 2176 D.
1230 2122 1370 2176 Huic
1414 2123 1596 2193 magis
1632 2123 1792 2177 faveo
1825 2125 2144 2192 sententia,

455 2231 584 2284 quae
612 2214 838 2267 nullum
869 2213 1070 2283 pedem
1082 2213 1154 2266 ab
1167 2213 1272 2266 hac
1297 2213 1652 2266 contextione
1679 2229 1799 2268 esse
1828 2214 2148 2269 immunem

455 2286 608 2352 sinit.
642 2301 714 2354 M.
765 2301 934 2353 Recte
999 2299 1154 2366 facis,
1188 2303 1245 2351 et
1298 2315 1411 2370 quo
1467 2300 1648 2368 magis
1681 2300 1789 2354 hoc
1843 2300 2147 2372 approbas,

453 2385 748 2439 considera
762 2386 831 2439 de
853 2386 1138 2440 tribracho
1156 2387 1297 2457 pede
1312 2387 1450 2458 quid
1470 2389 1817 2458 respondere
1839 2389 2142 2458 possimus,

454 2473 502 2526 si
529 2473 908 2528 nihilominus
938 2474 1180 2545 quisque
1209 2475 1516 2530 contendat
1545 2492 1660 2529 non
1691 2476 2017 2546 pyrrhichio
2049 2483 2149 2532 aut

453 2563 929 2632 proceleumatico
958 2563 1132 2616 istum
1161 2563 1517 2634 rhythmum,
1575 2564 1679 2618 sed
1701 2565 1988 2619 tribracho
2019 2581 2146 2619 cur-

453 2665 596 2704 rere.
635 2652 704 2704 D.
747 2651 917 2706 Video
941 2651 1222 2722 judicium
1253 2652 1321 2706 ad
1352 2654 1617 2722 plausum
1638 2652 1800 2706 illum
1831 2670 1951 2707 esse
1983 2671 2144 2708 revo-

452 2738 791 2808 candum,si
822 2755 1001 2793 unum
1060 2744 1286 2810 tempus
1339 2739 1511 2794 estin
1567 2740 1861 2805 levatione,
1916 2742 2028 2796 duo
2085 2743 2146 2797 in

452 2825 759 2895 positione,
791 2825 848 2880 id
879 2831 980 2892 est,
1014 2843 1126 2881 una
1155 2829 1349 2882 etduas
1378 2828 1609 2899 syllabas
1634 2845 1647 2896 ;
1679 2833 1987 2885 autcontra
2017 2831 2146 2886 duas

451 2913 511 2966 in
542 2913 847 2984 levatione,
877 2930 994 2969 una
1022 2913 1083 2968 in
1113 2915 1432 2985 positione;
1481 2916 1799 2972 tribrachus
1845 2919 2146 2990 rhythmus

449 3017 572 3055 esse
603 3002 840 3056 dicatur.

521 3093 574 3144 8.
603 3093 677 3145 M.
708 3091 877 3144 Recte
912 3090 1201 3163 intelligis.
1253 3091 1634 3156 Quamobrem
1678 3095 1800 3164 jam
1856 3095 1945 3150 dic
2001 3096 2144 3150 mihi

450 3183 646 3232 utrum
680 3179 968 3250 spondeus
997 3196 1096 3249 pes
1152 3181 1478 3252 pyrrhichio
1531 3183 1800 3253 rhythmo
1834 3184 2016 3254 possit
2043 3186 2143 3239 ad-

442 3265 633 3337 jungi.
657 3267 730 3321 D.
759 3267 925 3320 Nullo
956 3268 1126 3321 modo
1154 3285 1167 3322 :
1201 3284 1317 3322 non
1347 3270 1501 3324 enim
1530 3269 1960 3326 continuabitur
1986 3273 2144 3342 plau-

450 3371 546 3408 sus
576 3354 812 3426 mqualis
840 3374 855 3422 ;
887 3370 1018 3409 cum
1047 3356 1254 3411 levatio
1285 3361 1340 3411 et
1358 3357 1565 3427 positio
1598 3358 1655 3412 in
1681 3359 2010 3430 pyrrhichio
2032 3361 2145 3414 sin-

447 3443 604 3514 gula,
629 3443 688 3497 in
718 3443 970 3514 spondeo
998 3459 1129 3498 vero
1151 3445 1284 3499 bina
1306 3450 1566 3515 tempora
1586 3451 1835 3502 teneant.
1865 3451 1938 3504 M.
1955 3451 2164 3503 Potest'

447 3546 582 3602 ergo
611 3530 1088 3600 proceleumatico
1120 3530 1374 3602 adjungi.
1406 3535 1470 3586 (κ’.
1499 3535 1707 3588 Potest.
1741 3537 1814 3589 M.
1838 3535 1984 3599 Quid
2013 3552 2142 3590 cum

446 3618 501 3674 ei
529 3619 905 3690 adjungitur?
963 3619 1299 3690 interrogati
1351 3625 1542 3676 utrum
1600 3623 1901 3693 rhythmus
1949 3641 2143 3695 proce-

446 3705 783 3760 leumaticus
831 3723 904 3760 an
935 3707 1276 3777 spondiacus
1322 3708 1410 3773 sit,
1461 3709 1595 3780 quid
1625 3711 2143 3780 respondebimus?

447 3795 522 3848 D.
556 3794 703 3858 Quid
727 3793 946 3860 censes,
980 3795 1089 3848 nisi
1139 3797 1392 3866 spondeo
1421 3798 1670 3852 dandum
1704 3814 1823 3852 esse
1853 3801 2140 3870 principa-

446 3883 615 3936 tum?
643 3882 782 3935 Cum
811 3881 966 3934 enim
998 3882 1201 3951 plausu
1232 3884 1337 3936 ista
1389 3887 1770 3940 controversia
1794 3903 1911 3942 non
1940 3889 2144 3960 dijudi-

447 3973 625 4031 cetur,
662 3985 794 4022 nam
815 3967 876 4022 in
901 3973 1146 4039 utroque
1176 3970 1310 4024 bina
1339 3972 1588 4027 levamus
1619 3990 1680 4028 ac
1701 3975 1970 4046 ponimus
2003 3982 2144 4032 tem-

443 4073 624 4129 pora;
659 4056 795 4128 quid
821 4056 980 4111 aliud
999 4061 1194 4127 restat,
1224 4059 1332 4113 nisi
1362 4063 1427 4114 ut
1451 4061 1546 4116 ille
1577 4067 1778 4134 regnet
1800 4065 1898 4135 qui
1923 4065 1983 4119 in
2015 4066 2141 4137 ipso

445 4147 658 4219 pedum
679 4146 876 4201 ordine
903 4145 1063 4218 prior
1084 4146 1211 4202 est?
1240 4151 1316 4204 Μ.
1338 4149 1635 4206 Rationem
1650 4156 1705 4206 te
1737 4158 1996 4208 secutum
2019 4171 2140 4209 esse

445 4235 583 4291 satis
611 4235 902 4306 approbo;
938 4240 994 4289 et
1025 4236 1198 4299 vides,
1243 4243 1304 4292 ut
1353 4238 1621 4306 arbitror,
1667 4241 1799 4311 quid
1847 4248 2136 4314 sequatur.

445 4326 527 4380 D.
565 4324 710 4390 Quid
742 4325 974 4379 tandem
996 4326 1024 4378 ?
1052 4328 1125 4380 Μ.
1161 4325 1306 4390 Quid
1327 4331 1513 4397 putas,
1539 4327 1646 4382 nisi
1664 4331 2140 4399 proceleumatico

445 4414 962 4484 rhythmo'nullum
989 4413 1165 4470 alium
1197 4416 1401 4487 pedem
1421 4431 1585 4486 posse
1598 4417 1853 4473 misceri?
1868 4421 2136 4490 quoniam

446 4503 704 4574 quisquis
758 4502 1090 4557 miscebitur
1128 4503 1365 4558 totidem
1419 4509 1764 4576 temporum,
1821 4524 1936 4563 non
1985 4511 2140 4564 enim

447 4590 610 4644 aliter
629 4595 815 4660 potest
835 4591 1080 4660 misceri,
1115 4591 1174 4646 in
1205 4608 1334 4646 eum
1363 4593 1616 4662 rhythmi
1645 4611 1857 4650 nomen
1896 4599 2141 4652 transfe—

442 4680 599 4730 ratur
626 4693 853 4732 necesse
883 4685 985 4734 est.
1042 4681 1251 4735 Omnes
1281 4680 1434 4734 enim
1464 4681 1682 4752 priores
1715 4683 1813 4738 illo
1848 4691 2001 4750 sunt,
2041 4687 2141 4757 qui

446 4761 686 4816 totidem
717 4765 1074 4835 temporibus
1104 4773 1382 4822 constant.
1399 4770 1464 4823 Et
1487 4769 1759 4840 quoniam
1782 4771 1849 4824 iis
1871 4772 1969 4842 qui
1991 4773 2140 4842 prio-

449 4864 541 4903 res
576 4847 796 4903 inventi
851 4853 1082 4920 fuerint,
1137 4855 1287 4925 cogit
1342 4872 1444 4910 nos
1499 4858 1666 4924 ratio,
1724 4875 1897 4930 quam
1953 4860 2141 4916 vidisti

443 4935 996 5007 principatumdare,
1024 4940 1080 4994 id
1113 4946 1216 5009 est,
1232 4959 1298 4996 ex
1325 4959 1392 4996 eo
1424 4943 1756 5015 rhythmum
1787 4962 2140 5018 nuncupare;

446 5040 563 5080 non
601 5024 709 5079 erit
733 5025 853 5095 jam
903 5030 1417 5096 proceleumaticus
1450 5033 1771 5105 rhythmus,
1803 5034 1993 5107 aliquo
2026 5039 2138 5093 alio

510 5144 524 5177 ²
557 5141 798 5200 Deccrni,
826 5140 978 5202 juxta
1003 5142 1096 5192 Ms.
1129 5143 1188 5193 A.
1255 5146 1304 5194 Μ

505 5204 712 5287 ἷ.¹9ι¹ἷ’ῖὲ
724 5203 865 5287 ρξίμ
876 5206 1173 5287 reuersi
1185 5209 1736 5287 carroseleumauco
1756 5225 1915 5276 quam
1930 5213 2130 5287 ρειπηιιίν

505 5226 527 5239 ·
565 5226 618 5252 iu
637 5226 710 5252 1).;
730 5226 864 5260 qum
876 5226 1053 5267 purus,
1070 5226 1169 5255 mu
1185 5226 1290 5256 Iam
1305 5226 1736 5270 proceleumatico
1756 5226 1915 5276 quam
1930 5226 2130 5324 ζῃννηεο

448 5265 564 5317 chio
583 5264 847 5340 rhythmo
881 5281 890 5315 :
934 5272 1185 5340 corrupte.
1216 5272 1476 5340 profecto;
1507 5287 1631 5323 nam
1657 5289 1776 5324 cum
1795 5289 1928 5340 pyrr
1970 5277 2138 5326 icbius

447 5341 630 5401 omnes
653 5328 783 5401 alios
808 5330 1081 5401 praecedat
1091 5328 1266 5393 pedes,
1284 5328 1484 5401 eimale
1505 5328 1990 5401 accommodaretur
2005 5341 2136 5389 ratio

446 5390 513 5460 ab
541 5390 836 5464 Augustino
886 5390 1140 5464 subjecta,
1183 5407 1302 5456 quas
1331 5395 1384 5444 in
1424 5399 1920 5461 proceleumaticum
1945 5415 2136 5452 conve-

447 5455 771 5506 nientissima
799 5455 1001 5507 incidit.
1068 5455 1135 5505 M.

1738 235 1833 290 DE
1871 233 2156 302 MUSlCA,
2200 232 2254 289 S.
2296 229 2678 288 AUGUSTINI
3769 243 3869 293 ll?!)

2265 359 2510 422 quatuor
2536 358 2864 424 temporum
2893 353 3090 420 mixto,
3138 353 3234 408 sed
3263 354 3586 424 spondiacus
3619 363 3702 414 aut
3727 361 3872 434 dacty-

2268 445 2408 498 licus
2439 447 2538 497 aut
2567 442 2962 514 anapaesticus.
2993 441 3473 513 Amphibrachum
3506 445 3645 500 enim
3693 449 3750 502 ab
3773 451 3874 506 isto-

2268 549 2396 586 rum
2453 531 2812 603 copulatione
2868 547 3239 585 numerorum
3289 536 3437 586 recte
3494 538 3746 590 remotum
3788 553 3876 594 esse

2266 621 2556 676 convenit.
2595 622 2672 674 D.
2707 621 2906 674 Fateor
2934 620 3014 673 ita
3043 636 3182 673 esse.

2338 714 2388 765 9.
2417 712 2492 764 Μ.
2522 710 2682 763 Nunc
2731 725 2866 779 ergo
2920 724 2989 763 ex
3043 708 3245 762 ordine
3299 708 3585 762 considera
3633 709 3877 766 iambicum

2266 798 2618 870 rhythmum,
2677 797 2949 868 quoniam
3002 796 3394 867 pyrrhichium
3422 802 3475 850 et
3518 799 3876 861 proceleumali~

2265 902 2416 953 cum,
2465 885 2563 957 qui
2591 885 2879 956 duplicato
2913 885 3240 956 pyrrhichio
3269 885 3537 956 gignitur,
3568 887 3688 940 satis
3715 887 3876 942 discus-

2267 975 2462 1029 simus.
2498 976 2683 1040 Quare
2716 974 2870 1028 dicas
2927 974 3098 1028 velim
3155 974 3292 1028 huic
3315 990 3484 1045 quem
3536 990 3711 1029 censes
3749 977 3878 1031 admi-

2266 1063 2539 1118 scendum
2568 1062 2794 1134 pedem,
2827 1066 2892 1116 ut
2915 1062 3190 1116 iambicus
3220 1062 3514 1132 rhythmus
3540 1079 3690 1116 suum
3719 1079 3876 1118 nomen

2267 1151 2538 1206 obtineat.
2570 1152 2645 1204 D.
2674 1152 2875 1215 Quem,
2905 1149 3016 1203 nisi
3036 1150 3406 1216 tribrachum,
3424 1149 3522 1221 qui
3536 1153 3876 1221 ettemporibus

2266 1244 2324 1294 et
2350 1240 2556 1311 plausu
2586 1237 2851 1309 congruit
2875 1258 2890 1305 ;
2919 1243 2977 1293 et
3003 1239 3138 1309 quia
3167 1239 3447 1309 posterior
3473 1244 3573 1306 est,
3600 1255 3754 1310 regno
3793 1242 3876 1310 pol-

2265 1329 2381 1383 lere
2413 1345 2526 1383 non
2555 1328 2791 1398 potest?
2821 1327 2964 1381 Nam
2999 1327 3227 1382 chorius
3258 1330 3342 1380 est
3373 1326 3597 1398 quidem
3643 1329 3875 1398 posterior,

2265 1422 2322 1471 et
2351 1416 2586 1471 totidem
2616 1421 2965 1486 temporum,
3003 1416 3100 1470 sed
3129 1431 3249 1470 non
3295 1415 3492 1470 eodem
3523 1416 3678 1470 modo
3716 1417 3877 1486 plaudi-

2263 1509 2374 1560 tur.
2407 1509 2478 1561 Μ.
2509 1507 2648 1576 Age,
2679 1505 2800 1575 jam
2830 1505 2960 1559 vide
3009 1505 3346 1575 rhythmum
3384 1503 3730 1571 trochaicum,
3757 1509 3802 1558 et
3829 1505 3876 1559 ad

2263 1594 2461 1648 eadem
2491 1593 2560 1647 de
2584 1593 2691 1646 hoc
2719 1609 2947 1663 quoque
2979 1593 3276 1664 re‘sponde.
3311 1594 3382 1646 D.
3418 1593 3570 1647 Idem
3598 1593 3873 1663 respondeo:

2263 1697 2398 1736 nam
2428 1686 2618 1751 potest
2646 1685 2702 1736 et
2734 1681 2868 1736 huic
2897 1698 3015 1736 non
3044 1683 3230 1736 solum
3285 1682 3466 1752 spatio
3498 1681 3761 1752 temporis,
3811 1680 3874 1733 sed

2260 1771 2464 1841 plausu
2508 1770 2682 1824 etiam
2711 1770 3009 1825 concinere
3039 1770 3377 1824 tribrachus.
3414 1770 3713 1825 Cavendum
3737 1774 3874 1822 autem

2261 1859 2518 1913 iambum
2539 1859 2668 1929 quis
2696 1875 2813 1913 non
2833 1859 3067 1912 videat?
3091 1858 3190 1929 qui
3211 1859 3384 1912 etiam
3409 1858 3454 1912 si
3485 1859 3752 1928 aequaliter
3764 1857 3875 1925 plau-

2261 1947 2510 2014 deretur,
2543 1947 2926 2018 principatum
2944 1953 3135 2001 tamen
3164 1948 3381 2001 mixtus
3393 1948 3646 2001 auferret.
3666 1948 3729 2000 Μ.
3751 1945 3874 2008 Quid?

2261 2036 2567 2107 spondiaco
2596 2037 2866 2107 rhythmo
2902 2052 3069 2107 quem
3104 2036 3338 2090 tandem
3371 2034 3769 2104 copulabimuus
3808 2048 3873 2101 pe-

2260 2125 2391 2178 dem
2411 2126 2440 2178 ?
2464 2125 2536 2178 D.
2567 2124 2784 2179 Sanein
2815 2126 2923 2179 hoc
2945 2124 3264 2195 largissima
3288 2124 3456 2194 copia
3481 2128 3593 2178 est:
3625 2138 3739 2176 nam
3757 2124 3800 2176 et
3812 2121 3874 2174 da~

2259 2213 2472 2282 ctylum
2504 2216 2560 2266 et
2599 2217 2955 2281 anapaestum
2986 2216 3042 2266 et
3095 2211 3628 2281 proceleumaticum
3657 2209 3786 2263 nulla
3805 2210 3873 2260 im-

2258 2299 2545 2369 parilitate
2599 2306 2949 2370 temporum,
3005 2301 3160 2354 nulla
3227 2298 3633 2353 claudicatione
3681 2298 3871 2368 plausus,

2259 2387 2416 2440 nulla
2442 2387 2790 2458 principatus
2820 2387 3186 2459 ademptione
3212 2387 3578 2458 impediente,
3611 2386 3725 2439 huic
3756 2384 3871 2437 video

2257 2475 2483 2529 misceri
2511 2492 2694 2546 posse.

2333 2567 2422 2617 10.
2459 2565 2533 2618 M.
2569 2563 2739 2618 Video
2791 2564 2910 2634 jam
2963 2567 3019 2616 te
3066 2563 3228 2617 facile
3278 2579 3446 2633 posse
3501 2568 3688 2616 caetera
3729 2559 3874 2614 ordine

2257 2651 2571 2723 persequi:
2618 2651 2882 2723 quocirca
2935 2657 3153 2706 remota
3204 2651 3648 2720 interrogatione
3675 2666 3792 2712 mea,
3816 2648 3873 2700 vel

2255 2739 2444 2810 potius
2471 2743 2742 2810 tanquam
2790 2740 2859 2793 de
2915 2740 3178 2794 omnibus
3231 2739 3613 2809 interrogatus
3661 2735 3874 2808 responde

2255 2828 2520 2893 breviter,
2554 2828 2917 2899 dilucideque
2946 2833 3227 2899 quantum
3262 2832 3445 2898 potes,
3493 2826 3753 2896 quomodo
3790 2823 3871 2877 sin-

2255 2914 2375 2985 guli
2406 2915 2505 2986 qui
2535 2920 2748 2970 restant
2775 2917 2968 2986 pedes,
3001 2915 3128 2969 aliis
3159 2915 3416 2986 legitime
3472 2914 3732 2978 immixtis,
3779 2911 3875 2966 obti-

2254 3008 2432 3058 neant
2457 3020 2624 3057 suum
2655 3021 2868 3058 nomen
2923 3003 2986 3058 in
3015 3005 3312 3075 rhythmo.
3378 3007 3450 3058 D.
3489 3003 3874 3069 Faciammeqne

2254 3091 2406 3144 enim
2423 3091 2596 3146 ullius
2624 3091 2841 3162 negotii
2855 3097 2962 3158 est,
2983 3097 3140 3146 tanta
3161 3092 3457 3146 rationum
3479 3093 3595 3146 luce
3616 3088 3868 3161 praemissa.

2257 3181 2398 3234 Nam
2428 3181 2711 3234 tribracho
2744 3181 2932 3234 nullus
2963 3181 3329 3248 miscebitur;
3365 3197 3559 3236 omnes
3611 3180 3744 3233 enim
3767 3176 3874 3246 prio-

2253 3283 2344 3321 res
2370 3273 2520 3334 sunt,
2552 3268 2651 3339 qui
2680 3269 2733 3322 ei
2761 3272 2893 3322 sunt
2920 3268 3273 3339 temporibus
3307 3285 3495 3337 pares.
3550 3266 3751 3336 Dacton
3778 3278 3872 3316 ana-

2253 3359 2462 3424 pwstus
2490 3359 2712 3426 potest;
2736 3373 2869 3410 nam
2905 3360 2960 3410 et
2987 3361 3072 3410 est
3101 3356 3413 3427 posterior,
3447 3361 3502 3410 et
3538 3358 3556 3392 ί
3585 3360 3800 3424 tempore
3831 3365 3873 3402 ac

2253 3444 2458 3512 plausu
2487 3445 2662 3498 currit
2693 3445 2987 3516 aequaliter
3020 3465 3032 3499 :
3063 3445 3292 3515 utrique
3327 3450 3520 3498 autem
3562 3441 3872 3514 proceleuma-

2253 3530 2396 3584 ticus
2427 3533 2624 3587 eadem
2656 3532 2868 3586 scilicet
2926 3532 3147 3587 ratione
3200 3533 3530 3602 copulatur.
3564 3533 3676 3586 Jam
3703 3525 3872 3583 bacchio

2253 3620 2513 3689 creticus,
2541 3627 2598 3675 et
2647 3621 2716 3675 de
2747 3621 3046 3691 paeonibus
3076 3621 3319 3691 primus,
3365 3621 3634 3674 secundus
3661 3622 3709 3672 et
3749 3628 3871 3686 quar-

2252 3713 2342 3762 tus
2373 3709 2599 3764 misceri
2649 3714 2906 3780 possunt.
2963 3711 3139 3764 Porro
3199 3708 3311 3778 ipsi
3347 3709 3571 3774 cretico,
3619 3721 3783 3760 omnes
3805 3701 3872 3771 qui

2251 3801 2380 3868 post
2399 3797 2706 3852 illumsunt
2721 3798 2975 3869 quinque
3004 3804 3332 3868 temporum
3366 3799 3536 3868 pedes
3555 3797 3673 3867 jure
3699 3793 3871 3847 miscen-

2249 3890 2367 3954 tur,
2401 3887 2498 3941 sed
2515 3903 2634 3941 non
2683 3903 2882 3941 omnes
2902 3887 3102 3940 eadem
3123 3886 3431 3941 divisione.
3460 3885 3568 3940 Alii
3590 3897 3797 3952 namque
3821 3877 3866 3930 ad

2251 3975 2365 4028 duo
2393 3979 2450 4028 et
2473 3975 2602 4042 tria,
2634 3975 2733 4029 alii
2763 3975 2834 4028 ad
2862 3975 2971 4028 tria
3019 3980 3077 4029 et
3124 3975 3238 4028 duo
3287 3979 3550 4044 tempora
3590 3971 3866 4026 dividuntur.

2251 4062 2360 4116 Iste
2388 4065 2578 4116 autem
2609 4061 2850 4116 creticus
2878 4066 3122 4133 utroque
3154 4062 3326 4116 modo
3357 4061 3533 4116 dividi
3577 4061 3754 4131 potest,
3780 4053 3870 4124 quia

2253 4150 2442 4204 media
2478 4150 2666 4204 brevis
2713 4150 2946 4204 cuilibet
2974 4149 3123 4219 parti
3152 4150 3446 4204 tribuitur.
3503 4142 3870 4203 Palimbarchins

2251 4243 2461 4305 autem,
2491 4238 2628 4310 quia
2680 4239 2802 4310 ejus
2847 4237 3048 4292 divisio
3080 4255 3113 4292 a
3145 4238 3370 4292 duobus
3426 4235 3754 4308 temporibus
3776 4227 3871 4284 inci-

2249 4327 2435 4398 piens,
2459 4327 2519 4381 in
2547 4328 2658 4389 tria
2695 4327 2923 4393 desinit,
2973 4343 3256 4397 congruos
3288 4331 3346 4380 et
3382 4324 3710 4397 copulahiles
3752 4318 3872 4373 habet

2249 4432 2478 4486 paeones
2537 4431 2757 4480 omnes,
2804 4419 3016 4484 praeter
3064 4414 3400 4468 secundum.
3451 4415 3702 4468 Molossus
3726 4409 3780 4463 de
3801 4403 3871 4457 tri-

2250 4504 2477 4574 syllabis
2501 4508 2696 4571 restat,
2718 4519 2750 4556 a
2780 4519 2893 4575 quo
2920 4503 3107 4573 primo
3151 4502 3439 4572 incipiunt
3481 4518 3571 4556 sex
3618 4506 3870 4567 temporum

2250 4592 2444 4662 pedes,
2476 4591 2576 4663 qui
2619 4607 2818 4646 omnes
2866 4592 3048 4646 eidem
3105 4591 3384 4662 conjungi
3435 4594 3675 4662 possunt,
3715 4580 3868 4655 partim

2251 4685 2483 4751 propter
2535 4681 2724 4751 simpli
2779 4681 3050 4752 duplique
3098 4680 3415 4745 rationem;
3477 4676 3671 4748 partim
3698 4675 3871 4743 propter

2249 4768 2408 4824 illam
2439 4787 2612 4840 quam
2629 4770 2794 4824 nobis
2819 4771 3048 4840 plausus
3069 4769 3336 4833 ostendit,
3368 4765 3715 4838 partitionem
3734 4760 3869 4824 longe

2251 4859 2504 4928 syllabae,
2536 4873 2664 4928 quae
2693 4858 2921 4928 singula
2950 4862 3212 4927 tempora
3231 4856 3378 4928 parti
3411 4854 3633 4923 utrique
3658 4842 3869 4906 concedit,

2251 4946 2386 5017 quia
2419 4947 2477 5000 in
2510 4946 2732 5000 senario
2775 4961 3014 5000 numero
3065 4961 3170 5015 par
3224 4943 3498 4998 lateribus
3530 4939 3758 4995 medium
3796 4933 3867 4983 est

2248 5035 2330 5090 Ob
2360 5051 2534 5106 quam
2563 5051 2792 5088 causam
2818 5040 2875 5088 et
2901 5035 3198 5097 molossus,
3232 5037 3287 5086 et
3314 5031 3480 5085 ambo
3501 5027 3664 5084 ionici
3686 5038 3780 5079 non
3805 5033 3868 5072 50'

2249 5125 2368 5178 lum
2398 5125 2459 5178 in
2491 5124 2783 5196 simplum,
2817 5130 2874 5178 et
2898 5124 3156 5194 duplum,
3189 5123 3288 5177 sed
3314 5121 3484 5176 etiam
3516 5120 3574 5174 in
3601 5129 3766 5186 astruas
3781 5121 3870 5180 par-

2249 5216 2332 5266 tes
2356 5229 2460 5283 per
2474 5217 2639 5267 terna
2667 5218 2930 5283 tempora
2943 5211 3250 5266 feriuntur.
3274 5210 3411 5265 Hinc
3434 5207 3668 5263 efficitur
3691 5197 3867 5256 utdein-

2247 5315 2378 5370 ceps
2409 5299 2674 5353 omnibus
2705 5315 2801 5354 sex
2830 5303 3152 5369 temporum
3182 5297 3440 5368 pedibus,
3475 5308 3661 5349 omnes
3685 5285 3868 5343 totidem

2315 5405 2328 5437 ¹
2354 5404 2413 5466 ln
2433 5404 2490 5453 B.
2515 5407 2566 5453 et
2589 5405 2835 5453 omnibus
2852 5403 3024 5463 editis,
3048 5405 3585 5466 posteriorlempore,
3602 5396 3867 5466 omissuri}?

2248 5449 2413 5515 ticuia
2434 5449 2506 5527 Ei,
2520 5449 2935 5529 '(iu'aEiéri‘niEI
3047 5449 3232 5515 ét'éi'xié
3244 5449 3555 5528 anserino
3573 5449 3805 5509 claudicat.
3817 5449 3862 5496 Μ.
