4080 6178
202 295 330 346 1121

197 422 526 487 temporum
561 416 903 487 posteriores
932 417 1185 487 copulari
1213 421 1455 489 queant;
1498 420 1765 492 solusque
1796 437 1897 475 an-

194 506 470 577 tispastus
520 505 621 576 qui
670 506 890 559 nullum
943 505 1050 559 sibi
1106 506 1240 561 velit
1288 508 1535 577 misceri,
1582 514 1895 565 remaneat.

201 596 316 648 Hos
360 599 789 665 consequuntur
830 599 1075 664 quatuor
1122 596 1359 666 epitriti,
1402 614 1649 667 quorum
1679 598 1899 669 primus

197 683 454 738 admittit
487 683 825 749 secundum,
878 685 1157 738 secundus
1195 686 1439 751 nullum,
1473 688 1673 741 tertius
1725 704 1899 758 quar-

197 775 343 838 tum,
392 777 630 842 quartus
661 773 904 825 nullum.
941 773 1135 827 Restat
1164 773 1531 843 dispondeus,
1566 776 1897 845 rhythmum

200 861 354 913 solus
377 860 550 914 etiam
579 860 699 929 ipse
726 860 997 921 facturus,
1023 860 1158 930 quia
1175 876 1278 913 nec
1303 862 1679 930 posteriorem
1702 878 1899 933 quem-

198 964 373 1019 quam
410 947 649 1012 invenit,
692 964 795 1001 nec
835 949 1137 1018 aequalem.
1172 950 1369 1019 Itaque
1398 949 1651 1004 omnium
1684 951 1896 1021 pedum

196 1041 325 1090 octo
357 1040 489 1090 sunt
526 1038 565 1102 ¹,
616 1036 715 1107 qui
745 1037 903 1089 nullo
933 1037 1045 1091 alio
1075 1036 1249 1091 mixto
1280 1038 1612 1107 rhythmum
1642 1038 1891 1093 faciunt:

195 1124 578 1195 pyrrhichius,
599 1125 939 1191 tribrachus,
960 1125 1519 1196 proceleusmaticus,
1540 1143 1706 1196 paeon
1728 1143 1895 1197 quar-

192 1216 309 1279 tus,
355 1213 721 1282 antispastus,
754 1212 1017 1284 epitritus
1068 1215 1373 1281 secundus,
1428 1219 1483 1268 et
1534 1219 1790 1284 quartus,
1841 1219 1896 1269 et

190 1301 545 1372 dispondeus
579 1319 591 1355 :
634 1302 842 1373 reliqui
876 1320 988 1369 eos,
1023 1304 1122 1375 qui
1162 1320 1219 1358 se
1250 1304 1594 1374 posteriores
1623 1308 1774 1365 sunt,
1803 1318 1894 1356 co-

191 1390 386 1459 pulari
426 1391 535 1444 sibi
584 1392 899 1461 patiuntur,
958 1393 1038 1446 ita
1095 1397 1159 1447 ut
1203 1391 1458 1461 rhythmi
1498 1408 1709 1446 nomen
1754 1390 1896 1445 obti-

192 1482 393 1543 neant,
444 1477 665 1531 etiamsi
707 1479 1005 1544 pauciores
1061 1480 1119 1532 in
1180 1496 1243 1533 ea
1296 1479 1441 1533 serie
1498 1483 1891 1533 numerentur.

196 1567 317 1620 Hoc
347 1571 449 1632 est,
490 1571 555 1621 ut
599 1567 821 1637 opinor,
875 1568 1008 1621 satis
1042 1584 1075 1621 a
1114 1584 1205 1622 me
1244 1568 1401 1638 quod
1429 1568 1679 1635 voluisti,
1713 1567 1893 1637 expli-

192 1658 390 1708 catum
422 1660 592 1726 atque
640 1655 959 1725 digestum:
1010 1660 1174 1711 tuum
1221 1661 1305 1710 est
1334 1657 1455 1727 jam
1502 1656 1694 1711 videre
1740 1656 1894 1726 quod

191 1748 393 1797 restat.

192 1832 425 1885 CAPUT
458 1832 516 1884 V.
549 1860 616 1870 -—-
655 1832 745 1885 An
774 1834 886 1885 sint
929 1833 1090 1901 pedes
1138 1848 1309 1902 supra
1353 1833 1594 1901 syllabas
1638 1839 1890 1901 quatuor.

274 1922 356 1973 11.
397 1919 482 1973 Μ.
535 1919 654 1971 Imo
712 1936 933 1973 mecum
988 1921 1161 1975 etiam
1215 1926 1380 1975 tuum
1412 1925 1466 1975 ἐ
1525 1921 1693 1975 ambo
1739 1921 1892 1975 enim

191 2006 527 2077 qumrimus.
568 2007 673 2060 Sed
706 2008 842 2078 quid
874 2010 1108 2062 tandem
1139 2014 1352 2063 restare
1389 2009 1702 2075 arbitraris,
1736 2009 1892 2080 quod

190 2094 267 2147 ad
290 2093 623 2163 rhythmum
642 2094 887 2148 attinet?
915 2096 1115 2149 Nonne
1140 2096 1281 2149 illud
1302 2095 1781 2149 considerandum
1811 2099 1896 2149 est

193 2187 391 2235 utrum
425 2183 615 2252 aliqua
660 2182 939 2237 dimensio
978 2184 1160 2253 pedis,
1191 2184 1449 2254 quamvis
1479 2190 1605 2238 octo
1636 2190 1895 2254 tempora

194 2285 316 2323 non
348 2270 597 2338 excedat,
630 2286 756 2339 qua:
788 2271 1137 2341 dispondeus
1168 2272 1405 2337 obtinet,
1439 2274 1673 2327 excedat
1702 2278 1895 2326 tamen

196 2373 507 2412 numerum
554 2364 801 2428 quatuor
846 2360 1235 2428 syllabarum?
1283 2362 1356 2413 D.
1404 2360 1607 2425 Quare,
1654 2361 1895 2431 quaeso?

132 2518 135 2521 Α
194 2447 287 2499 Μ.
330 2448 446 2499 Imo
488 2450 565 2506 tu,
614 2462 790 2516 quare
832 2462 923 2500 me
954 2447 1143 2516 potius
1174 2464 1347 2517 quam
1387 2448 1633 2518 teipsum
1684 2449 1891 2517 rogas?

195 2537 287 2587 Au
309 2534 414 2587 tibi
444 2550 557 2587 non
587 2535 810 2587 videtur
830 2534 951 2589 sine
972 2537 1091 2589 ulla
1119 2536 1317 2589 fraude
1342 2537 1429 2590 vel
1453 2536 1768 2591 oﬁ‘ensione
1790 2554 1893 2591 au-

194 2621 373 2688 rium,
407 2622 521 2675 sive
554 2623 707 2693 quod
737 2620 759 2656 3
799 2624 869 2677 ad
900 2625 1165 2693 plausum
1193 2640 1255 2677 ac
1293 2624 1630 2678 divisionem
1661 2625 1893 2695 pedum,

194 2710 313 2763 sive
363 2711 517 2781 quod
568 2711 639 2764 ad
693 2710 941 2781 spatium
992 2712 1264 2781 temporis
1305 2712 1573 2782 pertinet,
1622 2729 1727 2781 pro
1783 2730 1895 2767 una

195 2800 370 2868 longa
396 2799 611 2869 syllaba
658 2800 797 2852 duas
843 2816 1008 2869 posse
1044 2799 1184 2870 poni
1213 2800 1456 2854 breves?
1502 2802 1576 2856 D.
1622 2801 1757 2865 Quis
1788 2802 1894 2856 hoc

194 2887 541 2957 negaverit?
566 2888 651 2941 Μ.
678 2888 819 2941 Hinc
840 2904 977 2958 ergo
1002 2893 1085 2941 est
1109 2889 1261 2958 quod
1294 2906 1396 2959 pro
1424 2888 1614 2943 iambo
1644 2890 1731 2943 vel
1761 2890 1893 2943 cho-

194 2975 283 3030 rio
316 2976 664 3030 tribrachum
696 2977 989 3046 ponimus,
1010 2982 1065 3030 et
1090 2994 1194 3048 pro
1218 2978 1467 3048 spondeo
1500 2978 1784 3049 dactylum
1806 2980 1892 3032 vel

191 3068 550 3133 anapaestum
589 3065 675 3117 vel
721 3065 1317 3134 proceleusmaticum,
1360 3082 1491 3120 cum
1533 3066 1619 3120 vel
1668 3083 1772 3136 pro
1814 3082 1895 3120 se-

194 3152 383 3205 cunda
412 3153 554 3222 ejus,
596 3153 679 3205 vel
712 3168 818 3222 pro
862 3152 1047 3223 prima
1087 3153 1227 3206 duas
1258 3154 1453 3207 breves
1479 3154 1769 3223 ponimus,
1806 3155 1893 3208 vel

193 3245 445 3308 quatuor
463 3256 568 3310 pro
594 3243 857 3310 utraque.
890 3242 965 3295 D.
998 3241 1308 3295 Assentior.
1341 3243 1425 3295 Μ.
1457 3243 1563 3295 Fac
1586 3242 1758 3310 igitur
1788 3243 1895 3297 hoc

194 3328 351 3382 idem
387 3328 445 3380 in
478 3327 665 3381 ionico
696 3329 972 3398 quolibet,
1005 3330 1091 3382 vel
1124 3330 1233 3383 alio
1269 3329 1543 3400 quopiam
1575 3330 1895 3400 quadrisyl-

194 3414 327 3469 labo
349 3430 446 3467 sex
467 3419 795 3484 temporum
828 3416 994 3484 pede,
1028 3420 1083 3468 et
1111 3432 1216 3485 pro
1245 3432 1361 3470 una
1382 3417 1503 3486 ejus
1534 3433 1895 3487 quacumque

196 3503 372 3572 longa
405 3503 543 3556 duas
574 3504 774 3557 breves
815 3503 1095 3558 constitue
1120 3508 1158 3559 ‘.
1188 3505 1334 3557 Num
1374 3505 1688 3575 quidquam
1730 3521 1893 3559 men-

196 3576 347 3644 surae
380 3591 620 3660 deperit,
654 3595 754 3645 aut
790 3592 1017 3661 plausui
1046 3591 1256 3645 resistit
1279 3592 1419 3645 ‘l'D.
1452 3592 1603 3645 Nihil
1633 3591 1889 3646 omnino.

196 3680 283 3733 Μ.
335 3679 644 3734 Considera
686 3697 824 3751 ergo
874 3686 1012 3751 quot
1046 3681 1278 3751 syllaba:
1320 3681 1484 3735 ﬁunt.
1526 3684 1589 3734 D.
1632 3680 1895 3751 Quinque

196 3768 324 3823 ﬁeri
354 3768 539 3824 video.
570 3771 653 3823 Μ.
698 3770 861 3823 Vides
897 3774 1047 3823 certe
1076 3786 1241 3840 posse
1273 3774 1517 3840 quatuor
1548 3770 1894 3839 syllabarum

195 3872 505 3911 numerum
554 3858 766 3912 excedi.
821 3858 897 3913 D.
950 3858 1122 3911 Video
1170 3874 1325 3911 sane.
1370 3859 1453 3912 Μ.
1494 3857 1661 3924 Quid,
1704 3857 1750 3910 si
1790 3875 1894 3929 pro

192 3945 437 4010 duabus,
470 3962 598 4016 quae
643 3945 722 3999 ibi
768 3950 898 3999 sunt
940 3946 1147 4016 longas,
1188 3950 1432 4017 quatuor
1458 3947 1655 4000 breves
1685 3962 1894 4016 posue-

190 4034 274 4087 ris
296 4033 321 4085 ‘l
352 4050 540 4087 nonne
574 4034 635 4087 in
666 4049 781 4088 uno
812 4034 956 4103 pede
996 4050 1091 4087 sex
1122 4036 1364 4105 syllabas
1385 4051 1613 4099 necesse
1652 4038 1736 4087 est
1768 4052 1893 4088 me-

262 4121 273 4151 ¹
311 4119 370 4166 In
400 4120 455 4182 Β.
480 4119 595 4167 Am.
623 4120 707 4182 Er.
738 4124 791 4168 et
824 4120 947 4167 Lov.
984 4133 994 4182 ς
1029 4123 1215 4182 Itaque
1234 4123 1475 4182 omnium
1492 4120 1685 4182 pedum
1706 4134 1895 4169 novem

190 4184 334 4245 sunt.
349 4181 440 4245 qui
462 4182 608 4229 nullo
631 4181 738 4245 alio
760 4183 923 4231 mixto
947 4180 1246 4243 rhythﬁmm
1262 4181 1474 4245 faciunt
1492 4180 1506 4229 Ξ
1517 4181 1891 4245 pyrrhichius,

193 4242 525 4298 lribrachus,
547 4242 1055 4306 proceleusmaticus,
1077 4256 1232 4304 ρίιιοη
1258 4242 1540 4303 secundus,
1560 4242 1711 4306 'pa'on
1738 4242 1897 4305 quar-

196 4308 307 4363 tus,
329 4312 427 4368 etc.
462 4305 581 4353 llaec
603 4305 749 4368 addit
766 4306 1030 4368 notaedit.
1058 4306 1280 4354 Beued.:
1304 4308 1429 4354 Mss.
1453 4305 1625 4353 omnes
1644 4319 1770 4368 quos
1795 4318 1896 4368 per

192 4380 297 4429 nos,
319 4367 567 4429 inspicere
602 4367 777 4425 licuit,
818 4365 1028 4425 habent,
1067 4372 1184 4415 octo
1211 4372 1352 4426 sunt,
1390 4371 1435 4415 et
1464 4380 1584 4417 mox
1613 4365 1669 4415 lii
1708 4365 1897 4416 horum

189 4427 714 4491 pedum—recensione
727 4432 988 4487 omittunt,
1051 4442 1169 4477 azon
1186 4429 1476 4488 secundus;
1497 4429 1593 4492 qui
1612 4433 1785 4478 tamen
1802 4442 1895 4491 pes

193 4488 407 4540 videtur
436 4490 583 4539 haud
602 4502 759 4541 posse
780 4504 845 4539 ex
870 4490 979 4541 leae
1001 4444 1083 4539 hic
1104 4495 1409 4541 mwscrlnta
1435 4490 1747 4541 rhuthmum
1782 4492 1894 4540 allo

195 4504 407 4559 videtur
436 4504 583 4539 naua
598 4504 759 4551 posse
780 4504 845 4539 ex
870 4504 979 4561 lege
1001 4504 1083 4539 mc
1101 4504 1409 4561 ρνιτεστιριᾳ
1435 4504 1747 4554 rnymmum
1782 4504 1894 4540 auo

195 4550 441 4601 adrmxto
457 4552 590 4623 pede
604 4551 776 4623 facere
794 4568 810 4599 :
828 4566 1032 4623 quippe
1053 4567 1177 4623 cura
1194 4560 1512 4623 posteriores
1534 4556 1751 4623 totidem
1766 4556 1897 4623 tem-

188 4625 396 4678 porum
433 4614 975 4678 pedes'_rnu'sceri_'illt
997 4614 1280 4678 prohibeat
1308 4616 1533 4677 plausus
1567 4614 1897 4678 disparatus;

193 4675 405 4738 priores
431 4688 554 4739 vero
582 4676 627 4724 si
655 4676 741 4724 illi
778 4675 1094 4737 miscentur,
1135 4675 1443 4739 rhythmum
1473 4676 1575 4726 sibi
1606 4675 1893 4735 vindicent,

194 4749 466 4803 suumque
494 4738 600 4803 ipsi
615 4741 1130 4803 nomenlmponanl.
1156 4738 1495 4803 Quapropter
1517 4739 1785 4803 lectionem
1805 4750 1894 4787 re—

194 4798 462 4863 lipuimus
492 4798 783 4863 editionum
818 4798 932 4849 Ani.
970 4804 1061 4849 Er.
1094 4805 1144 4850 et
1172 4798 1295 4850 Lov'.
1338 4798 1488 4850 Falsa
1533 4801 1894 4863 suppositione

196 4816 462 4847 nummus
492 4816 783 4849 catatonum
818 4816 932 4849 nm.
970 4816 1061 4849 ur.
1094 4816 1144 4850 et
1172 4816 1295 4850 Lov.
1338 4816 1488 4850 raisa
1533 4816 1630 4863 sup
1670 4816 1894 4849 osuione

196 4860 389 4925 nititur
411 4861 541 4925 illud
563 4865 951 4925 argumentum,
976 4862 1173 4911 scilicet
1196 4877 1435 4925 pzeonem
1459 4816 1748 4911 secungum
1774 4875 1895 4910 cum

194 4921 354 4987 nullo
379 4922 480 4970 alio
504 4921 645 4985 pede~
660 4924 1058 4987 posseimisceri.
1076 4921 1211 4972 Nam
1230 4938 1380 4986 paeon
1402 4930 1638 4987 quartus,
1660 4928 1719 4987 ut
1743 4928 1896 4971 testa-

196 4989 289 5032 tur
303 4983 420 5047 libr.
443 4987 489 5039 2,
506 4983 567 5032 'n.
592 4983 676 5043 10,
692 4986 854 5033 dividi
876 4991 1046 5047 potest
1066 4989 1163 5035 aut
1181 4983 1355 5035 in'duo
1373 4983 1567 5045 et'lria,
1582 4984 1761 5035 autin
1784 4988 1896 5035 tria

196 5048 254 5095 et
282 5045 392 5111 duo
428 5050 723 5111 tempora;
744 5045 1087 5111 quat—divisio
1122 5062 1242 5096 eum
1274 5047 1444 5111 pmoni
1475 5047 1706 5096 secundo
1736 5047 1895 5095 mari-

195 5111 279 5156 tat
297 5108 411 5156 sine
435 5108 651 5170 plausus
677 5109 995 5170 disparitate.
1064 5110 1131 5157 M.

263 5169 283 5201 ²
302 5170 419 5218 Imo
441 5169 619 5219 meum
646 5169 803 5219 etiain
834 5174 909 5230 tu,
932 5172 1083 5233 juxta
1105 5171 1184 5219 Er.
1216 5170 1378 5233 Lugd.
1408 5169 1537 5219 Ven.
1559 5172 1673 5220 Imo
1698 5182 1893 5230 meum,

192 5241 267 5302 ac
288 5234 451 5341 εὲαζῖι
480 5232 823 5342 ίἝαΙηΜῘυΧῖδ
844 5232 965 5280 Mss.
992 5233 1050 5281 A.
1084 5236 1196 5283 lmo
1222 5232 1400 5284 meum
1424 5237 1503 5282 est
1524 5244 1684 5295 quam
1716 5236 1894 5293 tuum,

196 5305 295 5342 lux
384 5314 415 5341 .v
437 5308 479 5341 ε.
562 5330 573 5341 .
697 5331 708 5341 .

222 5305 351 5340 uxta
384 5305 479 5341 MS.
519 5305 573 5341 Β.
640 5305 708 5341 Μ.

190 5307 351 5355 juxta
384 5307 479 5341 ais.
519 5307 573 5341 υ.
640 5307 708 5342 Μ.

264 5356 283 5419 ἒ
310 5356 409 5419 ilic
428 5359 489 5419 Aet
517 5355 676 5419 paulo
708 5359 843 5419 post,
876 5354 1032 5418 quod,
1056 5355 1210 5418 juxta
1239 5357 1417 5419 Vatic.
1470 5357 1537 5405 M.

265 5417 283 5450 ὀ
309 5417 392 5465 Er.
426 5417 589 5479 Lugd.
623 5417 750 5467 Veii.
779 5423 830 5467 et
856 5417 999 5477 Ijov.,
1032 5417 1084 5468 et
1107 5430 1208 5480 pro
1236 5432 1347 5469 una
1374 5418 1547 5479 ejus...
1577 5419 1894 5468 constituas.

193 5477 323 5545 Μεε.
364 5480 406 5527 Α
439 5477 613 5545 et'B,,
653 5484 714 5530 ut
756 5492 858 5545 pro
896 5492 1007 5531 una
1050 5477 1169 5543 ejus
1196 5477 1538 5545 quacumque
1583 5480 1739 5543 longa
1764 5481 1899 5531 duas

197 5538 391 5591 breves
420 5542 729 5591 constituas.
756 5538 773 5543 “
798 5543 864 5591 Μ.

1660 296 1872 355 LIBER
1913 296 2218 353 TERTIUS
2230 338 2244 352 .

3572 310 3707 363 H22

2008 420 2103 475 tiri
2124 422 2243 476 ?D.
2274 420 2358 473 Ita
2389 422 2492 474 est.
2524 420 2612 475 Μ.
2643 420 2813 488 Quid,
2837 422 2884 475 si
2916 421 3225 492 cujuslibet
3255 424 3471 495 epitriti
3505 442 3713 482 omnes

2009 508 2218 579 longas
2248 509 2428 562 solvas
2457 508 2514 561 in
2540 508 2738 562 breves
2760 512 2787 563 ?
2816 526 2957 564 num
2997 510 3170 565 etiam
3202 512 3271 566 de
3296 518 3517 583 septem
3545 516 3709 585 sylla-

2009 597 2095 650 bis
2114 597 2493 651 dubitandum
2512 596 2637 651 est‘?
2660 598 2731 651 D.
2761 598 2924 652 Nullo
2946 599 3136 654 modo.
3164 602 3249 653 Μ.
3281 601 3424 664 Quid
3446 601 3569 672 ipse
3592 603 3712 657 dis-

2007 685 2315 754 pondeus?
2351 701 2543 738 nonne
2584 689 2709 738 octo
2741 686 2931 746 efﬁcit.
2966 703 3096 741 cum
3142 704 3246 757 pro
3282 690 3548 743 omnibus
3579 690 3707 745 lon-

2008 772 2095 843 gis
2125 773 2288 826 binas
2315 772 2514 827 breves
2545 774 2798 827 locamus
2820 773 2846 827 ?
2876 775 2950 827 D.
2984 774 3355 829 Verissimum
3388 781 3492 831 est.
3511 836 3523 844 _

2084 863 2167 915 l2.
2199 862 2282 914 Μ.
2319 862 2456 925 Quas
2501 861 2676 930 igitur
2719 861 2861 915 ratio
2902 866 3003 924 est,
3058 879 3169 933 qua
3208 864 3472 933 cogimur
3500 869 3557 919 et
3588 870 3707 920 tam

2008 949 2321 1001 multarum
2367 949 2713 1019 syllabarum
2764 949 2952 1003 metiri
3000 951 3193 1019 pedes,
3253 955 3307 1004 et
3359 953 3563 1022 pedem
3608 954 3707 1024 qui

2010 1036 2315 1091 adhibetur
2356 1038 2422 1091 ad
2471 1054 2763 1104 numeros,
2804 1055 2920 1093 non
2951 1040 3218 1093 excedere
3252 1046 3500 1111 quatuor
3535 1043 3705 1113 sylla-

2005 1124 2127 1193 bas,
2168 1130 2299 1178 ante
2331 1126 2584 1179 tractatis
2628 1126 2945 1181 rationibus
2975 1128 3357 1182 conﬁtemur?
3386 1147 3575 1185 nonne
3604 1132 3709 1185 tibi

2006 1211 2274 1265 videntur
2306 1212 2457 1265 inter
2487 1229 2545 1266 se
2578 1213 2682 1265 ista
2714 1217 3025 1284 pugnare?
3071 1216 3151 1269 D.
3192 1218 3311 1268 Imo
3346 1218 3612 1283 maxime,
3654 1222 3710 1273 et

2006 1302 2294 1371 quomodo
2336 1301 2489 1355 istud
2535 1302 2726 1372 pacari
2762 1303 2962 1371 possit,
3002 1303 3222 1373 ignoro.
3258 1306 3344 1359 Μ.
3390 1307 3569 1360 Etiam
3602 1308 3709 1362 hoc

2006 1389 2167 1443 facile
2198 1393 2301 1455 est,
2351 1389 2396 1442 si
2429 1392 2482 1443 te
2526 1389 2716 1460 ipsum
2746 1406 2976 1443 rursum
3006 1390 3344 1462 interroges,
3379 1400 3574 1449 utrum
3606 1413 3701 1449 ra-

2006 1475 2351 1530 tionabiliter
2377 1477 2525 1530 inter
2555 1493 2657 1531 nos
2694 1478 2865 1547 paulo
2892 1482 3021 1531 ante
3052 1478 3389 1547 constiterit,
3420 1482 3545 1535 ideo
3576 1499 3704 1553 pyr-

2006 1564 2312 1631 rhichium,
2344 1569 2399 1619 et
2429 1566 2997 1635 proceleusmaticum
3027 1566 3228 1637 plausu
3261 1567 3467 1622 debere
3494 1570 3702 1639 dijudi-

2006 1652 2121 1705 cari
2151 1656 2320 1723 atque
2354 1653 2620 1720 discerni,
2656 1670 2726 1707 ne
2763 1654 2835 1708 sit
2864 1655 3013 1708 ullus
3039 1672 3140 1726 pes
3171 1656 3443 1726 legitimas
3474 1658 3704 1713 divisio-

2004 1739 2115 1804 nis,
2169 1740 2268 1810 qui
2316 1741 2649 1810 rhythmum
2697 1758 2812 1795 non
2869 1742 3055 1806 faciat,
3118 1742 3175 1796 id
3232 1748 3336 1809 est,
3396 1749 3456 1798 ut
3513 1762 3577 1799 ex
3639 1763 3704 1801 eo

2006 1828 2306 1898 rhythmus
2335 1829 2683 1883 nominetur.
2732 1831 2807 1883 D.
2860 1832 2975 1883 Hoc
3019 1846 3150 1883 vero
3186 1832 3445 1899 memini,
3493 1838 3548 1887 et
3585 1850 3703 1889 non

2004 1915 2231 1970 invenio
2274 1932 2375 1969 cur
2418 1916 2563 1970 mihi
2609 1916 2887 1987 placuisse
2935 1917 3244 1987 poeniteat:
3287 1920 3385 1973 sed
3425 1936 3701 1990 quorsum

2003 2003 2158 2058 ista?
2188 2006 2272 2058 Μ.
2322 2004 2465 2068 Quia
2495 2004 2709 2059 scilicet
2750 2005 2809 2058 hi
2849 2021 3047 2058 omnes
3077 2006 3251 2075 pedes
3290 2013 3701 2077 quaternarum

2005 2092 2373 2163 syllabarum,
2393 2098 2623 2163 excepto
2653 2093 3082 2162 amphibracho,
3109 2093 3437 2164 rhythmum
3462 2097 3699 2163 faciunt,

2005 2179 2059 2233 id
2093 2185 2196 2246 est,
2243 2180 2629 2250 principatum
2667 2180 2726 2233 in
2769 2180 3031 2250 rhythmo
3062 2185 3280 2247 tenent,
3315 2198 3560 2254 eumque
3592 2202 3697 2239 usu

2006 2273 2062 2322 et
2098 2268 2331 2321 nomine
2361 2268 2652 2323 efﬁciunt:
2700 2268 2783 2322 illi
2828 2284 2957 2322 vero
3006 2269 3104 2339 qui
3132 2270 3326 2339 plures
3358 2287 3529 2341 quam
3559 2290 3699 2343 qua-

2005 2360 2135 2410 tuor
2163 2356 2403 2427 syllabas
2450 2356 2679 2422 habent,
2708 2356 2872 2409 multi
2912 2356 3143 2426 quidem
3171 2373 3275 2426 pro
3302 2358 3388 2411 his
3419 2361 3557 2428 poni
3577 2377 3705 2431 pos-

2006 2446 2174 2497 sunt‘
2202 2460 2215 2510 ;
2241 2445 2336 2497 sed
2378 2444 2486 2515 ipsi
2514 2460 2618 2514 per
2656 2460 2713 2497 se
2742 2446 3075 2515 rhythmum
3107 2446 3311 2511 facere,
3347 2463 3409 2499 ac
3442 2448 3699 2519 rhythmi

2006 2548 2215 2586 nomen
2245 2532 2501 2585 obtinere
2542 2549 2653 2586 non
2693 2537 2970 2603 possunt:
3006 2537 3059 2587 et
3089 2533 3218 2587 ideo
3249 2551 3321 2587 ne
3365 2536 3539 2605 pedes
3570 2536 3701 2607 qui-

2004 2619 2135 2674 dem
2165 2620 2303 2674 istos
2332 2621 2699 2691 appellandos
2731 2621 3069 2691 putaverim.
3102 2622 3485 2685 Quamobrem
3525 2640 3699 2694 repu-

2005 2708 2240 2777 gnantia
2264 2708 2362 2761 illa
2388 2724 2517 2778 quas
2546 2725 2647 2762 nos
2670 2709 2949 2776 movebat,
2968 2709 3110 2779 jam,
3134 2713 3199 2763 ut
3218 2710 3442 2780 opinor,
3472 2728 3704 2783 compo-

2005 2795 2114 2848 sita
2179 2801 2265 2849 est
2321 2800 2377 2849 et
2433 2797 2637 2866 sopita,
2697 2797 3166 2867 quandoquidem
3218 2797 3348 2850 licet
3402 2802 3458 2851 et
3508 2799 3704 2868 plures

2005 2883 2249 2953 syllabas
2279 2900 2453 2954 quam
2500 2889 2749 2955 quatuor
2784 2901 2888 2955 pro
2932 2884 3125 2954 aliquo
3175 2886 3319 2954 pede
3366 2902 3605 2955 ponere,
3643 2892 3699 2940 et

2004 2971 2211 3042 pedem
2243 2976 2436 3026 tamen
2470 2989 2585 3027 non
2618 2974 2924 3044 appellare,
2958 2972 3068 3026 nisi
3093 2988 3224 3026 eum
3256 2989 3369 3044 quo
3402 2973 3704 3044 rhythmus

2006 3060 2302 3114 efﬁciatur.
2337 3061 2649 3131 Oportebat
2672 3062 2827 3116 enim
2853 3060 2989 3131 pedi
3007 3061 3278 3115 constitui
3298 3061 3548 3132 aliquem
3577 3078 3705 3117 mo-

2008 3149 2145 3203 dum
2176 3149 2593 3220 progressionis
2632 3150 2693 3203 in
2740 3149 2984 3221 syllabis.
3027 3151 3077 3203 Is
3106 3153 3297 3203 autem
3326 3150 3531 3204 modus
3569 3146 3718 3205 con-i

2007 3237 2167 3291 stitui
2196 3238 2410 3308 optime
2440 3237 2643 3309 potuit,
2684 3238 2783 3309 qui
2817 3237 2886 3291 de
2916 3237 3040 3307 ipso
3072 3254 3444 3292 numerorum
3476 3238 3696 3293 ratione

2006 3326 2313 3380 translatus
2354 3326 2415 3380 in
2455 3326 2823 3397 quaternario
2863 3326 3135 3381 constitit.
3176 3328 3373 3397 Itaque
3404 3328 3705 3398 longarum

2006 3414 2351 3484 syllabarum
2397 3420 2643 3486 quatuor
2672 3431 2770 3485 pes
2801 3430 2920 3469 esse
2952 3414 3160 3485 potuit.
3196 3416 3339 3470 Cum
3370 3420 3561 3470 autem
3594 3432 3700 3485 pro

2007 3518 2073 3556 eo
2105 3502 2303 3557 breves
2335 3511 2458 3557 octo
2501 3503 2920 3568 constituimus,
2963 3502 3235 3572 quoniam
3278 3507 3501 3556 tantum
3536 3503 3706 3572 spatii

2005 3587 2219 3642 habent
2256 3588 2317 3642 in
2359 3594 2640 3659 tempore,
2685 3607 2792 3660 pro
2841 3591 3017 3643 altero
3064 3589 3203 3659 poni
3250 3594 3503 3659 possunt.
3561 3590 3706 3653 Quia

2005 3691 2140 3730 vero
2187 3678 2503 3747 legitimam
2543 3677 3028 3748 progressionem,
3061 3677 3118 3731 id
3148 3682 3232 3731 est
3270 3679 3702 3749 quaternarium

2007 3778 2312 3817 numerum
2346 3764 2640 3829 excedunt,
2676 3780 2781 3834 pro
2832 3780 2890 3818 se
2932 3764 3042 3834 ipsi
3072 3764 3233 3834 poni,
3267 3781 3331 3818 ac
3368 3766 3704 3835 rhythmum

2006 3850 2243 3921 gignere
2270 3867 2388 3904 non
2419 3868 2587 3905 sensu
2615 3852 2861 3918 aurium,
2886 3853 2983 3906 sed
3016 3852 3333 3922 disciplinae
3364 3853 3487 3923 lege
3508 3853 3706 3924 prohi-

2007 3940 2230 3994 bentur.
2260 3940 2385 3994 Nisi
2416 3940 2804 3995 contradicere
2836 3940 3053 4011 aliquid
3082 3956 3268 4012 paras.

2080 4031 2163 4082 13.
2202 4029 2269 4083 D.
2303 4029 2445 4082 Paro
2477 4045 2634 4099 sane,
2681 4033 2739 4082 et
2762 4029 2882 4099 jam
2913 4029 3137 4083 faciam.
3172 4031 3314 4084 Nam
3352 4029 3491 4100 quid
3524 4029 3704 4099 impe-

2008 4115 2202 4170 diebat
2243 4133 2423 4187 usque
2469 4117 2540 4171 ad
2589 4117 2944 4171 octonarium
2999 4133 3307 4171 numerum
3359 4118 3705 4186 syllabarum

2006 4205 2273 4275 progredi
2310 4205 2538 4275 pedem,
2584 4222 2715 4259 cum
2772 4206 3037 4260 eumdem
3090 4222 3395 4260 numerum
3451 4204 3523 4258 ad
3575 4205 3707 4273 rhy-

2005 4293 2232 4346 thmum
2255 4292 2475 4346 admitti
2507 4309 2671 4362 posse
2697 4292 2990 4348 videamus
3009 4297 3037 4348 ‘P
3054 4296 3247 4364 Neque
3277 4292 3432 4346 enim
3457 4309 3549 4345 me
3574 4308 3702 4345 mo-

2005 4384 2114 4446 vet,
2148 4380 2301 4450 quod
2331 4396 2435 4449 pro
2467 4381 2579 4434 alio
2611 4380 2749 4435 dicis
2780 4382 2999 4436 admitti
3032 4403 3047 4449 ;
3079 4382 3192 4435 imo
3240 4382 3344 4435 hoc
3386 4396 3479 4434 me
3518 4379 3703 4448 magis

2008 4468 2277 4522 admonet
2306 4484 2585 4539 quaerere,
2616 4470 2702 4524 vel
2733 4470 2922 4541 potius
2952 4470 3151 4541 quaeri,
3195 4468 3346 4539 quod
3388 4484 3501 4522 non
3531 4468 3707 4522 etiam

2008 4572 2108 4609 suo
2138 4556 2375 4611 nomine
2413 4557 2735 4612 admittitur
2768 4558 2868 4629 qui
2899 4575 3002 4628 pro
3036 4558 3147 4611 alio
3192 4561 3394 4627 potest.
3443 4557 3526 4609 Μ.
3576 4557 3703 4610 Non

2008 4644 2217 4698 mirum
2259 4651 2364 4715 est,
2408 4648 2561 4717 quod
2604 4647 2697 4700 hic
2738 4646 2989 4715 falleris;
3039 4646 3137 4699 sed
3186 4645 3362 4699 facilis
3400 4645 3703 4716 explicatio

2006 4733 2125 4786 veri
2167 4737 2266 4787 est.
2295 4735 2433 4787 Nam
2475 4740 2537 4788 ut
2577 4733 2837 4788 omittam
2864 4736 3024 4787 tanta
3050 4750 3178 4803 quae
3204 4750 3308 4803 pro
3336 4732 3702 4803 quaternario

2009 4835 2250 4874 numero
2277 4820 2394 4891 jam
2424 4825 2553 4874 ante
2590 4820 2875 4889 disputata
2908 4824 3059 4883 sunt,
3094 4837 3194 4873 cur
3223 4837 3403 4891 usque
3436 4822 3505 4874 ad
3537 4820 3703 4874 illum

2006 4906 2129 4961 ﬁeri
2158 4908 2360 4962 debeat
2398 4908 2720 4979 progressio
2765 4908 3144 4978 syllabarum;
3178 4910 3264 4963 fac
3291 4925 3384 4963 me
3417 4909 3539 4979 jam
3582 4924 3700 4962 ces-

2006 4995 2141 5049 sisse
2170 4996 2273 5050 tibi
2315 5002 2372 5051 et
2414 4996 2765 5051 consensisse
2800 5013 2976 5067 usque
3007 4997 3066 5050 in
3101 5002 3225 5051 octo
3266 4998 3507 5067 syllabas
3536 4995 3700 5065 pedis

2007 5083 2215 5139 debere
2245 5084 2663 5154 longitudinem
2694 5084 2947 5156 porrigi:
2992 5102 3129 5140 num
3178 5086 3444 5140 resistere
3487 5083 3704 5153 poteris

2008 5188 2127 5227 esse
2163 5174 2284 5244 jam
2332 5190 2493 5244 posse
2544 5178 2670 5227 octo
2717 5174 3021 5245 longarum
3065 5174 3411 5246 syllabarum
3451 5171 3705 5241 pedem?
3740 5163 3746 5169 ’

2008 5260 2168 5314 Certe
2198 5260 2349 5314 enim
2396 5262 2466 5315 ad
2513 5278 2685 5333 quem
2731 5278 3036 5317 numerum
3066 5262 3410 5333 syllabarum
3444 5258 3704 5330 pervenit

2007 5365 2130 5420 pes,
2160 5364 2277 5403 non
2323 5350 2474 5403 solus
2528 5350 2595 5405 ad
2642 5367 2774 5406 eum
2823 5352 3081 5422 pervenit
3119 5351 3220 5421 qui
3266 5348 3558 5415 brevibus,
3601 5346 3699 5401 sed

2074 5484 2089 5515 ι
2112 5481 2305 5547 Vatia:
2334 5482 2429 5547 Illi
2453 5487 2680 5547 verogqui
2702 5483 2887 5547 plures
2914 5497 3073 5547 quam
3094 5485 3327 5547 quatuor
3344 5480 3591 5544 syllabas
3610 5478 3707 5531 ha-

2012 5543 2154 5603 bent,
2181 5556 2283 5606 pro
2308 5544 2430 5597 aliis
2446 5545 2580 5608 poni
2599 5543 2847 5608 possunt,
2873 5543 2961 5597 sed
2990 5543 3117 5609 tpsi.‘
3170 5544 3235 5591 Μ.
3372 5543 3384 5544 ί
3438 5556 3445 5561 ί
