4080 6178
439 319 573 372 1123

435 440 605 494 etiam
639 436 737 507 qui
780 435 968 506 longis
998 432 1226 504 syllabis
1255 434 1493 486 constat.
1524 429 1646 493 Quo
1679 427 1744 482 fit
1782 431 1845 481 ut
1872 427 2129 481 adhibita

434 544 630 582 rursus
659 543 725 580 ea
767 526 911 596 lege,
956 539 1084 595 quas
1128 519 1392 591 abrogari
1439 534 1554 572 non
1590 521 1800 588 potest,
1833 532 1947 586 qua
1987 515 2128 568 duas

434 616 630 671 breves
675 631 781 685 pro
822 629 937 668 una
985 613 1153 680 longa
1182 609 1318 680 poni
1355 607 1508 673 licet,
1549 606 1621 660 ad
1649 605 1931 660 sexdecim
1964 605 2128 674 sylla-

435 703 536 757 bas
577 701 1001 773 pertendamus.
1053 697 1157 751 Ubi
1195 696 1241 749 si
1269 711 1465 749 rursus
1511 694 1670 765 pedis
1714 693 2128 747 incrementum

435 793 680 844 statuere
721 787 987 851 volueris,
1031 785 1090 838 in
1129 783 1368 856 triginta
1401 783 1541 837 duas
1581 782 1779 837 breves
1817 781 2127 852 proﬁcisci-

435 893 566 931 mur
593 892 605 929 :
639 877 750 930 huc
779 890 1005 944 quoque
1027 873 1170 927 ratio
1199 875 1298 926 tua
1322 872 1529 941 pedem
1558 875 1613 925 te
1643 869 1934 940 compellit
1956 869 2131 923 addu-

433 980 578 1030 cere,
625 968 680 1018 et
723 979 922 1017 rursus
969 963 1059 1016 lex
1097 961 1196 1015 illa
1234 961 1474 1029 duplum
1514 975 1818 1014 numerum
1868 957 2129 1012 brevium

429 1068 535 1122 pro
565 1052 750 1123 longis
780 1052 965 1105 locare
995 1066 1007 1104 :
1044 1053 1213 1120 atque
1262 1047 1340 1102 ita
1377 1047 1568 1102 nullus
1597 1046 1974 1101 constituetur
2006 1061 2126 1098 mo-

433 1138 558 1193 dus.
593 1141 666 1194 D.
699 1140 822 1193 lam
869 1138 1006 1192 cedo
1051 1136 1281 1202 rationi,
1328 1152 1442 1206 qua
1493 1151 1672 1206 usque
1717 1136 1784 1189 ad
1825 1138 2128 1205 quaterna-

431 1227 582 1282 rium
615 1227 960 1298 syllabarum
992 1241 1297 1279 numerum
1325 1239 1728 1294 promovemus
1758 1223 1984 1293 pedem.
2018 1223 2126 1275 Pro

430 1316 534 1384 his:
555 1320 745 1369 autem
771 1314 1042 1385 legitimis
1067 1313 1307 1384 pedibus
1337 1311 1476 1382 poni
1497 1315 1763 1380 oportere
1794 1311 1969 1381 pedes
1995 1309 2125 1379 plu-

431 1404 583 1457 rium
606 1403 972 1474 syllabarum,
1001 1403 1138 1456 dum
1155 1400 1353 1454 breves
1376 1399 1505 1453 dum
1533 1393 1703 1453 unius
1723 1399 1910 1469 longua
1937 1399 2127 1452 locum

434 1496 715 1562 occupant
737 1507 851 1544 non
880 1505 1099 1543 recuso.
1819 1549 1822 1552 ἢ

433 1581 658 1635 CAPUT
689 1580 778 1634 Vl.
825 1609 894 1617 —
938 1577 1103 1632 Pedes
1147 1581 1381 1646 quatuor
1421 1575 1647 1644 syllabis
1687 1576 1952 1643 longiores
1993 1575 2125 1643 rhy-

736 1669 943 1721 thmum
967 1681 1060 1720 suo
1088 1668 1300 1719 nomine
1325 1667 1504 1731 facere
1527 1669 1811 1732 nequeunt.

505 1758 590 1810 14.
623 1757 708 1809 Μ.
743 1755 924 1808 Facile
956 1759 1041 1807 est
1070 1770 1204 1825 ergo
1245 1757 1300 1807 te
1335 1753 1509 1807 etiam
1553 1752 1696 1806 illud
1733 1751 1923 1806 videre
1957 1755 2126 1821 atque

429 1843 758 1909 concedere,
792 1843 933 1896 alios
962 1843 1136 1912 pedes
1175 1857 1294 1895 esse
1323 1857 1428 1911 pro
1461 1840 1572 1907 his,
1603 1856 1777 1910 penes
1815 1855 1956 1910 quos
1987 1839 2126 1910 rhy—

428 1931 575 1985 thmi
624 1936 708 1986 est
753 1931 1126 2002 principatus,
1160 1930 1301 1984 alios
1334 1929 1430 2000 qui
1465 1945 1597 1983 cum
1626 1929 1717 1982 his
1757 1929 2122 1982 collocantur.

429 2019 570 2073 Nam
613 2020 711 2074 ubi
741 2035 846 2090 pro
879 2019 1063 2090 longis
1093 2018 1333 2088 singulis
1361 2017 1729 2089 geminantur
1766 2017 1986 2084 breves,
2017 2031 2123 2084 pro

427 2123 493 2161 eo
537 2108 638 2178 qui
664 2108 998 2179 rhythmum
1028 2107 1268 2173 obtinet,
1302 2107 1479 2160 alium
1508 2101 1762 2160 locamus
1788 2121 1800 2172 ;
1833 2105 1988 2159 velut
2017 2121 2122 2175 pro

425 2194 618 2250 iambo
648 2197 737 2249 vel
781 2197 1030 2250 trochaeo
1060 2195 1430 2258 tribrachum,
1473 2196 1570 2247 aut
1598 2209 1702 2262 pro
1734 2192 1988 2262 spondeo
2021 2192 2122 2246 da-

432 2282 648 2352 ctylum
695 2285 793 2335 aut
825 2285 1178 2351 anapaestum
1225 2285 1322 2334 aut
1375 2278 1962 2350 proceleusmaticum.
2021 2278 2126 2333 Ubi

424 2384 558 2422 vero
589 2384 706 2422 non
747 2367 899 2422 idem
943 2367 1026 2434 ﬁt,
1058 2383 1175 2421 non
1216 2383 1321 2438 pro
1353 2383 1442 2432 eo,
1483 2366 1583 2420 sed
1629 2382 1759 2420 cum
1790 2383 1858 2421 eo
1888 2367 2124 2436 ponitur

426 2455 686 2527 quisquis
712 2455 980 2510 miscetur
1007 2455 1345 2509 inferiorum
1370 2471 1384 2521 ;
1406 2459 1471 2508 ut
1489 2470 1620 2508 cum
1643 2453 1868 2524 dactylo
1900 2471 2124 2525 anapae-

426 2546 567 2610 stus,
599 2558 729 2597 cum
766 2543 955 2597 ionico
998 2559 1133 2597 vero
1171 2543 1444 2598 utrolibet
1491 2543 1778 2599 diiambus
1807 2543 1894 2597 vel
1924 2542 2122 2597 dicho-

425 2629 546 2684 rius
574 2647 586 2686 :
620 2635 677 2685 et
707 2631 913 2702 reliqui
941 2631 1204 2686 similiter
1227 2649 1329 2686 suo
1352 2633 1483 2703 jure
1507 2648 1638 2686 cum
1663 2631 1898 2686 caeteris.
1921 2633 2008 2685 An
2026 2648 2122 2701 pa-

423 2735 555 2773 rum
574 2719 680 2773 tibi
709 2718 1044 2788 dilucidum,
1069 2719 1159 2774 vel
1180 2720 1386 2774 falsum
1416 2719 1682 2775 videtur?
1712 2722 1784 2775 D.
1813 2721 1938 2774 Jam
1959 2719 2123 2773 intel-

425 2806 564 2877 ligo.
625 2809 710 2862 Μ.
765 2809 1064 2878 Responde
1121 2824 1258 2878 ergo
1314 2813 1510 2862 utrum
1557 2808 1644 2862 illi
1690 2808 1791 2880 qui
1844 2825 1950 2878 pro
1993 2807 2120 2861 aliis

424 2898 742 2964 ponuntur,
765 2895 989 2964 possint
1010 2895 1184 2949 etiam
1213 2895 1323 2966 ipsi
1345 2911 1450 2966 per
1469 2912 1526 2949 se
1547 2895 1731 2950 facere
1759 2896 2115 2966 rhythmum.

422 2984 498 3036 D.
554 2985 815 3037 Possunt.
867 2985 957 3037 Μ.
1023 2983 1250 3038 Omnes.
1313 2985 1386 3038 D.
1438 2984 1668 3039 Omnes.
1726 2986 1809 3038 M.
1863 2986 2008 3054 Ergo
2065 2987 2120 3037 et

424 3071 679 3141 quinque
702 3071 1048 3140 syllabarum
1077 3087 1178 3142 pes
1193 3075 1385 3142 potest
1404 3089 1506 3126 suo
1529 3072 1762 3127 nomine
1785 3073 2117 3143 rhythmum

420 3158 627 3225 facere,
685 3159 819 3228 quia
883 3175 988 3228 pro
1036 3159 1268 3213 bacchio
1328 3160 1416 3213 vel
1463 3161 1667 3213 cretico
1719 3161 1807 3214 vel
1865 3161 2120 3231 quolibet

422 3261 626 3316 paeone
654 3246 793 3316 poni
823 3249 1030 3316 potest.
1066 3247 1140 3299 D.
1189 3248 1313 3301 Non
1358 3251 1539 3318 potest
1571 3248 1840 3318 quidem;
1873 3249 1968 3302 sed
1993 3249 2116 3318 jam

419 3333 596 3388 istum
628 3350 747 3388 non
773 3350 1042 3389 vocamus
1069 3335 1297 3405 pedem,
1319 3335 1364 3388 si
1394 3335 1810 3405 pregressionis
1839 3336 1991 3389 illius
2021 3352 2116 3390 us-

420 3437 532 3493 que
564 3421 635 3477 ad
673 3423 1103 3494 quaternarium
1135 3439 1442 3477 numerum
1480 3424 1616 3478 satis
1646 3424 1885 3478 memini
1915 3426 1953 3479 ¹.
1998 3426 2113 3494 Ego

418 3514 612 3565 autem
669 3527 800 3565 cum
866 3527 1066 3565 omnes
1113 3528 1275 3582 posse
1338 3512 1632 3582 respondi,
1690 3512 1865 3582 pedes
1918 3513 2114 3583 utique

418 3615 584 3670 posse
638 3599 934 3670 respondi.
994 3601 1080 3654 Μ.
1133 3600 1322 3654 Laudo
1369 3600 1542 3655 etiam
1586 3601 1649 3654 in
1693 3599 1928 3655 nomine
1976 3601 2112 3655 reti-

419 3689 604 3743 nendo
654 3688 1010 3759 diligentiam
1066 3693 1122 3742 et
1161 3689 1516 3760 vigilantiam
1571 3694 1755 3744 tuam.
1824 3689 1930 3743 Sed
1973 3689 2115 3742 scias

418 3776 612 3830 multis
648 3777 833 3831 visum
881 3792 1002 3829 esse
1045 3776 1219 3830 etiam
1250 3793 1518 3832 senarum
1559 3778 1908 3847 syllabarum
1939 3777 2114 3846 pedes

417 3863 860 3934 nuncupandos;
895 3863 989 3916 sed
1019 3863 1287 3932 amplius,
1322 3865 1476 3933 quod
1504 3864 1699 3930 sciam,
1733 3864 1951 3918 nemini
1990 3865 2112 3934 pla-

416 3951 552 4006 cuit.
595 3952 663 4003 Et
700 3949 786 4002 illi
828 3948 1034 4020 quibus
1063 3949 1170 4002 hoc
1215 3950 1447 4020 placuit,
1489 3956 1840 4021 negaverunt
1869 3951 1938 4005 ad
1972 3952 2111 4022 rhy-

414 4037 659 4104 thmum,
692 4040 791 4090 aut
818 4037 890 4091 ad
916 4040 1164 4090 metrum
1185 4053 1289 4108 per
1309 4054 1367 4091 se
1396 4038 1751 4109 gignendum
1770 4043 1886 4092 tam
1912 4039 2112 4109 longos

415 4127 589 4197 pedes
633 4125 891 4180 adhiberi
935 4131 1217 4196 oportere.
1260 4127 1460 4198 Itaque
1501 4143 1574 4182 ne
1614 4129 1851 4182 nomina
1882 4128 2112 4198 quidem

413 4214 503 4269 his
543 4214 893 4269 indiderunt.
927 4213 1200 4278 Quocirca
1226 4215 1554 4270 verissimus
1596 4219 1680 4270 est
1717 4216 1813 4270 ille
1843 4233 2112 4288 progres-

414 4303 588 4358 sionis
616 4303 840 4369 modus,
877 4302 977 4373 qui
1001 4319 1185 4374 usque
1214 4303 1284 4357 ad
1306 4309 1555 4374 quatuor
1583 4305 1825 4375 syllabas
1855 4308 2114 4377 pervenit

412 4392 883 4464 quandoquidem
929 4390 990 4446 hi
1034 4407 1233 4445 omnes
1277 4393 1470 4463 pedes,
1520 4393 1728 4464 quibus
1771 4394 1962 4448 divisis
1999 4394 2112 4448 duo

413 4479 538 4535 ﬁeri
561 4497 680 4535 non
709 4484 970 4551 possunt,
993 4480 1285 4550 conjuncti
1311 4481 1517 4550 pedem
1542 4482 1728 4535 facere
1757 4487 2071 4551 potuerunt
2094 4499 2107 4549 ;

413 4571 469 4621 et
493 4568 575 4622 ita
615 4568 716 4639 qui
757 4569 817 4622 in
852 4572 1072 4623 sextam
1111 4569 1386 4639 syllabam
1426 4584 1607 4639 usque
1635 4570 1923 4639 progressi
1955 4575 2107 4638 sunt,

412 4670 628 4709 nomen
655 4660 879 4710 tantum
905 4657 1064 4726 pedis
1081 4657 1142 4711 in
1164 4674 1278 4724 eos,
1309 4657 1410 4728 qui
1431 4661 1695 4727 quartam
1724 4664 2107 4725 excesserunt,

411 4743 720 4797 transferre
768 4743 891 4797 ausi
932 4748 1102 4812 sunt;
1157 4746 1228 4800 ad
1257 4745 1647 4816 principatum
1693 4760 1846 4812 vero,
1896 4745 1995 4816 qui
2027 4750 2111 4800 est

412 4830 473 4885 in
504 4830 785 4901 rhythmis
826 4835 881 4884 et
909 4833 1123 4899 metris,
1167 4835 1325 4888 nullo
1356 4835 1527 4888 modo
1559 4851 1653 4888 eos
1682 4833 1933 4904 aspirare
1963 4834 2108 4888 sive-

412 4924 567 4975 runt.
601 4919 708 4974 Sed
749 4935 878 4973 cum
917 4937 1021 4990 pro
1058 4923 1243 4993 longis
1281 4924 1484 4978 breves
1517 4923 1902 4994 duplicantur,
1936 4923 2107 4977 etiam

413 5010 484 5064 ad
530 5007 835 5079 septimam
877 5014 1050 5079 atque
1091 5015 1370 5079 octavam,
1400 5016 1465 5066 ut
1487 5012 1607 5082 jam
1652 5010 1904 5066 ostendit
1941 5011 2106 5082 ratio,

411 5099 688 5171 syllabam
725 5097 1090 5168 pervenitur:
1137 5100 1210 5153 ad
1258 5117 1430 5171 quem
1462 5117 1772 5155 numerum
1814 5116 1982 5154 nemo
2017 5105 2105 5154 te-

407 5187 593 5243 tendit
629 5187 856 5258 pedem.
889 5185 994 5240 Sed
1029 5186 1301 5256 quoniam
1339 5187 1502 5243 video
1543 5193 1799 5244 constare
1829 5188 1975 5244 inter
2007 5205 2109 5244 nos

411 5275 727 5346 quemlibet
741 5273 997 5345 plurium
1018 5289 1190 5344 quam
1211 5278 1455 5344 quatuor
1472 5277 1838 5346 syllabarum,
1859 5293 1985 5331 cum
2003 5293 2107 5347 pro

474 5366 490 5398 ¹
522 5364 606 5436 Sic
626 5361 755 5436 Mss.
784 5363 827 5411 Α
855 5361 992 5436 ερΒε
1024 5366 1077 5436 at
1095 5360 1479 5436 inpulegitur...
1499 5365 1718 5436 sedjam
1740 5366 1978 5436 istarum
2001 5377 2108 5414 non

407 5428 593 5476 vocari
613 5423 830 5488 pedem,
851 5426 895 5472 si
911 5425 1207 5487 progressio
1231 5422 1376 5494 illius
1400 5424 1553 5475 ultra
1571 5422 1979 5488 quaterna-rium
2004 5439 2107 5477 nu-

409 5498 623 5536 merum
652 5488 910 5539 transeat.
946 5487 1074 5535 satis
1115 5496 1356 5535 memmi.
1386 5486 1471 5534 Er.
1512 5488 1677 5539 Lugd.
1712 5489 1861 5538 Ven..
1905 5492 1947 5539 si
1981 5501 2108 5539 nro-

409 5487 633 5536 meruni
652 5488 910 5543 transeat,
946 5487 1074 5535 satis
1115 5487 1356 5535 memini.
1386 5487 1471 5534 Er.
1512 5487 1677 5551 Lugd.
1712 5489 1861 5538 Ven..
1905 5492 1947 5539 si
1979 5501 2049 5550 pr

409 5550 704 5608 gressione,
735 5553 834 5599 etc.
901 5548 970 5596 M.

1717 309 1810 362 DE
1850 304 2133 370 MUSICA,
2177 304 2229 359 S.
2276 303 2658 361 AUGUSTINI

3759 318 3859 370 liii

2241 426 2412 496 longa
2442 426 2583 480 duas
2625 425 2825 480 breves
2858 424 3149 495 ponimus,
3207 443 3324 481 non
3364 443 3490 482 cum
3527 429 3610 484 his
3651 432 3866 502 legitimis

2239 514 2495 584 pedibus,
2529 514 2626 568 sed
2669 530 2771 584 pro
2819 514 2906 567 his
2949 531 3115 585 posse
3149 516 3305 586 poni,
3351 533 3534 588 neque
3568 534 3660 588 per
3698 521 3865 591 seipsos

2237 602 2567 673 rhythmum
2618 618 2829 667 creare,
2880 619 2953 656 ne
2983 603 3044 656 in
3086 603 3377 658 infinitum
3411 610 3503 658 eat
3530 607 3670 677 quod
3694 611 3865 663 ratione

2237 690 2554 745 finiendum
2573 695 2678 756 est,
2710 691 2959 762 satisque
2975 692 3099 762 jam
3121 692 3268 746 inter
3295 709 3404 748 nos
3430 694 3497 748 de
3525 695 3764 764 rhythmo
3786 699 3865 751 exi-

2236 778 2405 832 stimo
2451 778 2839 849 disputatum;
2897 784 3252 836 transeamus
3278 782 3351 836 ad
3394 785 3592 853 metra,
3633 784 3674 837 si
3708 785 3865 855 placet

2241 867 2310 921 D.
2346 866 2534 920 Placet
2563 883 2716 920 vero.

2325 955 2552 1009 CAPUT
2583 955 2704 1008 VII.
2733 983 2804 994 —
2829 958 2904 1009 De
2928 961 3095 1010 metro
3119 957 3314 1025 quibus
3339 961 3390 1012 et
3421 962 3547 1027 quot
3572 961 3802 1016 mininum

2767 1046 3128 1099 constituatur
3154 1045 3401 1114 pedibus.

2308 1134 2394 1185 15.
2419 1135 2489 1186 Μ.
2516 1130 2613 1184 Dic
2639 1131 2834 1202 igitur,
2856 1137 3180 1188 metrumne
3202 1133 3496 1188 arbitreris
3516 1135 3734 1206 pedibus
3753 1136 3862 1202 ﬁeri,

2235 1235 2307 1272 an
2333 1219 2507 1288 pedes
2549 1225 2754 1274 metro.
2802 1222 2873 1275 D.
2925 1222 3046 1275 Non
3089 1222 3368 1293 intelligo.
3401 1226 3474 1278 Μ.
3509 1224 3736 1278 Pedesne
3761 1241 3864 1279 cou-

2227 1307 2414 1378 juncti
2444 1315 2693 1361 motrum
2715 1314 2928 1374 creant,
2959 1325 3033 1362 an
3057 1310 3252 1364 metris
3274 1311 3587 1380 conjunctis
3611 1312 3760 1381 pedes
3783 1328 3864 1366 cre-

2235 1398 2405 1448 antur
2420 1399 2448 1450 ‘l
2482 1397 2555 1448 D.
2589 1395 2714 1450 Scio
2738 1395 2860 1466 jam
2885 1396 3024 1465 quid
3054 1397 3224 1463 dicas,
3259 1402 3316 1451 et
3347 1398 3655 1467 conjunctis
3680 1399 3864 1468 pedibus

2233 1486 2482 1536 metrum
2513 1483 2639 1536 fieri
2667 1488 2825 1554 puto.
2860 1485 2944 1536 Μ.
2979 1485 3090 1538 Cur
3117 1485 3350 1539 tandem
3373 1485 3428 1540 id
3450 1488 3650 1555 putas?
3669 1488 3733 1540 D.
3761 1487 3862 1551 Quia

2232 1570 2382 1624 inter
2405 1571 2740 1640 rhythmum
2761 1575 2816 1624 et
2837 1577 3086 1626 metrum
3108 1573 3217 1628 hoc
3235 1573 3512 1628 interesse
3535 1574 3729 1642 dixisti,
3751 1576 3862 1646 quod

2233 1657 2288 1713 in
2320 1659 2589 1728 rhythmo
2616 1660 2900 1714 contextio
2932 1661 3144 1731 pedum
3167 1662 3395 1716 nullum
3424 1668 3633 1717 certum
3657 1663 3798 1717 habet
3818 1663 3864 1716 ti-

2231 1762 2385 1808 nem,
2418 1746 2478 1800 in
2508 1752 2693 1801 metro
2725 1764 2857 1802 vero
2896 1749 3106 1803 habet:
3148 1749 3228 1804 ita
3255 1750 3364 1804 ista
3403 1751 3610 1822 pedum
3638 1752 3862 1806 contextio

2232 1839 2287 1888 et
2312 1835 2569 1906 rhythmi
2597 1841 2654 1890 et
2685 1836 2854 1891 metri
2883 1853 3004 1891 esse
3033 1837 3415 1909 intelligitur;
3449 1839 3544 1893 sed
3573 1839 3646 1892 ibi
3673 1839 3859 1899 inﬁnita,

2233 1922 2325 1977 hic
2371 1928 2564 1978 autem
2594 1923 2758 1978 finita
2789 1929 3020 1978 constat.
3055 1927 3140 1979 Μ.
3178 1927 3325 1996 Ergo
3357 1943 3504 1980 unus
3548 1943 3642 1997 pes
3669 1933 3862 1982 metrum

2232 2027 2348 2065 non
2368 2017 2469 2065 est.
2492 2013 2564 2066 D.
2588 2013 2714 2066 Non
2742 2013 2960 2083 utique.
2983 2014 3070 2067 Μ.
3095 2013 3242 2078 Quid
3260 2031 3412 2068 unus
3443 2031 3537 2086 pes
3557 2019 3611 2069 et
3629 2014 3861 2084 semipes?

2231 2101 2306 2154 D.
2342 2101 2422 2154 Ne
2442 2101 2551 2154 hoc
2581 2101 2925 2172 quidem.llf.
2959 2102 3186 2166 Quare?
3216 2120 3290 2156 an
3323 2103 3460 2174 quia
3482 2107 3711 2156 metrum
3743 2100 3862 2173 pedi-

2231 2188 2337 2242 bus
2365 2189 2560 2254 contit,
2592 2205 2697 2243 nec
2726 2189 2927 2260 utique
2951 2193 3193 2260 possunt
3231 2190 3348 2244 dici
3378 2191 3572 2260 pedes,
3603 2191 3690 2244 ubi
3721 2191 3862 2243 minus

2232 2292 2406 2348 quam
2436 2277 2547 2331 duo
2574 2279 2744 2332 sunt?
2764 2277 2839 2331 D.
2865 2279 2948 2331 Ita
2978 2283 3082 2332 est.
3109 2279 3194 2332 Μ.
3219 2279 3592 2349 Inspiciamus
3617 2277 3768 2348 igitur
3783 2294 3864 2331 me-

2230 2370 2320 2419 tra
2343 2363 2443 2418 illa
2488 2381 2617 2435 quae
2645 2382 2677 2419 a
2723 2382 2814 2420 me
2843 2366 3014 2436 paulo
3044 2371 3176 2420 ante
3206 2370 3652 2420 commemorata
3678 2371 3801 2431 sunt,
3824 2371 3860 2418 et

2231 2448 2523 2505 videamus
2545 2452 2753 2524 quibus
2774 2453 3014 2524 pedibus
3036 2459 3330 2519 constent;
3357 2471 3478 2509 non
3498 2453 3645 2509 enim
3661 2453 3771 2508 tein
3787 2454 3861 2506 hoc

2229 2553 2439 2608 genere
2476 2541 2982 2596 animadvertendo
3014 2541 3217 2597 rudem
3258 2558 3386 2597 esse
3413 2543 3593 2598 adhuc
3621 2541 3778 2596 decet.
3810 2541 3860 2592 Ea

2230 2629 2362 2680 sunt
2391 2631 2584 2682 autem
2611 2643 2625 2683 :

2696 2699 2770 2770 se
2799 2699 2978 2770 ἱείιιξτν
3001 2699 3264 2770 Cauaseum

2694 2761 2978 2824 Eonticolaa
3007 2761 3215 2824 puellm,

2692 2821 2821 2879 Quae
2847 2821 3036 2871 canitis
3064 2825 3163 2872 sub
3189 2825 3360 2874 antris

2690 2884 2969 2934 Mellitluos
2993 2899 3226 2934 sonores.

2226 2980 2372 3036 Satis
2403 2981 2527 3036 haec
2575 2997 2695 3035 esse
2737 2983 2809 3036 ad
2846 2982 2906 3036 id
2934 2983 3086 3053 quod
3115 2983 3477 3038 intendimus
3505 2988 3667 3055 puto:
3693 2989 3747 3036 tu
3766 2982 3853 3052 jam

2225 3071 2426 3124 metire
2444 3070 2568 3132 ista,
2593 3073 2650 3124 et
2669 3086 2810 3141 quos
2834 3070 3085 3126 habeant
3113 3072 3285 3141 pedes
3317 3073 3602 3128 renuntia.
3628 3073 3692 3127 D.
3711 3067 3856 3126 Omni-

2225 3173 2299 3211 no
2321 3174 2439 3212 non
2467 3175 2702 3228 possum
2725 3175 2739 3214 :
2763 3175 2859 3214 eos
2881 3160 3034 3214 enim
3062 3161 3389 3216 metiendos
3413 3166 3571 3232 puto,
3591 3160 3681 3232 qui
3704 3158 3788 3212 sibi
3805 3156 3858 3210 le-

2224 3245 2424 3315 gitime
2455 3247 2709 3317 copulari
2740 3253 2956 3318 queunt
2980 3264 2992 3314 ;
3017 3265 3122 3302 nec
3145 3249 3304 3302 valeo
3334 3266 3428 3304 me
3457 3249 3589 3303 hinc
3615 3245 3849 3318 expedire.

2223 3333 2281 3388 Si
2302 3334 2454 3388 enim
2477 3336 2729 3404 primum
2759 3337 3018 3390 chorium
3039 3337 3246 3401 fecero,
3267 3339 3532 3410 sequitur
3552 3338 3763 3399 iambus,
3785 3332 3853 3402 qui

2223 3422 2580 3492 temporibus
2599 3440 2702 3494 par
2725 3429 2829 3491 est,
2853 3426 2950 3479 sed
2977 3442 3091 3479 non
3118 3425 3388 3480 similiter
3410 3426 3717 3497 plauditur:
3739 3421 3775 3474 si
3791 3421 3854 3474 da-

2223 3512 2456 3582 ctylum,
2508 3528 2624 3566 non
2664 3514 2922 3583 sequitur
2953 3514 3095 3568 alius
3127 3514 3227 3585 qui
3255 3514 3312 3569 ei
3345 3517 3543 3570 saltem
3569 3512 3854 3584 temporibus

2223 3602 2582 3668 coaequetur:
2636 3599 2684 3653 si
2731 3601 3147 3668 choriambum,
3200 3603 3406 3656 eadem
3458 3602 3734 3657 difﬁcultas
3771 3601 3852 3658 est;

2223 3686 2377 3756 quod
2411 3685 2565 3740 enim
2591 3691 2784 3753 restat,
2816 3704 2920 3742 nec
2945 3689 3300 3759 temporibus
3332 3706 3466 3745 cum
3485 3707 3571 3758 eo,
3593 3705 3686 3744 nec
3702 3687 3854 3758 plausu

2223 3773 2509 3826 convenit.
2543 3774 2728 3837 Quare
2760 3779 2859 3829 aut
2884 3777 2990 3830 hoc
3021 3781 3266 3831 metrum
3299 3795 3421 3832 non
3452 3783 3554 3848 est,
3584 3781 3674 3831 aut
3697 3775 3852 3828 falsum

2223 3863 2307 3913 est
2335 3860 2492 3930 quod
2535 3861 2688 3916 inter
2725 3879 2828 3916 nos
2868 3863 2937 3918 de
2966 3865 3176 3934 pedum
3209 3865 3574 3936 copulatione
3611 3864 3850 3919 dissertum

2221 3951 2306 4001 est
2325 3967 2342 4002 :
2373 3964 2509 4003 nam
2535 3950 2674 4020 quid
2704 3951 2857 4005 aliud
2887 3951 3071 4006 dicam
3107 3969 3223 4007 non
3251 3952 3508 4009 invenio.

2294 4039 2375 4090 16.
2407 4039 2493 4092 Μ.
2546 4038 2790 4092 Mettum
2842 4039 3076 4110 quidem
3115 4057 3236 4096 esse
3276 4048 3335 4096 et
3379 4059 3446 4096 eo
3485 4041 3630 4114 quod
3655 4040 3763 4110 plus
3794 4037 3881 4095 est.

2221 4139 2393 4195 quam
2415 4143 2536 4196 pes,
2559 4131 2891 4198 certumque
2916 4129 3090 4184 tinem
3116 4130 3310 4195 habet,
3338 4135 3396 4184 et
3415 4131 3660 4202 ipsarum
3679 4125 3850 4181 aurium

2215 4213 2431 4282 judicio
2477 4215 2890 4270 convincitur‘.
2936 4217 3060 4272 Non
3106 4217 3262 4272 enim
3314 4223 3437 4273 tam
3484 4218 3635 4273 suavi
3681 4213 3852 4269 sonaret

2220 4301 2567 4371 aequalitate,
2587 4307 2686 4358 aut
2705 4307 2866 4358 motu
2887 4308 3005 4359 tam
3025 4305 3306 4359 concinno
3328 4306 3699 4376 plauderetur,
3714 4301 3753 4354 si
3768 4314 3850 4353 non

2219 4388 2430 4443 inesset
2458 4389 2518 4444 in
2547 4390 2645 4445 illo
2677 4393 3082 4463 numerositas,
3114 4410 3242 4464 qua:
3273 4394 3530 4464 profecto
3564 4407 3673 4446 esse
3699 4386 3789 4442 nisi
3808 4385 3850 4437 in

2218 4477 2324 4531 hac
2367 4482 2528 4548 parte
2577 4480 2808 4534 musicae
2851 4497 2973 4535 non
3012 4486 3218 4552 potest.
3261 4483 3426 4537 Falsa
3453 4499 3582 4537 vero
3610 4495 3734 4543 esse,
3758 4487 3852 4545 qua:

2218 4564 2366 4619 inter
2395 4582 2498 4620 nos
2537 4567 2929 4639 constiterunt,
2986 4569 3167 4624 miror
3222 4571 3379 4640 quod
3417 4569 3720 4624 existimes:
3765 4574 3850 4614 non

2219 4653 2374 4708 enim
2389 4658 2488 4708 aut
2510 4656 2766 4710 numeris
2778 4657 3095 4728 quidquam
3113 4669 3198 4712 est
3216 4659 3449 4725 certius,
3466 4662 3563 4714 aut
3580 4657 3670 4711 illa
3685 4651 3849 4724 pedum

2217 4743 2760 4798 commemoratione
2805 4749 2860 4798 et
2889 4747 3260 4801 collocatione
3289 4747 3623 4801 ordinatius.
3656 4743 3774 4797 Nam
3805 4750 3850 4788 ex

2216 4829 2339 4900 ipsa
2385 4846 2758 4887 numerorum
2788 4835 3027 4902 ratione,
3064 4851 3194 4907 quae
3225 4835 3385 4890 nullo
3419 4835 3583 4889 modo
3621 4829 3763 4893 fallit,
3787 4840 3851 4878 ex-

2216 4935 2478 4989 pressum
2507 4924 2586 4973 est
2609 4921 2888 4992 quidquid
2916 4922 2978 4976 in
3000 4923 3081 4976 eis
3111 4927 3166 4977 et
3190 4923 3261 4977 ad
3283 4923 3608 4977 mulcendas
3633 4932 3786 4979 aures,
3811 4914 3850 4962 et

2217 5006 2288 5060 ad
2320 5006 2696 5061 obtinendum
2726 5008 2788 5062 in
2815 5009 3082 5079 rhythmo
3113 5011 3522 5081 principatum,
3554 5008 3720 5064 valere
3751 5014 3847 5072 pcr-

2216 5093 2537 5163 speximus:
2570 5096 2664 5149 sed
2695 5097 2819 5149 vide
2849 5098 3039 5167 potius
3070 5115 3202 5152 cum
3243 5115 3394 5170 saepe
3423 5103 3632 5169 repeto,
3663 5095 3765 5159 Ουετ
3785 5102 3848 5141 σθ’

2215 5186 2346 5239 nilis
2391 5185 2487 5239 sub
2521 5188 2716 5252 antris,
2749 5186 3162 5260 demulceoque
3204 5189 3314 5244 ista
3342 5186 3725 5244 numerositate
3751 5191 3848 5252 sen-

2219 5287 2342 5325 sum
2373 5275 2577 5340 tuum;
2619 5274 2760 5343 quid
2799 5274 2970 5330 distat
2999 5275 3148 5331 inter
3178 5277 3308 5346 hoc,
3356 5282 3414 5331 et
3452 5276 3500 5330 si
3541 5273 3772 5329 adderem
3794 5261 3847 5316 ad

2217 5358 2391 5414 ﬁnem
2422 5361 2591 5432 hujus
2633 5361 2864 5417 brevem
2896 5365 3145 5436 aliquam
3177 5366 3472 5436 syllabam,
3504 5379 3556 5416 ei
3582 5363 3703 5414 item
3728 5348 3844 5408 istud

2218 5448 2420 5503 eodem
2449 5450 2620 5505 modo
2653 5456 2992 5522 repeterem,
3025 5455 3155 5519 Quae
3181 5456 3370 5508 canitis
3395 5453 3494 5507 sub
3523 5451 3736 5504 antrisve
3753 5445 3776 5494 ?
3795 5442 3838 5492 D.

2283 5553 2298 5585 ¹
2331 5555 2701 5615 Convenimur,
2729 5556 2883 5618 juxta
2910 5557 2996 5605 Er.
3027 5562 3077 5606 et
3106 5559 3228 5608 Mss.
3257 5560 3298 5607 A
3327 5562 3376 5606 et
3405 5557 3459 5605 B.
3523 5555 3584 5604 Μ.
