4080 6178
190 322 325 373 1125

185 444 502 512 Utrumque
528 441 671 495 mihi
693 441 945 512 jucunde
968 441 1223 496 illabitur
1242 442 1479 497 auribus
1509 460 1521 497 :
1553 442 1660 497 hoc
1689 448 1883 498 tamen

177 533 486 603 posterius,
524 531 616 584 cui
646 532 919 602 syllabam
952 532 1218 585 addidisti
1248 533 1499 599 brevem,
1532 534 1661 602 plus
1690 538 1881 587 tenere

178 621 349 691 spatii
377 637 441 674 ac
471 620 764 689 temporis,
790 620 1075 690 siquidem
1096 620 1323 691 longius
1346 621 1558 675 factum
1577 626 1680 689 est,
1712 637 1883 691 cogor

176 698 362 762 fateri.
383 710 455 762 M.
489 707 634 771 Quid
651 724 780 761 cum
806 707 947 762 illud
977 708 1259 778 superius,
1289 710 1419 774 Qua:
1434 712 1632 764 canitis
1660 711 1757 763 sub
1787 725 1884 762 an-

175 799 300 863 tris,
342 797 423 850 ita
455 802 675 865 repeto,
712 800 775 850 ut
798 800 927 866 post
958 797 1131 850 tinem
1164 796 1307 851 nihil
1338 797 1579 851 sileam?
1610 798 1883 851 eademne

174 885 253 939 ad
279 889 333 937 te
366 883 696 954 jucunditas
725 884 1020 954 pervenit?
1054 888 1114 939 D.
1158 886 1280 938 Imo
1313 886 1504 940 nescio
1546 886 1683 956 quid
1724 887 1885 939 clau-

176 974 319 1027 dum
348 989 441 1026 me
475 972 733 1038 offendit,
767 972 874 1026 nisi
902 974 1044 1027 forte
1071 973 1227 1027 illam
1262 973 1522 1027 ultimam
1553 975 1681 1044 plus
1711 990 1884 1045 quam

174 1066 411 1115 caeteras
442 1061 638 1130 longas
665 1061 1024 1130 produxeris.
1057 1063 1137 1116 Μ.
1174 1063 1317 1132 Ergo
1347 1062 1463 1116 sive
1490 1062 1741 1132 idipsum
1772 1079 1885 1115 am-

174 1149 331 1219 plius
362 1148 515 1219 quod
540 1147 896 1218 producitur,
940 1148 1055 1201 sive
1096 1149 1247 1225 quod
1279 1149 1498 1215 siletur,
1534 1165 1801 1203 censesne
1825 1150 1886 1202 in

174 1241 437 1307 tempore
477 1236 687 1289 habere
726 1235 943 1305 aliquid
984 1236 1189 1306 spatii?
1233 1239 1298 1290 D.
1330 1236 1437 1299 Qui
1466 1238 1631 1291 aliter
1655 1238 1886 1307 potest?

257 1342 482 1397 CAPUT
514 1342 656 1396 VIII.
684 1371 747 1379 —
771 1342 1000 1396 Silentia
1030 1344 1087 1395 in
1113 1344 1297 1395 metris
1326 1348 1533 1410 quanta
1562 1344 1814 1397 adhiberi

576 1433 798 1499 oportet.
834 1432 1063 1485 Metrum
1094 1430 1238 1499 quod
1265 1430 1502 1485 dicatur.
1736 1438 1737 1441 ‘

261 1539 343 1589 17.
375 1536 448 1589 M.
484 1536 652 1589 Recte
687 1551 899 1589 censes.
940 1535 1048 1589 Sed
1088 1536 1177 1589 dic
1212 1536 1353 1589 mihi
1395 1536 1566 1590 etiam
1606 1539 1885 1607 quantum

175 1623 431 1693 spatium
451 1626 618 1693 putas
647 1622 808 1677 esse?
836 1626 900 1678 D.
935 1624 1117 1677 Metiri
1137 1624 1246 1677 hoc
1266 1624 1502 1678 omnino
1534 1623 1761 1678 difﬁcile
1780 1627 1881 1677 est.

172 1713 261 1765 M.
292 1712 499 1764 Verum
524 1710 664 1764 dicis
689 1728 700 1764 :
721 1711 817 1765 sed
847 1728 1035 1765 nonne
1066 1711 1171 1766 tibi
1192 1712 1416 1766 videtur
1432 1713 1618 1767 brevis
1648 1712 1746 1765 illa
1774 1712 1887 1781 syl-

174 1798 315 1852 laba
344 1798 402 1852 id
432 1800 641 1860 metiri,
679 1815 853 1869 quam
902 1814 1032 1853 cum
1073 1799 1422 1867 addidimus,
1470 1816 1656 1870 neque
1699 1801 1885 1869 longa:

173 1887 405 1940 ultimas
434 1887 584 1940 ultra
613 1886 848 1941 solitum
878 1888 1333 1958 productionem,
1371 1904 1558 1958 neque
1592 1888 1776 1941 ullum
1809 1886 1884 1940 si-

174 1973 426 2028 lentium
446 1974 507 2027 in
524 1974 571 2044 ej
582 1991 647 2029 us
665 1974 835 2029 metri
850 1975 1190 2045 repetitione
1207 1992 1405 2030 sensus
1421 1975 1798 2029 desideravit?
1816 1978 1882 2029 D.

173 2062 429 2117 Omnino
458 2062 772 2117 assentior:
802 2079 935 2117 nam
967 2068 1023 2117 et
1051 2068 1106 2117 te
1140 2064 1283 2118 illud
1323 2063 1584 2134 superius
1628 2077 1885 2132 pronun-

170 2148 359 2204 tiante
381 2155 553 2221 atque
572 2156 885 2222 repetente,
912 2153 1019 2207 hoc
1038 2152 1323 2222 posterius
1340 2169 1445 2223 ego
1478 2152 1631 2223 apud
1652 2167 1745 2204 me
1765 2150 1887 2220 ipse

172 2238 514 2307 repetebam
546 2240 759 2310 pariter
780 2245 969 2294 tecum
994 2257 1007 2294 :
1026 2240 1107 2294 ita
1126 2240 1278 2295 sensi
1300 2240 1451 2295 idem
1472 2240 1720 2310 spatium
1748 2242 1888 2292 tem-

174 2327 340 2398 poris
370 2328 644 2382 ambobus
684 2344 1002 2397 occurrere,
1032 2344 1163 2383 cum
1189 2328 1414 2383 silentio
1438 2334 1534 2382 tuo
1554 2328 1740 2382 brevis
1758 2342 1889 2381 mea

174 2413 391 2468 ultima
426 2414 772 2470 conveniret.
813 2418 888 2470 M.
930 2417 1146 2470 Teneas
1184 2415 1363 2486 igitur
1391 2420 1616 2486 Oportet
1656 2415 1778 2468 haec
1807 2414 1886 2467 si-

176 2500 494 2556 lentiorum
537 2503 719 2572 spatia
764 2508 916 2557 certa
964 2503 1023 2557 in
1071 2504 1267 2558 metris
1314 2520 1457 2558 esse.
1513 2504 1699 2567 Quare
1756 2518 1885 2556 cum

177 2589 473 2645 inveneris
514 2591 729 2661 aliquid
779 2591 972 2646 deesse
1022 2592 1158 2662 pedi
1208 2592 1485 2663 legitimo,
1527 2590 1887 2645 considerare

179 2681 247 2732 te
277 2678 582 2748 oportebit,
614 2683 810 2733 utrum
850 2679 1109 2734 dimenso
1133 2682 1150 2717 ¹
1195 2684 1365 2751 atque
1404 2683 1779 2734 annumerato
1811 2678 1886 2732 si-

177 2765 366 2820 lentio
396 2771 813 2837 compensatur.
846 2771 915 2823 D.
954 2769 1142 2823 Teneo
1169 2769 1291 2839 jam
1332 2768 1503 2837 istud,
1543 2783 1887 2838 persequere

181 2857 410 2907 caetera.

263 2944 344 2995 18.
392 2943 474 2997 M.
530 2941 702 2997 Video
744 2943 868 3013 jam
913 2960 1019 2998 nos
1066 2960 1323 3015 qurerere
1362 2944 1570 2999 debere
1601 2944 1779 3015 ipsius
1810 2943 1885 2998 si-

180 3028 348 3083 lentii
378 3029 615 3083 modum
651 3047 663 3084 :
701 3047 951 3102 namque
980 3032 1039 3086 in
1070 3032 1179 3086 hoc
1208 3036 1409 3100 metro,
1445 3032 1543 3086 ubi
1582 3037 1713 3103 post
1744 3033 1887 3086 cho—

180 3116 475 3171 riambum
503 3118 800 3172 bacchium
835 3120 1237 3191 comperimus,
1271 3120 1405 3191 quia
1440 3137 1621 3175 unum
1659 3124 1886 3191 tempus

181 3204 345 3258 deest
374 3209 438 3258 ut
466 3221 561 3259 sex
609 3210 935 3277 temporum
984 3214 1133 3263 esset
1184 3209 1328 3263 sicut
1374 3209 1759 3272 choriambus,
1802 3209 1884 3263 fa-

180 3290 397 3344 cillime
436 3291 496 3344 id
529 3308 693 3346 aures
744 3300 1063 3355 senserunt,
1119 3299 1175 3349 et
1222 3295 1283 3348 in
1342 3296 1681 3366 repetitione
1740 3295 1885 3349 tanti

182 3378 357 3448 spatii
386 3379 678 3435 silentium
707 3381 1072 3452 interponere
1101 3388 1433 3453 coegerunt,
1466 3389 1741 3454 quantum
1781 3384 1887 3453 syl-

181 3466 319 3519 laba
375 3474 677 3538 occuparet
730 3470 957 3525 brevis:
991 3475 1049 3525 at
1097 3471 1143 3525 si
1194 3477 1322 3542 post
1377 3472 1772 3526 choriambum
1800 3472 1885 3525 lo-

183 3559 348 3609 cetur
402 3556 708 3625 spondeus,
769 3558 882 3613 duo
940 3559 1105 3613 nobis
1161 3564 1423 3630 tempora
1452 3558 1884 3614 cum'silentio

183 3644 514 3714 peragenda
544 3650 679 3699 sunt
704 3647 775 3700 ad
806 3653 977 3718 caput
1005 3648 1397 3716 redeuntibus,
1430 3648 1607 3701 veluti
1643 3649 1751 3701 hoc
1780 3651 1882 3714 est,

186 3731 323 3796 Quae
355 3735 548 3787 canitis
577 3736 802 3799 fontem.
843 3737 982 3790 Nam
1040 3740 1097 3791 te
1150 3736 1360 3791 sentire
1411 3737 1533 3805 jam
1590 3736 1758 3790 credo
1810 3736 1885 3789 si-

183 3818 427 3873 lendum
485 3836 628 3891 esse,
658 3826 723 3876 ut
747 3838 876 3877 cum
906 3824 1159 3878 redimus
1188 3825 1259 3879 ad
1287 3830 1476 3894 caput,
1510 3825 1741 3894 plausus
1770 3839 1887 3877 non

186 3905 489 3962 claudicet.
523 3908 629 3963 Sed
654 3915 720 3965 ut
748 3912 993 3982 experiri
1015 3928 1190 3983 queas
1221 3917 1433 3983 quanta
1464 3912 1672 3965 silentii
1716 3912 1887 3982 hujus

183 4012 456 4051 mensura
486 3998 576 4067 sit,
603 3998 746 4053 adde
768 4016 940 4054 unam
962 4002 1236 4072 syllabam
1256 4002 1509 4071 longam,
1535 4005 1596 4054 ut
1624 4003 1743 4067 tiat,
1762 4002 1888 4067 Quae

184 4087 364 4138 canits
392 4087 594 4151 fontem
619 4102 744 4153 vos;
778 4092 948 4159 atque
987 4088 1092 4142 hoc
1133 4105 1264 4142 cum
1295 4090 1498 4159 plausu
1531 4093 1725 4157 repete
1759 4104 1771 4141 :
1803 4088 1885 4140 vi-

181 4172 350 4225 debis
373 4177 600 4227 tantum
628 4190 901 4245 occupare
920 4175 1194 4246 temporis
1206 4176 1494 4245 plausum,
1517 4179 1794 4245 quantum
1827 4173 1885 4227 in

176 4261 480 4330 superiore
501 4263 835 4332 occupabat,
853 4280 982 4316 cum
998 4264 1220 4317 ibiduaa
1244 4265 1429 4333 longae
1450 4266 1579 4333 post
1600 4263 1885 4315 choriam-

177 4349 343 4410 bum,
379 4349 472 4403 hic
502 4354 617 4403 tres
665 4351 778 4403 sint
816 4352 1033 4405 locatas.
1071 4352 1227 4406 Unde
1284 4355 1521 4422 apparet
1576 4350 1755 4404 duum
1806 4348 1888 4402 ibi

182 4441 515 4506 temporum
546 4438 835 4509 interponi
862 4438 1172 4493 silentium.
1191 4442 1265 4493 At
1283 4438 1330 4491 si
1351 4442 1479 4508 post
1491 4436 1887 4491 choriambum

181 4523 413 4577 iambus
437 4526 671 4591 locetur,
704 4526 849 4581 sicut
876 4527 986 4580 hoc
1042 4530 1146 4592 est,
1202 4528 1332 4592 Qua
1362 4528 1558 4581 canitis
1592 4526 1750 4593 locos,
1781 4524 1890 4578 tria

179 4618 447 4680 tempora
476 4613 641 4668 silere
672 4614 966 4684 cogimur:
988 4615 1140 4685 quod
1156 4619 1215 4669 ut
1235 4616 1581 4685 exploretur,
1604 4613 1890 4668 adduntur

182 4698 306 4751 sive
334 4716 438 4768 per
461 4701 705 4755 alterum
735 4702 1013 4772 iambum,
1044 4704 1158 4757 sive
1188 4720 1290 4774 per
1318 4703 1601 4770 chorium,
1637 4702 1752 4757 sive
1786 4718 1889 4772 per

180 4788 538 4843 tribrachum
568 4800 632 4844 ut
659 4791 732 4845 sit
760 4792 838 4845 ita
872 4808 884 4845 :
924 4794 1053 4858 Qua:
1082 4796 1280 4847 canitis
1331 4794 1467 4847 locos
1515 4793 1712 4846 bonos:
1763 4795 1882 4856 aut,

182 4876 533 4939 Quaecanitis
562 4879 699 4933 locos
728 4885 931 4934 monte:
960 4884 1075 4946 aut,
1104 4882 1230 4946 Quae
1260 4882 1457 4934 canitis
1489 4881 1623 4935 locos
1653 4895 1883 4933 nemore.

180 4961 287 5016 His
316 4964 468 5018 enim
501 4967 871 5036 additis,cum
899 4968 1019 5023 sine
1036 4969 1261 5021 silentio
1285 4968 1541 5037 jucunda
1569 4966 1888 5037 etzequabi-

180 5050 257 5103 lis
288 5053 553 5121 repetitio
587 5062 796 5125 movet,
828 5062 884 5111 et
913 5059 1120 5127 plausu
1150 5056 1407 5109 adhibito
1436 5060 1663 5109 tantum
1719 5054 1889 5125 spatii

178 5138 309 5192 haec
335 5140 444 5194 tria
473 5142 698 5213 singula
726 5149 915 5198 tenere
946 5145 1339 5211 inveniuntur,
1362 5148 1642 5213 quantum
1656 5142 1798 5197 illud
1828 5143 1888 5195 in

178 5241 303 5297 quo
334 5227 643 5285 silebamus
674 5233 1039 5288 manifestum
1057 5232 1308 5287 ﬁttrium
1326 5235 1654 5302 temporum
1665 5229 1748 5284 ibi
1769 5246 1889 5285 esse

248 5373 263 5406 ι
297 5370 456 5480 Julxta
485 5372 736 5481 {laticqin
760 5374 1115 5435 mensoatque
1135 5373 1501 5422 annumerato
1528 5369 1734 5421 silentio
1755 5384 1889 5422 com-

248 5444 343 5481 “nse
370 5446 461 5481 ur.
544 5470 555 5481 .

293 5446 314 5478 S
370 5458 374 5462 ·
450 5469 461 5480 .
544 5470 555 5481 .

174 5444 563 5603 “5129;325:2012
596 5495 825 5552 silentio,
869 5495 1021 5557 juxta
1056 5494 1246 5553 Vatic.,
1281 5494 1474 5543 omissa
1502 5495 1888 5558 praepositione,

181 5569 334 5603 cum.
373 5586 386 5603 λ
430 5591 441 5602 .

181 5569 334 5605 cum.
373 5569 441 5603 M.

1644 320 1857 376 LIBER
1916 319 2239 375 TERTIUS.

3556 328 3690 380 1126

1992 442 2300 496 silentium.
2333 442 2524 495 Potest
2542 443 2669 511 post
2696 439 3100 494 choriambum
3130 456 3244 496 una
3274 442 3487 512 syllaba
3517 445 3691 516 longa

1991 530 2281 592 constitui,
2301 533 2366 583 ut
2388 534 2633 599 quatuor
2656 534 2911 599 tempora
2931 529 3222 583 sileantur.
3252 532 3393 584 Nam
3422 532 3595 587 etiam
3609 534 3690 588 sic

1992 618 2353 672 choriambus
2389 617 2563 671 dividi
2593 622 2795 688 potest,
2839 622 2901 671 ut
2930 618 3135 687 simplo
3181 624 3237 673 et
3267 620 3440 690 duplo
3485 621 3688 675 levatio

1992 707 2097 761 sibi
2121 706 2438 777 positioque
2456 706 2812 761 conveniant.
2838 707 3016 776 Hujus
3043 706 3209 760 metri
3230 709 3555 778 exemplum
3583 714 3686 775 est,

1992 795 2118 861 Qua:
2142 797 2338 849 canitis
2362 810 2466 849 res.
2495 794 2596 849 Cui
2628 795 2674 847 si
2702 795 2875 848 addas
2904 796 2991 848 vel
3018 796 3155 848 duas
3189 796 3413 865 longas,
3450 798 3537 850 vel
3569 798 3690 851 lon-

1993 898 2125 954 gam
2156 887 2211 936 et
2233 883 2371 937 duas
2400 882 2615 948 breves,
2649 884 2734 935 vel
2762 882 2993 935 brevem
3023 886 3078 935 et
3104 883 3334 952 longam
3356 885 3692 954 etAbrevem,

1992 973 2079 1026 vel
2109 972 2248 1025 duas
2279 973 2473 1027 breves
2501 977 2556 1025 et
2576 972 2825 1041 longam,
2858 972 2941 1023 vel
2970 975 3217 1042 quatuor
3237 971 3456 1038 breves,
3490 972 3691 1043 imple-

1992 1060 2079 1115 bis
2110 1076 2205 1113 sex
2234 1064 2561 1129 temporum
2601 1058 2825 1127 pedem,
2849 1064 2912 1112 ut
2938 1058 3094 1112 nullo
3116 1058 3432 1113 desiderato
3464 1059 3688 1115 silentio

1992 1151 2302 1219 repetatur.
2338 1147 2493 1201 Talia
2523 1151 2676 1215 sunt,
2710 1148 2834 1212 Quae
2883 1149 3079 1199 canitis
3122 1161 3206 1200 res
3247 1149 3526 1215 pulchras,
3564 1148 3689 1213 Quae

1993 1239 2191 1289 canitis
2219 1251 2303 1291 res
2332 1238 2390 1289 in
2421 1236 2577 1301 bona,
2611 1234 2734 1299 Quae
2763 1236 2960 1288 canitis
2991 1249 3081 1288 res
3113 1234 3386 1299 bonumve,
3422 1238 3552 1301 Quae
3590 1252 3687 1290 ca-

1992 1325 2125 1377 nitis
2169 1339 2252 1377 res
2304 1328 2531 1389 teneras,
2565 1324 2690 1388 Qum
2737 1324 2933 1376 canitis
2980 1336 3064 1375 res
3102 1323 3255 1376 modo
3287 1323 3429 1377 bene.
3472 1324 3685 1386 Quibus

1992 1410 2233 1480 cognitis
2252 1416 2424 1481 atque
2445 1409 2747 1477 concessis,
2768 1410 2935 1463 credo
2960 1408 3064 1462 tibi
3086 1409 3209 1477 jam
3231 1411 3365 1463 satis
3390 1427 3684 1481 apparere,

1995 1514 2099 1551 nec
2127 1498 2319 1551 minus
2338 1514 2453 1551 uno
2484 1502 2742 1567 tempore
2774 1496 2928 1549 sileri
2955 1512 3139 1565 posse,
3164 1513 3267 1549 nec
3288 1498 3415 1567 plus
3442 1502 3691 1568 quatuor

1992 1586 2345 1656 temporibus
2365 1585 2519 1639 sileri
2542 1588 2820 1655 oportere.
2851 1586 2991 1638 Nam
3018 1584 3211 1653 etipsa
3232 1588 3316 1637 est
3336 1585 3450 1652 illa,
3479 1586 3548 1640 de
3577 1602 3689 1656 qua

1986 1675 2106 1745 jam
2149 1675 2331 1727 multa
2360 1674 2507 1728 dicta
2563 1677 2713 1739 sunt,
2769 1672 3064 1725 moderata
3109 1673 3473 1742 progressio;
3521 1678 3579 1727 et
3630 1674 3691 1727 in

1994 1763 2263 1817 omnibus
2275 1762 2513 1832 pedibus
2527 1761 2897 1815 nullalevatio
2912 1764 3011 1813 aut
3026 1760 3235 1829 positio
3250 1761 3497 1831 amplius
3515 1778 3689 1832 quam

1995 1856 2240 1922 quatuor
2271 1855 2502 1921 occupat
2532 1854 2811 1920 tempora.

2071 1943 2153 1993 l9.
2203 1940 2399 2009 Itaque
2429 1955 2559 1992 cum
2599 1936 2817 2007 aliquid
2859 1934 3083 1989 canitur
3125 1935 3239 1989 sive
3284 1936 3691 2006 pronuntiatur

1995 2028 2148 2097 quod
2168 2028 2375 2081 habeat
2396 2031 2614 2081 certum
2637 2028 2829 2091 ﬁnem,
2855 2029 2907 2078 et
2930 2025 3056 2095 plus
3080 2023 3288 2077 habeat
3307 2040 3480 2094 quam
3510 2041 3690 2079 unum

1994 2115 2219 2185 pedem,
2252 2120 2308 2169 et
2326 2114 2573 2168 naturali
2598 2118 2759 2167 motu
2782 2117 2914 2166 ante
2940 2111 3457 2165 considerationem
3485 2129 3687 2167 nume-

1995 2219 2190 2256 rorum
2220 2218 2449 2256 sensum
2475 2202 2720 2272 quadam
2742 2199 3129 2269 aequabilitate
3152 2199 3473 2253 demulceat
3498 2198 3537 2264 ¹,
3565 2200 3689 2270 jam

1995 2297 2246 2345 metrum
2266 2295 2368 2344 est.
2389 2290 2728 2360 Quanquam
2750 2287 2906 2341 enim
2928 2286 3118 2340 minus
3136 2286 3342 2340 habeat
3361 2302 3535 2357 quam
3547 2288 3691 2341 duos

1996 2380 2184 2450 pedes,
2217 2383 2405 2433 tamen
2439 2377 2576 2448 quia
2606 2375 2822 2431 excedit
2860 2390 3041 2428 unum
3081 2378 3137 2428 et
3166 2374 3330 2427 silere
3361 2373 3531 2443 cogit,
3573 2390 3693 2428 non

1995 2467 2119 2521 sine
2169 2483 2453 2534 mensura,
2503 2465 2604 2519 sed
2631 2462 2655 2497 ²
2684 2468 2966 2535 quantum
2995 2461 3301 2532 implendis
3332 2462 3692 2532 temporibus

1995 2554 2131 2608 satis
2152 2558 2238 2608 est
2257 2570 2386 2624 quae
2410 2551 2575 2606 alteri
2595 2552 2876 2605 debentur
2897 2548 3062 2620 pedi;
3080 2564 3186 2618 pro
3207 2546 3429 2601 duobus
3448 2546 3691 2616 pedibus

1995 2641 2224 2695 auditus
2244 2640 2500 2710 accipit',
2516 2638 2666 2708 quod
2681 2639 2928 2692 duorum
2952 2636 3165 2705 pedum
3179 2638 3418 2703 occupat
3434 2638 3691 2703 tempora

1996 2729 2176 2783 donec
2196 2728 2266 2781 ad
2288 2730 2457 2797 caput
2471 2726 2753 2791 redeatur,
2774 2724 2912 2778 dum
2925 2726 3340 2776 annumeratur
3360 2737 3497 2774 sono
3516 2720 3690 2775 etiam

1995 2820 2214 2869 certum
2243 2819 2412 2885 atque
2435 2812 2760 2867 dimensum
2788 2809 3071 2865 intervalli
3097 2807 3411 2862 silentium.
3442 2809 3551 2863 Sed
3567 2809 3689 2878 jam

1996 2903 2140 2958 mihi
2169 2902 2321 2957 dicas
2364 2901 2556 2961 velim,
2588 2904 2782 2953 utrum
2814 2898 2903 2952 bis
2936 2904 3065 2967 qua:
3100 2896 3249 2950 dicta
3291 2900 3425 2949 sunt
3452 2896 3693 2965 cognitis

1995 2990 2340 3046 assentiaris.
2391 2990 2460 3043 D.
2496 2988 2742 3057 Cognovi
2770 2992 2827 3041 et
2858 2985 3155 3039 assentior.
3204 2986 3281 3039 M.
3333 2983 3541 3039 Mihine
3571 3000 3691 3037 cre-

1996 3081 2155 3146 dens,
2188 3096 2260 3132 an
2290 3094 2393 3148 per
2421 3080 2476 3130 te
2504 3077 2625 3146 ipse
2654 3091 2787 3129 vera
2809 3090 2929 3128 esse
2954 3070 3347 3144 perspiciens?
3377 3075 3437 3127 D.
3466 3073 3574 3126 Per
3598 3088 3690 3126 mc

1995 3168 2116 3238 ipse
2148 3181 2300 3233 sane,
2335 3164 2592 3236 quamvis
2611 3162 2830 3217 dicente
2864 3166 2919 3215 te
2943 3177 3075 3215 vera
3090 3162 3210 3214 haec
3242 3176 3361 3214 esse
3386 3176 3686 3231 cognosco.

1997 3256 2222 3310 CAPUT
2246 3255 2331 3310 IX.
2355 3283 2422 3291 —
2450 3252 2585 3317 Quot
2622 3250 2695 3304 ad
2723 3265 2988 3304 summum
3029 3250 3351 3319 temporibus
3373 3264 3436 3303 ac
3455 3249 3688 3318 pedibus

2487 3345 2714 3394 metrum
2732 3344 2975 3393 constare
3002 3340 3191 3407 possit.

2065 3435 2152 3487 20.
2194 3432 2271 3486 M.
2302 3432 2421 3500 Age
2452 3444 2589 3498 ergo
2647 3443 2801 3481 nunc
2838 3425 3111 3498 quoniam
3165 3424 3487 3479 invenimus
3534 3423 3691 3478 unde

1994 3517 2645 3589 metrumjesse'incipiat,
2660 3515 3019 3570 inveniamus
3041 3513 3213 3568 etiam
3234 3529 3533 3583 quousque
3556 3528 3688 3583 pro-

1995 3608 2176 3663 cedat.
2204 3607 2345 3660 Nam
2362 3611 2609 3659 metrum
2634 3603 2838 3672 incipit
2854 3619 2888 3655 a
2911 3602 3132 3656 duobus
3154 3600 3413 3670 pedibus,
3436 3599 3549 3652 sive
3566 3599 3688 3669 ipso

1994 3712 2132 3749 sono
2162 3694 2368 3766 plenis,
2401 3692 2515 3746 sive
2545 3692 2617 3746 ad
2646 3690 3003 3761 implendum
3040 3688 3194 3759 quod
3225 3687 3383 3741 deest
3406 3702 3686 3740 annume—

1994 3789 2119 3837 rato
2152 3781 2396 3836 silentio.
2429 3780 2613 3844 Quare
2644 3782 2871 3849 oportet
2902 3783 2956 3831 te
2972 3778 3094 3848 jam
3124 3775 3401 3845 respicere
3431 3774 3502 3827 ad
3532 3774 3689 3827 illam

1995 3870 2421 3942 quaternariam
2454 3867 2935 3939 progressionem,
2958 3864 3217 3934 mihique
3238 3864 3569 3916 renuntiare
3605 3879 3694 3915 us-

1995 3975 2106 4030 que
2136 3960 2207 4013 ad
2239 3962 2380 4028 quot
2402 3958 2576 4028 pedes
2603 3960 2849 4010 metrum
2880 3954 3113 4008 tendere
3145 3952 3470 4007 debeamus.
3506 3954 3568 4005 D.
3598 3952 3694 4005 Fa-

1995 4048 2101 4101 cile
2126 4047 2278 4101 istud
2328 4046 2561 4117 quidem
2604 4048 2706 4098 est.
2759 4044 2901 4097 Nam
2953 4046 3079 4096 octo
3136 4041 3311 4112 pedes
3367 4042 3512 4093 ratio
3553 4038 3690 4092 satis

1995 4137 2178 4189 docet.
2211 4136 2286 4190 M.
2321 4134 2515 4199 Quid?
2537 4133 2681 4187 illud
2712 4132 3126 4197 recordarisne,
3176 4130 3379 4183 dixisse
3412 4145 3518 4182 nos
3557 4144 3689 4181 eum

1994 4240 2221 4278 versum
2235 4240 2267 4276 a
2281 4223 2461 4277 doctis
2474 4222 2845 4291 appellatum,
2877 4220 2976 4290 qui
3001 4219 3222 4274 duobus
3255 4215 3525 4269 membris
3540 4220 3695 4268 certa

1994 4313 2215 4365 ratione
2249 4309 2522 4363 dimensis
2537 4308 3226 4378 cepulatisquejconstaret
3244 4305 3271 4357 ?
3296 4305 3369 4357 D.
3398 4304 3546 4356 Bene
3579 4318 3694 4356 mc-

1997 4400 2160 4453 mini.
2193 4400 2265 4452 M.
2300 4399 2440 4452 Cum
2470 4413 2607 4467 ergo
2635 4412 2753 4450 non
2782 4396 2855 4450 sit
2901 4395 3116 4449 dictum
3160 4391 3380 4446 duobus
3425 4390 3690 4461 pedibus,

1996 4488 2092 4541 sed
2123 4487 2346 4541 duobus
2372 4485 2646 4540 membris
2677 4488 2935 4539 constare
2963 4496 3207 4545 versum,
3232 4494 3476 4548 cumque
3504 4478 3688 4531 mani-

1996 4577 2203 4630 festum
2226 4575 2296 4628 sit
2315 4589 2670 4628 versumnon
2684 4588 2862 4626 unum
2876 4569 3078 4641 pedem
3104 4567 3333 4629 habere,
3350 4565 3446 4619 sed
3466 4565 3687 4635 plures;

1995 4679 2187 4716 nonne
2219 4661 2341 4731 ipsa
2368 4678 2458 4715 res
2480 4661 2693 4714 indicat
2734 4658 2963 4728 longius
3018 4654 3339 4708 membrum
3370 4670 3491 4707 esse
3522 4670 3694 4725 quam

1997 4751 2247 4821 pedem?
2277 4750 2350 4805 D.
2378 4751 2461 4803 lta
2488 4765 2641 4802 vero.
2664 4748 2740 4801 Μ.
2774 4749 2844 4798 At
2867 4744 2912 4796 si
2942 4742 3199 4796 membra
3227 4741 3470 4812 mqualia
3496 4741 3607 4795 sint
3637 4741 3696 4795 in

1996 4853 2183 4903 versu,
2213 4852 2400 4889 nonne
2430 4830 2830 4904 praeposterari
2859 4828 3089 4899 poterit,
3125 4833 3186 4881 ut
3210 4828 3397 4898 prima
3417 4844 3549 4897 pars
3570 4826 3691 4880 sine

1997 4924 2326 4979 discrimine
2356 4922 2576 4989 ultima,
2608 4926 2663 4974 et
2690 4918 2893 4972 ultima
2918 4916 3105 4987 prima
3134 4916 3271 4970 liat?
3310 4919 3373 4970 D.
3408 4914 3693 4984 Intelligo.

1995 5014 2068 5067 M.
2100 5014 2243 5083 Ergo
2266 5016 2329 5066 ut
2348 5013 2455 5065 hoc
2474 5026 2591 5063 non
2617 5007 2885 5072 accidat‘,
2914 5004 3162 5075 satisque
3186 5008 3461 5075 appareat
3489 5002 3695 5057 discer-

1997 5104 2280 5169 naturque
2309 5098 2370 5151 in
2420 5112 2584 5150 versu
2624 5093 2781 5148 aliud
2812 5109 2931 5147 esse
2966 5092 3291 5146 membrum
3320 5108 3434 5162 quo
3464 5088 3693 5159 incipit,

1998 5187 2153 5242 aliud
2178 5203 2290 5257 quo
2322 5184 2565 5251 desinit;
2601 5199 2714 5237 non
2742 5198 3044 5254 possumus
3082 5197 3343 5236 recusare
3380 5176 3687 5248 inaequalia

2065 5309 2081 5370 ι
2104 5305 2459 5370 ίῑᾳωαΙίιαίς,
2485 5303 2825 5370 juxta_Vatic.
2854 5307 2905 5352 et
2929 5302 3026 5352 Ms.
3052 5302 3110 5351 Α.
3138 5302 3208 5350 Μ.

2062 5369 2083 5403 ²
2113 5366 2200 5427 Et;
2228 5368 2391 5430 juxta
2416 5366 2581 5414 Vatic.
2612 5366 2679 5413 M.

2062 5432 2082 5465 3
2112 5426 2344 5492 Aacépit,
2374 5428 2528 5492 juxta
2555 5426 2815 5492 eumdem.
2846 5427 2895 5475 M

2065 5495 2087 5527 ι
2114 5492 2221 5552 Er.,
2243 5480 2575 5540 ‘ne'a'ccidat.
2598 5490 2726 5539 Ven.
2760 5490 2879 5538 Lov.
2902 5488 2992 5536 Ms.
3024 5486 3084 5546 A,
3108 5484 3207 5552 hoc
3247 5481 3585 5552 ne__accidat.
3613 5480 3698 5531 Sic

2001 5554 2159 5604 etiam
2188 5546 2377 5614 Lugd,
2404 5552 2613 5601 uncinis
2638 5553 2785 5613 septa
2812 5554 2989 5600 tamen
3013 5561 3158 5606 voce,
3185 5546 3296 5595 hoc.
3319 5546 3386 5594 Μ.
