4080 6178
475 287 606 339 H27

467 409 726 464 membra
769 421 890 462 esse
933 409 1212 478 oportere.
1253 405 1329 458 'D.
1365 403 1530 458 Nullo
1562 401 1753 456 modo.
1787 403 1870 456 Μ.
1914 402 1972 456 Id
2021 417 2160 473 ergo

468 499 628 570 prius
641 497 696 550 in
717 495 1041 568 pyrrhichio
1064 493 1511 556 consideremus,
1535 490 1581 543 si
1601 490 1806 560 placet,
1829 490 1889 544 in
1911 506 2026 561 quo
2041 491 2162 561 jam

468 587 638 641 credo
668 584 846 640 videri
875 583 979 638 tibi
1024 583 1213 636 minus
1239 580 1422 635 tribus
1448 579 1804 650 temporibus
1834 579 2156 634 membrum

469 691 590 729 esse
609 690 724 728 non
741 689 925 744 posse,
950 671 1220 743 quoniam
1243 668 1297 723 id
1315 669 1565 740 primum
1589 672 1673 722 est
1688 667 1817 738 plus
1839 684 2009 739 quam
2038 685 2156 738 pes.

467 766 528 816 D.
561 762 869 816 Assentior.
901 761 986 815 Μ.
1023 761 1168 830 Ergo
1199 757 1470 812 minimus
1501 773 1696 811 versus
1734 761 1872 828 quot
1899 761 2161 826 tempora

465 849 823 921 possidebit?
844 849 916 902 D.
942 848 1195 902 Dicerem
1217 863 1333 913 sex,
1364 846 1475 900 nisi
1496 862 1587 900 me
1609 845 1704 899 illa
1725 845 2156 916 praposteratio

466 941 770 992 revocaret.
796 937 1026 1007 Septem
1049 952 1184 1006 ergo
1203 935 1468 990 habebit:
1493 933 1627 1006 quia
1644 934 1834 988 minus
1854 949 2026 1005 quam
2049 933 2160 988 tria

465 1026 788 1080 membrum
809 1025 1018 1079 habere
1039 1041 1154 1078 non
1176 1027 1390 1094 potest;
1409 1023 1537 1094 plus
1558 1027 1747 1077 autem
1765 1021 1997 1089 habere,
2019 1037 2159 1074 non-

462 1114 598 1168 dum
615 1113 970 1184 prohibitum
997 1118 1100 1168 est.
1133 1115 1217 1168 M.
1251 1114 1418 1166 Recte
1449 1111 1736 1181 intelligis.
1765 1109 1873 1164 Sed
1900 1109 1989 1163 dic
2019 1113 2158 1180 quot

459 1203 636 1273 pedes
663 1202 1022 1274 pyrrhichios
1054 1202 1303 1256 habeant
1341 1205 1558 1270 septem
1598 1205 1873 1270 tempora.
1907 1199 1979 1251 D.
2022 1199 2157 1252 Tres

460 1296 515 1345 et
544 1291 730 1344 semis.
765 1293 849 1345 Μ.
885 1291 1132 1345 Debetur
1161 1306 1297 1359 ergo
1329 1289 1498 1342 unius
1527 1286 1805 1357 temporis
1837 1285 2151 1352 silentium,

458 1380 594 1434 dum
610 1381 680 1434 ad
703 1379 1048 1450 principium
1071 1379 1312 1446 reditur,
1328 1375 1646 1446 utspatium
1669 1375 1830 1446 pedis
1849 1373 2031 1444 possit
2051 1373 2156 1426 im-

456 1468 625 1538 pleri.
671 1469 746 1522 D.
799 1468 1046 1521 Debetur
1083 1483 1238 1521 sane.
1281 1467 1396 1519 Hoc
1435 1467 1812 1518 annumerato
1841 1467 1979 1531 quot
2009 1465 2152 1515 tem-

458 1573 598 1628 pora
630 1556 834 1610 erunt?
863 1557 936 1611 D.
971 1556 1126 1610 Octo.
1175 1554 1255 1607 M.
1293 1555 1363 1608 Ut
1391 1569 1496 1623 ego
1528 1551 1820 1616 minimus,
1850 1549 1948 1620 qui
1980 1549 2151 1603 etiam

455 1643 678 1714 primus
709 1647 794 1698 est
837 1659 958 1713 pes,
992 1643 1181 1696 minus
1212 1658 1384 1712 quam
1430 1641 1574 1707 duo;
1629 1640 1708 1693 ita
1745 1638 2019 1692 minimus
2053 1637 2152 1708 qui

454 1732 677 1802 primus
707 1737 790 1786 est
817 1747 1033 1798 versus,
1061 1731 1253 1785 minus
1280 1731 1490 1784 habere
1532 1743 1702 1800 quam
1739 1731 1862 1781 octo
1891 1731 2152 1795 tempora

456 1835 573 1873 non
610 1823 814 1890 potest.
850 1822 922 1874 D.
957 1821 1038 1873 Ita
1069 1822 1170 1875 est.
1203 1821 1276 1874 Μ.
1307 1818 1451 1883 Quid
1478 1816 1759 1870 maximus
1790 1830 2003 1880 versus,
2040 1829 2149 1883 quo

455 1907 790 1978 ampliorem
813 1925 935 1962 esse
951 1924 1064 1962 non
1088 1908 1391 1978 oporteat?
1410 1910 1550 1977 quot
1569 1904 1801 1959 tandem
1822 1907 2147 1972 temporum

452 2011 571 2050 esse
593 1996 798 2051 debet?
828 1997 1025 2051 Nonne
1057 1995 1244 2049 statim
1275 1994 1513 2060 videbis,
1541 1993 1587 2047 si
1612 1993 1682 2046 ad
1705 1993 1862 2046 illam
1884 2007 2148 2061 progres-

452 2084 674 2138 sionem
701 2086 1065 2139 retulerimus
1093 2083 1372 2151 animum,
1399 2083 1466 2136 de
1489 2098 1603 2153 qua
1626 2081 1790 2135 toties
1818 2085 1935 2135 tam
1966 2078 2147 2132 multa

451 2173 600 2227 dicta
622 2174 802 2227 sunt?
824 2178 891 2228 ι).
923 2174 1048 2228 Jam
1070 2171 1329 2241 intelligo
1357 2171 1694 2240 ampliorem
1718 2182 1889 2240 quam
1911 2166 2146 2238 triginta

453 2261 632 2314 duum
661 2265 990 2330 temporum
1021 2276 1246 2314 versum
1279 2275 1398 2313 esse
1424 2274 1539 2312 non
1569 2273 1752 2328 posse.

518 2351 607 2402 2i.
641 2350 724 2403 Μ.
772 2348 918 2412 Quid
964 2349 1033 2402 de
1078 2347 1246 2401 metri
1278 2345 1668 2416 longitudine?
1709 2359 1976 2398 censesne
2017 2358 2138 2396 am-

447 2436 689 2507 pliorem
719 2452 838 2490 esse
869 2436 1074 2490 debere
1119 2452 1289 2506 quam
1333 2448 1527 2489 versus
1564 2435 1608 2499 ',
1636 2448 1767 2487 cum
1805 2435 2051 2486 metrum
2085 2429 2143 2484 id

448 2523 601 2596 quod
617 2529 702 2580 est
723 2523 1050 2592 minimum,
1081 2528 1194 2579 tam
1219 2524 1410 2578 minus
1433 2523 1506 2578 sit
1524 2538 1697 2594 quam
1725 2519 2001 2576 minimus
2022 2535 2143 2572 ver-

508 2658 521 2690 ¹
555 2658 611 2705 In
639 2658 717 2718 B.,
744 2670 982 2708 versum.
1010 2658 1195 2706 Melius
1221 2670 1339 2706 cum
1372 2657 1468 2706 Ms.
1494 2655 1554 2715 A,
1581 2665 1788 2706 versus.
1854 2653 1921 2702 M.

1727 279 1821 334 DE
1860 277 2155 344 MUSICA,
2199 279 2252 335 S.
2296 279 2685 337 AUGUSTINI
3781 295 3881 346 “28

2274 405 2406 457 sus?
2435 407 2498 458 D.
2531 405 2658 458 Non
2705 417 2930 459 censeo.
2982 404 3056 461 M.
3091 402 3231 458 Cum
3270 419 3402 475 ergo
3438 410 3662 462 metrum
3699 407 3885 480 incipiat

2273 507 2305 544 a
2336 491 2555 546 duobus
2585 491 2846 562 pedibus,
2879 507 3073 546 versus
3094 509 3124 545 a
3154 497 3422 563 quatuor;
3454 499 3546 548 aut
3572 495 3694 550 illud
3717 498 3772 551 ab
3794 516 3886 568 spa-

2271 579 2350 634 tio
2380 580 2624 635 duorum
2653 581 2885 651 pedum,
2917 581 3022 634 hoc
3047 598 3080 634 a
3107 585 3351 652 quatuor
3381 590 3722 638 annumerato
3749 585 3885 640 silen-

2269 667 2384 736 tio;
2413 673 2658 723 metrum
2703 673 2896 724 autem
2935 674 3061 724 octo
3092 669 3265 741 pedes
3306 687 3424 724 non
3460 672 3699 726 excedat:
3736 689 3885 728 nonne

2271 773 2399 811 cum
2444 761 2500 810 et
2545 773 2742 812 versus
2790 762 3040 813 metrum
3082 759 3173 826 sit,
3225 775 3445 813 necesse
3486 765 3568 814 est
3607 777 3720 814 eum
3753 763 3884 832 pedes

2267 845 2507 899 totidem
2554 861 2672 900 non
2719 847 3028 902 excedere?
3074 850 3141 901 D.
3192 847 3277 902 Ita
3319 853 3420 902 est.
3451 850 3522 903 Μ.
3570 849 3755 903 Rursus
3787 867 3885 904 cum

2267 949 2461 988 versus
2493 951 2610 989 non
2630 935 2702 989 sit
2720 935 2946 1006 longior
2965 952 3139 1007 quam
3163 935 3395 1006 triginta
3417 936 3585 991 duum
3605 940 3884 1007 temporum,

2267 1026 2325 1076 et
2350 1027 2601 1077 metrum
2632 1023 2704 1078 sit
2729 1025 2900 1078 etiam
2941 1025 3241 1096 longitudo
3279 1041 3490 1092 versus,
3517 1025 3561 1078 si
3594 1027 3883 1096 conjunctio-

2264 1125 2397 1164 nem
2429 1111 2675 1166 duorum
2702 1113 3093 1167 membrorum
3124 1113 3296 1167 talem
3326 1129 3440 1167 non
3467 1113 3660 1168 habeat
3681 1115 3828 1184 qualis
3842 1115 3882 1168 in

2266 1214 2431 1252 versu
2461 1200 2812 1271 praecipitur,
2859 1201 2954 1254 sed
2997 1205 3219 1266 tantum
3243 1202 3261 1237 ¹
3300 1206 3452 1256 certo
3491 1199 3596 1254 ﬁne
3629 1201 3882 1270 claudatur,

2265 1303 2452 1358 neque
2485 1288 2689 1342 debeat
2720 1289 2948 1358 longius
2988 1305 3108 1344 esse
3145 1306 3315 1360 quam
3350 1305 3572 1344 versus:
3605 1305 3770 1343 nonne
3799 1307 3881 1343 ma-

2263 1374 2534 1430 nifestum
2577 1380 2660 1430 est
2697 1381 2762 1430 ut
2791 1393 3015 1432 versum
3055 1379 3233 1448 pedes
3270 1381 3415 1444 octo,
3455 1377 3531 1431 ita
3565 1383 3780 1431 metrum
3807 1378 3878 1431 tri-

2263 1463 2420 1534 ginta
2451 1464 2562 1517 duo
2588 1468 2848 1535 tempora
2877 1466 3146 1520 excedere
3177 1483 3290 1520 non
3323 1466 3618 1538 oportere?
3644 1469 3698 1520 D.
3726 1468 3877 1520 Assen-

2261 1551 2390 1606 tior.
2421 1555 2495 1608 Μ.
2531 1553 2645 1607 Erit
2683 1570 2818 1625 ergo
2865 1553 3019 1608 idem
3063 1555 3312 1625 spatium
3360 1553 3639 1626 temporis,
3684 1558 3730 1608 et
3767 1554 3877 1607 idem

2261 1656 2535 1695 numerus
2585 1642 2798 1712 pedum
2843 1646 2900 1696 et
2945 1646 3128 1697 metro
3174 1647 3229 1696 et
3269 1643 3477 1709 versui,
3521 1641 3877 1712 communisque

2259 1729 2494 1798 quidam
2543 1730 2823 1784 terminus
2858 1734 2900 1798 ³,
2948 1732 3100 1786 ultra
3129 1747 3299 1802 quem
3340 1731 3601 1802 progredi
3638 1736 3878 1800 utrumque

2258 1831 2374 1870 non
2414 1817 2657 1871 debeat:
2701 1818 2959 1889 quamvis
3003 1823 3251 1873 metrum
3289 1819 3716 1891 quadruplicatis
3755 1818 3878 1888 pedi-

2256 1903 2383 1974 bus,
2413 1923 2443 1958 a
2473 1907 2679 1977 quibus
2728 1923 2846 1962 esse
2885 1907 3114 1978 incipit;
3161 1925 3356 1963 versus
3397 1913 3579 1962 autem
3613 1905 3878 1978 quadrupli-

2254 1993 2393 2046 catis
2424 1995 2792 2065 temporibus,
2829 2013 2863 2049 a
2898 1997 3105 2067 quibus
3135 2001 3191 2050 et
3222 1997 3343 2067 ipse
3374 2013 3490 2052 esse
3525 1989 3722 2066 incipit,
3755 1995 3878 2048 ﬁnia-

2254 2085 2386 2135 tur:
2441 2087 2506 2136 ut
2564 2085 2852 2138 crescendi
2900 2085 3112 2140 scilicet
3159 2086 3398 2140 modum
3447 2083 3774 2156 quaternaria
3810 2083 3878 2136 illa

2253 2169 2473 2225 ratione
2525 2177 2742 2227 servata
2789 2178 3039 2229 metrum
3070 2191 3198 2228 cum
3237 2191 3403 2228 versu
3451 2172 3878 2229 communicaverit

2251 2256 2311 2310 in
2343 2258 2610 2328 pedibus,
2643 2277 2836 2315 versus
2865 2278 2995 2316 cum
3033 2268 3218 2318 metro
3255 2263 3313 2316 in
3354 2262 3701 2334 temporibus.
3726 2264 3778 2314 Π.
3809 2261 3874 2312 ln-

2251 2344 2472 2416 telligo,
2501 2350 2555 2401 et
2583 2348 2793 2419 probo;
2836 2353 3006 2421 atque
3043 2351 3125 2404 ita
3166 2367 3223 2406 se
3262 2351 3471 2406 habere
3511 2351 3665 2406 istam
3701 2365 3874 2404 concor-

2253 2432 2407 2488 diam
2436 2437 2984 2509 consensionemque
3015 2439 3278 2495 delector.

2317 2531 2331 2563 ί
2369 2533 2582 2591 Tamen,
2607 2532 2761 2591 juxta
2790 2534 2949 2583 Vatic.
3018 2536 3092 2584 M.

2311 2591 2333 2625 ³
2359 2592 2436 2660 Ita
2463 2593 2588 2655 legit
2608 2591 2783 2660 Vatic.
2809 2611 2821 2644 :
2857 2599 2926 2647 Bt
2948 2596 3090 2648 idem
3119 2609 3375 2649 numerus
3405 2598 3625 2660 pedum;
3643 2600 3684 2646 et
3705 2595 3870 2660 quidam

2249 2655 2518 2705 terminus
2549 2659 2724 2707 metro
2749 2660 2802 2708 et
2834 2662 3007 2710 versui
3031 2663 3318 2721 communi,
3345 2655 3501 2712 ultra
3527 2673 3688 2723 quem.
3711 2655 3725 2660 '
3743 2659 3798 2707 Μ.

1404 2863 1970 2990 LIBER
2072 2863 2978 3008 QUARTUS.

1729 3049 2081 3100 Continuatur
2108 3050 2349 3102 tractatio
2379 3049 2442 3099 de
2471 3051 2656 3098 metro.

444 3245 669 3300 CAPUT
699 3247 991 3303 PRIMUM.
1023 3277 1092 3290 —
1127 3249 1336 3374 Ultimat
1369 3251 1585 3320 syllaba
1621 3268 1790 3321 quare
1823 3255 2140 3325 indi/forms

1149 3335 1206 3373 in
1234 3337 1314 3374 me
1340 3337 1418 3374 ro.

1149 3335 1206 3373 ιη
1234 3335 1418 3375 metro.

513 3409 561 3461 l.
585 3408 660 3461 M.
691 3405 1011 3461 Redeamus
1030 3423 1167 3478 ergo
1185 3409 1250 3463 ad
1278 3410 1446 3464 metri
1461 3411 1996 3484 considerationem,
2014 3431 2140 3485 pro—

436 3497 562 3564 pter
593 3496 752 3565 cujus
786 3512 1155 3566 progressum
1196 3515 1259 3552 ac
1310 3499 1729 3570 longitudinem
1763 3502 1832 3556 de
1863 3519 2023 3556 versu
2056 3508 2138 3558 te-

436 3599 566 3637 cum
596 3584 812 3655 aliquid
843 3601 1008 3656 agere
1027 3591 1252 3641 coactus
1276 3603 1423 3654 sum,
1447 3588 1614 3659 cujus
1640 3591 1920 3646 tractandi
1940 3602 2138 3661 postea

433 3670 598 3724 nobis
642 3678 728 3726 est
777 3673 1117 3729 constitutus
1159 3675 1334 3730 locus.
1368 3677 1474 3731 Sed
1524 3678 1711 3748 primo
1743 3679 1885 3733 illud
1919 3696 2134 3750 qurero,

438 3760 630 3811 utrum
681 3775 799 3813 non
848 3763 1130 3831 repudies,
1164 3765 1318 3834 quod
1371 3766 1638 3820 ultimam
1677 3768 1972 3837 syllabam,
2007 3785 2135 3838 qua).

433 3849 680 3899 metrum
707 3848 999 3916 terminat,
1029 3867 1129 3904 seu
1160 3851 1332 3922 longa
1361 3869 1461 3908 seu
1500 3854 1687 3908 brevis
1714 3855 1805 3921 sit,
1837 3861 2021 3926 poeta:
2053 3860 2135 3910 at-

434 3947 545 4002 que
572 3933 779 3988 horum
802 3936 1028 4005 judices
1049 3941 1407 4008 grammatici
1435 3941 1578 3996 nihil
1597 3942 1666 3996 ad
1696 3959 1816 3996 rem
1846 3944 2135 4014 pertinere

433 4020 694 4075 arbitrati
727 4027 876 4078 sunt.
910 4028 972 4080 D.
1018 4026 1263 4081 Omnino
1302 4029 1542 4099 repudio
1575 4046 1588 4084 :
1632 4046 1752 4084 non
1805 4030 1960 4084 enim
1991 4030 2136 4086 mihi

432 4107 653 4163 videtur
684 4125 806 4164 esse
831 4112 1088 4166 rationis.
1121 4117 1190 4169 Μ.
1228 4114 1327 4168 Dic
1357 4115 1519 4179 mihi,
1546 4117 1801 4184 obsecro,
1825 4119 1980 4188 quod
2012 4136 2133 4173 me-

431 4198 582 4252 trum
617 4197 689 4253 sit
717 4197 778 4252 in
810 4201 1141 4271 pyrrhichio
1183 4203 1510 4260 minimum.
1547 4207 1618 4260 D.
1653 4207 1788 4261 Tres
1813 4207 2028 4262 breves.
2057 4212 2129 4266 Μ.

431 4285 720 4349 Quantum
747 4304 884 4359 ergo
916 4289 1204 4344 silendum
1226 4295 1330 4358 est,
1353 4293 1490 4347 dum
1506 4294 1789 4364 repetitur
1807 4295 1834 4348 ?
1849 4298 1914 4350 D.
1949 4296 2132 4350 Unum

428 4373 676 4443 tempus,
710 4375 863 4445 quod
921 4380 1007 4430 est
1033 4375 1208 4430 unius
1247 4377 1433 4432 brevis
1469 4381 1708 4450 syllabae
1739 4381 2006 4452 spatium.
2043 4384 2123 4438 Μ.

429 4461 568 4530 Age,
595 4463 716 4532 jam
747 4467 977 4533 percute
1003 4464 1111 4519 hoc
1141 4469 1414 4534 metrum,
1446 4483 1561 4520 non
1589 4484 1745 4534 voce,
1779 4469 1874 4523 sed
1905 4471 2126 4540 plausu.

428 4551 492 4602 D.
531 4550 676 4604 Feci.
709 4553 782 4607 M.
819 4553 1054 4608 Percute
1082 4554 1257 4608 etiam
1297 4555 1404 4609 hoc
1431 4555 1605 4609 modo
1645 4563 2018 4627 anapmstum.
2054 4559 2126 4613 D.

427 4635 495 4688 Et
521 4635 630 4689 hoc
660 4637 785 4691 feci.
848 4642 921 4694 Μ.
969 4641 1120 4705 Quid
1175 4642 1280 4697 tibi
1330 4643 1515 4697 visum
1574 4648 1659 4698 est
1708 4645 2032 4702 interesse?
2061 4649 2126 4702 D.

428 4722 664 4777 Prorsus
694 4725 855 4780 nihil.
886 4729 960 4782 M.
998 4729 1143 4794 Quid
1163 4731 1191 4785 ?
1221 4747 1471 4800 causam,
1497 4748 1597 4786 cur
1627 4731 1705 4787 ita
1753 4734 1843 4798 sit,
1880 4740 2122 4805 potesne

429 4808 616 4865 dicere
636 4811 663 4864 ?
693 4815 754 4866 D.
787 4813 1022 4870 Videtur
1052 4817 1194 4873 mihi
1223 4819 1358 4874 satis
1389 4836 1664 4892 apparere
1691 4837 1702 4874 :
1726 4837 1860 4875 nam
1893 4823 2128 4893 quodin

425 4898 526 4954 illo
557 4899 630 4954 ad
659 4899 971 4970 silentium,
1000 4905 1108 4960 hoc
1128 4906 1188 4961 in
1216 4907 1322 4962 isto
1348 4909 1415 4964 ad
1448 4908 1880 4980 productionem
1910 4911 2127 4966 ultimae

423 4989 655 5061 syllaba:
677 4990 954 5059 refertur;
982 5010 1118 5049 nam
1145 4997 1348 5052 eodem
1379 4999 1552 5053 modo
1576 4998 1656 5053 ibi
1686 4997 1868 5052 brevis
1902 5000 2120 5066 ultima,

421 5084 484 5134 ut
511 5079 602 5133 hic
628 5079 820 5150 longa,
859 5083 1177 5151 percutitur
1200 5105 1215 5151 ;
1241 5090 1299 5140 et
1327 5091 1456 5156 post
1480 5088 2126 5144 tantumdeminterval-

425 5168 546 5223 lum
578 5168 800 5223 reditur
838 5169 905 5224 ad
938 5177 1126 5240 caput.
1163 5171 1270 5244 Sed
1322 5174 1403 5229 ibi
1444 5176 1756 5246 quiescitur
1785 5177 1964 5231 donec
1993 5194 2123 5248 spa-

426 5255 571 5311 tium
601 5255 917 5329 pyrrhichii
950 5258 1132 5328 pedis,
1181 5261 1274 5315 hic
1304 5262 1482 5318 donec
1513 5266 1696 5336 longae
1745 5263 1973 5336 syllabae
2008 5265 2123 5320 im-

425 5344 666 5414 pleatur.
699 5347 781 5400 Ita
814 5345 875 5400 in
908 5350 1150 5416 utroque
1178 5364 1284 5417 par
1313 5366 1475 5404 mora
1505 5357 1609 5417 est,
1643 5369 1757 5423 qua
1785 5353 2124 5424 interposita

424 5447 765 5489 remeamus.
788 5437 864 5491 M.
897 5436 1023 5490 Non
1077 5435 1254 5506 igitur
1285 5438 1528 5493 absurde
1559 5440 1641 5494 illi
1671 5443 1930 5496 ultimam
1960 5444 2121 5514 sylla-

425 5518 557 5576 bam
585 5523 892 5590 metri,seu
923 5525 1094 5595 longa
1123 5541 1220 5580 seu
1246 5525 1434 5580 brevis
1465 5529 1556 5592 sit,
1594 5529 1733 5583 nihil
1766 5531 1833 5586 ad
1855 5548 1974 5586 rem
1997 5547 2120 5602 per-

2249 3255 2433 3311 tinere
2465 3254 2800 3308 voluerunt:
2833 3251 2930 3308 ubi
2950 3252 3104 3307 enim
3133 3251 3264 3308 ﬁnis
3291 3258 3400 3323 est,
3423 3252 3695 3308 silentium
3727 3249 3863 3320 sequi-

2247 3349 2360 3410 tur,
2395 3348 2674 3415 quantum
2706 3342 2775 3396 ad
2805 3342 2996 3412 ipsum
3025 3347 3274 3396 metrum
3308 3343 3510 3398 attinet
3536 3342 3676 3414 quod
3702 3340 3862 3395 ﬁnitur.

2245 3435 2333 3486 An
2359 3449 2454 3486 eos
2483 3433 2542 3486 in
2594 3432 2699 3485 hac
2729 3447 2894 3485 causa
2930 3431 3338 3501 repetitionem
3362 3433 3536 3487 ullam
3567 3432 3644 3485 vel
3681 3427 3861 3483 reditum

2245 3520 2316 3574 ad
2347 3524 2518 3590 caput
2547 3519 2905 3574 considerare
2937 3519 3199 3574 debuisse
3229 3519 3539 3585 existimas,
3570 3535 3628 3573 ac
3655 3533 3753 3572 non
3779 3520 3862 3569 tan-

2243 3609 2541 3664 tummodo
2570 3607 2706 3679 quia
2735 3608 2936 3662 ﬁnitur
2963 3608 3126 3678 quasi
3157 3608 3430 3679 deinceps
3465 3609 3603 3663 nihil
3629 3603 3861 3660 dicendum

2244 3697 2362 3752 sit?
2387 3699 2452 3752 D.
2484 3698 2606 3751 Jam
2623 3697 2920 3760 assentior,
2950 3697 3212 3751 ultimam
3243 3698 3520 3768 syllabam
3550 3694 3862 3751 indifferenter

2242 3801 2365 3840 esse
2391 3785 2802 3856 accipiendam.
2833 3788 2906 3840 M.
2940 3786 3128 3841 Recte.
3153 3785 3260 3840 Sed
3289 3787 3339 3840 si
3367 3787 3474 3840 hoc
3505 3789 3715 3857 propter
3735 3782 3858 3835 silen-

2242 3873 2387 3928 tium
2417 3873 2502 3940 ﬁt,
2559 3872 2832 3943 quoniam
2887 3873 2964 3926 ita
3009 3872 3401 3928 consideratus
3453 3879 3533 3928 est
3576 3872 3710 3938 ﬁnis,
3748 3865 3857 3940 quasi

2244 3961 2514 4030 deinceps
2566 3960 2709 4014 nihil
2750 3960 3063 4022 soniturusi
3121 3961 3195 4015 sit
3241 3961 3344 4032 qui
3375 3960 3600 4026 ﬁnierit,
3629 3963 3679 4014 et
3709 3958 3766 4011 ob
3789 3955 3856 4007 hoc

2246 4049 2497 4120 spatium
2525 4049 2802 4120 temporis
2831 4049 2890 4102 in
2903 4049 3028 4119 ipsa
3067 4049 3256 4120 quiete
3276 4050 3655 4122 largissimum
3680 4044 3789 4100 nihil
3800 4040 3854 4095 di-

2243 4142 2356 4192 stat
2386 4154 2514 4208 quae
2543 4137 2625 4191 ibi
2654 4138 2868 4208 syllaba
2897 4138 3115 4192 locetur
3147 4155 3160 4204 ;
3189 4155 3383 4194 nonne
3429 4139 3569 4193 illud
3605 4140 3678 4192 est
3717 4145 3854 4187 conse-

2243 4242 2444 4297 quens,
2481 4231 2543 4279 ut
2572 4225 2694 4296 ipsa
2722 4226 2940 4280 ultima:
2967 4227 3200 4297 syllabae
3232 4227 3632 4295 indifferentia,
3650 4238 3755 4295 qua:
3769 4233 3855 4291 pro-

2241 4319 2370 4386 pter
2400 4315 2622 4384 largum
2669 4313 2917 4384 spatium
2965 4315 3315 4382 conceditur,
3365 4317 3436 4370 ad
3476 4315 3532 4370 id
3559 4307 3856 4386 proﬁciat,ul

2239 4403 2358 4457 sive
2386 4403 2465 4456 ibi
2492 4403 2678 4456 brevis
2713 4403 2928 4473 syllaba
2959 4403 3073 4457 sive
3104 4404 3276 4474 longa
3331 4405 3420 4470 sit,
3455 4419 3576 4458 eam
3612 4400 3706 4455 sibi
3740 4407 3855 4449 eum

2239 4506 2344 4560 pro
2375 4491 2548 4560 longa
2575 4489 2914 4544 vindicent?
2942 4491 3014 4544 D.
3047 4490 3218 4544 Video
3246 4492 3416 4561 plane
3430 4496 3852 4555 esseconsequens.

2243 4580 2468 4634 CAPUT
2501 4579 2568 4634 Il.
2602 4609 2670 4618 —
2697 4581 2832 4644 Quot
2860 4579 3086 4648 syllabis
3109 4582 3391 4634 minimum
3414 4580 3742 4634 constituatur
3760 4584 3852 4641 PW'

2378 4666 2654 4720 rhichium
2681 4671 2944 4721 metrum:
2978 4667 3239 4735 quamdiu
3268 4683 3477 4737 quoque
3503 4664 3755 4722 silendum.

2308 4757 2341 4806 2
2394 4755 2467 4807 Μ.
2507 4753 2743 4808 Videsne
2775 4754 2948 4809 etiam
2973 4755 3135 4823 illud,
3167 4771 3298 4810 cum
3335 4756 3570 4813 dicimus
3615 4749 3851 4807 minimum

2233 4845 2484 4896 metrum
2541 4857 2663 4896 esse
2709 4843 3104 4913 pyrrhichium
3157 4850 3270 4899 tres
3325 4845 3522 4900 breves
3545 4840 3771 4914 syllabas,
3813 4833 3851 4883 ιιί

2234 4929 2405 4983 unius
2431 4929 2615 4984 brevis
2646 4933 2830 5002 spatio
2861 4931 3114 4996 sileatur,
3153 4933 3292 4988 dum
3341 4934 3411 4987 ad
3437 4932 3653 4986 initium
3679 4920 3852 4981 reverti-

2233 5034 2402 5086 mur;
2435 5019 2578 5073 nihil
2631 5019 2923 5090 iuteresse,
2953 5025 3148 5076 utrum
3177 5022 3287 5076 hoc
3316 5027 3578 5086 metrum,
3623 5033 3687 5072 an
3726 5009 3850 5084 pedes

2231 5122 2334 5160 ana
2343 5112 2551 5178 pmstos
2579 5113 2907 5178 repetamus
2927 5111 2956 5162 ?
2975 5111 3050 5165 D.
3064 5111 3186 5164 1am
3204 5110 3312 5164 hoc
3335 5110 3565 5181 quidem
3589 5105 3735 5177 paulo
3758 5101 3850 5151 ante

2229 5193 2328 5249 illa
2354 5196 2718 5265 percussione
2739 5197 2989 5268 percepi.
3018 5201 3090 5254 ll.
3124 5199 3322 5253 Nonne
3351 5215 3486 5270 ergo
3517 5188 3758 5268 quidquid
3787 5183 3849 5237 hic

2230 5287 2314 5336 est
2348 5283 2668 5351 confusum,
2703 5284 3174 5356 distinguendum
3204 5288 3395 5359 aliqua
3430 5286 3636 5341 ratione
3661 5277 3849 5334 arbitra-

2228 5370 2353 5426 ris?
2384 5373 2458 5427 D.
2495 5373 2741 5430 Omnino
2772 5374 3038 5430 arbitror.
3069 5379 3139 5432 Μ.
3176 5377 3272 5431 Dic
3299 5380 3488 5430 utrum
3516 5373 3669 5428 aliam
3704 5362 3847 5418 videas

2292 5545 2304 5576 ¹
2329 5545 2648 5603 Sonaturus,
2669 5543 2822 5605 juxta
2852 5543 3014 5592 Vatic.
3041 5548 3093 5594 et
3120 5545 3215 5592 Ms.
3247 5545 3304 5593 A.
3330 5543 3395 5591 M.
