4098 6182
196 310 327 361 1129

181 444 307 481 esse
334 426 636 492 rationem,
684 442 814 497 quas
858 427 965 481 ista
996 428 1331 499 distinguat,
1365 431 1475 484 nisi
1522 438 1587 485 ut
1633 438 1886 487 metrum

178 514 580 584 pyrrhichium
604 531 718 567 non
749 514 889 568 illud
919 515 991 569 sit
1021 516 1345 584 minimum,
1370 520 1523 589 quod
1537 520 1639 573 tibi
1663 521 1885 575 videba-

174 608 276 655 tur
307 604 364 655 in
395 602 575 656 tribus
622 602 910 667 brevibus,
962 604 1059 657 sed
1116 605 1176 658 in
1216 606 1494 675 quinque.
1543 610 1673 662 Post
1701 626 1881 662 unum

174 690 337 744 enim
386 691 590 761 pedem
648 706 711 743 ac
767 690 1116 759 semipedem
1172 692 1335 745 silere
1388 709 1549 747 mora
1579 696 1883 766 semipedis

175 780 306 849 ejus
338 780 436 849 qui
467 779 706 833 debetur
744 777 1036 848 implendo
1081 779 1228 849 pedi,
1278 786 1449 852 atque
1489 782 1570 836 ita
1594 784 1780 837 redire
1814 786 1883 838 ad

172 866 431 933 initium,
465 870 519 919 et
547 867 656 919 hoc
686 865 995 920 minimum
1026 873 1275 922 metrum
1298 869 1357 922 in
1388 871 1714 940 pyrrhichio
1745 888 1881 926 con-

176 952 417 1006 stituere
447 968 563 1005 non
592 969 696 1005 nos
753 953 888 1006 sinit
918 955 1187 1024 anapaesti
1226 956 1501 1025 parilitas,
1551 963 1615 1011 ut
1633 960 1750 1028 jam
1784 960 1881 1014 de-

177 1044 558 1093 monstratum
588 1046 673 1093 est
697 1057 708 1092 :
734 1056 909 1110 quare
934 1046 1063 1110 post
1084 1042 1227 1096 duos
1256 1044 1431 1112 pedes
1457 1050 1513 1099 et
1532 1046 1882 1116 semipedem

176 1128 469 1181 silendum
494 1132 576 1181 est
603 1127 743 1181 illud
776 1145 953 1181 unum
976 1133 1220 1200 tempus,
1256 1132 1303 1184 si
1326 1134 1659 1187 confusione
1688 1152 1880 1189 carere

174 1218 466 1269 volumus.
500 1219 561 1269 D.
593 1216 705 1269 Cur
735 1216 885 1269 enim
923 1234 1036 1271 non
1066 1219 1178 1271 duo
1208 1220 1522 1289 pyrrhichii
1554 1227 1685 1275 sunt
1713 1224 1880 1276 mini-

178 1321 343 1357 mum
374 1309 618 1357 metrum
641 1304 701 1357 in
721 1305 1071 1373 pyrrhichio,
1093 1310 1148 1359 et
1169 1312 1413 1377 quatuor
1434 1311 1660 1378 syllaba:
1682 1311 1881 1363 breves

172 1393 389 1461 potius,
423 1396 551 1461 post
579 1408 718 1462 quas
750 1393 914 1445 silere
940 1410 1081 1463 opus
1112 1410 1226 1448 non
1270 1396 1361 1461 sit,
1412 1413 1586 1466 quam
1625 1398 1879 1469 quinque

172 1485 309 1549 post
336 1498 477 1551 quas
515 1497 659 1550 opus
690 1481 808 1534 sit?
860 1484 937 1535 Μ.
970 1482 1283 1551 Vigilanter
1334 1484 1587 1554 quidem,
1638 1486 1734 1540 sed
1764 1502 1879 1539 non

172 1586 339 1622 caves
372 1586 439 1622 ne
461 1569 530 1622 ab
553 1570 658 1622 hoc
681 1574 735 1622 te
762 1569 840 1622 ita
860 1571 1415 1639 proceleusmaticus,
1441 1578 1503 1625 ut
1526 1574 1594 1626 ab
1616 1574 1712 1627 illo
1741 1590 1880 1627 ana-

166 1664 388 1726 paestus
419 1657 697 1711 excludat.
739 1660 801 1711 D.
836 1658 1043 1711 Verum
1074 1658 1231 1713 dicis.
1268 1662 1340 1714 Μ.
1376 1661 1564 1714 Placet
1612 1678 1748 1731 ergo
1780 1662 1875 1715 hic

172 1746 384 1799 modus
404 1745 463 1798 in
502 1745 757 1815 quinque
784 1745 1070 1813 brevibus,
1096 1752 1153 1800 et
1183 1746 1409 1801 silentio
1449 1748 1619 1802 unius
1653 1755 1876 1820 tempo-

169 1834 253 1887 ris
282 1836 311 1886 ‘P
340 1838 405 1888 D.
441 1835 629 1887 Placet
655 1849 812 1886 vero.
843 1836 915 1888 Μ.
946 1834 1177 1887 Videtur
1206 1834 1349 1888 mihi
1379 1836 1621 1889 oblitum
1653 1853 1772 1891 esse
1800 1842 1875 1903 te,

170 1922 661 1993 quemadmodum
695 1921 754 1974 in
783 1921 1051 1991 rhythmo
1083 1922 1393 1976 dixerimus
1422 1940 1591 1993 posse
1633 1925 1879 1979 discerni

170 2015 371 2063 utrum
418 2009 747 2080 pyrrhichio
779 2026 850 2062 an
878 2011 1383 2079 proceleusmatico
1415 2018 1755 2066 curreretur.
1806 2017 1874 2067 D.

173 2099 328 2151 Bene
360 2098 634 2151 admones
660 2112 673 2149 :
702 2112 835 2149 nam
860 2097 1063 2165 plausu
1086 2097 1220 2151 istos
1242 2114 1509 2153 numeros
1540 2101 1609 2153 ab
1634 2100 1877 2155 invicem

168 2184 609 2255 distinguendos
660 2184 1080 2254 comperimus:
1140 2202 1316 2255 quare
1372 2188 1492 2257 jam
1538 2204 1727 2259 neque
1782 2189 1875 2242 hic

170 2273 350 2327 istum
382 2272 947 2342 proceleusmaticum
970 2276 1179 2339 metuo,
1206 2290 1377 2344 quem
1396 2276 1597 2344 plausu
1620 2276 1876 2331 adhibito

170 2377 204 2412 a
238 2359 567 2429 pyrrhichio
598 2359 918 2412 discernere
970 2365 1193 2429 potero.
1247 2364 1320 2415 M.
1376 2362 1488 2416 Cur
1536 2363 1713 2428 igitur
1762 2381 1877 2419 non

169 2447 446 2500 eumdem
478 2447 741 2516 plausum
769 2446 1157 2500 adhibendum
1186 2448 1393 2515 vidisti,
1444 2454 1507 2502 ut
1537 2450 1603 2503 ab
1636 2451 1747 2505 illis
1776 2452 1875 2504 tri-

167 2535 283 2589 bus
330 2534 611 2598 brevibus,
658 2534 715 2587 id
766 2538 849 2587 est
906 2535 1231 2605 pyrrhichio
1282 2542 1338 2590 et
1391 2537 1701 2606 semipede,
1748 2544 1878 2608 post

168 2639 350 2693 quem
389 2627 677 2691 oporteret
726 2638 903 2676 unum
945 2628 1171 2692 tempus
1220 2624 1406 2690 silere,
1459 2625 1878 2680 discerneretur

170 2716 499 2778 anapaestus
519 2709 545 2762 ?
576 2713 637 2764 D.
671 2711 795 2763 Jam
842 2710 1119 2780 intelligo,
1148 2716 1203 2764 et
1232 2712 1291 2764 in
1321 2712 1469 2765 viam
1527 2714 1719 2778 redeo,
1753 2730 1876 2768 me-

168 2803 442 2868 trumque
473 2797 531 2851 in
561 2798 887 2867 pyrrhichio
916 2799 1216 2852 minimum
1245 2805 1356 2853 tres
1382 2801 1623 2870 syllabas
1654 2802 1873 2868 breves,

166 2903 323 2957 quae,
380 2891 756 2940 annumerato
810 2886 1061 2951 silentio,
1114 2887 1361 2941 duorum
1409 2888 1875 2957 pyrrhichiorum

166 2981 400 3045 tempus
451 2980 752 3044 occupant,
807 2991 928 3028 esse
979 2974 1274 3029 confirmo.
1325 2978 1399 3029 Μ,
1435 2976 1686 3029 Probant
1738 2994 1873 3047 ergo

166 3078 340 3115 aures
357 3066 465 3114 tua:
480 3062 587 3114 hoc
612 3077 792 3131 genus
820 3062 1046 3115 numeri
1071 3082 1083 3115 :
1119 3063 1180 3117 Si
1198 3064 1405 3130 aliqua,
1440 3064 1577 3117 Bene
1605 3066 1708 3129 vis,
1738 3066 1875 3117 Bene

168 3150 283 3212 dic,
310 3152 447 3203 Bene
487 3152 601 3217 fac,
632 3151 884 3210 Animus,
911 3151 973 3204 Si
998 3151 1234 3218 aliquid,
1278 3152 1415 3205 Male
1443 3154 1548 3215 vis,
1587 3152 1727 3206 Male
1764 3152 1871 3219 dic,

168 3240 314 3293 Male
354 3241 467 3304 fac,
513 3241 768 3302 Animus,
831 3240 1069 3293 Medium
1108 3245 1203 3293 est.
1270 3244 1333 3295 D.
1390 3241 1534 3294 Satis
1606 3242 1871 3311 probant,

169 3328 492 3398 prmsertim
527 3344 655 3380 cum
701 3328 823 3397 jam
874 3328 1203 3381 recordatus
1233 3328 1339 3381 sim
1390 3330 1874 3399 quemadmodum

169 3433 273 3469 eos
299 3415 493 3485 plaudi
548 3420 828 3486 oporteat,
876 3432 946 3469 ne
992 3432 1122 3470 cum
1177 3423 1358 3471 metro
1381 3418 1707 3489 pyrrhichio
1737 3435 1871 3473 ana-

168 3502 336 3575 paesti
358 3503 781 3557 confundantur
808 3504 1001 3574 pedes.

245 3596 296 3645 3.
331 3594 402 3645 Μ.
438 3592 573 3647 Vide
620 3597 676 3646 et
725 3592 867 3645 ista:
906 3594 967 3648 Si
1013 3593 1230 3662 aliquid
1275 3609 1347 3659 es,
1380 3594 1497 3661 Age
1539 3595 1683 3647 bene.
1734 3596 1875 3649 Male

168 3682 273 3750 qui
298 3683 434 3747 agit,
468 3682 618 3735 Nihil
666 3684 802 3748 agit,
853 3684 922 3734 Et
970 3682 1108 3747 ideo,
1146 3684 1305 3736 Miser
1352 3685 1471 3735 erit.
1508 3686 1571 3736 D.
1616 3684 1874 3737 Suaviter

169 3768 345 3822 etiam
378 3767 483 3821 ista
504 3786 562 3821 se
596 3767 910 3831 insinuant,
944 3769 1051 3822 nisi
1086 3786 1199 3823 uno
1244 3772 1383 3836 loco,
1432 3770 1527 3823 ubi
1560 3770 1689 3824 ﬁnis
1719 3771 1873 3825 tertii

168 3872 304 3909 cum
336 3856 496 3909 initio
547 3856 733 3926 quarti
764 3858 1081 3926 copulatur.
1112 3860 1187 3912 Μ.
1217 3859 1471 3929 Idipsum
1500 3858 1734 3915 omnino
1767 3864 1870 3927 est,

170 3945 327 4016 quod
361 3963 393 3999 a
417 3945 529 3999 tuis
559 3945 792 3999 auribus
820 3945 1153 3999 desideravi.
1188 3947 1309 4000 Non
1340 3947 1493 4000 enim
1524 3948 1733 4001 frustra
1751 3964 1871 4001 sen-

172 4050 271 4087 sus
302 4034 626 4099 olfenditur,
658 4050 787 4086 cum
817 4034 1071 4088 omnium
1104 4036 1449 4105 syllabarum
1481 4037 1640 4091 nullo
1694 4036 1870 4090 inter-

173 4122 361 4191 posito
408 4121 631 4175 silentio
673 4127 929 4192 tempora
962 4121 1184 4193 singula
1216 4128 1535 4193 exspectat:
1570 4140 1742 4194 quam
1775 4142 1870 4177 ex-

174 4210 583 4279 spectationem
656 4210 908 4279 profecto
976 4210 1203 4263 fraudat
1264 4226 1569 4263 concursus
1628 4212 1870 4264 duarum

172 4298 634 4365 consonantium,
687 4304 707 4351 ι
755 4303 811 4351 et
866 4314 921 4364 η,
978 4314 1105 4368 quae
1151 4298 1568 4367 praecedentem
1619 4300 1872 4352 vocalem

174 4388 409 4455 longam
440 4402 559 4439 esse
605 4390 839 4455 cogunt,
888 4391 945 4439 et
984 4386 1045 4438 in
1078 4386 1188 4439 duo
1241 4391 1501 4455 tempora
1531 4387 1871 4453 extendunt;

170 4474 330 4546 quod
361 4490 538 4543 genus
588 4474 945 4544 grammatici
991 4474 1272 4544 positione
1317 4476 1547 4543 longam
1595 4475 1873 4544 syllabam

172 4566 397 4615 vocant.
431 4562 537 4616 Sed
566 4566 801 4631 propter
846 4561 1005 4615 illam
1038 4562 1254 4615 ultimm
1285 4562 1515 4632 syllaba:
1544 4562 1873 4616 indifferen-

171 4651 334 4713 tiam,
389 4666 556 4703 nemo
586 4650 925 4703 criminatur
953 4650 1059 4703 hoc
1090 4654 1359 4709 metrum,
1421 4668 1551 4705 cum
1608 4651 1661 4705 id
1692 4651 1873 4704 since-

170 4756 255 4792 ra:
277 4742 446 4809 atque
478 4754 685 4791 severae
719 4755 884 4792 aures
917 4738 1090 4792 etiam
1128 4739 1247 4792 sine
1297 4744 1617 4793 accusatore
1665 4739 1872 4793 conde-

175 4832 395 4882 mnent.
437 4829 580 4881 Nam
632 4828 781 4894 vide,
832 4845 1023 4899 quaeso
1080 4832 1362 4899 quantum
1402 4828 1658 4896 interest,
1692 4828 1740 4881 si
1770 4846 1872 4899 pro

175 4930 243 4967 eo
274 4914 426 4984 quod
458 4920 563 4981 est,
1076 4900 1085 4909 ’

644 5020 777 5083 Male
808 5019 897 5083 qui
923 5021 1047 5082 agit,
1080 5021 1217 5068 Nihil
1247 5021 1353 5083 agit
1380 5035 1391 5068 :

645 5046 777 5070 λνιαιυ
808 5046 897 5091 (μμ
923 5046 1047 5091 αξη,
1080 5046 1217 5068 num
1247 5046 1353 5091 (16H:
1380 5058 1391 5068 ο

645 5082 771 5131 Male
794 5098 883 5145 qur
904 5088 1028 5146 agit,
1053 5083 1218 5131 Homo
1244 5090 1393 5145 perit.
1728 5089 1741 5113 ν

180 5184 240 5237 ι).
272 5182 388 5236 lloc
434 5199 569 5237 sane
603 5181 887 5253 liquidum
942 5184 1111 5251 atque
1162 5180 1450 5250 integrum
1497 5185 1598 5233 est.
1646 5181 1727 5233 M.
1766 5182 1875 5234 Hoc

174 5287 314 5341 ergo
353 5286 457 5324 nos
504 5270 870 5324 observemus
906 5272 1140 5338 propter
1190 5268 1420 5321 musicas
1469 5267 1874 5334 sinceritatem,

173 5359 327 5429 quod
358 5363 544 5429 poetae
575 5375 689 5412 non
714 5359 1014 5411 observant
1037 5361 1271 5427 propter
1298 5356 1628 5410 facilitatem
1666 5372 1878 5411 canen-

174 5448 270 5502 di:
307 5453 370 5500 ut
400 5448 639 5517 quoties,
683 5444 931 5515 exempli
962 5460 1153 5512 causa,
1194 5443 1358 5498 nobis
1406 5460 1632 5497 necesse
1663 5447 1746 5498 est
1775 5444 1877 5498 ali-

177 5552 295 5606 qua
319 5541 500 5589 metra
530 5537 917 5606 interponere,
964 5533 1023 5587 in
1054 5533 1260 5605 quibus
1291 5533 1437 5587 nihil
1481 5533 1720 5588 debetur
1748 5534 1879 5604 pedi

544 5642 821 5709 PATROL.
871 5639 1120 5708 XXXII.

1642 311 1855 368 LIBER
1891 312 2240 379 QUARTUS.

3560 349 3689 402 H30

2001 439 2153 507 quod
2180 439 2403 495 silentio
2432 455 2847 516 compensatur,
2879 469 2971 507 eas
2993 472 3277 525 ponamus
3306 464 3537 520 ultimas
3568 470 3685 539 syl-

1995 526 2150 579 labas
2182 544 2323 598 quas
2353 531 2440 583 lex
2470 533 2725 602 ejusdem
2754 542 2979 595 numeri
3024 546 3279 616 flagitat;
3314 567 3385 605 ne
3414 570 3545 609 cum
3575 526 3683 611 ali-

1996 630 2109 683 qua
2158 617 2470 673 offensione
2523 623 2749 677 aurium
2793 632 2847 680 et
2893 629 3133 688 falsitate
3177 653 3482 709 mensurae,
3510 661 3542 697 a
3572 647 3684 699 line

1995 701 2067 754 ad
2096 702 2326 758 initium
2355 707 2692 778 redeamus;
2726 716 3100 771 concedentes
3128 726 3321 779 tamen
3352 701 3482 781 illis.
3515 737 3575 785 ut
3604 732 3686 787 ita

1998 794 2177 887 metra
2213 793 2348 846 talia
2398 795 2620 863 tiniant,
2668 802 2829 869 quasi
2878 804 3142 876 deinceps
3186 813 3327 865 nihil
3371 817 3599 887 dicturi,
3629 828 3687 876 et

1992 877 2120 931 ideo
2149 885 2459 937 extremam
2489 885 2763 954 syllabam
2812 907 2913 945 seu
2934 894 3165 964 longam
3196 915 3293 953 seu
3316 902 3544 960 brevem
3575 877 3683 962 im-

1992 981 2145 1034 pune
2175 972 2557 1027 constituant:
2599 992 2734 1029 nam
2781 978 2839 1031 in
2885 983 3311 1042 continuatione
3368 997 3681 1050 metrorum

1992 1056 2345 1122 apertissime
2407 1062 2819 1117 convincuntur
2871 1070 3095 1125 aurium
3149 1075 3388 1144 judicio,
3452 1097 3570 1134 non
3625 1101 3684 1138 se

1993 1139 2199 1195 debere
2230 1161 2443 1213 ponere
2486 1148 2765 1218 ultimam,
2809 1154 2917 1207 nisi
2964 1175 3090 1228 qua:
3131 1161 3308 1231 ipsius
3355 1170 3521 1221 metri
3554 1171 3684 1241 jure

1993 1233 2160 1297 atque
2191 1232 2407 1286 ratione
2463 1239 2729 1305 ponenda
2780 1248 2881 1295 est.
2919 1245 3047 1299 Haac
3092 1255 3282 1304 autem
3328 1232 3682 1312 continuatio

1990 1314 2073 1380 ﬁt,
2108 1334 2233 1371 cum
2266 1320 2399 1389 pedi
2450 1324 2593 1376 nihil
2652 1326 2893 1381 debetur
2923 1339 3156 1403 propter
3198 1340 3350 1407 quod
3396 1342 3560 1395 silere
3590 1362 3685 1397 co-

1991 1419 2214 1500 gamur.
2248 1408 2321 1459 D.
2357 1410 2642 1500 Intelligo,
2675 1419 2731 1466 et
2752 1421 2976 1484 gratum
3010 1421 3193 1476 habeo
3222 1428 3375 1495 quod
3404 1430 3539 1482 talia
3558 1434 3682 1500 pol-

1991 1488 2174 1545 liceris
2215 1498 2497 1566 exempla,
2548 1499 2756 1568 quibus
2799 1505 3014 1559 nullam
3062 1510 3311 1579 patiatur
3356 1488 3684 1573 80115115ιὶ11-

1983 1594 2212 1647 juriam.

2096 1670 2319 1725 CAPUT
2350 1672 2450 1727 Ill.
2486 1705 2552 1713 —
2583 1677 3025 1744 Pyrrhichiorum
3051 1692 3339 1743 metrorum
3368 1694 3499 1747 ordo
3530 1700 3579 1748 et

2698 1764 2970 1806 numerus.

2057 1827 2235 1919 4.Δ.)1ΙΣ
2265 1830 2423 1919 Δᾼεςεδ,
2473 1847 2627 1887 nnnc
2673 1836 2872 1891 ordine
2927 1840 2996 1894 de
3027 1842 3116 1896 his
3148 1862 3378 1919 quoque
3420 1854 3687 1907 renuntia

1988 1914 2329 1983 pyrrhichiis
2348 1933 2360 1970 :

2548 1992 2685 2048 Quid
2715 1994 2812 2043 erit
2838 1995 2999 2046 homo

2548 2053 2648 2123 Qui
2670 2060 2811 2123 amat
2844 2057 3134 2123 hominem,

2546 2115 2596 2162 Si
2629 2122 2769 2166 amet
2797 2118 2851 2166 in
2882 2134 2942 2168 eo

2546 2177 2746 2241 Fragile
2781 2181 2921 2241 quod
2950 2188 3065 2233 est?

2552 2238 2704 2302 Amet
2733 2238 2893 2302 igitur

2548 2298 2790 2365 animum
2813 2304 3059 2365 hominis,

2545 2361 2609 2409 Et
2641 2364 2739 2411 erit
2768 2364 2927 2413 homo

2544 2422 2752 2485 Aliquid
2785 2440 2988 2476 amans.

2058 2493 2202 2557 Quid
2234 2497 2356 2590 hinc
2380 2497 2691 2555 videntur?
2720 2507 2781 2557 D.
2813 2506 2959 2568 Quid
2992 2508 3100 2562 nisi
3130 2514 3463 2572 suavissime
3511 2524 3682 2590 atque

1988 2580 2355 2653 integerrime
2384 2603 2610 2642 currere
2630 2592 2658 2643 ?
2681 2593 2763 2644 Μ.
2795 2594 2941 2657 Quid
2975 2596 3122 2669 ista?

2547 2676 2722 2745 Bonus
2752 2680 2849 2745 erit
2878 2696 3044 2745 amor,

2544 2739 2733 2787 Anima
2761 2742 2900 2791 bona
2930 2745 2998 2792 sit
3020 2760 3031 2793 :

2543 2800 2703 2848 Amor
2728 2802 3006 2859 inhabitat.

2545 2862 2607 2909 Et
2632 2863 2807 2912 anima
2839 2866 3046 2915 domus.

2546 2923 2635 2987 ita
2646 2925 2778 2987 bene
2813 2925 3031 2987 habitat,

2542 2984 2638 3050 tibi
2664 2986 2806 3050 bona
2830 2984 3047 3050 domus;

2542 3046 2638 3095 Ubi
2669 3048 2821 3102 mala.
2859 3051 3013 3101 male.

2058 3121 2120 3171 D.
2161 3121 2348 3175 Etiam
2404 3122 2513 3177 ista
2561 3127 2894 3183 continuata
2940 3132 3271 3191 suavissime
3321 3140 3557 3212 accipio.
3592 3147 3678 3199 Μ.

1988 3207 2148 3261 Nunc
2166 3213 2280 3262 tres
2303 3211 2471 3265 semis
2500 3214 2697 3283 pedes,
2733 3217 2892 3272 vide:

2543 3302 2763 3351 Animus
2793 3304 3023 3357 hominis
3048 3315 3127 3359 est

2541 3365 2677 3432 Mala
2700 3366 2904 3432 bonave
2930 3372 3151 3432 agitans.

2544 3426 2687 3494 Bona
2716 3430 2919 3494 vo_lu_it,_
2933 3426 3121 3494 habet;

2540 3489 2676 3537 Mala
2699 3490 2883 3548 voluit,
2906 3492 3064 3543 habet

2056 3560 2128 3614 D.
2164 3562 2291 3615 Haec
2318 3579 2545 3635 quoque
2570 3568 2907 3638 interposito
2939 3573 3109 3626 unius
3125 3578 3397 3647 temporis
3428 3581 3678 3649 silentio,

1976 3647 2234 3737 jucunda
2298 3656 2444 3705 sunt.
2500 3654 2583 3706 Μ.
2637 3654 2919 3724 Sequatur
2964 3663 3208 3728 quatuor
3237 3664 3395 3732 pleni
3442 3647 3679 3737 pyrrhi¥

1984 3734 2134 3801 chii;
2167 3736 2271 3790 hos
2319 3738 2527 3809 accipe,
2562 3745 2618 3794 et
2639 3742 2870 3811 judica:

2540 3828 2761 3897 animus
2794 3831 3024 3881 hominis
3053 3836 3161 3897 agit

2542 3892 2607 3939 Ut
2636 3891 2825 3941 habeat
2854 3908 2915 3943 ea
2942 3891 3098 3952 bona,

2543 3954 2743 4019 Quibus
2767 3955 3038 4019 inhabitet
3066 3958 3244 4019 homo,

2540 4015 2679 4063 Nihil
2706 4016 2778 4065 ibi
2799 4020 3068 4067 metuitur.

2055 4088 2130 4141 Ι).
2164 4090 2227 4141 In
2278 4089 2365 4143 his
2413 4108 2643 4163 quoque
2691 4101 2844 4151 certa
2891 4102 2945 4151 et
2992 4099 3240 4169 jucunda
3277 4119 3545 4159 mensura
3575 4116 3675 4165 est.

1984 4177 2068 4229 Μ.
2099 4176 2246 4230 Audi
2281 4178 2402 4247 jam
2443 4197 2593 4235 nunc
2622 4200 2827 4240 novem
2867 4186 3111 4257 syllabas
3156 4190 3391 4257 breves;
3435 4195 3570 4248 audi
3622 4203 3679 4250 et

1978 4262 2172 4332 judica
2194 4281 2207 4317 :

2542 4339 2709 4407 1101110
2748 4342 2915 4407 melus
2937 4348 3077 4392 amat
3100 4348 3151 4392 et
3178 4350 3320 4407 eget;

2540 4400 2707 4465 Malus
2734 4404 2924 4451 etenim
2954 4419 3015 4453 ea
3044 4407 3183 4454 bona
3209 4400 3369 4465 amat,

2542 4462 2679 4510 Nihil
2706 4464 2797 4512 ubi
2824 4467 2978 4515 satiat
2998 4482 3142 4515 eum.

2056 4538 2129 4591 D.
2163 4538 2366 4593 Prome
2397 4556 2547 4595 nunc
2577 4543 2835 4614 quinque
2864 4547 3240 4616 pyrrhichios.
3270 4550 3353 4602 Μ.

2542 4630 2784 4695 hevicula
2808 4632 3015 4695 fragilia
3038 4635 3196 4689 bona.

2542 4692 2643 4749 Qui
2671 4698 2812 4742 amat
2840 4692 3019 4755 homo,
3046 4696 3287 4746 similiter
3318 4698 3489 4749 habet.

2057 4768 2127 4820 D.
2178 4768 2303 4821 iam
2361 4770 2469 4824 hoc
2498 4777 2583 4825 sat
2630 4779 2733 4841 est,
2782 4779 2839 4828 et
2883 4776 3095 4846 probo;
3146 4793 3302 4833 nunc
3331 4780 3476 4836 adde
3508 4787 3677 4840 semi-

1986 4855 2210 4924 pedem.
2236 4857 2320 4910 Μ.
2358 4860 2579 4913 Faciam
2610 4878 2622 4915 :

2543 4948 2687 5019 Yaga
2716 4949 2847 5019 levia
2875 4952 3081 5019 fragilia
3100 4955 3258 5019 bona,

2544 5009 2643 5067 Qui
2669 5016 2809 5061 amat
2826 5009 3002 5074 homo,
3026 5016 3211 5067 similis
3239 5009 3339 5071 erit
3366 5023 3457 5071 eis.

2056 5087 2118 5137 D.
2154 5086 2300 5139 Bene
2329 5101 2593 5155 prorsus;
2642 5094 2697 5143 et
2735 5107 2830 5145 sex
2853 5093 2975 5163 jam
3023 5102 3275 5168 exspecto
3302 5104 3678 5172 pyrrhichios.

1987 5173 2071 5225 Μ.
2107 5174 2171 5226 Et
2191 5173 2294 5226 hos
2326 5174 2459 5228 audi
2485 5190 2499 5230 :

2532 5254 2928 5325 yagaievicula
2956 5260 3164 5325 fragilia
3190 5266 3349 5320 bona.

2516 5316 2847 5373 Qui’adamat
2874 5316 3067 5381 homo:
3085 5325 3269 5375 similis
3294 5316 3393 5377 erit
3411 5330 3502 5379 eis.

2060 5394 2120 5446 D.
2154 5391 2297 5447 Satis
2321 5397 2437 5461 est;
2462 5396 2603 5449 adde
2634 5399 3000 5470 semipedem.
3029 5405 3114 5459 Μ.

2546 5486 2731 5554 Ιξιυὶᾱίι
2750 5488 2984 5554 ⁸ιθνὶειιιει
3009 5491 3219 5554 fragilia
3246 5494 3386 5542 bona

2551 5547 2679 5604 Quae
2702 5549 2912 5599 adamat
2934 5547 3127 5625 animi,
3160 5554 3345 5605 similis
3369 5558 3468 5608 erit
3495 5560 3586 5608 eis.

2887 5650 3330 5736 (Trente-siz‘.)
