2049 3091
227 155 290 181 1131

260 217 291 242 ι).
308 214 355 242 Sat
370 216 423 245 est,
444 215 472 240 et
495 213 569 240 bene
595 214 655 245 est;
676 212 712 239 da
734 212 794 247 jam
818 213 929 245 septem
956 210 1072 246 pyrrhi-

225 259 312 286 chius.
330 259 364 285 Μ

418 293 541 317 Levicula
555 292 658 323 fragilia
673 290 780 323 gracilis.
790 290 870 323 bona,

410 324 474 352 Quae
489 321 734 350 adamat‘auim’ula,
748 321 841 345 similis
856 321 905 345 erit
920 321 967 345 eis.

258 367 290 393 D.
304 365 426 392 Accedat
452 363 497 390 his
525 362 665 397 semipes;
695 369 762 388 nam
788 361 841 388 hoc
869 361 1014 396 eleganter
1042 369 1071 387 se

225 409 320 436 habet.
337 409 379 435 M.

394 443 467 473 Vaga
478 441 558 466 ﬂuida
571 441 683 473 levicula
692 441 794 473 fragilia
805 441 884 473 bona,

394 471 458 502 Quae
470 473 576 497 adamat
586 472 713 501 animula,
727 471 755 495 ﬁt
769 479 799 495 ea
809 471 902 495 similis
916 471 963 495 eis.

234 530 240 535 -
258 514 296 540 D.
310 514 377 541 Octo
389 513 477 548 pedes
490 513 548 548 jam
576 514 681 539 restare
701 512 792 545 video,
813 514 843 538 ut
855 511 917 547 jam
935 511 1003 538 istas
1017 510 1070 537 mi-

223 557 316 584 nutias
332 557 492 584 evadamus.
511 557 682 592 Quanquam
705 556 782 582 enim
808 556 967 591 approbent
989 563 1071 582 aures

223 601 346 628 naturali
366 601 490 636 quadam
517 600 693 627 dimensione
718 600 794 635 quod
818 608 912 631 sonas,
928 599 1019 626 nolim
1043 601 1071 626 te

222 649 317 673 tamen
331 647 374 672 tot
392 645 491 672 breves
517 644 639 679 syllabas
664 652 812 679 quaerere;
835 652 914 678 quas,
932 643 962 670 ni
977 643 1070 676 fallor,

223 692 367 718 contextas
381 688 509 716 invenire
532 688 561 714 in
586 687 785 723 conjunctione
800 688 951 714 verborum
966 686 1070 714 diffici-

223 735 277 762 lius
293 736 344 767 est,
360 741 446 768 quam
460 732 484 758 si
498 732 537 758 eis
566 732 684 759 miscere
710 732 809 767 longas
823 732 931 759 liceret.
955 732 997 758 Μ.
1025 730 1072 757 Ni-

222 778 263 805 hil
283 781 309 805 te
324 777 406 809 fallit,
419 779 447 804 et
463 778 493 803 ut
517 776 569 803 tibi
583 776 699 811 probem
717 775 938 811 gratulationem
965 783 1070 808 meam,

222 822 299 858 quod
313 822 380 849 hinc
402 820 556 856 aliquando
580 820 701 847 transire
721 819 924 855 permittimur,
946 821 1071 847 metrum

222 866 300 902 quod
313 867 401 893 restat
414 864 499 900 hujus
517 865 631 899 generis
645 864 788 891 sententia
808 863 934 891 feliciora
955 871 1070 899 compo-

223 919 289 937 nam
307 909 334 937 ‘:

315 948 403 972 Solida
416 948 488 972 bona
501 947 595 971 bomus
610 948 689 975 amat,
704 948 772 978 etrea
784 947 828 978 qui
844 948 914 971 amat
929 946 1020 971 habet.

314 980 405 1010 itaque
419 985 468 1003 nec
481 980 539 1009 eget
549 985 631 1009 amor,
647 980 673 1002 et
690 984 720 1001 ea
734 977 805 1002 bona
815 978 883 1002 Deus
898 979 945 1002 est.

222 1022 255 1048 D.
272 1019 367 1047 Habeo
389 1018 614 1046 cumulatissime
641 1017 766 1053 perfecta
789 1019 882 1044 metra
902 1017 1069 1053 pyTrhichii.

221 1064 387 1099 Sequuntur
414 1062 547 1096 iambica,
573 1062 608 1089 de
641 1062 744 1097 quibus
768 1061 842 1089 mihi
864 1061 982 1097 singulis
1003 1061 1070 1089 bina

222 1108 353 1143 exempla
363 1106 520 1140 sufﬁciunt,
536 1114 601 1142 quin
618 1106 698 1133 nulla
720 1105 952 1141 interpellatione
970 1106 1070 1133 audire

223 1153 351 1180 delectat.

377 1196 488 1223 CAPUT
504 1196 548 1222 IV.
560 1208 595 1213 —
615 1196 650 1222 De
672 1197 755 1222 metro
774 1195 897 1222 iambico.

257 1243 282 1268 5.
295 1241 338 1267 Μ.
359 1241 459 1267 Geram
482 1239 534 1266 tibi
556 1247 676 1266 morem.
699 1239 752 1266 Sed
772 1238 826 1266 ista
849 1247 913 1273 quas
925 1238 987 1273 jam
1009 1246 1070 1273 per-

201 1308 204 1310 .
222 1285 333 1320 egimus
347 1286 418 1320 quot
432 1285 499 1310 sunt
512 1283 525 1309 ‘2
538 1283 575 1310 D.
593 1282 821 1314 Quatuordecim.
838 1283 881 1309 Μ.
896 1282 970 1314 Quot
983 1282 1070 1309 etiam

222 1328 344 1364 iambica
371 1328 431 1355 fore
455 1327 568 1354 credis?
596 1327 633 1353 D.
663 1328 752 1362 [Eque
772 1326 1001 1362 quatuordecim.
1030 1327 1067 1353 Μ.

222 1372 304 1406 Quid,
319 1373 342 1399 si
356 1372 386 1399 in
401 1372 442 1399 eis
455 1371 540 1398 velim
556 1379 608 1406 pro
632 1371 726 1397 iambo
747 1370 923 1398 tribrachum
948 1378 1068 1406 ponere,

221 1425 317 1444 nonne
331 1416 537 1444 multiformior
549 1415 670 1442 varietas
685 1415 739 1442 erit
751 1415 765 1441 ‘?
779 1416 810 1442 D.
829 1414 1010 1442 Manifestum
1029 1416 1071 1441 est

224 1461 359 1497 quidem:
377 1460 424 1487 sed
440 1468 492 1495 ego
508 1460 639 1495 exempla
651 1459 705 1486 ista
719 1459 749 1486 in
764 1459 832 1486 solis
846 1459 949 1486 iambis
970 1458 1069 1486 audire

223 1505 319 1540 cupio,
339 1512 375 1531 ne
390 1505 509 1539 longum
527 1504 684 1531 faciamus:
698 1511 751 1538 pro
767 1503 866 1539 quavis
889 1503 966 1530 enim
986 1503 1071 1538 longa

221 1550 329 1585 syllaba
342 1549 412 1576 duas
427 1549 527 1575 breves
545 1556 627 1583 posse
641 1547 722 1583 poni,
737 1547 827 1574 facilis
843 1547 993 1583 disciplina
1017 1549 1068 1573 est.

221 1594 264 1620 Μ.
281 1592 394 1620 Faciam
408 1592 487 1627 quod
500 1591 553 1625 vis,
569 1593 741 1627 gratumque
766 1591 858 1618 habeo
879 1592 954 1627 quod
967 1591 1070 1618 intelli-

221 1636 317 1672 gentia
331 1635 445 1670 sequaci
460 1635 565 1662 minuis
580 1635 708 1662 laborem
723 1643 839 1662 meum:
853 1636 902 1663 sed
918 1643 1017 1663 aurem
1033 1635 1069 1662 ad

219 1680 375 1708 iambicum
385 1680 491 1715 praebe.
502 1680 540 1707 D.
554 1679 619 1707 Istic
634 1688 709 1714 sum,
722 1679 825 1715 incipe.
841 1680 876 1706 Μ

221 1725 310 1749 Bonus
324 1724 374 1754 vir,
607 1723 711 1747 Beatus.

220 1756 303 1780 Malus
318 1756 406 1785 miser,
607 1754 660 1779 Sibi
673 1757 712 1779 est
722 1754 830 1779 malum.

220 1787 309 1811 Bonus
323 1787 424 1816 beatus,
609 1786 679 1810 Deus
691 1786 790 1810 bonum
801 1786 866 1816 ejus.

221 1818 309 1842 Bonus
323 1818 415 1842 beatus
429 1819 477 1847 est,
611 1817 688 1841 Videt
701 1817 784 1841 Deum
799 1817 882 1841 beate.

221 1849 308 1873 Bonus
321 1849 359 1873 vir
373 1850 412 1872 est
426 1848 527 1877 beatus,
610 1848 709 1872 Videns
722 1848 804 1872 Deum
818 1848 919 1872 beatus.

220 1880 308 1904 Bonus
323 1880 363 1903 vir
373 1881 399 1903 et
406 1880 474 1910 sapit
482 1879 590 1908 bonum,
608 1879 748 1910 Bonusque
762 1878 836 1909 vivit,
853 1878 896 1902 hic
913 1878 1019 1903 videbit.

219 1911 302 1935 Deum
310 1910 398 1934 videre
412 1909 456 1940 qui
469 1909 588 1940 cupiscit,

220 1941 323 1965 Bonum
335 1940 424 1964 videre
436 1940 481 1971 qui
493 1940 565 1971 cupit
579 1940 657 1969 diem,

251 1972 339 1995 Bonus
352 1971 385 1994 sit
396 1970 452 1999 hic,
464 1970 562 1995 videbit
576 1972 602 1994 et
616 1971 707 1998 Deum,

220 2002 323 2026 Bonum
340 2001 427 2025 videre
443 2001 486 2032 qui
500 2001 574 2032 cupit
589 2000 657 2025 diem
672 2001 757 2032 illum,

251 2033 340 2057 Bonus
357 2032 391 2056 sit
400 2031 561 2060 hic,’videbit
574 2034 600 2056 et
611 2032 695 2056 Deum
710 2031 772 2055 illic.

220 2064 315 2088 Beatus
329 2065 369 2087 est
382 2063 477 2091 bonus,
493 2062 582 2086 fruens
597 2063 667 2086 enim
679 2064 719 2087 est
732 2063 785 2086 Deo
796 2070 802 2092 ;

249 2094 334 2119 Malus
344 2093 432 2124 miser,
448 2093 493 2118 sed
505 2094 560 2125 ipse
573 2100 651 2125 poena
666 2094 695 2118 ﬁt
707 2100 763 2117 sua.

219 2126 312 2150 Beatus
325 2127 365 2150 est
378 2125 471 2149 videns
486 2124 580 2154 Deum;
589 2124 654 2148 nihil
670 2124 742 2156 cupit
755 2124 828 2156 plus;

250 2157 333 2181 Malus
345 2156 445 2180 bonum
460 2155 523 2180 foris
539 2155 656 2187 requirit,
673 2155 734 2179 hinc
748 2158 860 2187 egestas.

218 2188 312 2212 Beatus
323 2189 363 2212 est
374 2187 465 2211 videns
478 2187 570 2215 Deum,
587 2186 653 2218 nihil
664 2186 727 2218 boni
743 2186 855 2218 amplius
867 2194 873 2216 ;

247 2219 332 2243 Malus
342 2218 442 2243 bonum
454 2218 517 2242 foris
531 2217 649 2248 requirit,
665 2217 727 2241 hinc
742 2220 801 2248 eget
812 2218 900 2241 miser.

217 2250 312 2274 Beatus
322 2250 361 2273 est
373 2249 465 2273 videns
476 2249 569 2277 Deum,
582 2248 649 2272 nihil
663 2248 726 2272 boni
737 2248 850 2279 amplius
865 2248 921 2272 vult
934 2255 940 2278 ;

248 2280 332 2304 Malus
349 2280 412 2304 foris
426 2280 526 2304 bonum
542 2279 660 2310 requirit,
674 2279 735 2303 hinc
750 2286 848 2310 egenus
862 2280 939 2303 errat.

218 2311 311 2335 Beatus
321 2314 361 2335 est
374 2311 466 2335 videns
479 2311 570 2340 Deum,
584 2310 650 2334 nihil
663 2310 727 2334 boni
739 2310 853 2341 amplius
868 2310 954 2339 volet;

248 2342 332 2366 Malus
341 2341 404 2366 foris
417 2342 517 2366 bonum
530 2341 648 2373 requirit,
662 2341 724 2365 hinc
736 2343 795 2373 eget
805 2342 884 2365 miser
891 2341 972 2365 bono.

370 2381 481 2408 CAPUT
503 2382 534 2407 V.
551 2395 583 2402 —
602 2382 636 2408 De
659 2383 742 2408 metro
765 2381 908 2408 trochaica.

252 2427 278 2452 6.
295 2425 332 2452 D.
352 2425 504 2451 Trochseus
520 2425 659 2461 sequitur,
681 2434 782 2460 prome
806 2425 969 2452 trochaica:
997 2433 1064 2453 nam

214 2469 269 2497 ista
288 2476 316 2495 se
340 2468 446 2495 habent
465 2468 582 2503 optime.
605 2470 642 2497 Μ.
660 2469 783 2503 Faciam,
807 2472 836 2497 et
856 2469 957 2497 eodem
976 2470 1063 2497 modo

214 2521 271 2549 quo
285 2512 407 2540 iambica
419 2520 425 2538 :

214 2557 311 2588 Optimi

213 2588 336 2617 Veritate,

213 2620 313 2644 Veritas
328 2619 368 2643 sat
382 2620 430 2647 est,

212 2650 314 2674 Veritas
329 2651 437 2673 vocatur

213 2681 326 2706 Veritate
340 2680 425 2704 factus
438 2681 478 2704 est

638 2557 695 2580 Non
710 2559 796 2588 egent.

639 2588 697 2619 Non
711 2590 812 2619 egetur.

634 2618 742 2644 Semper
756 2619 813 2643 haec
823 2621 921 2644 manet.

631 2649 680 2673 Ars
694 2649 739 2674 Dei
755 2650 879 2681 supremi.

633 2681 748 2713 mundus
764 2681 811 2705 iste
827 2688 904 2713 quem
915 2682 997 2712 vides,

212 2712 325 2737 Veritate
338 2712 405 2736 facta
422 2712 517 2736 cuncta
633 2711 749 2743 Quasque
764 2711 868 2743 gignier
882 2711 1011 2737 videmus.

211 2743 324 2767 Veritate
338 2743 407 2767 facta
418 2744 499 2766 cunta
512 2743 583 2772 sunt,
627 2742 803 2774 Omniumque
818 2743 903 2768 forma
916 2744 1020 2768 veritas.

243 2783 250 2799 ¹
267 2783 297 2807 ιιι
311 2782 349 2812 B.,
362 2781 495 2813 faciliore.
513 2781 605 2808 Melius
615 2788 676 2806 cum
688 2782 749 2806 Mss.
764 2781 786 2806 Α
799 2782 865 2813 etB,
881 2782 1011 2814 feliciora.
1023 2784 1057 2809 M.

866 150 913 177 DE
933 149 1076 183 MUSICA,
1098 149 1124 177 S.
1146 149 1338 178 AUGUSTINI

1890 154 1939 180 “3'2

1127 210 1241 235 Veritate
1255 212 1351 235 cuncta
1364 210 1433 235 facta
1445 217 1533 234 cerno.

1158 242 1258 266 Veritas
1269 244 1367 270 manet,
1379 243 1520 265 moventur
1530 241 1588 265 ista.

1126 272 1241 296 Veritatc
1258 273 1326 296 facta
1340 272 1426 297 cernis
1442 272 1541 302 omnia,

1158 304 1258 330 Veritas
1274 305 1370 330 manet,
1384 306 1525 327 moventur
1535 303 1633 327 omnia.

1127 334 1241 358 Veritate
1257 335 1325 358 facta
1340 334 1425 358 cernis
1437 334 1488 358 ista
1498 336 1602 362 cuncta,

1156 364 1258 389 Veritas
1274 367 1361 389 tamen
1372 367 1469 391 manet,
1482 366 1621 388 moventur
1636 365 1693 388 ista.

1125 395 1240 420 Veritate
1253 396 1322 420 facta
1336 399 1429 420 cuncta
1442 396 1527 419 cernis
1542 396 1648 426 optime,

1156 426 1256 450 Veritas
1272 430 1370 455 manet,
1387 429 1527 450 moventur
1542 426 1606 454 haec,
1624 426 1668 450 sed
1684 426 1783 451 ordine.

1126 457 1239 481 \‘crilnte
1252 458 1320 481 facta
1333 460 1428 481 cuncta
1441 458 1526 481 cernis
1540 458 1670 487 ordinata,

1157 488 1256 511 Veritas
1272 490 1369 517 manet,
1387 495 1487 512 novans
1502 491 1589 512 movet
1606 489 1676 518 quod
1692 488 1839 512 innovatur.

1126 519 1238 543 Veritute
1250 520 1317 543 facta
1327 521 1407 543 cunla
1420 522 1490 547 sunt,
1507 522 1532 542 et
1543 519 1664 543 ordinata
1672 522 1741 545 sunt.

1157 550 1256 573 Veritas
1275 552 1353 574 novat
1365 556 1483 579 manens,
1499 552 1639 574 moventur
1655 552 1685 574 ut
1701 552 1828 574 noventur
1838 550 1894 574 haec.

1126 581 1238 604 Veritate
1256 581 1322 604 facta
1335 583 1430 605 cuncta
1440 582 1510 608 sunt.
1526 582 1552 605 et
1566 580 1687 605 ordinata
1699 584 1800 609 cuncta,

1158 612 1257 635 Veritas
1274 618 1383 636 manens
1398 614 1487 640 novat,
1505 614 1646 636 moventur
1659 614 1689 636 ut
1700 614 1828 636 noventur
1841 611 1891 636 ista.

1267 652 1380 679 CAPUT
1395 652 1439 679 VI.
1454 666 1490 672 --
1506 652 1546 679 De
1568 654 1652 679 metro
1672 652 1827 686 spondam).

1161 697 1186 721 7.
1200 696 1233 721 D.
1259 694 1423 730 Spondeum
1451 695 1533 730 sequi
1560 694 1661 722 video:
1690 703 1757 722 nam
1780 696 1807 721 et
1827 694 1941 721 trochaeus

1127 738 1193 764 satis
1206 738 1323 765 auribus
1337 738 1413 766 fecit.
1430 740 1473 766 Μ.
1494 740 1558 765 Haec
1573 741 1641 766 sunt
1653 741 1745 766 metra
1758 738 1885 773 spondei:

1125 782 1280 813 Magnorum
1295 785 1342 812 est,
1537 782 1662 807 Libertas.

1125 813 1249 844 Magnum
1261 815 1301 837 est
1313 820 1410 838 munus
1535 814 1680 838 Libertatis.

1125 844 1202 868 Solus
1216 844 1283 868 liber
1295 844 1332 873 ﬁt,
1537 845 1586 873 Qui
1602 851 1716 868 errorem
1730 844 1822 868 vincit.

1125 874 1202 911 §olus
1214 875 1280 911 liber
1297 875 1394 911 vivit,m
1598 882 1713 911 errorem
1723 875 1778 911 jam
1794 876 1859 911 vicit.

1125 905 1202 929 Solus
1219 906 1285 930 liber
1296 913 1356 930 vere
1371 906 1407 934 ﬁt,
1535 906 1586 934 Qui
1596 907 1692 931 erroris
1707 905 1822 930 vinclum
1831 906 1892 930 vicit.

1125 936 1202 969 Solus
1215 937 1280 969 liber
1294 944 1352 961 vere
1363 937 1435 969 vivit,
1463 967 1468 969 _
1490 968 1494 969 γ
1532 937 1582 966 Qui
1591 938 1688 962 erroris
1705 937 1820 962 vinclum
1834 937 1881 969 jam
1889 936 1940 960 viui.

1125 967 1202 992 Solus
1217 968 1283 992 liber
1297 975 1351 992 non
1364 968 1429 992 falso
1444 967 1517 992 vivit.

1156 999 1205 1026 Qui
1219 999 1313 1023 erroris
1328 999 1445 1022 vinclum
1456 999 1512 1030 jam
1527 999 1631 1024 devicit.

1125 1029 1201 1053 Solus
1217 1030 1281 1053 liber
1296 1031 1354 1060 jure
1367 1037 1396 1053 ac
1411 1036 1471 1054 vcre
1481 1030 1555 1059 vivit,

1157 1061 1205 1088 Qui
1216 1062 1310 1084 erroris
1320 1061 1436 1084 vinclum
1450 1067 1563 1088 magnus
1575 1060 1679 1086 devicit.

1125 1092 1201 1115 Solus
1216 1092 1282 1115 liber
1294 1092 1352 1123 jure
1365 1099 1393 1115 ac
1410 1098 1464 1116 non
1476 1092 1541 1116 falso
1553 1092 1626 1120 vivit.

1156 1123 1205 1150 Qui
1217 1124 1312 1146 erroris
1327 1123 1443 1146 vinclum
1462 1122 1597 1147 funestum
1611 1124 1716 1148 devicit.

1125 1154 1268 1184 Solusjure
1286 1161 1314 1177 ac
1332 1160 1390 1177 vere
1404 1160 1515 1185 magnus
1529 1154 1601 1184 vivit,

1156 1184 1205 1217 Qui
1217 1185 1315 1217 erroris
1332 1184 1595 1217 vinclum’funestum
1603 1185 1658 1217 jam
1671 1185 1777 1210 devicit.

1125 1215 1201 1239 Solus
1216 1216 1280 1239 liber
1290 1216 1349 1246 jure
1360 1223 1388 1239 ac
1404 1222 1456 1239 non
1470 1216 1535 1240 falso
1553 1215 1666 1247 magnus
1681 1217 1755 1245 vivit,

1156 1247 1205 1278 Qui
1221 1248 1315 1269 erroris
1332 1247 1447 1270 vinclum
1461 1247 1594 1271 funestum
1611 1247 1729 1278 prudens
1744 1247 1843 1271 devicit.
1874 1267 1881 1272 .

1125 1277 1201 1300 Solus
1219 1277 1285 1300 liber
1297 1278 1355 1308 jure
1372 1285 1400 1301 an
1414 1284 1467 1301 non
1482 1278 1548 1301 falso
1561 1277 1669 1302 securus
1684 1278 1761 1306 vivit.

1156 1308 1205 1340 Qui
1214 1307 1313 1340 erroris
1325 1308 1443 1332 vinclum
1457 1308 1591 1340 funestum
1606 1309 1724 1340 prudens
1734 1309 1789 1340 jam
1805 1307 1896 1333 devicit.

1124 1339 1203 1375 Solus
1213 1339 1348 1375 liberjure
1362 1346 1393 1375 ac
1404 1346 1458 1375 non
1473 1339 1539 1375 falso
1554 1339 1663 1375 secprus
1673 1339 1817 1375 jam’vivit.

1155 1369 1205 1402 Qui
1217 1368 1313 1402 erroris
1325 1370 1441 1394 vinclum
1452 1372 1583 1402 tetrumac
1595 1368 1731 1395 funestum
1743 1371 1852 1402 prudens
1863 1368 1941 1393 devicit.

1125 1400 1203 1436 Solus
1216 1401 1282 1425 liber
1292 1401 1353 1436 jure
1366 1408 1395 1436 ac
1410 1408 1463 1436 non
1474 1401 1540 1436 falso
1550 1408 1667 1436 securam
1680 1400 1763 1426 vitam
1776 1402 1845 1436 vivit,

1156 1431 1205 1460 Qui
1216 1430 1311 1456 erroris
1324 1432 1440 1457 vinclum
1451 1434 1547 1456 tetrum
1561 1440 1591 1456 ac
1600 1433 1738 1458 funestum
1747 1432 1856 1464 prudens
1864 1430 1942 1463 jamde-

1808 1463 1871 1487 vicit.

1232 1503 1344 1530 CAPUT
1356 1503 1414 1530 VII.
1428 1518 1462 1522 —
1475 1503 1617 1530 Tribrachi
1625 1506 1714 1532 metra
1726 1506 1790 1539 quot
1801 1505 1859 1531 sint.

1159 1547 1186 1573 8.
1203 1547 1238 1574 D.
1261 1547 1315 1574 Nec
1336 1547 1369 1574 de
1399 1548 1527 1582 spondeo
1542 1547 1633 1575 habeo
1656 1549 1736 1583 quod
1760 1548 1900 1583 requiram,
1910 1552 1941 1570 ve-

1125 1590 1236 1617 niamus
1252 1591 1287 1618 ad
1303 1591 1490 1618 tribrachum.
1506 1592 1548 1618 Μ.
1573 1593 1614 1619 Ita
1628 1600 1707 1620 vero.
1725 1593 1779 1620 Sed
1796 1599 1855 1619 cum
1867 1595 1940 1617 omnes

1124 1637 1248 1669 quatuor
1262 1635 1422 1670 superiores
1435 1636 1531 1671 pedes,
1545 1636 1580 1663 de
1595 1636 1702 1671 quibus
1715 1637 1820 1664 dictum
1835 1637 1880 1667 est,
1893 1640 1941 1668 qua-

1123 1679 1263 1706 tuordena
1277 1681 1369 1706 metra
1386 1680 1561 1714 pepererint,
1587 1688 1652 1715 quae
1667 1680 1744 1708 fiunt
1763 1679 1844 1707 simul
1864 1685 1902 1705 sex
1921 1678 1939 1702 et

1123 1722 1342 1758 quinquaginta,
1357 1724 1441 1759 plura
1455 1726 1522 1750 sunt
1544 1725 1737 1759 exspectanda
1761 1725 1795 1752 de
1816 1721 1938 1750 tribracho.

1123 1768 1155 1794 In
1166 1767 1222 1794 illis
1237 1767 1314 1794 enim
1336 1776 1402 1794 cum
1426 1768 1549 1803 spatium
1565 1768 1721 1803 semipedis
1735 1769 1766 1795 in
1787 1767 1887 1795 silentio
1903 1766 1938 1796 est:

1123 1812 1187 1846 plus
1201 1819 1260 1838 una
1275 1811 1383 1847 syllaba
1396 1820 1454 1839 non
1469 1812 1585 1840 siletur:
1602 1812 1632 1839 in
1647 1813 1703 1840 hoc
1718 1816 1812 1841 autem
1826 1819 1882 1839 cum
1893 1809 1939 1836 sile-

1122 1864 1196 1889 mus,
1210 1864 1281 1883 num
1291 1864 1388 1883 censes
1401 1856 1486 1884 unius
1499 1856 1592 1884 brevis
1606 1857 1725 1892 syllabae
1740 1857 1829 1893 spatio
1843 1858 1939 1883 tantum-

1122 1900 1206 1927 modo
1222 1900 1299 1928 sileri
1326 1903 1467 1936 oportere,
1495 1909 1532 1928 an
1548 1903 1576 1928 et
1600 1901 1725 1929 duarum
1748 1901 1869 1929 brevium
1882 1905 1938 1926 mora

1121 1942 1235 1970 silentio
1251 1943 1391 1971 contineri
1409 1946 1524 1979 potest?
1538 1946 1775 1981 quandoquidem
1789 1953 1866 1973 nemo
1879 1941 1937 1970 dubi-

1121 1987 1223 2014 taverit
1238 1987 1381 2023 duplicem
1396 1989 1481 2024 hujus
1497 1998 1556 2016 esse
1576 1990 1749 2018 divisionem
1762 1999 1768 2017 :
1785 1996 1894 2024 namque
1905 1987 1937 2013 aut

1122 2031 1156 2058 ab
1167 2039 1225 2058 una
1235 2031 1345 2067 incipit,
1367 2035 1397 2060 et
1410 2032 1511 2060 ﬁnitur
1529 2034 1564 2061 ad
1580 2034 1666 2068 duas;
1700 2037 1749 2062 aut
1774 2037 1865 2062 contra
1886 2030 1937 2058 inci-

1121 2075 1202 2110 piens
1226 2084 1242 2102 a
1265 2076 1386 2111 duabus,
1409 2085 1467 2104 una
1486 2078 1667 2106 terminatur.
1699 2080 1793 2111 Quare
1814 2079 1881 2105 hunc
1900 2082 1937 2102 ne-

1121 2127 1198 2147 cesse
1213 2123 1257 2147 est
1268 2121 1369 2156 viginti
1392 2123 1420 2148 et
1432 2130 1522 2149 unum
1535 2125 1628 2150 metra
1642 2131 1804 2158 procreare.
1820 2124 1849 2149 D.
1870 2119 1936 2146 Veris-

1120 2164 1225 2191 simum
1239 2167 1288 2192 est.
1306 2166 1377 2192 Nam
1392 2165 1534 2202 incipiunt
1548 2175 1564 2193 a
1579 2170 1705 2203 quatuor
1716 2167 1854 2199 brevibus,
1868 2167 1890 2191 et
1898 2163 1936 2190 duo

1118 2209 1250 2244 tempora
1264 2209 1398 2237 sileamus
1411 2219 1416 2237 :
1432 2211 1535 2238 deinde
1561 2212 1690 2247 quinque
1715 2214 1790 2246 sunt,
1813 2210 1858 2238 ubi
1872 2214 1937 2235 unum

1119 2252 1250 2280 silemus:
1266 2254 1352 2281 tertio
1369 2263 1427 2289 sex,
1441 2255 1490 2283 ubi
1514 2256 1587 2282 nihil
1614 2256 1760 2284 silendum
1775 2258 1828 2282 est:
1855 2253 1934 2289 quarto

1118 2300 1238 2332 septem,
1254 2298 1303 2325 ubi
1321 2306 1418 2326 rursus
1441 2299 1497 2326 duo
1519 2302 1650 2336 tempora
1674 2301 1784 2329 silenda
1798 2301 1874 2327 sunt:
1889 2295 1935 2323 inde

1118 2343 1192 2374 octo,
1206 2342 1256 2369 ubi
1281 2350 1392 2370 unum:
1419 2345 1496 2370 sexto
1522 2352 1636 2378 novem,
1661 2345 1711 2372 ubi
1737 2345 1852 2372 nullum.
1867 2344 1936 2375 Mque

1117 2384 1157 2411 ita
1172 2394 1237 2412 cum
1253 2386 1374 2421 singulas
1388 2387 1542 2422 adduntur,
1561 2388 1651 2416 donec
1666 2389 1702 2416 ad
1729 2389 1828 2425 viginti
1840 2388 1937 2423 quatuor

1117 2429 1237 2464 syllabas
1260 2431 1402 2464 veniatur,
1439 2432 1490 2467 qui
1511 2435 1572 2460 octo
1602 2435 1668 2460 sunt
1691 2433 1837 2463 tribrachi,
1858 2429 1936 2465 vigilin

1116 2481 1208 2500 unum
1223 2474 1340 2501 omnino
1366 2478 1456 2502 metra
1480 2477 1670 2511 complentur.
1684 2478 1727 2504 Μ.
1751 2473 1935 2512 Expeditissime

1115 2517 1256 2544 rationem
1278 2521 1391 2545 secutus
1409 2527 1453 2546 es:
1474 2520 1522 2547 sed
1550 2528 1683 2548 ceusesne
1710 2521 1816 2556 ubique
1840 2528 1854 2546 a
1874 2515 1936 2544 uobis

1116 2562 1246 2596 exempla
1265 2570 1326 2589 esse
1350 2564 1523 2598 promenda;
1549 2572 1585 2591 an
1612 2573 1646 2592 ea
1669 2573 1734 2601 qua:
1763 2565 1816 2592 illis
1838 2563 1936 2599 quatuor

1115 2605 1215 2640 primis
1231 2606 1351 2640 pedibus
1365 2607 1546 2642 subjecimus,
1560 2609 1627 2635 satis
1643 2610 1800 2644 putandum
1814 2610 1852 2634 est
1869 2603 1935 2633 lumi-

1115 2649 1160 2676 nis
1178 2650 1287 2676 caeteris
1302 2659 1361 2677 esse
1383 2652 1564 2686 praebitura?
1580 2654 1611 2680 D.
1634 2653 1693 2681 Meo
1721 2653 1832 2689 quidem
1848 2647 1934 2687 judicio

1114 2693 1189 2720 satis.
1207 2695 1243 2722 Μ.
1261 2695 1315 2721 Nec
1331 2703 1384 2731 ego
1397 2704 1474 2723 nunc
1488 2697 1566 2724 aliud
1581 2698 1695 2734 requiro
1710 2706 1795 2733 quam
1807 2700 1886 2723 tuum.
1899 2693 1935 2718 νε-

1113 2740 1275 2765 rumtamen
1300 2740 1438 2774 quoniam
1451 2740 1513 2776 jam
1539 2741 1647 2777 optime
1673 2742 1728 2768 scis
1743 2742 1773 2768 in
1788 2734 1933 2776 pyrrhichiis

1114 2781 1213 2809 metris
1220 2784 1329 2810 mutato
1338 2783 1442 2819 plausu
1450 2792 1534 2820 posse
1543 2785 1701 2813 tribrachos
1707 2784 1814 2821 percuti
1826 2794 1832 2818 ;
1845 2787 1931 2818 qua-“’0'
