4080 6178
214 340 348 391 H33

203 464 404 514 utrum
433 459 752 531 pyrrhichii
778 462 1033 531 primum
1053 465 1302 517 metrum
1314 464 1495 534 possit
1506 464 1679 519 etiam
1699 465 1905 520 tribra-

204 548 296 603 chi
326 552 575 602 metrum
607 547 839 603 habere.
870 552 936 602 D.
970 550 1090 603 Non
1120 555 1307 620 potest
1341 566 1354 605 :
1384 553 1570 622 majus
1600 552 1755 607 enim
1787 570 1908 608 me-

203 644 357 692 trum
393 643 622 708 oportet
651 655 769 692 esse
801 655 972 709 quam
997 640 1223 709 pedem.
1258 642 1331 695 M.
1365 641 1531 711 Quid,
1563 644 1911 698 secundum?

204 729 269 781 D.
302 728 525 780 Potest:
559 742 691 779 nam
722 726 921 781 breves
950 731 1198 797 quatuor
1226 728 1542 799 pyrrhichii
1587 730 1701 784 duo
1752 736 1904 798 sunt,

205 814 525 869 tribrachus
578 830 722 867 unus
772 818 828 868 et
860 815 1126 884 semipes.
1174 814 1254 868 ita
1298 820 1364 869 ut
1408 816 1490 870 ibi
1536 817 1782 885 nullum,
1817 818 1908 871 hic

206 901 321 955 duo
350 905 611 969 tempora
642 900 925 953 sileamus.
956 902 1032 955 M.
1058 902 1271 955 Mutato
1302 901 1479 972 igitur
1506 903 1713 973 plausu
1732 904 1907 959 habes

204 988 265 1042 in
294 987 638 1058 pyrrhichiis
670 988 843 1041 etiam
868 988 1142 1043 tribrachi
1171 991 1431 1061 exempla
1473 1008 1652 1063 usque
1683 992 1753 1045 ad
1781 1009 1904 1046 sex-

200 1075 387 1129 decim
417 1076 678 1147 syllabas,
732 1076 791 1129 id
822 1080 906 1129 est
959 1092 1140 1148 usque
1170 1077 1239 1131 ad
1288 1078 1544 1149 quinque
1591 1078 1906 1133 tribrachos

200 1167 262 1216 et
290 1164 664 1233 semipedem,
700 1164 910 1234 quibus
941 1165 1112 1219 debes
1152 1182 1272 1220 esse
1313 1171 1614 1221 contentus
1648 1183 1662 1221 :
1698 1172 1902 1222 caetera

199 1251 357 1305 enim
413 1258 577 1322 potes
607 1253 697 1305 vel
743 1268 879 1306 voce
908 1254 996 1307 vel
1045 1253 1237 1325 aliquo
1283 1255 1485 1325 plausu
1535 1271 1637 1326 per
1681 1261 1736 1309 te
1782 1255 1903 1327 ipse

197 1345 518 1395 contexere.
552 1340 608 1394 Si
626 1345 820 1395 tamen
852 1341 1037 1396 adhuc
1066 1342 1295 1397 aurium
1325 1360 1491 1397 sensu
1521 1345 1899 1415 explorandos

198 1426 605 1497 hujuscemodi
635 1444 906 1483 numeros
927 1430 1239 1484 arbitraris.
1272 1435 1340 1487 D.
1374 1432 1597 1485 Faciam
1634 1432 1902 1502 equidem

194 1516 351 1586 quod
378 1516 665 1570 videbitur
697 1534 709 1571 :
740 1516 1037 1571 videamus
1068 1534 1196 1588 qua:
1224 1523 1460 1573 restant.

614 1605 839 1660 CAPUT
868 1607 1014 1659 VIII.
1045 1637 1114 1645 —
1134 1610 1209 1660 De
1244 1606 1480 1675 dactylo.

271 1696 322 1747 9.
363 1694 455 1747 Μ.
502 1694 762 1764 Dactylus
815 1694 1093 1764 sequitur,
1154 1694 1255 1765 qui
1284 1696 1458 1748 semel
1488 1694 1665 1750 dividi
1693 1699 1895 1767 potest.

187 1786 284 1835 An
314 1781 477 1836 aliter
502 1786 671 1853 putas
691 1782 718 1836 ?
746 1786 809 1837 D.
839 1783 961 1836 Imo
999 1783 1079 1836 ita
1109 1788 1210 1837 est.
1242 1783 1322 1837 M.
1366 1784 1548 1847 Quota
1606 1800 1742 1854 ergo
1777 1785 1900 1854 ejus

188 1887 327 1941 pars
358 1874 548 1940 potest
573 1887 693 1925 esse
723 1871 784 1924 in
826 1870 1053 1925 silentio
1074 1870 1101 1924 ‘?
1148 1874 1210 1925 D.
1250 1870 1497 1925 Dimidia
1547 1871 1778 1927 scilicet.
1812 1874 1897 1926 Μ.

188 1957 362 2024 Quid,
442 1958 487 2011 si
552 1963 682 2029 post
738 1958 1023 2028 dactylum
1092 1958 1341 2012 trochaeo
1403 1958 1732 2026 constituto,
1765 1959 1901 2013 velit

189 2044 483 2115 quispiam
513 2046 680 2099 silere
709 2062 891 2100 unum
920 2050 1174 2117 tempus,
1207 2046 1362 2117 quod
1386 2046 1446 2100 in
1494 2047 1651 2101 brevi
1684 2047 1901 2117 syllaba

189 2133 420 2204 dactylo
449 2133 688 2187 debetur
707 2134 1000 2204 implendo
1018 2136 1047 2187 ?
1072 2134 1212 2204 quid
1240 2134 1711 2204 respondebimus
1728 2136 1757 2187 ‘2
1776 2136 1900 2188 Non

190 2219 351 2273 enim
380 2237 679 2291 possumus
709 2222 894 2276 dicere
925 2222 1115 2276 minus
1147 2238 1321 2293 quam
1354 2223 1603 2293 spatium
1652 2222 1899 2289 semipe-

187 2306 287 2361 dis
328 2308 481 2362 sileri
504 2325 620 2364 non
650 2314 933 2380 oportere.
992 2310 1155 2364 Ratio
1187 2310 1343 2364 enim
1372 2310 1633 2381 superius
1663 2314 1901 2365 tractata

185 2411 315 2450 non
344 2397 555 2468 minus,
587 2399 688 2453 sed
718 2398 964 2469 amplius
1015 2414 1187 2469 quam
1232 2398 1540 2470 semipedis
1568 2404 1794 2470 tempus
1822 2399 1897 2452 si-

184 2485 429 2540 lendum
454 2503 572 2540 non
592 2503 710 2540 esse
726 2492 1102 2558 persuaserat.
1133 2488 1276 2541 Nam
1298 2488 1495 2558 utique
1516 2488 1706 2541 minus
1724 2504 1898 2558 quam

184 2575 443 2645 semipes
473 2576 674 2629 siletur
700 2575 761 2629 in
792 2575 1145 2642 choriambo,
1188 2575 1290 2629 ubi
1342 2583 1470 2646 post
1498 2575 1689 2646 ipsum
1726 2576 1899 2630 chor—

183 2661 453 2716 iambum
506 2664 772 2717 bacchius
820 2665 1148 2730 collocatur,
1202 2665 1365 2735 cujus
1414 2666 1744 2736 exemplum
1791 2668 1895 2730 est,

180 2753 472 2807 Fonticolav
496 2754 707 2821 puellae.
752 2752 929 2807 Unius
981 2751 1135 2807 enim
1186 2752 1373 2807 brevis
1430 2753 1663 2823 syllabae
1712 2753 1896 2822 spatio

182 2840 287 2895 hic
316 2857 423 2895 nos
454 2841 621 2895 silere
652 2841 961 2912 cognoscis,
999 2840 1153 2911 quod
1202 2858 1297 2894 sex
1328 2841 1683 2911 temporibus
1728 2841 1893 2895 debe-

182 2934 286 2984 tur
316 2929 647 2999 implendis.
707 2931 782 2985 D.
816 2930 1027 2983 Verum
1080 2928 1239 2983 dicis.
1272 2929 1356 2982 Μ.
1413 2928 1733 2983 Constituto
1761 2945 1896 2999 ergo

186 3018 447 3071 trochaeo
471 3024 598 3089 post
629 3018 935 3089 dactylum,
968 3016 1234 3071 licebitne
1257 3016 1432 3071 etiam
1456 3033 1638 3070 unum
1669 3022 1897 3086 tempus

186 3106 407 3160 silere?
435 3108 516 3161 D.
555 3108 635 3160 Ita
666 3123 838 3178 cogor
866 3105 1050 3160 fateri.
1084 3106 1171 3159 Μ.
1203 3104 1339 3169 Quis
1367 3110 1424 3159 te
1465 3105 1696 3159 tandem
1727 3121 1896 3175 coge-

186 3199 299 3261 ret,
335 3194 384 3248 si
413 3194 766 3249 meminisses
805 3192 1215 3265 superiorum?
1246 3195 1359 3247 Hoc
1401 3192 1556 3247 enim
1609 3192 1709 3246 tibi
1751 3191 1897 3245 acci-

186 3283 293 3350 dit,
327 3284 481 3354 quod
504 3284 573 3338 de
594 3283 980 3337 indifferentia
1004 3282 1219 3336 ultima:
1246 3281 1501 3352 syllabae,
1527 3286 1584 3334 et
1610 3279 1896 3350 quomodo

188 3372 301 3427 sibi
331 3373 593 3427 ultimam
624 3374 854 3443 longam
887 3372 1173 3426 vindicent
1204 3387 1393 3433 aures,
1428 3370 1528 3424 ubi
1557 3373 1731 3422 restat
1776 3385 1899 3439 spa-

187 3462 337 3515 tium
372 3478 485 3532 quo
515 3462 862 3533 porrigatur,
895 3461 1118 3514 etiamsi
1140 3460 1327 3514 brevis
1355 3459 1447 3524 sit,
1476 3458 1611 3529 quid
1653 3458 1893 3511 demon-

186 3553 432 3604 stratum
461 3550 634 3604 fuerit
662 3550 873 3604 oblitus
904 3566 984 3602 es.
1018 3552 1081 3603 D.
1117 3549 1239 3601 Jam
1276 3545 1535 3616 intelligo
1572 3562 1585 3599 ε
1618 3562 1753 3599 nam
1786 3544 1895 3598 uti-

188 3654 304 3710 que
335 3638 381 3692 si
413 3639 678 3693 ultimam
710 3638 989 3708 syllabam
1044 3637 1295 3704 brevem,
1338 3634 1568 3706 quando
1617 3638 1790 3687 restat
1819 3633 1896 3686 si-

186 3728 459 3793 lentium,
518 3729 751 3796 longam
801 3742 973 3780 aures
1022 3724 1326 3795 accipiunt,
1390 3722 1537 3777 sicut
1599 3721 1895 3792 superiore

186 3817 413 3871 ratione
430 3817 817 3887 exemplisque
832 3816 1203 3887 cognovimus
1227 3836 1242 3883 ;
1262 3814 1407 3869 nihil
1422 3812 1683 3867 intererit
1704 3818 1896 3865 utrum

187 3908 322 3973 post
355 3904 640 3975 dactylum
675 3904 978 3965 trochaeus,
1007 3920 1081 3957 an
1107 3903 1393 3974 spondeus
1425 3903 1661 3956 locetur.
1686 3900 1898 3965 Quam-

187 3992 391 4046 obrem
424 4008 553 4046 cum
583 3993 849 4063 repetitio
884 3992 1288 4062 distinguenda
1315 3990 1538 4044 silentio
1570 3994 1672 4055 est,
1722 4004 1898 4042 unam

186 4081 426 4151 longam
455 4080 730 4151 syllabam
776 4084 1002 4151 oportet
1053 4084 1182 4151 post
1238 4080 1525 4150 dactylum
1565 4093 1797 4148 ponere,
1833 4081 1899 4131 ut

189 4169 441 4223 duorum
470 4174 796 4240 temporum
828 4169 1010 4239 spatio
1042 4169 1329 4222 sileamus.
1374 4168 1461 4220 Μ.
1494 4166 1638 4230 Quid
1670 4165 1717 4218 si
1762 4181 1897 4235 pyr-

188 4256 450 4310 rhichius
479 4262 728 4328 ponatur
756 4260 883 4326 post
933 4256 1240 4325 dactylum,
1275 4258 1497 4308 rectene
1527 4252 1653 4307 ﬁeri
1686 4252 1901 4322 putas?

188 4349 260 4399 Ι).
290 4345 414 4398 Non
440 4350 591 4399 recte
621 4362 633 4398 :
672 4361 807 4398 nam
834 4348 1023 4397 utrum
1058 4343 1212 4396 idem
1260 4341 1352 4408 sit,
1397 4356 1471 4393 an
1520 4340 1765 4405 iambus,
1807 4339 1896 4392 ni-

186 4433 277 4486 hil
306 4432 564 4502 interest,
596 4433 882 4504 siquidem
915 4449 1019 4503 pro
1046 4431 1235 4485 iambo
1262 4446 1395 4483 eum
1424 4444 1651 4483 necesse
1680 4431 1764 4481 est
1806 4444 1894 4480 ac-

188 4520 308 4591 cipi
337 4525 575 4591 propter
603 4521 888 4587 ultimam,
917 4536 1088 4591 quam
1143 4520 1375 4589 longam
1423 4516 1659 4587 exigunt
1708 4531 1897 4583 aures,

188 4608 327 4680 quia
364 4614 541 4663 restat
570 4609 878 4663 silentium.
912 4609 1171 4661 Iambum
1216 4611 1410 4661 autem
1456 4621 1575 4659 non
1632 4608 1896 4675 oportere

186 4698 333 4769 poni
363 4704 489 4768 post
519 4699 1069 4769 dactylum,propter
1098 4694 1484 4750 diversitatem
1518 4693 1812 4747 levationis
1842 4696 1898 4746 et

188 4784 513 4857 positionis,
554 4801 799 4856 quarum
834 4790 1097 4839 neutram
1126 4782 1424 4853 oportetin
1444 4781 1669 4852 dactylo
1688 4780 1899 4836 habere

188 4874 308 4928 tria
336 4877 617 4944 tempora,
649 4874 776 4944 quis
808 4889 926 4926 non
957 4870 1279 4942 intelligat?

656 4963 787 5015 CAP
800 4962 886 5015 UT
910 4962 994 5015 IX.
1022 4990 1087 5000 —
1100 4963 1175 5014 De
1198 4960 1431 5013 bacchio.

273 5052 353 5103 ιο.
382 5051 467 5105 Μ.
502 5049 727 5119 Optime
760 5048 995 5103 omnino
1030 5054 1199 5120 atque
1231 5046 1570 5118 sequaciter.
1616 5044 1724 5100 Sed
1764 5044 1900 5115 quid

184 5136 298 5192 tibi
326 5138 559 5191 tandem
578 5138 805 5192 videtur
835 5138 905 5192 de
932 5140 1218 5207 anapaesto
1238 5135 1266 5189 ‘l
1297 5151 1367 5188 an
1389 5133 1592 5187 eadem
1620 5132 1763 5187 ratio
1785 5134 1900 5187 est?

186 5229 269 5281 D.
301 5228 539 5280 Prorsus
569 5226 788 5281 eadem.
822 5226 907 5279 Μ.
957 5226 1083 5279 lam
1118 5240 1253 5294 ergo
1304 5221 1603 5277 bacchium
1633 5221 1897 5275 conside-

187 5330 409 5381 remus,
443 5314 490 5368 si
520 5315 725 5385 placet,
762 5318 817 5368 et
867 5313 960 5367 dic
988 5312 1132 5367 mihi
1163 5312 1314 5383 quod
1344 5310 1597 5381 primum
1630 5310 1751 5380 ejus
1779 5326 1899 5363 me-

187 5410 347 5458 trum
379 5408 489 5457 est.
529 5405 603 5459 D.
640 5405 898 5467 Quatuor
927 5401 1169 5471 syllabas
1201 5403 1341 5470 puto
1372 5414 1514 5465 esse,
1556 5413 1732 5451 unam
1779 5397 1903 5452 bre-

187 5508 347 5559 vem,
382 5496 439 5546 ct
467 5497 583 5546 tres
609 5491 834 5564 longas,
867 5505 1113 5561 quarum
1143 5487 1271 5543 duae
1318 5486 1399 5541 ‘ad
1430 5485 1732 5541 bacchium
1761 5501 1898 5555 per-

199 5580 416 5647 tinent,
450 5595 566 5634 una
596 5595 729 5635 vero
762 5579 965 5635 ultima
1022 5578 1092 5633 ad
1135 5574 1559 5632 inchoationem
1595 5574 1717 5645 ejus
1742 5572 1909 5644 pedis

1676 343 1885 400 LIBER
1928 344 2277 412 QUARTUS.

3584 373 3719 425 1134

2021 473 2120 543 qui
2147 490 2278 528 cum
2309 476 2540 531 bacchio
2571 480 2711 548 poni
2739 486 2961 550 potest;
2996 488 3059 537 ut
3086 484 3145 538 id
3176 487 3330 556 quod
3372 488 3425 541 ei
3455 489 3713 560 debetur,

2019 561 2091 615 sit
2120 562 2180 615 in
2211 563 2435 619 silentio
2468 582 2480 620 :
2510 566 2572 620 in
2598 567 2788 637 aliquo
2833 573 3026 625 tamen
3057 575 3315 644 exemplo
3354 576 3559 631 vellem
3607 579 3713 632 hoc

2016 649 2249 704 auribus
2292 654 2605 723 explorare.
2665 655 2741 708 M.
2793 656 2974 710 Facile
3037 660 3269 729 quidem
3310 668 3395 716 est
3455 666 3715 735 exempla

2016 739 2314 809 subjicere,
2346 741 2555 812 quibus
2586 747 2781 797 tamen
2813 760 2931 798 non
2968 751 3024 800 te
3074 749 3320 802 arbitror
3344 751 3423 804 ita
3452 756 3517 805 ut
3546 769 3712 822 supe-

2014 824 2264 880 rioribus
2291 845 2457 898 posse
2487 830 2754 884 delectari
2780 848 2792 885 :
2816 848 2951 885 nam
2981 832 3075 887 isti
3100 834 3344 904 quinum
3382 843 3708 908 temporum

2013 914 2206 983 pedes,
2238 922 2303 970 ut
2324 917 2496 970 etiam
2525 924 2840 989 septenum,
2886 936 3003 973 non
3034 925 3151 975 tam
3174 923 3420 977 suaviter
3448 934 3711 996 currunt,

2014 1018 2189 1073 quam
2218 1004 2260 1057 ii
2290 1005 2389 1075 qui
2420 1010 2517 1060 aut
2546 1008 2604 1059 in
2635 1024 2827 1077 aequas
2878 1013 3064 1078 partes
3120 1010 3471 1079 dividuntur,
3527 1020 3625 1068 aut
3652 1016 3711 1068 in

2013 1092 2279 1162 simplam
2310 1098 2364 1147 et
2393 1094 2647 1164 duplam,
2678 1096 2765 1150 vel
2794 1096 2854 1149 in
2880 1096 3115 1167 duplam
3156 1104 3213 1153 et
3242 1100 3510 1171 simplam
3539 1121 3553 1168 ;
3584 1107 3709 1155 tau-

2012 1183 2138 1233 tum
2166 1182 2404 1235 interest
2440 1182 2591 1237 inter
2642 1189 2933 1254 sesquatos
2978 1190 3167 1239 motus
3220 1191 3276 1240 et
3318 1189 3565 1258 aequales
3615 1201 3711 1244 aut

2011 1269 2398 1337 complicatos,
2426 1269 2493 1322 de
2526 1270 2733 1340 quibus
2774 1274 2907 1324 satis
2939 1272 2998 1325 in
3026 1273 3212 1343 primo
3242 1276 3339 1329 illo
3368 1283 3561 1331 nostro
3594 1295 3708 1332 ser-

2011 1371 2179 1409 mone
2208 1357 2590 1410 tractavimus.
2625 1359 2819 1428 Itaque
2850 1359 2956 1412 hos
2987 1361 3175 1430 pedes,
3234 1364 3492 1435 quinque
3522 1382 3586 1419 ac
3623 1383 3709 1419 se-

2009 1448 2167 1513 ptem
2198 1444 2410 1498 scilicet
2439 1451 2783 1514 temporum,
2816 1447 2903 1500 uti
2934 1451 3328 1517 aspernantius
3379 1458 3587 1520 poetae,
3633 1454 3712 1507 ita

2010 1534 2196 1585 soluta
2223 1532 2498 1587 libentius
2538 1534 2775 1587 assumit
2806 1535 2989 1588 oratio
3024 1552 3035 1589 :
3070 1538 3225 1606 quod
3277 1537 3460 1592 videri
3492 1539 3713 1594 facilius

2008 1620 2070 1673 in
2117 1621 2390 1690 exemplis
2432 1638 2559 1691 qua:
2602 1622 2923 1691 postulasti,
2976 1628 3205 1693 potest:
3237 1640 3371 1678 nam
3421 1626 3531 1681 ista
3557 1634 3706 1693 sunt,

2008 1710 2246 1764 Laborat
2274 1712 2534 1775 magister
2556 1711 2745 1764 docens
2798 1712 3003 1765 tardos.
3041 1714 3154 1765 Hoc
3185 1715 3409 1767 revolve
3454 1715 3708 1786 interpo-

2009 1797 2117 1851 sito
2147 1798 2325 1851 trium
2358 1804 2682 1867 temporum
2715 1799 2961 1865 silentio,
2997 1801 3153 1870 quod
3200 1806 3262 1855 ut
3298 1802 3537 1856 sentires
3567 1805 3711 1858 faci-

2008 1885 2139 1949 lius,
2173 1886 2302 1940 ideo
2355 1892 2487 1956 post
2527 1890 2642 1940 tres
2691 1886 2865 1957 pedes
2917 1888 3151 1957 longam
3208 1890 3486 1958 syllabam
3516 1891 3705 1960 posui,

2011 1975 2165 2044 quod
2194 1979 2279 2028 est
2307 1973 2535 2028 initium
2564 1974 2776 2041 cretici,
2829 1976 2928 2045 qui
2966 1992 3095 2043 cum
3138 1976 3369 2030 bacchio
3422 1978 3559 2048 poni
3606 1995 3706 2049 po-

2008 2063 2135 2113 test.
2164 2061 2276 2114 Nec
2327 2061 2399 2114 ad
2445 2060 2699 2131 primum
2728 2066 2977 2117 metrum
3012 2065 3337 2134 exemplum
3369 2065 3529 2120 dedi‘
3553 2067 3708 2137 quod

2010 2152 2095 2202 est
2125 2153 2373 2219 quatuor
2402 2150 2770 2219 syllabarum,
2807 2167 2879 2204 ne
2908 2168 3057 2205 unus
3114 2169 3212 2223 pes
3268 2170 3384 2207 non
3425 2159 3571 2208 esset
3618 2172 3706 2208 sa-

2009 2234 2080 2289 tis
2109 2238 2180 2290 ad
2210 2238 2692 2291 commonendum
2727 2253 2961 2292 sensum
3008 2243 3195 2304 tuum,
3245 2246 3527 2310 quantum
3574 2247 3703 2312 post

2008 2323 2174 2378 illum
2205 2328 2373 2395 atque
2407 2341 2580 2379 unam
2614 2326 2842 2396 longam
2875 2326 3042 2379 silere
3093 2327 3349 2382 deberes.
3380 2330 3541 2393 Quod
3581 2346 3707 2384 ecce

2010 2428 2163 2467 nunc
2192 2414 2377 2480 edam,
2411 2417 2580 2483 atque
2636 2413 2756 2484 ipse
2803 2418 3083 2485 repetam,
3120 2418 3182 2468 ut
3210 2416 3269 2469 in
3300 2433 3430 2470 meo
3479 2417 3705 2471 silentio

2008 2503 2119 2555 tria
2147 2507 2409 2573 tempora
2439 2502 2644 2555 sentias
2676 2518 2689 2555 :
2724 2502 2900 2557 Labor
2928 2505 3129 2570 nullus,
3166 2504 3335 2559 Amor
3364 2521 3610 2573 magnus.
3640 2509 3702 2559 D.

2008 2589 2151 2643 Satis
2182 2595 2420 2660 apparet
2448 2590 2646 2644 solutae
2681 2591 2923 2644 orationi
2954 2592 3057 2644 hos
3087 2607 3206 2645 esse
3236 2594 3707 2662 congruentiores

2008 2679 2200 2747 pedes,
2232 2683 2289 2732 et
2320 2678 2465 2731 nihil
2492 2694 2637 2747 opus
2685 2681 2771 2731 est
2824 2679 3098 2748 exemplis
3131 2683 3333 2732 caetera
3385 2696 3703 2734 excurrere.

2006 2768 2092 2820 Μ.
2127 2767 2337 2820 Verum
2366 2765 2542 2819 dicis:
2572 2766 2668 2819 sed
2727 2781 2866 2819 num
2918 2765 3026 2818 tibi
3079 2781 3208 2818 cum
3264 2767 3547 2820 silendum
3597 2774 3701 2833 est,

2007 2871 2124 2908 una
2150 2859 2372 2908 tantum
2402 2854 2571 2923 longa
2611 2852 2832 2906 videtur
2854 2852 2994 2921 poni
3018 2868 3187 2922 posse
3220 2858 3349 2922 post
3376 2854 3707 2907 bacchium?

2006 2944 2091 2997 D.
2129 2943 2253 2997 Non
2280 2958 2455 3007 sane;
2488 2941 2583 2994 sed
2615 2940 2787 2994 etiam
2835 2940 3019 2995 brevis
3066 2945 3122 2995 et
3168 2941 3358 3011 longa,
3392 2942 3491 3012 qui
3550 2943 3703 3012 ejus-

2007 3030 2137 3084 dem
2168 3027 2387 3083 bacchii
2434 3028 2678 3097 semipes
2725 3028 2944 3098 primus
2995 3033 3081 3083 est
3112 3045 3123 3083 :
3153 3044 3287 3082 nam
3314 3028 3360 3081 si
3392 3028 3556 3083 nobis
3610 3030 3703 3083 in-

2007 3118 2213 3171 choare
2245 3116 2515 3170 creticum
2550 3116 2727 3183 licuit,
2753 3115 2888 3187 quia
2916 3132 3045 3170 cum
3068 3116 3270 3171 eodem
3303 3117 3535 3171 bacchio
3566 3118 3705 3188 poni

2005 3210 2229 3277 potest;
2263 3209 2478 3276 quanto
2510 3205 2693 3275 magis
2722 3204 2781 3259 id
2811 3206 2879 3259 de
2909 3204 3034 3274 ipso
3060 3204 3292 3259 bacchio
3338 3204 3520 3259 facere
3567 3205 3702 3259 lice-

2006 3295 2113 3363 bit,
2144 3310 2274 3347 cum
2305 3294 2624 3364 praesertim
2670 3309 2787 3347 non
2839 3297 3024 3347 totum
3083 3294 3150 3347 de
3207 3293 3412 3347 cretico
3442 3293 3703 3364 posueri-

2009 3400 2134 3437 mus
2164 3382 2319 3453 quod
2338 3372 2540 3453 primae
2552 3382 2703 3453 parti
2731 3382 2952 3437 bacchii
2981 3381 3052 3436 sit
3076 3383 3295 3454 azquale
3314 3382 3702 3453 temporibus?

2007 3471 2234 3525 CAPUT
2264 3472 2325 3526 Χ.
2354 3502 2421 3511 —
2448 3472 2608 3525 Plena
2635 3472 2772 3543 pedi
2798 3472 2932 3541 quid
2969 3471 3213 3525 addatur
3241 3475 3365 3525 ante
3407 3473 3700 3525 silentium.

2081 3564 2160 3613 Η.
2200 3560 2283 3613 Μ.
2316 3561 2439 3614 Jam
2471 3575 2627 3629 ergo,
2659 3558 2705 3612 si
2733 3561 2936 3629 placet,
2963 3575 3055 3611 me
3102 3558 3369 3612 audiente
3400 3561 3569 3627 atque
3610 3556 3705 3627 ju-

2007 3648 2251 3714 dicante,
2282 3653 2345 3701 tu
2376 3648 2497 3717 ipse
2522 3664 2625 3716 per
2651 3653 2855 3700 caetera
2904 3662 3158 3715 excurre,
3192 3651 3249 3699 et
3280 3646 3416 3715 quid
3447 3651 3702 3715 ponatur

2005 3740 2135 3807 post
2159 3737 2393 3807 plenum
2447 3735 2672 3805 pedem,
2732 3735 2960 3805 quando
2988 3733 3213 3788 silentio
3275 3732 3561 3804 reliquum
3592 3733 3701 3785 im-

2006 3826 2281 3897 pleturin
2310 3824 2575 3879 omnibus
2630 3823 2869 3895 pedibus
2919 3822 3019 3894 qui
3073 3827 3309 3889 restant,
3373 3836 3698 3892 exsequere.

2006 3918 2071 3970 D.
2102 3914 2505 3969 Brevissimum
2540 3912 2682 3984 jam,
2718 3912 2943 3983 opinor,
3004 3915 3173 3982 atque
3224 3909 3561 3965 facillimum
3619 3912 3705 3962 est

2007 4002 2161 4074 quod
2187 4002 2430 4072 requiris
2468 4018 2480 4055 :
2514 4016 2649 4054 nam
2680 4000 2831 4072 quod
2877 4000 2945 4053 de
2988 3999 3221 4053 bacchio
3268 3998 3484 4053 dictum
3508 4001 3611 4063 est,
3646 3996 3705 4050 id

2007 4093 2180 4146 etiam
2210 4091 2279 4146 de
2301 4090 2550 4145 secundo
2578 4105 2776 4160 paaone
2809 4088 2919 4142 dici
2950 4092 3149 4158 potest.
3173 4089 3307 4141 Post
3321 4086 3593 4139 creticum
3608 4101 3705 4139 au-

2005 4183 2122 4233 tem
2154 4184 2211 4233 et
2238 4194 2414 4232 unam
2444 4179 2678 4247 longam
2723 4176 2997 4246 syllabam
3052 4174 3183 4228 licet
3211 4189 3448 4243 ponere,
3482 4177 3540 4225 et
3566 4171 3705 4224 iam-

2005 4265 2165 4330 bum,
2199 4269 2255 4317 et
2283 4264 2600 4333 spondeum
2628 4283 2642 4329 ;
2670 4262 2752 4316 ita
2778 4267 2843 4317 ut
2872 4267 2972 4316 aut
2990 4262 3100 4315 tria
3125 4264 3406 4329 tempora,
3441 4262 3539 4311 aut
3568 4258 3698 4320 duo,

2006 4356 2103 4406 aut
2134 4367 2316 4405 unum
2348 4350 2598 4403 sileatur.
2634 4350 2797 4413 Quod
2845 4355 3036 4403 autem
3090 4348 3159 4402 de
3198 4347 3307 4400 hoc
3337 4346 3552 4400 dictum
3598 4345 3701 4409 est,

2006 4441 2063 4495 id
2105 4444 2159 4493 et
2184 4440 2245 4492 in
2272 4438 2523 4509 primum
2556 4442 2612 4491 et
2638 4438 2698 4491 in
2726 4438 2998 4492 ultimum
3027 4450 3290 4506 paeonem
3322 4433 3473 4487 cadit
3499 4430 3539 4486 ².
3580 4433 3705 4486 Jam

2006 4534 2136 4600 post
2166 4527 2642 4597 palimbacchium
2670 4528 2755 4581 vel
2791 4543 2961 4580 unam
2998 4526 3229 4594 longam
3269 4522 3353 4576 vel
3386 4520 3704 4592 spondeum

2009 4616 2273 4672 collocari
2320 4617 2499 4683 decet,
2559 4603 2822 4687 quocirca
2870 4618 2925 4668 et
2966 4612 3027 4666 in
3083 4613 3189 4665 hoc
3236 4615 3419 4663 metro
3472 4613 3569 4663 aut
3597 4609 3706 4663 tria

2006 4712 2285 4777 tempora,
2339 4710 2439 4759 aut
2486 4721 2668 4759 unum
2726 4702 3003 4757 silebitur.
3056 4700 3267 4753 Eadem
3319 4697 3571 4752 conditio
3622 4700 3707 4751 est

2006 4795 2225 4866 paeonis
2255 4794 2427 4849 tertii.
2461 4794 2606 4847 Sane
2654 4791 3003 4859 ubicumque
3035 4787 3339 4859 spondeus,
3370 4786 3450 4841 ibi
3480 4790 3535 4840 et
3564 4802 3700 4840 ana-

2008 4887 2219 4955 paestus
2244 4883 2372 4954 jure
2399 4882 2649 4953 ponitur.
2700 4882 2834 4935 Post
2877 4879 3193 4934 molossum
3235 4894 3388 4944 vero,
3437 4877 3591 4948 quod
3635 4876 3706 4930 ad

2008 4973 2130 5043 ejus
2150 4972 2354 5026 attinet
2382 4969 2739 5036 divisionem,
2774 4972 2871 5022 aut
2891 4983 3067 5021 unam
3097 4968 3327 5038 longam
3356 4969 3419 5021 ut
3438 4970 3702 5036 quatuor,

2009 5066 2109 5115 aut
2132 5060 2270 5115 duas
2295 5058 2563 5130 ponimus
2593 5060 2658 5112 ut
2687 5058 2800 5111 duo
2832 5061 3091 5127 tempora
3121 5056 3407 5110 sileamus.
3437 5054 3547 5108 Sed
3564 5069 3706 5121 quo-

2011 5150 2167 5203 niam
2212 5152 2267 5203 et
2322 5164 2495 5202 censu
2549 5151 2607 5202 et
2655 5145 2875 5201 ratione
2932 5146 3287 5217 exploratum
3317 5148 3420 5210 est,
3452 5140 3707 5195 ordinari

2076 5273 2102 5335 ιλ
2121 5270 2205 5318 Er.
2222 5268 2385 5335 Lugd.
2415 5268 2636 5335 habent:
2666 5269 2767 5319 Nec
2791 5268 3031 5335 adprimt
3060 5268 3209 5317 metri
3238 5263 3541 5335 exenzplugn
3555 5262 3708 5335 degit;

2011 5337 2063 5381 et
2090 5332 2144 5381 in
2170 5327 2405 5393 margine
2433 5331 2582 5389 adeo,
2609 5345 2704 5393 pro
2734 5330 2803 5379 ad
2824 5348 2841 5389 ,-
2866 5327 3019 5393 Lov,,
3049 5341 3147 5393 nec
3178 5327 3314 5393 adeo
3343 5327 3707 5393 primi_m_etri.

2010 5395 2107 5443 Ms.
2132 5394 2190 5449 Α,
2217 5386 2313 5441 τιεὲ
2335 5396 2497 5455 primi
2522 5386 2677 5442 πιεῖνί
2703 5409 2714 5451 ;
2742 5398 2793 5441 at
2808 5386 2901 5440 Ms.
2925 5394 2962 5440 B
2987 5386 3113 5453 legit
3133 5395 3191 5439 ut
3209 5386 3550 5437 Benedictini.
3579 5388 3708 5435 Ven.

2011 5461 2215 5519 textum
2230 5456 2317 5519 Er.
2350 5459 2401 5503 et
2426 5455 2587 5517 Lugd.
2622 5456 2876 5519 sequitur,
2904 5456 2970 5503 M.
3022 5514 3035 5519 _
3172 5515 3201 5519 _
3324 5516 3331 5519 _
3445 5510 3458 5519 ε
3601 5510 3635 5519 η
3683 5510 3692 5519 1

2074 5520 2095 5552 9
2124 5518 2458 5580 Adjiciuntur
2480 5510 2532 5565 av
2545 5519 2641 5565 Ms.
2694 5510 2742 5566 Ἀ
2788 5510 2903 5566 haec
2930 5514 3089 5565 verba
3121 5526 3131 5561 :
3160 5515 3396 5575 Propter
3424 5510 3559 5562 duas
3580 5510 3713 5561 divi-

2014 5583 2208 5630 siones.
2244 5580 2312 5628 M.
