4098 6182
446 306 578 358 1135

441 440 572 480 cum
598 439 665 478 eo
692 438 856 494 posse
896 437 1093 476 omnes
1153 435 1354 474 senum
1403 422 1730 486 temporum
1785 415 1975 486 pedes,
2021 416 2134 470 erit

437 518 564 584 post
589 527 722 566 eum
749 511 908 565 locus
933 514 990 563 et
1015 508 1226 573 iambo,
1282 511 1336 560 et
1371 504 1480 558 tria
1511 508 1771 575 tempora
1799 503 2018 558 silenda
2045 520 2136 558 re-

438 601 750 656 manebunt
777 616 790 666 ;
819 599 926 654 erit
953 602 1008 652 et
1063 596 1289 660 cretico,
1351 599 1406 647 et
1452 594 1631 646 unum
1680 592 1956 646 tacebitur
1984 610 1997 660 ;
2029 593 2135 647 hac

440 688 763 743 conditione
793 687 901 740 erit
929 691 984 740 et
1011 683 1269 739 bacchio.
1309 685 1380 735 At
1419 681 1464 734 si
1496 681 1556 734 in
1598 681 1738 734 duas
1788 681 1985 735 breves
2016 681 2135 751 pri-

439 792 592 830 mam
624 773 834 837 cretici,
889 777 946 826 et
976 770 1279 825 secundam
1305 767 1524 821 bacchii
1554 767 1908 836 solverimus,
1941 768 2049 821 erit
2080 771 2138 821 et

440 863 629 934 paeoni
655 865 875 932 quarto.
911 859 1075 923 Quod
1106 862 1300 912 autem
1333 857 1401 910 de
1439 855 1704 920 molosso,
1761 855 1820 909 id
1865 856 2032 908 etiam
2065 855 2135 909 de

439 950 659 1005 caeteris
689 966 783 1003 sex
813 951 1140 1018 temporum
1170 945 1413 1016 pedibus
1471 944 1734 997 dixerim.
1765 945 1889 997 Jam
1935 959 2133 1013 proce-

438 1037 836 1092 leusmaticum
867 1035 1112 1090 arbitror
1139 1034 1206 1088 ad
1237 1021 1472 1087 caeteros
1500 1031 1601 1103 qui
1642 1036 1887 1102 quatuor
1914 1036 2134 1102 tempo-

438 1125 597 1180 ribus
626 1130 908 1186 constant,
941 1140 1062 1176 esse
1110 1121 1497 1186 referendum,
1553 1120 1665 1172 nisi
1693 1136 1821 1174 cum
1854 1125 1967 1173 tres
1997 1120 2133 1173 bre-

436 1231 530 1267 ves
567 1217 695 1284 post
727 1230 858 1267 eum
889 1213 1158 1265 locamus.
1190 1209 1349 1273 Quod
1375 1209 1454 1262 ita
1483 1213 1566 1262 est
1594 1225 1658 1262 ac
1689 1208 1736 1261 si
1779 1214 2136 1277 anapzrstum

435 1303 708 1370 locemus,
738 1304 977 1371 propter
999 1299 1260 1352 ultimam
1293 1297 1568 1368 syllabam
1591 1313 1718 1366 qua
1749 1312 1878 1350 cum
1909 1296 2134 1350 silentio

435 1390 611 1460 longa
640 1387 820 1458 accipi
849 1387 1010 1441 solet.
1045 1386 1234 1440 Primo
1264 1402 1396 1438 vero
1429 1384 1659 1454 epitrito
1712 1384 1936 1438 iambus
1985 1388 2134 1438 recte

437 1475 826 1547 subjungitur,
861 1480 917 1528 et
945 1473 1214 1528 bacchius
1264 1476 1320 1526 et
1358 1471 1597 1525 creticus
1627 1476 1682 1526 et
1737 1488 1907 1542 pawn
1960 1488 2132 1542 quar-

436 1568 549 1619 tus.
584 1565 699 1617 Hoc
727 1563 940 1617 dictum
972 1561 1044 1615 sit
1076 1565 1148 1627 ,et
1201 1561 1269 1614 dc
1323 1559 1588 1626 secundo,
1640 1564 1705 1613 ut
1746 1565 2010 1629 tempora
2056 1559 2132 1614 si-

438 1653 664 1706 leantur
687 1655 785 1705 aut
811 1655 1073 1721 quatuor,
1124 1652 1221 1702 aut
1277 1648 1409 1702 duo.
1465 1649 1615 1701 Duos
1662 1652 1852 1702 autem
1881 1649 2134 1718 reliquos

435 1739 691 1810 epitritos
721 1743 871 1792 recte
914 1741 1155 1808 possunt
1186 1735 1461 1806 consequi
1506 1735 1791 1805 spondeus
1818 1740 1873 1789 et
1921 1737 2132 1790 molos-

437 1827 671 1882 suszita
699 1830 764 1880 ut
815 1825 1060 1896 primam
1109 1823 1366 1895 spondei,
1423 1827 1480 1876 et
1530 1823 1777 1892 primam
1809 1825 1897 1878 vel
1931 1841 2132 1878 secun-

437 1916 568 1970 dam
602 1913 838 1968 molossi
869 1912 928 1966 in
979 1913 1120 1966 duas
1171 1912 1370 1965 breves
1403 1911 1620 1965 solvere
1650 1911 1836 1966 liceat.
1897 1913 2040 1982 Ergo
2071 1913 2132 1966 in

435 2002 524 2056 his
555 2000 751 2055 metris
806 2005 904 2053 aut
932 1999 1044 2054 tria
1098 2005 1380 2070 tempora,
1445 2003 1542 2053 aut
1595 2015 1776 2053 unum
1831 2001 2128 2055 tacebitur.

436 2088 791 2160 Dispondeus
824 2091 1020 2156 restat,
1071 2086 1207 2158 'post
1266 2103 1438 2157 quem
1481 2086 1528 2140 si
1575 2086 1935 2158 posuerimus
1964 2105 2134 2158 spon-

435 2177 628 2241 deum,
661 2181 912 2247 quatuor
942 2180 1206 2245 tempora
1236 2174 1456 2228 silenda
1488 2179 1689 2244 erunt;
1712 2174 1759 2228 si
1793 2175 2128 2244 molossum,

435 2265 563 2327 duo,
590 2269 860 2318 manente
916 2263 1145 2317 licentia
1175 2263 1430 2317 solvendi
1480 2263 1712 2336 longam
1747 2263 1808 2317 in
1839 2263 1979 2317 duas
2007 2263 2131 2318 bre-

432 2368 546 2421 ves,
602 2353 690 2405 vel
747 2351 805 2404 in
863 2351 1137 2422 spondeo,
1189 2352 1276 2405 vel
1328 2350 1388 2404 in
1438 2352 1702 2418 molosso,
1758 2357 1989 2422 excepta
2041 2353 2128 2405 ul-

433 2438 592 2493 tima.
627 2439 807 2493 Habes
834 2439 988 2510 quod
1017 2455 1110 2492 me
1139 2455 1434 2493 excurrere
1485 2439 1729 2493 voluisti.
1763 2438 1880 2494 Nisi
1911 2439 2130 2510 aliquid

434 2527 578 2581 forte
608 2526 959 2582 emendabis.

491 2617 717 2670 CAPUT
738 2616 823 2671 XI.
855 2646 919 2656 -—
941 2615 1157 2670 Iambus
1186 2620 1306 2685 post
1336 2615 1642 2670 dichorium
1669 2616 1808 2669 male
1827 2618 2070 2684 ponitur.

507 2708 592 2759 t2.
625 2705 711 2758 Μ.
747 2705 869 2758 Imo
901 2721 1016 2758 non
1072 2719 1202 2774 ego,
1233 2705 1332 2758 sed
1366 2710 1457 2773 tu,
1492 2720 1621 2758 cum
1651 2720 1846 2758 aurem
1879 2704 1946 2757 ad
1973 2703 2128 2774 judi-

435 2792 679 2847 candum
707 2792 1034 2847 adhibueris
1066 2807 1081 2844 :
1113 2808 1248 2846 nam
1278 2809 1476 2863 quaero
1507 2809 1539 2846 a
1568 2796 1642 2860 te,
1673 2796 1866 2846 utrum
1890 2808 2019 2846 cum
2043 2792 2127 2846 di-

433 2898 498 2936 co
530 2885 586 2935 et
613 2881 822 2952 plaudo
855 2880 1007 2934 istud
1054 2885 1326 2948 metrum,
1389 2883 1556 2936 Verus
1600 2882 1871 2949 optimus;
1913 2881 2126 2946 ethoc,

440 2971 608 3024 Verus
628 2971 984 3039 optimorum;
1008 2971 1063 3021 et
1092 2968 1217 3036 hoc,
1256 2971 1518 3024 Veritatis
1547 2971 1740 3038 inops:
1773 2973 1890 3022 tam
1921 2968 2128 3039 jucun-

435 3058 504 3112 de
532 3059 642 3112 hoc
671 3056 905 3111 tertium
936 3072 1108 3127 quam
1139 3055 1238 3109 illa
1269 3057 1563 3127 superiora
1609 3062 1741 3110 tuus
1770 3073 1967 3110 sensus
1993 3055 2131 3109 acci-

432 3145 588 3215 piat;
619 3144 771 3215 quod
801 3161 869 3198 ea
898 3143 1234 3214 repetendo,
1265 3149 1461 3198 etcum
1482 3145 1685 3199 debitis
1711 3144 1949 3198 silentiis
1966 3145 2129 3214 plau-

434 3233 620 3288 dendo
648 3232 811 3286 facile
827 3231 1126 3302 judicabit.
1159 3233 1234 3286 D.
1260 3233 1622 3286 Manifestum
1647 3237 1730 3286 est
1743 3233 1894 3304 quod
1922 3233 2129 3302 jucun-

430 3322 500 3376 de
531 3321 648 3387 illa,
680 3321 790 3375 hoc
818 3319 1126 3391 injucunde
1174 3319 1477 3390 accipiat‘.
1510 3326 1578 3377 Μ.
1618 3323 1741 3375 Non
1793 3337 1929 3390 ergo
1980 3325 2130 3374 recte

429 3413 560 3480 post
588 3408 908 3463 dichorium
937 3408 1161 3462 iambus
1189 3409 1447 3478 ponitur.
1483 3411 1556 3462 D.
1585 3411 1666 3462 Ita
1691 3413 1793 3463 est.
1826 3410 1917 3464 Μ.
1959 3411 2129 3462 Recte

431 3502 624 3552 autem
674 3497 810 3568 poni
838 3513 1002 3568 posse
1058 3501 1189 3566 post
1243 3503 1480 3551 caeteros
1536 3497 1841 3551 assentitur
1870 3496 2130 3568 quisquis

427 3585 550 3640 haec
567 3590 752 3639 metra
777 3602 906 3640 cum
930 3584 1230 3654 disciplina
1283 3586 1839 3656 interponendorum
1869 3584 2126 3640 silentio-

429 3689 560 3728 rum
586 3673 900 3746 repetierit.

921 3761 1181 3810 Fallacem
1207 3775 1348 3811 cave.

920 3824 1054 3871 Male
1076 3828 1279 3872 castum
1311 3838 1452 3873 cave.

924 3885 1280 3945 Mutiloquum
1301 3899 1440 3934 cave.

925 3945 1206 3994 Fallaciam
1229 3960 1374 3994 cave.

927 4005 990 4054 Et
1015 4007 1258 4054 invidum
1280 4020 1426 4055 cave.

924 4068 987 4117 Et
1015 4068 1286 4117 inﬁrmum
1316 4081 1460 4117 cave.

498 4148 572 4202 D.
602 4146 796 4202 Sentio
823 4147 979 4218 quod
1018 4146 1179 4214 dicis,
1221 4153 1278 4202 et
1321 4145 1597 4217 approbo.
1639 4148 1724 4201 Μ.
1768 4146 1906 4202 Vide
1954 4147 2127 4202 etiam

427 4239 624 4290 utrum
654 4241 708 4290 te
738 4235 882 4290 nihil
896 4235 1166 4301 offendat,
1201 4252 1329 4290 cum
1351 4235 1694 4306 interposito
1719 4236 1964 4291 duorum
1986 4242 2130 4290 tem-

426 4341 636 4395 porum
676 4323 922 4386 silentio,
953 4323 1063 4378 hoc
1093 4327 1342 4378 metrum
1372 4324 1680 4394 repetitum
1703 4324 1984 4396 inaequale
2011 4341 2132 4395 per-

429 4410 516 4482 git
543 4415 584 4467 ².
620 4413 769 4466 Num
802 4411 957 4466 enim
995 4410 1076 4464 ita
1102 4411 1244 4465 solet
1265 4415 1329 4464 ut
1366 4411 1473 4465 ista
1498 4412 1528 4466 ?

952 4498 1174 4548 Veraces
1203 4502 1446 4560 regnant.

953 4559 1225 4622 Sapientes
1255 4559 1498 4622 regnant.

955 4622 1229 4684 Veriloqui
1263 4624 1506 4684 regnant.

955 4684 1240 4749 Prudentia
1267 4687 1511 4749 regnant.

958 4745 1090 4808 Boni
1122 4745 1175 4794 in
1206 4745 1362 4794 bonis
1390 4750 1631 4808 regnant.

960 4807 1096 4855 Pura
1125 4812 1314 4856 cuncta
1342 4807 1584 4871 regnant.

496 4889 570 4942 D.
602 4887 724 4940 Imo
749 4887 872 4941 haec
902 4886 1200 4956 aequaliter
1229 4892 1286 4941 et
1314 4887 1578 4948 suaviter,
1637 4887 1780 4942 illud
1810 4893 1999 4942 autem
2030 4888 2128 4942 ab-

427 4976 616 5032 surde.
650 4976 735 5029 M.
769 4977 882 5029 Hoc
909 4990 1045 5044 ergo
1072 4975 1396 5029 tenebimus
1425 4975 1488 5030 in
1543 4976 1739 5031 metris
1771 4993 1865 5030 sex
1897 4981 2129 5047 tempo-

425 5079 556 5118 rum
589 5062 826 5132 pedum',
853 5061 1178 5115 dichorium
1209 5061 1421 5127 iambo,
1460 5063 1840 5134 antispastum
1871 5065 2127 5135 spondeo

426 5151 575 5205 male
603 5149 812 5205 claudi.
841 5152 910 5203 D.
946 5148 1290 5203 Tenebimus
1322 5166 1478 5205 sane.

500 5243 585 5294 l3.
617 5240 702 5293 Μ.
736 5237 883 5303 Quid
903 5240 932 5291 ?
959 5252 1184 5290 causam
1217 5253 1318 5291 cur
1346 5237 1426 5292 ita
1445 5237 1515 5293 sit
1541 5254 1730 5293 nonne
1761 5239 2125 5310 approbabis,

489 5347 507 5416 ξ
535 5345 723 5418 Mss.'A
752 5349 802 5394 et
833 5344 870 5418 β
896 5343 1109 5418 terunt:
1142 5343 1494 5406 Manifestum
1524 5348 1600 5394 est
1615 5345 1852 5406 jucunde
1881 5344 1997 5406 illa,
2031 5345 2128 5397 hoc

423 5406 716 5468 injucunde
741 5408 927 5470 accipi.
959 5407 1030 5454 M.

528 5467 1076 5542 '(anuatilcrujuxta
1113 5468 1206 5542 bis.
1235 5468 1360 5542 A_et
1387 5481 1570 5518 omnes
1589 5469 1778 5518 editos.
1807 5471 1902 5520 Ms.
1938 5471 1974 5518 Β
2000 5470 2130 5534 legit

425 5531 501 5578 uti
528 5530 871 5590 Benedictini,
899 5530 1178 5594 imquale.
1274 5531 1344 5581 M.

1716 295 1808 348 DE
1848 292 2133 349 MUSICA.
2178 292 2236 348 S.
2281 292 2662 349 AUGUSTINI

3772 301 3878 353 H36

2245 415 2293 468 si
2323 414 2795 470 animadverteris
2820 413 3102 468 levatione
3125 430 3187 466 ac
3215 413 3561 484 positionein
3579 418 3708 471 duas
3726 425 3881 488 partes

2244 502 2422 557 dividi
2451 503 2676 574 pedem,
2708 501 2786 556 ita
2815 505 2879 556 ut
2908 500 2955 555 si
2989 517 3104 572 qua
3162 501 3222 554 in
3252 518 3320 556 eo
3354 503 3562 573 syllaba
3607 505 3775 560 media
3799 516 3882 573 est,

2242 591 2330 645 vel
2362 608 2476 646 una
2503 592 2588 645 vel
2621 591 2769 656 dua},
2799 594 2899 644 aut
2928 590 3028 643 uni
3061 589 3211 658 parti
3239 591 3613 646 attribuantur
3637 594 3792 662 priori
3818 598 3883 650 vel

2247 679 2567 748 posteriori,
2599 683 2697 732 aut
2727 678 2788 732 in
2817 683 3121 749 utramque
3152 679 3512 749 partiantur‘?
3531 681 3600 734 D.
3631 682 3756 736 Novi
3778 683 3876 753 qui-

2248 767 2376 820 dem
2405 767 2564 833 istuc,
2601 771 2657 820 et
2689 783 2889 821 verum
2919 771 3037 820 est:
3061 766 3157 820 sed
3213 766 3353 838 quid
3401 768 3469 822 ad
3495 770 3650 823 rem?
3673 771 3747 824 Μ.
3793 773 3883 824 huc

2243 871 2472 925 quoque
2502 855 2729 908 attende
2755 854 2909 924 quod
2937 854 3141 921 dicam,
3169 859 3292 908 tum
3315 854 3521 910 videbis
3538 857 3738 910 facilius
3764 859 3883 928 quod

2242 943 2506 1013 requiris.
2554 944 2695 997 Nam
2743 941 3109 996 manifestum
3159 942 3266 996 tibi
3312 959 3430 998 esse
3477 945 3722 1008 arbitror,
3773 946 3885 1001 alios

2243 1046 2363 1083 esse
2395 1030 2515 1084 sine
2561 1030 2764 1084 mediis
2808 1029 3040 1100 syllabis
3092 1031 3286 1100 pedes,
3345 1037 3409 1085 ut
3451 1032 3802 1102 pyrrhichius,
3843 1041 3884 1088 et

2243 1120 2434 1173 cmteri
2459 1121 2725 1174 binarum
2751 1120 3099 1191 syllabarum
3124 1137 3136 1186 ;
3164 1120 3309 1176 alios
3358 1121 3417 1174 in
3447 1123 3648 1193 quibus
3674 1124 3883 1177 medium

2242 1213 2340 1262 aut
2371 1209 2570 1279 prima:
2601 1209 2767 1280 parti,
2795 1213 2896 1262 aut
2924 1212 3212 1275 extremae,
3245 1213 3346 1262 aut
3387 1210 3631 1280 utrique,
3661 1217 3750 1265 aut
3773 1228 3881 1265 neu.

2242 1298 2334 1362 tri,
2368 1297 2550 1367 spatio
2579 1295 2880 1350 conveniat
2910 1312 2922 1349 :
2957 1295 3180 1367 prima},
3213 1300 3275 1349 ut
3328 1295 3387 1350 in
3408 1304 3704 1369 anapaesto,
3745 1300 3818 1354 vel
3841 1300 3883 1353 in

2243 1385 2678 1457 palimbacchio,
2735 1385 2823 1438 vel
2855 1383 2914 1436 in
2964 1400 3166 1454 paeone
3196 1384 3384 1454 primo
3414 1403 3430 1438 :
3465 1391 3737 1454 extremm,
3765 1393 3818 1441 ut
3840 1388 3882 1442 in

2241 1473 2463 1544 dactylo
2495 1474 2580 1527 vel
2613 1473 2675 1526 in
2711 1471 2968 1537 bacchio,
2996 1472 3086 1526 vel
3117 1471 3174 1524 in
3206 1488 3409 1542 paaone
3451 1478 3677 1545 quarto:
3707 1476 3884 1546 utique,

2242 1567 2306 1616 ut
2330 1561 2390 1616 in
2419 1561 2732 1630 tribracho,
2769 1560 2884 1613 sive
2914 1559 2974 1612 in
3005 1561 3276 1627 molosso,
3330 1561 3447 1615 sive
3489 1562 3547 1616 in
3590 1563 3882 1622 choriambo.

2241 1648 2357 1702 sive
2386 1647 2445 1700 in
2474 1647 2731 1718 quolibet
2761 1645 2946 1700 ionico
2980 1663 2994 1700 :
3029 1647 3240 1713 neutri,
3280 1652 3345 1702 ut
3375 1647 3436 1701 in
3476 1649 3688 1710 cretico,
3715 1649 3814 1703 sive
3837 1649 3882 1702 in

2239 1734 2538 1805 paeonibus
2581 1733 2828 1788 secundo
2860 1738 2916 1788 et
2964 1732 3152 1801 tertio,
3205 1734 3322 1788 sive
3353 1734 3416 1788 in
3446 1735 3704 1802 diiambo,
3735 1735 3885 1790 dicho-

2241 1823 2346 1889 rio,
2379 1823 2680 1892 antipasto.
2717 1823 2861 1876 Nam
2899 1821 3001 1892 qui
3055 1823 3230 1892 pedes
3261 1822 3323 1876 in
3379 1827 3495 1878 tres
3538 1825 3764 1895 aequales
3788 1840 3885 1894 par-

2240 1915 2325 1964 tes
2357 1910 2530 1964 dividi
2557 1915 2820 1981 possunt,
2871 1910 3064 1964 media
3091 1927 3222 1981 pars
3279 1911 3342 1966 in
3383 1911 3474 1966 his
3504 1913 3749 1967 convenit
3789 1929 3885 1966 cum

2239 1999 2428 2069 prima
2455 2003 2512 2053 et
2537 2003 2790 2054 extrema
2822 2017 2838 2065 ;
2875 1997 2975 2068 qui
3005 2002 3198 2052 autem
3224 2015 3341 2052 non
3365 2005 3622 2070 possunt,
3666 2005 3754 2054 aut
3773 2015 3874 2053 cum

2238 2087 2425 2157 prima
2454 2093 2700 2154 tantum,
2733 2092 2832 2140 aut
2861 2102 2992 2140 cum
3020 2090 3294 2152 extrema,
3323 2093 3425 2142 aut
3446 2105 3574 2142 cum
3604 2093 3800 2142 neutra.
3830 2088 3885 2140 D.

2242 2177 2306 2229 Et
2335 2176 2441 2230 hoc
2468 2192 2630 2247 teque
2651 2176 2785 2242 scio,
2824 2179 2880 2229 et
2908 2191 3022 2247 quo
3053 2176 3248 2230 tendat
3273 2182 3532 2248 expecto.
3553 2179 3634 2230 Μ.
3663 2177 3769 2240 Quo
3788 2181 3884 2228 tan-

2241 2264 2371 2318 dem
2401 2269 2586 2334 putas,
2612 2264 2723 2317 nisi
2746 2269 2808 2318 ut
2831 2264 3022 2318 videas
3049 2262 3305 2318 iambum
3326 2269 3459 2335 post
3479 2265 3774 2320 dichorium
3793 2263 3885 2317 ideo

2239 2353 2388 2407 male
2416 2352 2554 2423 poni
2584 2369 2716 2407 cum
2745 2353 2993 2419 silentio,
3031 2352 3165 2423 quia
3201 2353 3462 2408 medium
3512 2356 3629 2424 ejus
3671 2359 3760 2418 est,
3808 2367 3884 2404 nec

2238 2441 2442 2511 prima:
2471 2441 2623 2512 parti
2672 2443 2888 2512 aequate
2920 2455 3024 2494 nec
3054 2445 3346 2507 extremae,
3412 2446 3467 2494 et
3493 2441 3692 2495 idcirco
3719 2458 3745 2494 a
3769 2440 3883 2493 leva-

2237 2530 2393 2584 tione
2442 2545 2506 2583 ac
2553 2529 2834 2600 positione
2866 2528 3211 2593 ,discordat?
3242 2531 3356 2583 Hoc
3387 2530 3560 2583 etiam
3590 2530 3654 2583 de
3683 2528 3884 2599 spondeo

2239 2617 2601 2688 intelligitur,
2636 2617 2735 2688 qui
2764 2615 3029 2671 similiter
3059 2623 3186 2688 post
3214 2616 3596 2686 antispastum
3621 2632 3737 2669 cum
3764 2614 3887 2666 silen-

2238 2706 2320 2760 tio
2352 2723 2465 2760 non
2498 2711 2653 2760 amat
2681 2705 2837 2776 poni.
2872 2708 2960 2759 An
2993 2705 3312 2777 quidquam
3341 2705 3450 2760 tibi
3502 2705 3777 2759 adversum
3811 2702 3888 2753 ista

2237 2794 2541 2849 dicendum
2567 2794 2692 2849 est?
2717 2794 2788 2848 D.
2813 2794 2945 2849 Mihi
2971 2810 3104 2848 vero
3127 2793 3311 2847 nihil?
3337 2792 3454 2846 nisi
3474 2793 3620 2864 quod
3640 2792 3737 2844 ista
3754 2789 3886 2843 otl'en-

2239 2883 2321 2937 sio
2354 2899 2482 2954 qua:
2509 2883 2576 2937 ﬁt
2604 2882 2856 2949 auribus,
2888 2898 3023 2936 cum
3053 2881 3133 2936 ita
3160 2881 3221 2934 hi
3250 2881 3426 2952 pedes
3481 2882 3819 2942 collocantur,
3846 2876 3885 2928 in

2238 2969 2662 3040 comparatione
2694 2969 2756 3023 iit
2785 2971 2909 3040 ejus
2968 2968 3282 3034 suavitatis,
3327 2985 3461 3040 qua:
3513 2969 3736 3022 oblectat
3768 2964 3885 3017 audi-

2240 3061 2382 3124 tum,
2414 3075 2545 3112 cum
2571 3065 2698 3128 post
2725 3061 2963 3111 caeteros
3001 3072 3202 3110 senum
3248 3060 3579 3127 temporum
3605 3054 3661 3110 hi
3690 3069 3799 3108 cum
3829 3050 3885 3104 si-

2239 3145 2418 3200 lentio
2447 3150 2742 3216 ponuntur
2769 3145 2958 3216 pedes.
2991 3145 3132 3198 Nam
3175 3143 3222 3198 si
3247 3144 3378 3198 aliis
3404 3145 3588 3198 tacitis
3618 3159 3700 3196 me
3721 3153 3884 3195 consu-

2237 3232 2386 3286 leres
2438 3232 2923 3303 quemadmodum
2974 3236 3264 3300 sonarent,
3333 3232 3608 3303 exemplis
3652 3226 3886 3300 subjectis,

2241 3326 2340 3374 aut
2368 3325 2496 3391 post
2517 3320 2839 3375 dichorium
2862 3319 3106 3386 iambus,
3122 3324 3221 3374 aut
3241 3326 3369 3390 post
3389 3322 3884 3390 antispastumspon-

2239 3407 2405 3483 deus,~
2434 3425 2564 3462 cum
2595 3408 2822 3462 silentio
2877 3408 3094 3478 positi;
3126 3408 3309 3462 dicam
3359 3411 3517 3480 quod
3575 3408 3756 3474 sentio,
3800 3404 3882 3458 for-

2238 3500 2384 3552 tasse
2442 3497 2823 3568 approbarem
2878 3501 2934 3550 et
2988 3496 3304 3552 laudarem.
3369 3499 3458 3552 Μ.
3502 3498 3622 3551 Non
3670 3493 3881 3565 equidem

2240 3584 2590 3648 resisto,tibi.
2625 3585 2768 3640 Satis
2792 3589 2876 3639 est
2909 3585 3052 3638 mihi
3079 3589 3291 3651 tamen,
3326 3587 3485 3656 quod
3503 3586 3620 3640 hazc
3645 3580 3882 3638 collocatio

2237 3672 2298 3726 in
2329 3674 2755 3744 comparatione
2781 3674 2981 3728 talium
3016 3690 3416 3741 numerorum,
3469 3675 3565 3729 sed
3618 3672 3794 3728 melius
3817 3685 3880 3721 so~

2237 3762 2522 3822 nantium,
2557 3762 2702 3816 sicut
2731 3762 2892 3829 dicis,
2951 3762 3192 3816 offendit
3224 3778 3236 3816 :
3271 3779 3338 3816 eo
3387 3763 3541 3817 enim
3592 3769 3670 3816 est
3712 3760 3878 3828 impru-

2240 3851 2446 3918 banda,
2481 3851 2633 3922 quod
2664 3867 2794 3905 cum
2826 3850 3084 3921 ejusdem
3119 3851 3350 3921 generis
3393 3852 3567 3906 etiam
3597 3849 3674 3904 illi
3697 3849 3790 3902 sint
3811 3859 3880 3913 pe-

2237 3938 2354 3996 des.
2385 3955 2527 4009 quos
2552 3937 2639 3991 his
2666 3938 3048 4008 semipedibus
3089 3939 3308 3992 clausos
3355 3937 3773 4008 labijucundius
3789 3945 3880 3985 con-

2236 4026 2487 4091 ﬁtemur,
2519 4025 2590 4079 ab
2624 4025 2694 4078 iis
2718 4025 3039 4096 discrepare
3068 4041 3186 4078 non
3217 4025 3436 4081 debuit.
3475 4027 3579 4081 Sed
3610 4039 3776 4078 nonne
3807 4015 3880 4072 tibi

2236 4113 2462 4168 videtur
2491 4114 2805 4167 secundum
2830 4114 2996 4168 istam
3027 4114 3330 4181 rationem,
3359 4131 3466 4169 nec
3497 4121 3620 4185 post
3647 4109 3879 4182 epitritum

2237 4202 2550 4256 secundum
2583 4202 2837 4256 iambum
2869 4219 2999 4256 cum
3027 4202 3252 4256 silentio
3287 4204 3430 4274 poni
3472 4197 3753 4273 Oportere?
3778 4197 3879 4250 Nam

2237 4294 2292 4343 ct
2321 4289 2382 4343 in
2412 4290 2521 4344 hoc
2552 4291 2694 4359 pede
2745 4290 2968 4344 iambus
3001 4291 3078 4344 ita
3137 4291 3392 4346 medium
3428 4292 3613 4345 locum
3656 4292 3804 4348 tenet,
3839 4285 3880 4331 ut

2237 4394 2341 4432 nec
2353 4378 2559 4449 prioris
2575 4394 2678 4433 nec
2707 4379 3038 4448 posterioris
3065 4379 3242 4449 partis
3268 4381 3625 4451 temporibus
3646 4378 3871 4448 aequetur.

2238 4470 2300 4522 D.
2334 4465 2496 4538 Cogit
2525 4483 2616 4521 me
2646 4467 2905 4536 superior
2935 4467 3081 4521 ratio
3110 4468 3442 4522 concedere.

2415 4556 2639 4610 CAPUT
2668 4556 2783 4609 Xll.
2824 4585 2895 4594 —
2932 4557 3153 4611 Summa
3181 4559 3421 4611 omnium
3452 4561 3742 4612 metrorum.

2313 4645 2395 4698 14.
2427 4645 2500 4698 Μ.
2534 4648 2652 4714 Age
2708 4661 2881 4712 nunc,
2924 4645 3092 4699 redde
3125 4645 3268 4699 mihi
3309 4645 3571 4700 omnium
3621 4646 3875 4696 metrorlun

2238 4747 2566 4800 numerum,
2588 4731 2633 4785 si
2665 4732 2872 4801 placet,
2903 4749 3032 4803 quin
3059 4733 3177 4803 jam
3212 4735 3582 4788 tractavimus
3608 4750 3620 4799 ;
3646 4730 3697 4786 id
3725 4730 3793 4780 est
3816 4737 3881 4775 eo—

2239 4835 2369 4872 rum
2401 4837 2528 4890 quae
2559 4836 2592 4874 a
2629 4821 2744 4874 suis
2774 4821 2961 4890 plenis
2985 4820 3229 4891 pedibus
3259 4821 3564 4891 incipiunt,
3594 4817 3880 4874 clauduntur

2239 4912 2429 4960 autem
2461 4912 2559 4961 aut
2588 4907 2703 4960 suis
2730 4908 2971 4978 pedibus
3001 4908 3205 4978 plenis,
3240 4909 3318 4962 ita
3366 4915 3434 4963 ut
3465 4907 3756 4967 silentium,
3781 4911 3876 4954 cum

2238 4995 2309 5049 ad
2340 4999 2510 5065 caput
2538 4996 2775 5063 reditur,
2813 5013 2930 5051 non
2977 4997 3414 5067 interponamus
3444 5015 3458 5064 ;
3490 5002 3584 5050 aut
3611 5011 3714 5049 non
3741 4986 3878 5060 pleni5

2236 5083 2477 5153 pedibus
2506 5099 2636 5136 cum
2661 5084 2910 5145 silentio,
2939 5101 3080 5156 quos
3103 5089 3298 5139 tamen
3329 5085 3412 5139 eis
3435 5096 3730 5155 congruere
3768 5072 3876 5129 ratio

2238 5170 2430 5225 docuit
2455 5187 2467 5238 ;
2497 5172 2803 5243 incipiente
2831 5189 3072 5228 numero
3102 5189 3135 5226 a
3163 5174 3385 5228 duobus
3408 5190 3524 5227 non
3553 5169 3722 5242 plenis
3740 5174 3878 5232 usque

2237 5259 2307 5312 ad
2337 5264 2461 5313 octo
2494 5261 2717 5330 plenos,
2751 5261 2830 5315 ita
2858 5266 3048 5315 tamen
3073 5266 3134 5315 ut
3160 5261 3398 5334 triginta
3422 5261 3534 5315 duo
3553 5261 3877 5328 temporanon

2237 5348 2602 5402 excedantur.
2632 5351 2697 5402 Ι).
2725 5350 3038 5419 Operosum
3076 5350 3307 5421 quidem
3338 5355 3426 5404 est
3466 5348 3614 5420 quod
3657 5337 3875 5412 imponis,

2236 5440 2320 5490 est
2347 5440 2538 5490 tamen
2569 5454 2757 5508 operae
2786 5438 3054 5509 pretium.
3079 5439 3186 5493 Sed
3237 5427 3477 5493 memini
3506 5453 3602 5490 nos
3628 5431 3778 5504 paulo
3799 5440 3875 5478 an-

2236 5528 2294 5578 te
2345 5524 2466 5594 jam
2507 5515 2832 5596 pervenisse
2886 5525 2960 5582 ad
3014 5527 3380 5598 septuaginta
3423 5529 3633 5597 septem
3677 5522 3874 5574 metraa
