4080 6178
232 252 369 304 1137

220 371 555 442 pyrrhichio
603 387 783 442 usque
816 371 885 425 ad
934 371 1304 441 tribrachum,
1351 391 1480 429 cum
1524 377 1607 430 illi
1654 379 1920 434 biuarum

220 460 569 529 syllabarum
598 460 773 528 pedes
797 462 1223 529 quatuordecim
1254 463 1465 532 singuli
1492 472 1767 535 crearent,
1792 485 1921 539 qua:

219 548 370 601 ﬁunt
406 547 577 600 simul
609 547 1029 618 quinquaginta
1077 557 1132 602 et
1174 567 1285 605 sex.
1335 552 1674 608 Tribrachus
1729 563 1921 611 autem

217 634 426 705 viginti
469 638 525 687 et
569 649 772 701 unum,
815 640 1049 705 propter
1087 638 1375 706 geminam
1422 640 1781 697 divisionem.
1826 643 1922 697 His

219 723 402 793 igitur
447 722 813 792 septuaginta
851 728 907 777 et
947 730 1167 794 septem
1196 725 1458 780 addimus
1488 730 1923 799 quatuordecim

222 810 453 880 dactyli,
488 814 543 863 et
582 812 859 879 anapaesti
891 812 1127 865 totidem
1164 828 1177 865 :
1210 813 1365 882 pleni
1397 815 1548 869 enim
1588 818 1635 870 si
1666 818 1925 873 loceutur

223 900 381 952 nullo
420 897 668 962 silentio,
716 897 1023 969 incipiente
1063 904 1245 954 metro
1297 918 1327 953 a
1372 902 1595 957 duobus
1632 921 1813 976 usque
1854 907 1922 961 ad

221 992 349 1039 octo
400 985 590 1055 pedes,
638 989 873 1054 septena
902 987 1167 1055 pariunt;
1204 988 1409 1042 additis
1447 1006 1580 1044 vero
1614 992 1921 1062 semipedi-

218 1074 328 1128 bus
359 1090 489 1127 cum
520 1073 770 1139 silentio,
819 1073 1127 1144 incipiente
1168 1081 1349 1129 metro
1389 1077 1459 1131 ab
1506 1094 1623 1133 uno
1667 1082 1829 1150 pede,
1868 1085 1923 1136 et

219 1162 510 1231 semipede
543 1161 907 1231 perveniente
936 1164 1006 1215 ad
1038 1168 1255 1233 septem
1288 1170 1343 1219 et
1372 1166 1562 1232 semis,
1596 1169 1707 1221 alia
1734 1174 1919 1238 septe-

217 1267 315 1305 na.
348 1252 413 1302 Et
439 1250 726 1319 ﬁuutjam
752 1251 953 1303 Omnia
978 1256 1207 1305 centum
1257 1257 1312 1306 et
1340 1253 1615 1325 quinque.
1654 1258 1921 1310 Bacchius

216 1355 354 1391 vero
385 1353 503 1391 non
534 1342 719 1407 potest
749 1342 997 1392 metrum
1028 1356 1195 1393 suum
1226 1341 1293 1393 ad
1326 1347 1451 1394 octo
1492 1344 1665 1411 pedes
1704 1346 1918 1415 perdu-

218 1442 368 1491 cere,
410 1442 481 1479 ne
532 1425 771 1494 triginta
801 1426 911 1479 duo
941 1431 1201 1497 tempora
1237 1433 1506 1493 transeat,
1543 1446 1728 1500 neque
1760 1431 1917 1499 quis-

219 1530 395 1586 quam
428 1514 671 1585 quinum
701 1518 1025 1584 temporum
1052 1532 1182 1586 pes;
1218 1517 1315 1570 sed
1346 1522 1587 1587 possunt
1617 1518 1710 1571 isti
1738 1534 1919 1589 usque

219 1603 293 1656 ad
323 1619 415 1656 sex
436 1602 753 1673 pervenire.
790 1603 1057 1657 Bacchius
1080 1620 1214 1673 ergo
1244 1608 1300 1657 et
1329 1605 1427 1675 qui
1458 1606 1510 1658 ei
1542 1621 1646 1675 par
1667 1611 1772 1675 est,
1804 1623 1920 1661 nou

217 1692 393 1745 modo
436 1690 812 1761 temporibus,
858 1692 955 1745 sed
996 1691 1169 1745 etiam
1201 1692 1479 1746 divisione
1508 1710 1678 1763 pmon
1716 1710 1922 1748 secun-

222 1780 350 1845 dus,
382 1795 414 1831 a
444 1778 670 1831 duobus
691 1778 934 1847 pedibus
963 1795 1145 1849 usque
1174 1780 1243 1833 ad
1274 1796 1369 1833 sex
1402 1782 1768 1851 procedentes
1792 1798 1921 1835 cum

221 1866 429 1936 integri
462 1865 803 1919 ordinantur
825 1866 946 1919 sine
970 1867 1212 1934 silentio,
1239 1869 1415 1938 quina
1445 1873 1627 1922 metra
1654 1868 1916 1939 pariunt;

220 1971 353 2009 cum
383 1954 610 2008 silentio
643 1958 836 2007 autem
876 1955 1212 2024 incipientes
1241 1957 1313 2009 ab
1360 1972 1472 2009 uno
1515 1958 1822 2027 semipede,
1866 1963 1922 2012 et

221 2044 293 2097 ad
323 2043 575 2113 quinque
622 2042 938 2112 semipedes
968 2043 1390 2113 pervenientes,
1424 2045 1533 2097 alia
1572 2046 1751 2115 quina
1789 2062 1920 2100 cum

221 2147 335 2184 uua
374 2132 545 2201 longa
574 2135 707 2200 post
744 2147 839 2184 eos
869 2131 1123 2201 ponitur,
1164 2136 1220 2184 et
1248 2132 1384 2185 item
1415 2132 1591 2203 quina
1630 2150 1760 2186 cum
1793 2134 1919 2187 bre-

218 2218 303 2271 vis
324 2223 377 2271 et
398 2220 592 2289 longa:
619 2218 909 2288 quindena
937 2218 1115 2289 igitur
1140 2225 1353 2285 creant,
1377 2236 1506 2290 qua:
1539 2221 1601 2273 in
1630 2236 1917 2274 summam

220 2306 448 2360 redacta
479 2306 715 2376 triginta
744 2311 896 2360 sunt.
930 2309 995 2360 Et
1023 2307 1171 2361 ﬁunt
1193 2308 1315 2377 jam
1346 2314 1529 2362 metra
1558 2309 1754 2362 omnia
1780 2325 1915 2362 cen-

221 2399 342 2448 tum
372 2398 427 2447 et
458 2394 693 2465 triginta
720 2395 995 2465 quinque.
1032 2396 1283 2449 Creticus
1313 2412 1466 2459 vero,
1496 2400 1551 2450 et
1573 2398 1673 2467 qui
1704 2396 1921 2467 pariter

222 2481 572 2547 dividuntur,
606 2498 833 2551 paeones
864 2482 1085 2551 primus
1118 2488 1173 2537 et
1202 2489 1457 2554 quartus,
1491 2485 1763 2555 quoniam
1793 2489 1921 2555 post

221 2570 347 2623 illos
374 2574 431 2624 et
482 2586 660 2623 uuam
708 2571 957 2639 longam,
990 2576 1045 2624 et
1082 2572 1359 2637 iambum,
1407 2576 1462 2626 et
1490 2573 1831 2642 spondeum,
1866 2577 1921 2627 et

220 2662 577 2729 anapaestum
603 2659 737 2713 licet
758 2675 992 2729 ponere,
1028 2660 1099 2713 ad
1128 2660 1490 2731 septuaginta
1509 2661 1767 2731 quinque
1796 2676 1921 2730 per-

220 2747 462 2800 veniunt
489 2763 501 2800 :
537 2763 666 2800 cum
689 2747 843 2800 enim
873 2751 985 2800 tres
1016 2746 1128 2800 sint
1157 2748 1353 2817 pedes,
1381 2747 1558 2817 quina
1581 2752 1774 2801 creant
1799 2748 1918 2801 sine

220 2834 471 2899 silentio,
506 2850 634 2888 cum
683 2834 909 2888 silentio
954 2839 1148 2888 autem
1185 2835 1410 2905 viginti,
1460 2851 1587 2905 quae
1625 2836 1817 2901 simul,
1862 2840 1921 2889 ut

220 2922 437 2976 dictum
468 2927 569 2987 est,
602 2922 748 2975 ﬁunt
774 2922 1028 2993 quinque
1050 2927 1105 2976 et
1124 2923 1505 2992 septuaginta,
1530 2922 1737 2993 quibus
1767 2923 1922 2977 addi-

221 3012 295 3065 tis
324 3011 605 3081 superiori
635 3028 895 3076 summm,
929 3012 1123 3066 decem
1168 3017 1223 3065 et
1262 3013 1505 3065 ducenta
1536 3013 1916 3082 complentur.

223 3099 675 3153 Palimbacchius
725 3104 781 3153 et
829 3099 928 3170 qui
962 3100 1015 3153 ei
1048 3099 1324 3154 divisione
1373 3100 1679 3154 concordat
1720 3100 1921 3153 tertius

218 3204 411 3259 paeon,
447 3187 621 3258 quina
649 3187 882 3257 pariunt
911 3188 1120 3258 integri
1151 3188 1273 3242 sine
1307 3188 1566 3242 silentio:
1599 3204 1730 3242 cum
1754 3188 1922 3241 silen-

218 3276 303 3330 tio
327 3280 515 3329 autem
548 3276 723 3346 quina
752 3292 884 3329 cum
911 3292 1023 3329 una
1056 3277 1247 3345 longa,
1277 3276 1454 3347 quina
1483 3293 1612 3330 cum
1643 3277 1916 3347 spondeo,

221 3364 403 3434 quina
430 3380 559 3417 cum
584 3369 888 3435 anapazsto.
920 3366 1048 3418 Haec
1074 3365 1338 3418 addimus
1369 3366 1437 3419 ad
1468 3366 1741 3435 majorem
1771 3381 1922 3418 sum-

221 3467 400 3518 mam,
436 3457 493 3506 et
540 3451 814 3506 habemus
862 3458 1043 3507 metra
1094 3452 1288 3506 omnia
1335 3453 1578 3507 ducenta
1636 3453 1919 3524 quinqua-

221 3539 407 3609 ginta.

302 3631 383 3683 15.
422 3628 690 3681 Molossus
724 3631 779 3681 et
826 3627 1014 3681 caeteri
1062 3642 1159 3681 sex
1201 3631 1523 3697 temporum
1578 3627 1771 3698 pedes,
1822 3627 1922 3697 qui

222 3732 358 3769 cum
381 3715 479 3769 illo
501 3716 671 3769 simul
694 3704 910 3786 septem
932 3715 1104 3781 ﬁunt,
1136 3719 1417 3786 quaterna
1446 3720 1639 3769 creant
1669 3716 1877 3785 integri
1902 3728 1915 3768 :

222 3820 358 3857 cum
380 3803 603 3857 silentio
632 3808 823 3857 autem
849 3802 1119 3873 quoniam
1144 3808 1199 3857 et
1224 3819 1340 3856 una
1369 3804 1539 3873 longa
1568 3807 1696 3873 post
1726 3819 1923 3856 unum-

222 3907 513 3963 quemque
541 3907 741 3945 eorum
768 3892 940 3944 locari
968 3895 1175 3961 potest,
1198 3896 1253 3945 et
1272 3891 1512 3956 iambus,
1538 3896 1595 3945 et
1612 3891 1917 3961 spondeus,

224 3984 284 4034 et
312 3984 655 4049 anaptestus,
689 3984 744 4033 et
768 3980 1054 4045 bacchius,
1088 3984 1142 4033 et
1172 3980 1430 4046 creticus,
1465 3984 1520 4033 et
1548 3996 1716 4049 paeon
1750 3995 1919 4049 quar-

223 4067 566 4133 tus;vicena
601 4073 657 4122 et
686 4070 1226 4137 octoua’complent,
1257 4084 1385 4137 quae
1420 4067 1591 4121 simul
1622 4067 1767 4120 ﬁunt
1798 4084 1922 4120 cen-

225 4162 354 4210 tum
383 4155 692 4225 nonaginta
721 4172 836 4221 sex,
867 4171 995 4225 quae
1026 4156 1195 4209 ducta
1224 4172 1351 4209 cum
1376 4155 1487 4209 illis
1508 4154 1803 4226 quaternis
1829 4155 1923 4209 du-

224 4249 393 4297 centa
423 4244 626 4313 viginti
656 4252 902 4314 quatuor
932 4244 1328 4313 complentur:
1376 4243 1471 4297 sed
1500 4244 1633 4296 hinc
1663 4248 1787 4296 octo
1819 4243 1922 4296 de-

224 4332 473 4387 ducendi
518 4336 669 4397 sunt,
716 4331 853 4402 quia
883 4335 1008 4401 post
1052 4330 1375 4384 dichorium
1420 4330 1663 4394 iambus,
1710 4334 1766 4383 et
1795 4334 1927 4398 post

224 4420 605 4489 autispastum
639 4420 925 4489 spondeus
952 4419 1102 4472 male
1133 4419 1485 4472 ordinantur.
1523 4417 1765 4487 Reliqua
1796 4422 1928 4471 sunt

226 4508 476 4562 ducenta
515 4508 821 4575 sexdecim,
866 4523 996 4578 qua:
1041 4506 1233 4561 addita
1279 4506 1481 4576 majori
1525 4521 1786 4571 summa},
1842 4506 1924 4558 fa-

225 4596 387 4650 ciunt
410 4601 589 4650 metra
609 4596 803 4649 omnia
824 4595 1244 4666 quadringenta
1269 4594 1561 4665 sexaginta
1580 4609 1695 4648 sex.
1722 4596 1925 4648 Proce-

228 4684 521 4738 leumatici
552 4683 698 4737 ratio
719 4684 915 4737 haberi
938 4700 1056 4737 non
1077 4683 1265 4753 potuit
1284 4700 1412 4737 cum
1436 4683 1523 4736 his
1540 4682 1781 4752 pedibus
1807 4682 1925 4752 qui-

226 4772 336 4825 bus
357 4772 640 4841 congruit,
674 4776 908 4842 propter
938 4772 1256 4840 semipedes
1283 4772 1381 4841 qui
1404 4776 1531 4841 post
1558 4772 1709 4824 hunc
1733 4770 1926 4839 plures

226 4864 543 4930 ponuntur.
580 4860 721 4913 Nam
766 4864 824 4913 et
864 4874 978 4912 uua
1010 4858 1224 4929 syllaba
1263 4859 1434 4928 longa
1464 4863 1591 4929 post
1630 4874 1760 4911 eum
1791 4857 1927 4928 poni

228 4950 415 5017 potest
452 4963 583 5000 cum
614 4946 861 5012 silentio,
895 4947 1041 4999 sicut
1070 4950 1197 5015 post
1226 4946 1512 5016 dactylum
1543 4951 1599 4999 et
1633 4947 1754 5015 ejus
1792 4962 1926 4999 con-

227 5041 415 5089 sortes
453 5040 518 5089 ut
549 5035 683 5098 duo,
732 5040 789 5088 et
826 5039 939 5088 tres
978 5034 1175 5087 breves
1204 5039 1267 5087 ut
1294 5049 1473 5087 unum
1506 5038 1732 5103 tempus
1762 5033 1927 5087 silea-

228 5129 359 5187 tur;
395 5139 509 5192 quo
542 5123 785 5177 efﬁcitur
813 5127 879 5175 ut
909 5121 1111 5175 ultima
1140 5120 1325 5175 brevis
1355 5136 1459 5190 pro
1490 5121 1659 5189 longa
1688 5120 1929 5191 accipia-

229 5216 344 5265 tur.
382 5210 604 5281 Epitriti
645 5214 825 5264 metra
863 5210 1109 5279 gignunt
1154 5214 1315 5263 terna
1361 5208 1590 5278 integri,
1624 5208 1929 5277 incipiente

232 5302 419 5353 metro
451 5316 484 5352 a
513 5300 738 5353 duobus
770 5298 1027 5369 pedibus,
1060 5297 1424 5367 perveniente
1450 5296 1520 5349 ad
1553 5301 1799 5366 quatuor
1828 5313 1841 5349 :
1883 5296 1929 5350 si

232 5387 389 5441 enim
414 5387 589 5441 addas
621 5387 910 5457 quintum,
932 5385 1166 5455 triginta
1190 5385 1301 5439 duo
1330 5390 1609 5455 tempora,
1636 5384 1787 5454 quod
1817 5401 1928 5438 non

234 5479 481 5545 oportet,
518 5476 771 5529 excedes.
807 5476 946 5530 Cum
977 5473 1201 5527 silentio
1231 5489 1362 5526 vero
1392 5474 1612 5541 primus
1644 5478 1697 5525 et
1722 5488 1924 5525 secun-

1681 256 1893 314 LIBER
1933 255 2282 325 QUARTUS.

3599 271 3735 324 1138

2038 382 2143 436 dus
2182 381 2448 452 epitritus
2476 383 2639 434 terna
2667 385 2796 452 post
2825 383 3004 436 locato
3038 383 3250 455 iambo,
3281 392 3445 442 terna
3476 390 3730 455 bacchio,

2033 474 2200 523 terna
2229 470 2452 534 cretico,
2500 473 2663 523 terna
2708 487 2905 540 paeone
2948 476 3193 541 quarto;
3245 492 3375 545 qua:
3420 477 3567 532 ﬁunt
3604 495 3734 534 cum

2034 556 2147 611 illis
2177 559 2354 611 ternis
2376 573 2505 627 quae
2527 563 2661 611 sunt
2684 559 2805 612 sine
2834 559 3079 626 silentio,
3108 562 3359 633 triginta.
3394 566 3617 620 Tertius
3638 585 3731 623 ve-

2033 660 2098 698 ro
2127 646 2434 714 etfquartus
2460 643 2675 714 epitriti
2703 649 2817 697 tres
2840 650 2966 700 ante
2992 648 3280 703 silentium
3308 651 3571 721 gignunt,
3603 670 3732 708 cum

2034 733 2286 801 spondeo
2331 737 2514 797 terna,
2555 737 2610 785 et
2652 736 2812 786 terna
2850 750 2981 787 cum
3019 742 3328 806 anapaesto,
3386 744 3547 793 terna
3599 757 3728 795 cum

2034 820 2304 885 molosso,
2344 825 2505 872 terna
2537 836 2665 873 cum
2698 819 2884 873 ionico
2920 821 3166 887 minore,
3206 828 3370 878 terna
3399 842 3531 880 cum
3569 828 3729 881 clior-

2034 907 2259 973 iambo;
2299 923 2427 977 qua:
2468 908 2613 961 ﬁuut
2658 908 2828 962 simul
2874 926 3005 963 cum
3049 910 3165 963 illis
3199 913 3393 975 ternis,
3439 930 3567 983 quas
3608 915 3730 969 sine

2033 992 2260 1047 silentio
2299 998 2641 1063 genuerunt,
2683 996 2919 1066 triginta
2953 1001 3010 1051 et
3039 1014 3149 1051 sex.
3188 1000 3332 1068 Ergo
3366 1000 3579 1070 epitriti
3610 1018 3733 1055 om-

2032 1097 2131 1134 nes
2165 1083 2454 1151 sexaginta
2485 1088 2541 1137 et
2570 1099 2665 1136 sex
2693 1091 2875 1137 metra
2906 1084 3171 1154 pariunt:
3207 1103 3335 1157 quae
3366 1102 3495 1141 cum
3528 1088 3729 1159 viginti

2033 1174 2089 1223 et
2124 1187 2236 1222 uno
2268 1172 2748 1240 proceleumatici,
2789 1173 3074 1242 superiori
3108 1190 3344 1227 summa}
3391 1176 3599 1242 addita,
3646 1177 3729 1230 fa-

2032 1258 2188 1312 ciunt
2218 1258 2531 1327 quingenta
2560 1259 2978 1329 quinquaginta
3007 1260 3134 1313 tria.
3175 1262 3530 1330 Dispondeus
3554 1268 3729 1317 restat

2032 1344 2274 1414 gignens
2305 1349 2360 1397 et
2391 1346 2511 1415 ipse
2547 1346 2656 1399 tria
2688 1346 2946 1416 integer;
2982 1348 3236 1401 adhibito
3279 1355 3471 1402 autem
3504 1350 3729 1404 silentio

2032 1448 2159 1484 cum
2188 1432 2442 1501 spondeo
2465 1433 2593 1497 tria,
2626 1438 2681 1485 et
2708 1434 2815 1486 tria
2840 1449 2970 1487 cum
2998 1441 3281 1504 anapmsto
3313 1437 3421 1489 tria
3450 1454 3580 1490 cum
3612 1455 3731 1491 mo-

2033 1520 2202 1585 losso,
2236 1519 2343 1572 tria
2364 1536 2493 1572 cum
2516 1520 2701 1574 ionico
2732 1537 2764 1573 a
2790 1520 3032 1586 minore,
3061 1523 3168 1575 tria
3191 1539 3321 1575 cum
3353 1524 3685 1579 choriambo
3715 1553 3725 1579 :

2032 1623 2161 1678 qua:
2209 1607 2269 1661 in
2298 1624 2582 1661 summam
2613 1608 2781 1661 ducta
2810 1623 2940 1662 cum
2983 1608 3098 1662 illis
3127 1609 3309 1663 tribus
3337 1626 3465 1681 quas
3496 1616 3616 1665 erat
3643 1612 3725 1665 in-

2030 1700 2211 1765 teger,
2249 1694 2395 1748 ﬁunt
2440 1695 2634 1748 decem
2667 1699 2722 1749 et
2761 1700 2905 1749 octo.
2955 1698 3035 1749 Ita
3084 1701 3255 1749 erunt
3306 1702 3489 1751 metra
3536 1699 3731 1753 omnia

2031 1784 2347 1855 quingenta
2373 1784 2734 1853 septuaginta
2765 1788 2819 1836 et
2849 1800 3049 1837 unum.

2140 1870 2363 1924 CAPUT
2394 1872 2533 1925 XIII.
2561 1901 2629 1909 —
2656 1873 2812 1926 Ratio
2842 1872 3098 1925 metiendi
3115 1872 3297 1940 imetra
3326 1877 3376 1926 et
3403 1875 3620 1927 silentia

2676 1961 3072 2028 interponendi.

2106 2048 2190 2100 16.
2225 2048 2295 2100 M.
2330 2047 2527 2100 Essent
2565 2046 2818 2117 quidem,
2856 2048 2967 2101 nisi
3003 2048 3113 2102 tria
3141 2048 3486 2102 detrahenda
3517 2054 3722 2116 essent,

2033 2133 2167 2203 quia
2192 2138 2322 2204 post
2342 2133 2655 2186 secundum
2677 2134 2971 2204 epitritum
2994 2134 3209 2188 dictum
3232 2140 3316 2188 est
3332 2134 3585 2189 iambum
3610 2151 3723 2189 mas

2032 2222 2082 2274 le
2122 2221 2281 2291 poni.
2325 2222 2427 2276 Sed
2464 2222 2569 2276 hoc
2608 2222 2838 2292 quidem
2882 2223 3028 2275 bene
3071 2239 3128 2275 se
3160 2222 3359 2276 habet:
3399 2238 3574 2292 quare
3608 2222 3727 2291 jam

2031 2308 2119 2362 dic
2150 2310 2315 2377 mihi,
2358 2310 2646 2379 quomodo
2685 2309 2789 2362 tibi
2826 2325 3024 2362 aurem
3062 2314 3264 2379 tangat
3309 2315 3555 2363 metrum
3600 2310 3727 2374 hoc,

2036 2399 2263 2466 Triplici
2288 2398 2437 2451 vides
2467 2402 2527 2450 ut
2555 2401 2677 2450 ortu
2706 2399 2902 2451 Triviae
2930 2402 3145 2451 rotetur
3174 2400 3337 2463 ignis.
3368 2400 3443 2453 D.
3484 2400 3726 2451 Persua-

2029 2486 2195 2540 viter.
2230 2487 2313 2539 M.
2353 2487 2591 2539 Potesne
2624 2485 2810 2538 dicere
2841 2484 3047 2555 quibus
3094 2486 3334 2555 pedibus
3366 2485 3625 2538 constet?
3654 2487 3722 2538 D.

2033 2576 2157 2629 Non
2186 2590 2418 2645 possum
2449 2591 2460 2627 :
2496 2590 2681 2644 neque
2710 2574 2861 2627 enim
2888 2573 3117 2627 invenio
3149 2574 3436 2644 quomodo
3465 2572 3572 2627 sibi
3597 2588 3730 2627 con-

2031 2666 2241 2733 gruant
2269 2679 2412 2732 quos
2442 2661 2676 2715 metior:
2711 2660 3013 2727 siveeuim
3051 2660 3447 2729 pyrrhichium
3477 2676 3511 2713 a
3538 2659 3723 2729 capite

2031 2751 2394 2814 constituam,
2440 2749 2555 2802 sive
2601 2754 2976 2817 anapaestum,
3016 2747 3129 2799 sive
3170 2763 3426 2817 paeonem
3460 2747 3719 2815 tertium,

2030 2855 2147 2892 non
2179 2837 2269 2890 his
2296 2835 2641 2889 conveniunt
2667 2835 2764 2905 qui
2795 2838 3113 2904 sequuntur
3137 2838 3192 2886 et
3222 2834 3448 2887 invenio
3471 2834 3565 2886 hic
3593 2833 3721 2903 qui-
3780 2821 3788 2828 ’

2032 2927 2161 2979 dem
2192 2924 2462 2981 creticum
2502 2926 2630 2993 post
2680 2922 2914 2976 tertium
2958 2936 3238 2991 paeonem,
3293 2925 3358 2973 ut
3396 2921 3616 2990 reliqua
3655 2920 3728 2973 sit

2031 3015 2205 3084 longa
2235 3012 2474 3083 syllaba,
2508 3025 2679 3082 quam
2720 3009 2960 3063 creticus
2991 3014 3115 3080 post
3144 3025 3201 3061 se
3228 3024 3345 3061 non
3380 3008 3595 3078 respuit
3618 3008 3727 3061 col-

2031 3100 2245 3167 locari;
2279 3099 2379 3153 sed
2425 3097 2514 3152 his
2560 3096 2804 3168 pedibus
2852 3098 2960 3150 hoc
2999 3100 3243 3150 metrum
3284 3100 3540 3149 constare
3578 3099 3726 3151 recte

2033 3206 2149 3243 non
2211 3192 2405 3258 posset
2456 3186 2788 3256 interposito
2847 3184 3073 3238 silentio
3127 3184 3299 3237 trium
3359 3190 3719 3254 temporum:

2032 3293 2185 3331 nunc
2210 3292 2343 3330 vero
2371 3275 2511 3329 nihil
2538 3275 2754 3340 siletur,
2784 3289 2914 3326 cum
2943 3272 3049 3325 hoc
3079 3272 3386 3343 repetendo
3412 3272 3727 3342 permulcet

2033 3365 2310 3419 auditum.
2332 3366 2415 3418 M.
2448 3364 2585 3416 Vide
2609 3362 2804 3432 igitur,
2825 3366 3018 3414 utrum
3042 3361 3293 3431 incipere
3319 3360 3574 3414 debeata
3593 3376 3721 3431 pyr-

2031 3453 2273 3519 rhichio,
2300 3452 2506 3507 deinde
2530 3451 2837 3505 metiamur
2866 3449 3205 3513 dichorium,
3240 3452 3361 3501 tum
3385 3448 3724 3517 spondeum,

2034 3539 2133 3609 qui
2161 3540 2409 3609 complet
2436 3542 2717 3607 tempora,
2750 3552 2993 3607 quorum
3024 3535 3137 3588 duo
3169 3538 3301 3588 sunt
3322 3534 3385 3586 in
3413 3533 3717 3603 principio:

2032 3630 2219 3696 potest
2254 3627 2389 3679 item
2416 3630 2587 3695 caput
2615 3630 2810 3679 tenere
2840 3627 3182 3694 anapaestus,
3214 3621 3419 3675 deinde
3441 3620 3726 3674 diiambus

2033 3714 2243 3780 metiri,
2262 3718 2326 3767 ut
2345 3718 2597 3767 extrema
2626 3713 2797 3781 longa
2821 3711 3089 3764 collocata
3109 3726 3239 3763 cum
3265 3708 3281 3740 ¹
3306 3713 3555 3779 quatuor
3578 3712 3723 3762 tem-

2032 3802 2264 3873 poribus
2294 3800 2567 3871 anapzesti
2597 3800 2855 3870 perﬁciat
2883 3816 2977 3852 sex
3009 3802 3287 3867 tempora,
3321 3814 3450 3868 qua:
3480 3812 3608 3851 cum
3638 3796 3723 3850 di-

2034 3891 2223 3945 iambo
2257 3889 2619 3954 conveniunt,
2651 3905 2719 3942 ex
2748 3904 2862 3959 quo
2896 3886 3181 3957 intelligas
3212 3886 3365 3952 licet,
3407 3890 3596 3956 partes
3625 3900 3723 3954 pe-

2032 3980 2167 4033 dum
2194 3995 2311 4033 non
2342 3979 2527 4033 solum
2560 3978 2619 4031 in
2648 3976 2761 4031 ﬁne
2793 3974 2949 4046 poni,
2982 3974 3081 4028 sed
3104 3974 3277 4027 etiam
3308 3972 3368 4027 iu
3394 3972 3577 4043 capite
3607 3988 3725 4025 me-

2033 4072 2271 4121 trorum.
2310 4068 2378 4120 D.
2414 4067 2537 4119 Jam
2567 4063 2847 4135 intelligo.

2109 4159 2191 4209 l7.
2225 4156 2307 4207 Μ.
2336 4154 2499 4217 Quid,
2536 4152 2584 4207 si
2615 4152 2844 4205 demam
2880 4166 3053 4204 unam
3086 4149 3347 4203 ultimam
3379 4149 3634 4219 longam,
3664 4153 3728 4201 ut

2038 4243 2142 4295 tale
2174 4242 2244 4294 sit
2276 4247 2542 4304 metrum,
2587 4240 2795 4306 chetes
2828 4253 2973 4291 meus
3014 4238 3166 4290 labor
3194 4253 3205 4289 :
3241 4252 3433 4289 nonne
3463 4235 3724 4288 animad-

2033 4328 2199 4380 vertis
2224 4343 2353 4379 cum
2384 4325 2610 4379 silentio
2637 4326 2883 4379 duorum
2907 4330 3227 4392 temporum
3251 4320 3479 4391 repeti?
3512 4321 3586 4373 Ex
3609 4335 3723 4389 quo

2035 4414 2399 4468 manifestum
2437 4417 2541 4478 est,
2586 4416 2643 4467 et
2686 4412 2940 4483 aliquam
2989 4414 3211 4481 partem
3256 4406 3416 4477 pedis
3459 4422 3624 4476 posse
3668 4406 3728 4460 in

2035 4502 2315 4574 principio
2352 4500 2521 4556 metri
2560 4501 2717 4572 poni,
2759 4506 2814 4554 et
2845 4500 3095 4569 aliquam
3128 4496 3183 4548 in
3219 4496 3352 4559 ﬁne,
3389 4498 3446 4548 et
3474 4493 3726 4564 aliquam

2035 4592 2096 4645 in
2135 4590 2380 4644 silentio.
2416 4591 2490 4644 D.
2543 4592 2608 4643 Et
2637 4590 2745 4643 hoc
2782 4586 3151 4642 manifestum
3197 4588 3298 4636 est.
3339 4583 3425 4635 Μ.
3475 4582 3583 4635 Sed
3624 4582 3728 4635 hoc

2037 4678 2161 4732 ﬁeri
2192 4678 2237 4731 si
2268 4678 2585 4743 dichorium
2632 4676 2885 4731 metiaris
2935 4675 3225 4743 integrum
3266 4670 3324 4723 in
3363 4671 3469 4723 hoc
3500 4673 3681 4723 metro
3710 4686 3721 4722 :

2037 4782 2169 4819 nam
2212 4766 2257 4819 si
2303 4766 2640 4830 diiambum,
2692 4769 2748 4817 et
2788 4780 2819 4816 a
2866 4760 3050 4830 capite
3097 4763 3422 4828 anapaestus
3462 4762 3726 4828 ponatur,

2038 4854 2220 4908 cernis
2248 4859 2469 4925 partem
2508 4853 2669 4923 pedis
2702 4851 2761 4904 in
2790 4848 3071 4920 principio
3102 4847 3368 4917 positam,
3396 4862 3525 4917 qua:
3558 4846 3727 4898 habet

2030 4944 2153 5013 jam
2194 4946 2439 5013 quatuor
2466 4944 2764 5009 tempora;
2799 4938 2911 4991 duo
2948 4940 3139 4990 autem
3169 4951 3298 5005 qua:
3331 4934 3629 4997 debentur,
3662 4932 3731 4985 si-

2040 5033 2227 5085 lentur
2256 5030 2315 5083 in
2348 5032 2479 5083 ﬁne.
2516 5030 2590 5082 Ex
2620 5043 2731 5097 quo
2763 5025 3054 5094 discimus,
3095 5039 3261 5094 posse
3306 5026 3554 5076 metrum
3587 5018 3729 5073 inci-

2041 5134 2175 5190 pere
2218 5135 2252 5172 a
2290 5122 2449 5189 parte
2497 5115 2677 5187 pedis,
2709 5118 2763 5168 et
2812 5112 3069 5168 desinere
3110 5112 3181 5165 ad
3225 5112 3458 5182 plenum
3501 5108 3728 5177 pedem,

2042 5206 2139 5260 sed
2177 5221 2472 5275 nunquam
2520 5202 2642 5257 sine
2677 5201 2924 5256 silentio.
2970 5201 3044 5257 D.
3098 5201 3162 5253 Et
3212 5199 3317 5251 hoc
3363 5195 3729 5266 perspicuum

2041 5298 2140 5348 est.

2108 5420 2121 5451 ¹
2167 5418 2241 5485 In.
2268 5413 2631 5485 B.__col§ocata
2659 5415 2906 5485 quatuor,
2943 5412 3136 5461 omissa
3182 5405 3549 5471 praepositione
3588 5417 3729 5465 cum,

2044 5492 2202 5539 quam
2232 5478 2282 5525 in
2315 5478 2408 5523 Ms.
2442 5477 2480 5523 A
2511 5477 2816 5537 reperimus.
