4080 6178
450 194 586 247 H39

522 316 606 367 18.
638 315 711 368 M.
743 312 887 378 Quid
906 313 936 366 ?
959 313 1068 367 hoc
1095 315 1342 366 metrum
1371 315 1606 383 potesne
1637 311 1830 365 metiri
1864 314 1920 365 et
1948 310 2136 364 dicere

448 402 656 473 quibus
686 402 925 473 pedibus
954 401 1218 456 constet?

756 490 872 538 Jam
903 489 1028 538 satis
1057 489 1208 536 terris
1238 489 1392 542 nivis,
1427 491 1581 548 atque
1612 487 1739 535 dirm

761 551 1041 599 Grandinis
1069 551 1212 598 misit
1243 552 1409 606 Pater,
1435 554 1487 597 et
1515 549 1739 597 rubente

759 615 974 661 Dextera
997 625 1168 660 sacras
1186 611 1452 674 jaculatus
1476 624 1642 658 arces.

1005 671 1217 734 (Horat.
1249 672 1337 721 lib.
1372 676 1392 720 1
1430 675 1769 731 Carminum,
1792 671 1892 722 ode
1920 673 1989 732 2.)

450 757 525 810 D.
564 757 799 809 Possum
847 753 1192 806 constituere
1241 751 1298 804 in
1343 751 1524 822 capite
1564 751 1855 816 creticum,
1908 755 1964 804 et
1999 751 2143 804 duos

450 843 639 896 metiri
667 841 920 910 reliquos
948 856 1150 893 senum
1179 844 1504 910 temporum
1537 840 1729 910 pedes,
1770 855 1950 893 unum
1993 839 2142 893 ioni-

448 946 575 984 cum
604 946 634 982 a
681 928 905 998 majori,
957 929 1204 982 alterum
1248 927 1590 994 dichorium,
1637 933 1695 982 et
1750 927 1917 981 silere
1963 943 2143 980 unum

446 1021 672 1086 tempus
703 1016 852 1087 quod
885 1016 1218 1088 adjungitur
1247 1016 1454 1071 cretico
1484 1020 1549 1070 ut
1577 1032 1673 1070 sex
1703 1019 1962 1088 tempora
1989 1027 2170 1069 com-'

445 1106 728 1176 pleantur.
781 1106 866 1159 Μ.
932 1105 1202 1159 Nonnihil
1259 1105 1437 1159 defuit
1495 1103 1941 1158 considerationi
1994 1108 2139 1158 tum:

447 1210 580 1247 nam
611 1209 741 1247 cum
772 1193 1061 1247 dichorius
1101 1199 1186 1248 est
1233 1194 1293 1247 in
1325 1195 1458 1259 ﬁne,
1502 1197 1747 1246 restante
1779 1193 2022 1258 silentio,
2057 1193 2144 1247 ul-

448 1281 588 1334 tima
610 1282 731 1350 eius
761 1297 889 1351 quae
919 1280 1106 1334 brevis
1137 1287 1241 1346 est,
1274 1297 1376 1351 pro
1403 1283 1573 1351 longa
1601 1280 1894 1350 accipitur.
1923 1283 2009 1335 An
2039 1281 2145 1334 hoc

449 1368 726 1437 negabis?
755 1369 828 1422 D.
863 1369 981 1421 Imo
1013 1367 1214 1421 fateor.
1248 1370 1333 1423 M.
1369 1369 1492 1421 Non
1522 1384 1656 1437 ergo
1688 1367 1953 1421 constitui
1985 1367 2148 1420 decet

450 1457 510 1508 in
531 1456 644 1509 ﬁne
661 1456 1008 1521 dichorium,
1030 1455 1139 1508 nisi
1154 1456 1311 1508 nullo
1332 1455 1389 1508 in
1405 1455 1741 1526 repetitione
1760 1460 2144 1526 consequente

449 1543 697 1609 silentio,
730 1560 801 1596 ne
848 1561 963 1596 non
1000 1544 1121 1614 jam
1161 1544 1472 1610 dichorius,
1501 1544 1609 1598 'sed
1651 1544 1913 1614 epitritus
1943 1560 2144 1597 secun-

451 1632 554 1685 dus
583 1632 878 1685 sentiatur.
909 1633 979 1684 Ι).
1016 1631 1370 1685 Manifestum
1397 1636 1500 1686 est.
1533 1631 1830 1696 Quomodo
1863 1647 2000 1701 ergo
2023 1647 2142 1684 me-

449 1718 661 1771 tiemur
689 1718 794 1772 hoc
826 1724 1076 1772 metrum
1097 1718 1123 1771 ‘2
1159 1722 1216 1773 D.
1254 1719 1470 1774 Nescio.

451 1803 674 1858 CAPUT
706 1806 840 1859 XIV.
876 1835 943 1843 —
978 1807 1328 1873 Persequitur
1358 1808 1622 1884 mtionem
1653 1805 1951 1860 adhibendi
1986 1806 2142 1859 silen-

937 1895 1017 1946 tia
1049 1895 1106 1946 in
1131 1894 1413 1947 metiendis
1451 1895 1654 1948 metris.

520 1981 603 2034 Μ.
637 1979 876 2034 Attende
909 1995 1044 2050 ergo
1074 1984 1269 2034 utrum
1315 1979 1461 2034 bene
1492 1985 1675 2048 sonet,
1708 1996 1838 2034 cum
1879 1980 1959 2035 ita
2005 1997 2141 2052 pro-

447 2068 670 2131 nuntio,
706 2071 766 2120 ut
789 2072 917 2138 post
944 2072 1060 2122 tres
1083 2068 1300 2138 primas
1331 2069 1573 2139 syllabas
1599 2085 1782 2122 unum
1812 2072 2038 2139 tempus
2073 2069 2142 2123 si-

448 2156 632 2210 leam:
664 2156 744 2210 ita
787 2155 942 2210 enim
985 2156 1044 2209 in
1086 2156 1199 2210 ﬁne
1247 2157 1392 2210 nihil
1425 2157 1748 2223 debebitur,
1785 2161 1849 2211 ut
1877 2157 2144 2212 decenter

447 2243 527 2297 ibi
556 2244 732 2313 possit
761 2259 882 2298 esse
914 2243 1220 2300 dichorius.
1251 2247 1316 2299 D.
1346 2245 1765 2300 Iucundissime
1796 2248 1980 2299 sonat.

524 2334 606 2385 19.
638 2333 722 2384 Μ.
759 2333 873 2385 Hoc
903 2347 1130 2402 quoque
1157 2331 1333 2401 igitur
1361 2332 1744 2403 adjungamus
1773 2333 1902 2398 arti,
1935 2336 1998 2386 ut
2027 2349 2144 2387 non

449 2418 632 2470 solum
673 2417 732 2470 in
774 2417 910 2486 ﬁne,
951 2419 1046 2472 sed
1089 2423 1145 2472 et
1181 2424 1312 2474 ante
1345 2419 1518 2474 ﬁnem
1550 2437 1679 2474 cum
1711 2425 1935 2492 oportet
1977 2421 2142 2475 silea-

449 2521 596 2559 mus.
627 2507 782 2559 Tunc
822 2509 1013 2560 autem
1044 2511 1288 2578 oportet,
1327 2523 1458 2561 cum
1497 2508 1551 2562 id
1581 2509 1735 2578 quod
1767 2509 2006 2562 debetur
2032 2509 2142 2562 im-

447 2593 674 2663 plendis
708 2594 1062 2665 temporibus
1107 2595 1338 2665 pedum,
1373 2599 1469 2650 aut
1497 2595 1826 2650 indecenter
1856 2596 2054 2650 siletur
2082 2597 2142 2650 in

449 2682 560 2735 ﬁne
583 2686 818 2753 propter
847 2683 1109 2737 ultimam
1142 2683 1392 2749 brevem,
1425 2687 1489 2738 ut
1516 2683 1575 2737 in
1606 2683 1712 2738 hoc
1742 2684 1897 2755 quod
1924 2683 2140 2739 dictum

448 2775 560 2836 est;
611 2777 710 2824 aut
753 2786 885 2824 cum
933 2771 1046 2824 duo
1091 2771 1515 2826 constituuntur
1560 2787 1677 2826 non
1734 2773 1890 2844 pleni
1937 2773 2136 2843 pedes,

456 2873 602 2911 unus
629 2857 690 2912 in
715 2857 916 2929 capite,
949 2859 1090 2913 alter
1118 2859 1180 2913 in
1204 2860 1338 2925 ﬁne,
1372 2860 1556 2931 qualis
1581 2859 1685 2915 iste
1712 2865 1816 2926 est,

727 2945 956 2995 Gentiles
981 2950 1188 2995 nostros
1219 2946 1354 2996 inter
1379 2948 1586 2997 oberrat
1609 2961 1788 3011 equos.

447 3024 655 3080 Senisti
685 3025 861 3094 enim,
904 3031 970 3078 ut
1017 3026 1245 3097 Opinor,
1289 3043 1381 3080 me
1427 3032 1556 3097 post
1600 3027 1852 3098 quinque
1899 3027 2141 3098 syllabas

447 3113 670 3183 longas,
721 3128 941 3166 moram
978 3113 1228 3168 duorum
1273 3119 1598 3185 temporum
1637 3115 1880 3182 siluisse,
1920 3119 1976 3169 et
2012 3119 2138 3169 tan-

448 3199 704 3253 tumdem
744 3198 803 3252 in
829 3200 942 3253 ﬁne
973 3200 1260 3255 silendum
1289 3207 1390 3269 est,
1424 3203 1562 3256 dum
1592 3203 1813 3257 reditur
1842 3202 1910 3257 ad
1935 3206 2130 3274 caput.

448 3287 505 3340 Si
537 3286 689 3340 enim
727 3287 832 3340 hoc
862 3292 1109 3342 metrum
1139 3289 1211 3342 ad
1236 3290 1418 3360 legem
1453 3307 1544 3343 sex
1575 3294 1902 3362 temporum
1931 3293 2138 3346 metia-

446 3375 568 3442 ris;
602 3376 708 3428 erit
749 3375 855 3429 tibi
899 3375 1120 3446 primus
1168 3377 1474 3446 spondeus,
1517 3379 1798 3432 secundus
1835 3380 2135 3448 molossus,

445 3464 646 3518 tertius
674 3463 1054 3526 choriambus,
1096 3469 1330 3535 quartus
1373 3471 1712 3537 anaptestus.
1745 3467 2006 3537 Spondeo
2035 3469 2139 3539 igi-

447 3557 539 3605 tur
566 3551 846 3606 debentur
887 3553 1001 3606 duo
1046 3557 1306 3624 tempora
1334 3557 1402 3608 ut
1440 3571 1530 3608 sex
1562 3559 1888 3626 temporum
1932 3558 2136 3628 pedem

447 3639 699 3710 impleat,
745 3643 802 3693 et
842 3645 1168 3712 anapzesto:
1205 3641 1401 3713 itaque
1432 3641 1544 3696 duo
1587 3643 1826 3698 silentur
1854 3650 1984 3715 post
2011 3661 2136 3699 mo-

446 3728 658 3781 lossum
679 3731 808 3782 ante
830 3727 1023 3790 ﬁnem,
1059 3733 1114 3782 et
1143 3729 1254 3783 duo
1284 3735 1414 3800 post
1439 3737 1791 3802 anapaestum
1824 3732 1882 3786 in
1912 3732 2046 3786 ﬁne.
2077 3733 2137 3786 Si

445 3820 636 3868 autem
662 3815 734 3868 ad
764 3815 948 3884 legem
982 3819 1309 3886 temporum
1342 3821 1587 3887 quatuor
1616 3834 1629 3883 ;
1676 3834 1790 3872 una
1825 3820 1999 3890 longa
2029 3820 2138 3875 erit

446 3902 504 3954 in
557 3901 763 3971 capite,
816 3901 1018 3955 deinde
1065 3903 1208 3956 duos
1260 3904 1534 3958 metimur
1579 3907 1878 3974 spondeos,
1930 3908 2136 3962 deinde

445 3988 587 4042 duos
624 3988 894 4058 dactylos,
940 3994 997 4042 et
1042 3994 1170 4059 post
1217 4007 1332 4043 una
1379 3993 1553 4060 longa
1586 3994 1946 4050 concludet‘.
1993 3996 2136 4051 Sile-

446 4091 572 4130 mus
601 4075 793 4147 itaque
835 4077 947 4131 duo
993 4081 1255 4148 tempora
1295 4082 1422 4148 post
1470 4079 1767 4149 geminum
1816 4084 2134 4152 spondeum

444 4168 571 4218 ante
603 4166 799 4231 linem,
831 4170 888 4219 et
932 4165 1044 4220 duo
1073 4165 1134 4219 in
1165 4166 1299 4233 ﬁne,
1336 4172 1399 4222 ut
1427 4169 1595 4222 ambo
1637 4169 1807 4240 pedes
1851 4171 2136 4242 implean-

440 4257 554 4322 tur,
585 4270 828 4325 quorum
855 4254 1120 4308 dimidias
1149 4261 1336 4325 partes
1363 4256 1420 4310 in
1451 4257 1634 4327 capite
1665 4262 1836 4330 atque
1871 4259 1932 4314 in
1957 4265 2134 4316 extre-

443 4354 534 4392 mo
560 4355 874 4410 posuimus.

509 4431 598 4481 20.
639 4429 1061 4499 Nonnunquam
1109 4433 1301 4482 tamen
1350 4431 1500 4501 quod
1539 4430 1762 4484 duobus
1801 4448 1918 4487 non
1949 4433 2134 4504 plenis

440 4515 677 4584 pedibus
709 4516 948 4570 debetur
989 4516 1048 4570 in
1085 4517 1365 4588 principio
1395 4535 1458 4571 ac
1499 4518 1611 4571 ﬁue
1637 4520 1941 4585 collocatis,
1974 4521 2133 4576 ﬁnali

438 4609 660 4656 tantum
710 4604 937 4658 silentio
979 4606 1238 4660 redditur
1263 4604 1286 4638 ³
1312 4626 1326 4672 ;
1355 4606 1400 4659 si
1431 4610 1659 4660 tantum
1688 4607 1761 4661 sit
1800 4612 1866 4662 ut
1905 4609 2128 4664 dimidii

439 4691 688 4760 spatium
716 4693 878 4760 pedis
909 4708 1026 4746 non
1056 4695 1305 4761 excedat,
1339 4695 1531 4765 qualia
1557 4695 1678 4750 luec
1708 4695 1821 4750 duo
1849 4701 2018 4751 sunt:

810 4777 972 4846 Silver.
993 4779 1308 4846 laborantes,
1340 4781 1563 4846 geluque

809 4840 1052 4889 Flumina
1081 4840 1416 4891 constiterint
1445 4840 1617 4892 acuto.

439 4910 652 4972 Horum
677 4917 830 4972 enim
855 4920 1012 4988 prius
1037 4920 1236 4992 incipit
1254 4939 1288 4975 a
1312 4923 1743 4993 palimbacchio,
1773 4924 1907 4979 inde
1935 4941 2129 4980 excur-

438 5007 512 5060 rit
531 5005 591 5060 in
622 5006 951 5072 molossum,
977 5012 1033 5061 et
1061 5009 1292 5064 bacchio
1318 5012 1662 5066 terminatur
1685 5028 1698 5065 :
1726 5012 1966 5066 silentur
1989 5030 2124 5085 ergo

325 5105 332 5114 '
435 5097 548 5152 duo
595 5100 892 5167 tempora;
936 5113 1182 5167 quorum
1214 5115 1394 5152 unum
1441 5100 1696 5169 bacchio,
1728 5101 1972 5156 alterum
2021 5119 2125 5173 pa-

432 5183 772 5238 limbacchio
804 5199 934 5238 cum
962 5183 1297 5251 reddideris,
1329 5202 1464 5241 seua
1491 5187 1705 5259 ubique
1733 5193 1996 5259 tempora
2022 5191 2126 5245 im-

497 5289 588 5352 lln
617 5285 1069 5352 B.,concludetur.
1088 5288 1402 5352 Concludet,
1426 5291 1573 5352 iuxta
1594 5294 1714 5342 Mss.
1733 5293 1772 5341 A
1791 5297 1842 5342 et
1867 5295 1922 5343 Β.
1992 5297 2058 5344 Μ.

493 5351 514 5384 ³
540 5351 596 5398 In
613 5351 780 5413 prius
807 5351 1032 5407 excusis.
1065 5351 1219 5406 ﬁnali
1245 5351 1434 5401 tamen
1448 5355 1655 5404 silentio
1678 5355 1932 5405 redditur.
1964 5357 2029 5405 At
2066 5357 2119 5406 in

435 5411 479 5457 Μ
486 5425 572 5462 ss..
595 5409 749 5473 ﬁnali
769 5415 990 5462 tantum.

1702 189 1797 245 DE
1835 187 2121 256 MUSICA,
2162 186 2217 244 S.
2261 185 2646 246 AUGUSTINI

3754 202 3854 254 1140

2250 311 2582 381 plebuntur.
2627 310 2742 363 Hoc
2788 311 2980 362 autem
3019 306 3298 379 posterius
3351 309 3581 382 dactylo,
3601 314 3858 384 inchoatur,

2250 398 2381 452 inde
2420 397 2609 468 pergit
2644 395 2707 450 in
2744 394 3160 462 choriambum,
3211 397 3488 452 clauditur
3518 399 3751 458 bacchio:
3782 408 3863 460 tria

2250 485 2430 556 igitur
2457 489 2720 555 tempora
2748 483 2917 538 silere
2949 484 3268 554 oportebit;
3299 485 3433 540 hinc
3476 502 3637 542 unum
3665 491 3863 558 bacchio,

2251 574 2366 628 duo
2397 573 2618 644 dactylo
2660 571 3114 638 redhibebimus,
3165 576 3228 626 ut
3274 574 3334 628 in
3376 575 3622 632 omnibus
3648 578 3742 634 sint
3765 598 3865 636 sena

2250 665 2528 732 tempora.

2321 751 2410 804 21.
2459 747 2622 804 Prius
2655 751 2847 802 autem
2890 748 3147 803 redditur
3192 749 3346 820 quod
3374 751 3601 806 debetur
3633 752 3865 825 implendo

2251 841 2504 892 extremo
2534 835 2689 908 pedi,
2723 853 2896 908 quam
2925 837 2984 890 in
3013 838 3295 908 principio
3327 840 3640 896 constituto.
3670 843 3762 896 Nec
3791 846 3867 897 ali-

2250 929 2337 979 ter
2369 925 2605 978 omnino
2647 924 2771 978 ﬁeri
2801 940 2966 978 aures
2997 926 3212 980 sinunt.
3247 927 3356 980 Nec
3394 928 3627 982 mirum:
3671 928 3720 983 id
3753 933 3866 987 enim

2250 1029 2380 1068 cum
2409 1012 2744 1084 repetimus.
2767 1013 3102 1084 adjungitur
3123 1014 3294 1084 capiti
3325 1015 3473 1085 quod
3503 1033 3708 1086 prorsus
3733 1025 3867 1073 extre-

2251 1117 2411 1154 mum
2443 1105 2544 1155 est.
2576 1101 2773 1171 Itaque
2803 1101 2864 1154 in
2894 1101 3002 1155 hoc
3032 1106 3217 1155 metro
3255 1103 3408 1172 quod
3437 1103 3639 1157 dictum
3665 1110 3752 1173 est,
3784 1109 3868 1160 Flu-

2253 1192 2399 1243 mina
2419 1192 2754 1243 constiterint
2784 1195 2968 1244 acuto:
2996 1206 3126 1244 cum
3147 1189 3257 1243 tria
3283 1195 3542 1262 tempora
3567 1194 3700 1246 senis
3721 1196 3867 1265 utique

2250 1278 2554 1348 implendis
2594 1278 2930 1343 debeantur,
2979 1279 3024 1331 si
3075 1295 3142 1332 ea
3194 1295 3310 1332 non
3363 1279 3577 1332 silentio
3627 1282 3764 1347 velis,
3803 1286 3868 1337 sed

2250 1383 2384 1420 voce
2427 1366 2680 1429 reddere,
2728 1366 3060 1437 possintque
3106 1366 3267 1420 reddi
3316 1369 3372 1419 et
3419 1382 3519 1436 per
3562 1367 3797 1434 iambum,
3834 1376 3869 1422 et

2251 1471 2355 1524 per
2383 1454 2664 1520 chorium,
2714 1458 2770 1508 et
2811 1470 2915 1526 per
2961 1454 3337 1521 tribrachum,
3377 1455 3512 1525 quia
3548 1472 3726 1509 omnes
3750 1463 3869 1509 terna

2251 1548 2511 1612 tempora
2531 1542 2857 1613 possident;
2891 1542 3050 1595 nullo
3075 1543 3245 1596 modo
3266 1559 3333 1595 ea
3354 1559 3457 1612 per
3484 1543 3722 1597 chorium
3751 1545 3868 1597 reddi

2251 1647 2449 1684 sensus
2479 1631 2600 1700 ipse
2628 1630 2932 1701 permittit,
2966 1630 3026 1683 in
3067 1646 3181 1701 quo
3212 1631 3374 1700 prior
3403 1636 3485 1684 est
3512 1633 3666 1702 longa
3689 1632 3867 1702 syllaba,

2251 1719 2434 1772 brevis
2472 1719 2792 1789 posterior:
2829 1718 2884 1772 id
2933 1717 3088 1772 enim
3127 1719 3284 1789 prius
3316 1735 3516 1773 sonare
3559 1719 3724 1784 debet,
3758 1722 3868 1791 quod

2248 1806 2481 1860 bacchio
2533 1807 2774 1861 debetur
2820 1810 3094 1872 extremo,
3128 1806 3183 1860 id
3213 1811 3299 1860 est
3327 1807 3510 1861 brevis
3539 1808 3756 1877 syllaba;
3790 1826 3871 1861 non

2249 1895 2440 1964 longa,
2475 1910 2605 1966 quae
2637 1895 2858 1965 dactylo
2900 1895 3115 1965 primo.
3170 1895 3324 1950 Licet
3372 1896 3480 1950 hoc
3517 1896 3778 1968 explorare
3810 1896 3870 1949 his

2251 1982 2526 2054 exemplis
2549 2000 2562 2037 :

2561 2077 2801 2143 [lumina
2831 2079 3163 2143 constiterint
3191 2084 3346 2129 acuto
3377 2079 3514 2143 gelu.

2564 2141 2601 2205 ξ
2603 2141 2805 2205 lumina
2830 2142 3163 2205 constiterint
3192 2146 3345 2205 acute
3376 2141 3560 2205 gelida.

2562 2202 2806 2250 Flumina
2834 2204 3167 2252 constiterint
3193 2203 3248 2251 in
3280 2202 3400 2253 alta'
3419 2208 3580 2253 nocte.

2252 2289 2355 2345 Cui
2393 2288 2630 2343 dubium
2660 2293 2766 2357 est,
2804 2289 2916 2343 duo
2957 2289 3056 2344 illa
3096 2289 3348 2345 suaviter
3375 2292 3568 2363 repeti,
3601 2292 3698 2346 hoc
3732 2294 3870 2345 autem

2248 2377 2486 2432 tertium
2512 2377 2670 2432 nullo
2702 2377 2916 2432 modo?

2320 2467 2409 2518 22.
2443 2465 2585 2518 Item
2629 2480 2760 2518 cum
2805 2465 3033 2535 singula
3077 2470 3340 2537 tempora
3389 2467 3619 2538 singulis
3661 2466 3872 2522 debentur

2249 2553 2491 2623 pedibus
2522 2551 2712 2606 minus
2756 2553 2963 2622 plenis.
2996 2554 3044 2606 si
3087 2569 3153 2607 ea
3196 2571 3334 2608 voce
3378 2556 3606 2610 reddere
3631 2555 3766 2621 velis,
3792 2571 3871 2607 non

2248 2641 2382 2694 sinit
2407 2656 2604 2695 sensus
2625 2640 2686 2694 in
2708 2657 2884 2694 unam
2905 2641 3179 2712 syllabam
3203 2645 3482 2697 coarctari
3504 2661 3517 2709 ;
3541 2645 3673 2697 mira
3696 2643 3870 2696 omnino

2243 2728 2492 2798 justitia.
2533 2730 2652 2783 Non
2682 2729 2834 2783 enim
2867 2730 3152 2796 convenit,
3186 2733 3342 2802 quod
3377 2733 3666 2804 separatim
3692 2731 3870 2786 redden-

2247 2817 2384 2871 dum
2415 2821 2516 2883 est,
2556 2833 2671 2871 non
2704 2818 2876 2871 etiam
2909 2818 3184 2872 constitui
3213 2821 3548 2890 separatim.
3585 2820 3812 2884 Quocirca
3831 2818 3869 2869 in

2249 2903 2348 2958 illo
2374 2908 2578 2970 metro,
2610 2906 2780 2961 Silvae
2808 2906 3135 2973 laborantes,
3162 2909 3414 2978 geluque,
3446 2909 3491 2962 si
3519 2926 3676 2963 unam
3703 2890 3868 2977 longam

2247 3008 2353 3062 pro
2403 2992 2628 3047 silentio
2662 2993 2766 3047 ﬁni
2815 2994 3012 3063 addas,
3064 2995 3230 3049 sicuti
3278 3001 3389 3065 est,
3437 2999 3590 3053 Silvae
3635 2998 3868 3050 laborantes

2247 3082 2371 3150 gelu
2407 3081 2564 3148 duro,
2595 3098 2711 3136 non
2749 3083 2995 3152 probant
3017 3099 3184 3137 aures
3209 3101 3222 3149 ;
3259 3085 3412 3140 sicut
3441 3086 3667 3156 probant
3691 3100 3793 3138 cum
3813 3082 3867 3136 di-

2247 3169 2449 3235 cimus,
2489 3170 2650 3224 Silvae
2678 3170 2982 3225 laborantes
2999 3172 3123 3238 gelu
3151 3177 3200 3225 et
3218 3174 3458 3239 frigore.
3499 3173 3648 3237 Quod
3676 3172 3864 3226 satiatis.

2247 3257 2388 3310 sime
2414 3257 2613 3324 sentis,
2645 3273 2775 3312 cum
2797 3258 3024 3329 singula
3051 3261 3285 3329 repetis.

2317 3348 2406 3400 23.
2475 3346 2617 3399 Item
2682 3362 2798 3399 non
2856 3351 3082 3416 oportet
3133 3347 3247 3401 duo
3311 3348 3503 3402 minus
3552 3348 3691 3419 pleni
3743 3346 3864 3417 pedes

2246 3437 2558 3504 ponuntur,
2591 3434 2872 3504 majorem
2902 3434 2961 3488 in
2998 3434 3282 3506 principio
3324 3453 3498 3508 quam
3527 3437 3581 3490 in
3619 3436 3713 3490 ﬁne
3737 3434 3866 3505 poni;

2247 3537 2378 3575 nam
2429 3525 2484 3574 et
2523 3520 2629 3574 hoc
2676 3521 3018 3576 condemnat
3075 3524 3325 3591 auditus,
3381 3529 3639 3596 tanquam
3672 3526 3710 3577 si
3742 3524 3863 3581 dictu,

2247 3609 2522 3678 Optimum
2551 3613 2758 3678 tempus
2787 3609 2941 3664 adest
2974 3610 3207 3676 tandem,
3241 3617 3308 3665 ut
3341 3613 3560 3683 primus
3587 3627 3678 3682 pes
3709 3610 3766 3663 sit
3785 3623 3862 3660 crc-

2245 3695 2409 3760 ticus,
2441 3695 2722 3749 secundus
2753 3695 3140 3762 choriambus,
3171 3699 3378 3753 tertius
3403 3699 3673 3769 spondeus
3692 3715 3704 3762 ;
3725 3702 3776 3750 ut
3791 3694 3864 3748 tria

2245 3787 2505 3854 tempora
2521 3783 2812 3849 sileamus,
2835 3801 3080 3854 quorum
3105 3785 3216 3840 duo
3239 3787 3525 3842 debentur
3544 3789 3724 3842 ultimo
3742 3799 3862 3854 spon-

2245 3870 2350 3925 deo
2399 3871 2467 3925 ad
2497 3887 2632 3925 sena
2661 3872 2972 3942 implenda,
3006 3878 3061 3927 et
3091 3890 3273 3928 unum
3303 3876 3495 3946 primo
3537 3877 3722 3931 cretico
3761 3876 3813 3927 At
3834 3870 3864 3922 si

2243 3959 2324 4013 ita
2360 3959 2603 4029 dicatur,
2651 3961 2889 4016 Tandem
2941 3967 3146 4032 tempus
3203 3964 3360 4019 adest
3417 3969 3679 4034 optimum,
3720 3961 3863 4015 eadem

2242 4046 2581 4118 interposita
2619 4048 2799 4103 trium
2842 4054 3166 4120 temporum
3191 4051 3370 4122 :mora
3411 4053 3472 4106 in
3517 4051 3741 4116 silentio,
3775 4046 3862 4118 quis

2241 4151 2358 4188 non
2387 4135 2593 4190 sentiat
2612 4136 3026 4205 jucundissime
3054 4140 3236 4209 repeti
3254 4141 3282 4195 ?
3311 4141 3498 4204 Quare
3527 4146 3618 4194 aut
3643 4138 3759 4193 tanti
3781 4150 3862 4204 spa-

2241 4222 2308 4276 tii
2337 4223 2498 4277 decet
2517 4239 2636 4277 esse
2667 4223 2725 4277 in
2756 4225 2870 4278 ﬁne
2901 4225 3092 4279 minus
3115 4227 3353 4296 plenum
3377 4229 3598 4299 pedem,
3627 4223 3790 4298 quanti
3809 4223 3862 4273 est

2239 4308 2300 4364 in
2342 4311 2644 4382 principio,
2689 4317 2753 4365 ut
2791 4313 2932 4366 illud
2978 4314 3139 4368 Silva
3177 4315 3508 4381 laborantes,
3542 4313 3862 4383 geluquezaul

2238 4397 2524 4453 minorem
2574 4399 2634 4453 in
2664 4400 2973 4471 principio,
3001 4406 3057 4455 et
3085 4401 3147 4455 in
3175 4403 3290 4456 ﬁne
3320 4405 3611 4473 majorem,
3643 4399 3786 4454 veluti
3805 4399 3862 4449 est

2238 4488 2489 4540 Flumina
2534 4491 2874 4542 constiterint
2915 4493 3092 4544 acuto.
3143 4491 3343 4561 Neque
3390 4493 3616 4562 injuria,
3654 4489 3763 4560 quia
3794 4483 3861 4538 uhi

2239 4579 2324 4628 est
2351 4575 2668 4645 aequalitas,
2702 4577 2860 4630 nulla
2906 4577 3228 4634 discordia:
3261 4579 3365 4633 ubi
3396 4585 3580 4634 autem
3617 4579 3780 4647 dispar
3806 4575 3864 4624 est

2238 4678 2532 4731 numerus,
2563 4663 2610 4716 si
2651 4681 2685 4718 a
2728 4664 2950 4719 minore
2989 4665 3061 4719 ad
3111 4667 3393 4736 majorem
3424 4667 3714 4728 veniamus,
3752 4659 3861 4716 utin

2237 4751 2593 4806 numerando
2634 4753 2798 4822 solet,
2829 4752 2963 4806 facit
3001 4769 3199 4808 rursus
3227 4755 3348 4825 ipse
3380 4755 3519 4809 ordo
3549 4750 3858 4808 concordiam.

2307 4839 2394 4891 24.
2429 4839 2504 4893 Ex
2535 4855 2649 4910 quo
2699 4839 2844 4894 illud
2897 4845 2985 4895 est
3023 4842 3194 4896 etiam
3223 4859 3592 4914 consequens,
3624 4846 3680 4896 ut
3703 4854 3807 4894 curn
3835 4834 3859 4886 ii

2235 4925 2305 4979 de
2325 4926 2533 4997 quibus
2561 4927 2770 4997 agitur,
2795 4928 2985 4982 minus
3004 4929 3164 5000 pleni
3185 4937 3484 5001 ponuntur
3501 4931 3680 5002 pedes,
3705 4928 3744 4981 si
3766 4925 3860 4979 duo-

2233 5014 2336 5069 bus
2358 5016 2494 5069 locis
2517 5016 2902 5088 interponitur
2942 5019 3254 5086 silentium,
3282 5020 3338 5075 id
3362 5026 3447 5076 est
3462 5026 3587 5076 ante
3607 5020 3754 5074 ﬁnem
3768 5011 3857 5068 etin

2231 5105 2345 5160 ﬁne
2368 5123 2381 5172 ;
2413 5110 2636 5160 tantum
2655 5112 2785 5161 ante
2805 5109 2980 5162 ﬁnem
3008 5108 3243 5164 sileatur
3263 5116 3541 5182 quantum
3569 5110 3776 5163 debetur
3794 5116 3858 5154 ex-

2231 5196 2434 5257 tremo,
2459 5198 2682 5249 tantum
2703 5200 2898 5250 autem
2914 5196 2973 5250 in
2997 5196 3111 5250 ﬁne
3135 5204 3412 5268 quantum
3439 5197 3641 5252 scilicet
3659 5190 3853 5266 primo‘;

2229 5281 2366 5351 quia
2395 5283 2653 5338 medium
2681 5283 2869 5339 tendit
2895 5284 2968 5338 ad
2994 5284 3171 5340 ﬁnem
3195 5303 3208 5352 ;
3241 5303 3274 5340 a
3303 5286 3415 5340 ﬁne
3446 5301 3575 5340 vero
3604 5283 3666 5337 ad
3692 5275 3855 5352 princi-

2295 5425 2306 5454 ¹
2339 5423 2449 5470 Am.
2473 5424 2556 5471 Er.
2583 5425 2706 5472 Lov.
2739 5425 2812 5472 sic
2831 5423 3060 5476 habent:
3091 5427 3359 5486 Quantum
3383 5424 3584 5476 scilicet
3601 5414 3850 5486 principio:
