4080 6178
217 252 346 305 1141

208 371 375 440 pium
397 370 753 425 redeundum
773 374 873 425 est.
896 370 953 425 Si
973 374 1166 426 autem
1185 372 1418 443 utrique
1439 373 1795 429 tantumdem
1816 374 1905 428 de-

208 459 399 525 betur,
430 460 588 513 nulla
615 459 999 515 controversia
1027 464 1110 514 est
1147 461 1287 531 quin
1316 466 1539 516 tantum
1572 468 1700 517 ante
1732 463 1907 516 ﬁnem

207 551 490 618 quantum
512 548 572 601 in
593 547 708 602 ﬁne
729 549 1011 602 silendum
1032 549 1123 603 sit.
1146 548 1311 604 Sileri
1329 555 1521 604 autem
1544 555 1769 620 oportet
1790 566 1907 605 non

206 635 324 689 nisi
341 636 439 689 ubi
454 636 795 690 terminatur
809 653 940 707 pars
956 636 1249 691 orationis.
1272 638 1336 692 In
1353 637 1422 691 iis
1438 643 1631 692 autem
1654 638 1906 693 numeris

207 724 312 794 qui
344 740 462 777 non
490 723 673 777 verbis
704 724 853 777 ﬁunt
872 723 912 787 ί,
943 726 1042 779 sed
1071 725 1264 795 aliquo
1294 727 1465 795 pulsu
1494 728 1580 781 vel
1618 728 1774 794 ﬁatu,
1816 728 1905 781 vel

208 812 394 882 ipsam
412 810 585 865 etiam
599 811 813 881 lingua,
826 812 1050 866 nullum
1070 811 1130 865 in
1142 813 1247 866 hac
1259 828 1319 867 re
1340 813 1642 868 discrimen
1657 819 1762 883 est,
1779 820 1907 885 post

208 916 385 972 quam
415 915 609 953 vocem
638 900 1131 969 percussionemve
1150 900 1411 967 sileatur;
1436 902 1603 956 modo
1625 908 1688 956 ut
1717 894 1917 972 legiti-'

207 1005 370 1043 mum
398 988 709 1043 secundum
742 988 1095 1059 supradictas
1128 990 1372 1043 rationes
1400 989 1712 1045 intercedat
1738 991 1907 1044 silen-

200 1076 373 1130 tium.
423 1076 801 1140 Quamobrem
852 1081 907 1130 et
936 1093 969 1130 a
1009 1077 1231 1131 duobus
1274 1082 1457 1148 potest
1504 1079 1694 1132 minus
1718 1079 1904 1149 plenis

200 1165 449 1235 pedibus
496 1168 745 1218 metrum
788 1164 1061 1234 incipere,
1092 1164 1137 1218 si
1186 1170 1378 1219 tamen
1429 1166 1723 1237 utriusque
1766 1183 1902 1220 con-

193 1254 466 1323 junctum
514 1252 765 1322 spatium
811 1252 1001 1306 minus
1049 1269 1167 1308 non
1196 1253 1287 1321 sit,
1340 1270 1515 1325 quam
1563 1260 1753 1325 posset
1782 1270 1901 1308 esse

198 1341 378 1395 unius
404 1345 459 1395 et
492 1340 718 1395 dimidii
741 1342 900 1411 pedis
924 1358 937 1407 ;
970 1358 1104 1395 nam
1128 1358 1298 1413 supra
1322 1344 1590 1409 diximus,
1613 1348 1735 1397 tum
1756 1347 1902 1396 recte

198 1430 343 1501 poni
372 1430 513 1484 duos
551 1431 739 1483 minus
768 1431 966 1499 plenos
999 1431 1193 1499 pedes,
1233 1448 1361 1484 cum
1394 1431 1450 1484 id
1482 1430 1633 1500 quod
1663 1430 1903 1485 debetur

198 1517 501 1581 ambobus,
534 1532 652 1569 non
681 1516 883 1569 transit
910 1517 1091 1587 spatio
1116 1517 1322 1587 pedem
1353 1516 1686 1571 dimidium:
1716 1534 1899 1571 exeni-

198 1605 365 1674 plum
396 1608 500 1671 est,
539 1606 741 1659 Montes
785 1607 963 1667 acuti;
1010 1608 1073 1657 ut
1118 1609 1217 1658 aut
1248 1604 1307 1658 in
1336 1604 1449 1658 ﬁne
1494 1605 1600 1658 tria
1642 1609 1902 1676 tempora

197 1692 491 1759 sileamus,
523 1696 619 1746 aut
647 1709 827 1746 unum
856 1696 1081 1763 tempus
1110 1698 1241 1763 post
1266 1693 1605 1764 spondeum,
1631 1698 1687 1748 et
1708 1694 1820 1747 duo
1842 1695 1909 1747 in'

197 1781 337 1835 ﬁne.
387 1780 568 1835 Aliter
620 1781 775 1835 enim
818 1781 926 1835 hoc
973 1785 1223 1835 metrum
1267 1781 1669 1835 convenienter
1711 1782 1900 1836 metiri

196 1885 321 1923 non
341 1872 550 1939 potest.

424 1967 649 2021 CAPUT
678 1968 786 2021 XV.
819 1997 886 2006 —
916 1969 1047 2021 Item
1076 1966 1141 2019 de
1169 1967 1380 2021 silentio
1408 1970 1467 2021 in
1495 1970 1680 2021 metris

848 2054 1251 2124 interponendo.

275 2145 370 2198 25.
408 2143 490 2197 Sit
513 2143 621 2197 hoc
646 2143 817 2197 etiam
852 2144 908 2196 in
941 2144 1263 2213 disciplina,
1306 2147 1367 2197 ut
1403 2160 1534 2198 cum
1568 2147 1696 2198 ante
1727 2143 1901 2199 ﬁnem

198 2233 456 2300 silemus,
486 2250 601 2287 non
631 2234 711 2286 ibi
738 2250 869 2304 pars
899 2234 1170 2287 orationis
1197 2233 1355 2288 brevi
1384 2234 1596 2304 syllaba
1625 2233 1897 2289 termine-

196 2326 316 2387 tur,
352 2338 422 2375 ne
467 2322 777 2376 secundum
820 2321 977 2375 illam
1007 2338 1157 2392 smpe
1196 2327 1702 2377 commemoratam
1730 2339 1899 2394 regu-

196 2410 342 2474 lam,
366 2426 468 2480 pro
500 2410 669 2481 longa
698 2425 825 2463 eam
856 2426 1053 2463 sensus
1078 2410 1333 2481 accipiat,
1356 2415 1628 2482 sequente
1652 2410 1897 2465 silentio.

192 2500 399 2567 Itaque
429 2498 490 2551 in
520 2498 629 2552 hoc
661 2503 868 2566 metro,
899 2499 1168 2553 Montibus
1199 2501 1391 2565 acutis,
1434 2516 1549 2553 non
1596 2515 1900 2569 possumus

193 2586 370 2640 silere
396 2590 529 2656 post
558 2586 845 2657 dactylum
887 2591 1113 2658 tempus
1154 2604 1355 2657 unum,
1396 2589 1546 2659 quod
1573 2594 1702 2658 post
1731 2605 1899 2658 spon-

190 2676 371 2729 deum
402 2674 461 2728 in
488 2676 781 2745 superiore
819 2680 1181 2746 poteramus;
1214 2693 1284 2730 ne
1316 2693 1430 2730 non
1464 2678 1583 2747 jam
1623 2678 1897 2747 dactylus,

194 2763 301 2817 sed
333 2762 573 2817 creticus
616 2765 924 2819 sentiatur:
972 2769 1141 2835 atque
1184 2766 1261 2819 ita
1310 2782 1427 2819 non
1458 2766 1678 2819 duobus
1709 2765 1901 2818 minus

193 2851 388 2921 plenis
417 2852 681 2921 pedibus,
720 2854 873 2923 quod
904 2870 1057 2906 nunc
1086 2854 1564 2918 demonstramus,
1600 2853 1698 2907 sed
1727 2854 1899 2923 pleno

196 2940 459 2994 dichorio
482 2945 538 2994 et
566 2941 767 2995 ultimo
794 2942 1043 3011 spondeo
1070 2946 1319 2995 metrum
1342 2947 1598 2995 constare
1623 2941 1896 3007 videatur,

196 3028 381 3081 duum
412 3032 738 3099 temporum
767 3029 993 3083 silentio
1026 3030 1084 3083 in
1116 3029 1227 3083 ﬁne
1258 3030 1566 3084 reddendo.

272 3119 361 3171 26.
394 3116 501 3171 Sed
533 3117 676 3171 illud
705 3118 1023 3171 notandum
1055 3122 1155 3184 est,
1187 3118 1245 3171 in
1276 3117 1558 3188 principio
1579 3117 1765 3188 posito
1798 3115 1901 3169 mi-

198 3221 311 3260 nus
338 3207 507 3276 pleno
533 3206 686 3277 pedi,
722 3211 820 3260 aut
849 3206 1063 3261 ibidem
1092 3208 1251 3261 reddi
1286 3206 1542 3261 debitum
1584 3222 1688 3277 per
1726 3205 1899 3259 silen-

195 3294 370 3359 tium,
400 3294 563 3347 sicuti
596 3299 699 3360 est,
734 3297 856 3348 Jam
885 3298 1018 3349 satis
1052 3298 1210 3349 terris
1236 3298 1379 3350 nivis
1410 3299 1571 3363 atque
1600 3295 1768 3347 dirae:
1802 3296 1901 3346 aut

198 3383 259 3437 in
290 3383 424 3447 ﬁne,
458 3383 631 3445 velut,
670 3384 882 3450 Segetes
910 3400 1055 3438 meus
1083 3384 1251 3438 labor.
1292 3384 1477 3438 Minus
1506 3386 1697 3437 autem
1727 3382 1897 3451 pleno

197 3471 337 3542 pedi
366 3471 465 3542 qui
501 3471 560 3525 in
587 3471 701 3525 ﬁne
732 3472 984 3541 ponitur,
1016 3477 1117 3524 aut
1154 3472 1367 3526 ibidem
1397 3472 1620 3525 restitui
1648 3470 1897 3539 silentio,

196 3560 357 3629 quod
404 3559 657 3623 debetur,
690 3564 756 3613 ut
790 3559 851 3612 in
878 3559 996 3627 illo,
1034 3562 1112 3613 Ite
1141 3562 1314 3627 igitur
1360 3563 1651 3617 Comum:
1698 3564 1795 3613 aut
1838 3559 1901 3612 in

196 3646 395 3717 aliquo
425 3647 493 3701 de
523 3647 723 3701 mediis
753 3648 896 3712 loco,
934 3648 1109 3700 veluti
1136 3648 1195 3700 in
1226 3649 1351 3714 hoc,
1393 3650 1495 3703 Ver
1527 3648 1784 3702 blandum
1814 3650 1897 3703 vi-

197 3741 286 3802 get
312 3738 481 3801 arvis,
520 3736 673 3790 adest
711 3737 897 3804 hospes
938 3736 1192 3789 hirundo.
1238 3738 1426 3790 Unum
1470 3736 1621 3790 enim
1671 3740 1897 3805 tempus

196 3824 353 3894 quod
387 3824 625 3877 debetur
651 3824 852 3878 ultimo
880 3824 1132 3884 bacchio,
1170 3825 1259 3878 vel
1302 3828 1430 3895 post
1466 3829 1649 3878 totum
1687 3840 1899 3879 nume-

188 3928 329 3975 rum
352 3911 504 3965 sileri
524 3916 731 3981 potest,
753 3913 842 3965 vel
862 3920 992 3982 post
1016 3913 1270 3982 primum
1292 3914 1409 3981 ejus
1442 3913 1662 3966 numeri
1693 3914 1898 3984 pedem

194 3998 533 4064 molossum,
584 4000 671 4053 vel
714 4000 1024 4053 secundum
1072 4000 1324 4053 ionicum
1373 4017 1405 4053 a
1448 4000 1687 4054 minore.
1738 4000 1900 4063 Quod

194 4103 335 4140 vero
362 4087 561 4140 mediis
590 4087 734 4141 forte
765 4088 956 4141 minus
987 4088 1172 4158 plenis
1194 4087 1435 4157 pedibus
1456 4088 1631 4141 debiti
1652 4092 1753 4153 est,
1783 4104 1898 4141 non

196 4175 313 4229 nisi
341 4175 553 4230 ibidem
580 4176 737 4231 reddi
764 4181 985 4247 potest:
1008 4182 1072 4231 ut
1095 4180 1194 4240 est,

386 4264 527 4313 Tuba
558 4265 839 4314 terribilem
866 4266 1097 4314 sonitum
1129 4264 1274 4313 dedit
1297 4278 1401 4313 aere
1430 4278 1606 4312 curvo.

193 4344 254 4398 Si
287 4343 442 4398 enim
472 4344 549 4397 sic
597 4345 903 4399 metiamur
946 4346 1053 4399 hoc
1104 4348 1370 4408 metrum,
1416 4348 1480 4397 ut
1522 4342 1771 4412 primum
1814 4341 1894 4395 fa-

193 4431 416 4485 ciamus
447 4438 819 4503 anapaastum,
853 4434 1167 4487 secundum
1210 4432 1463 4485 ionicum
1494 4429 1809 4500 quemlibet
1838 4430 1896 4483 in

192 4519 427 4589 syllabis
474 4521 746 4591 quinque,
795 4521 982 4574 soluta
1028 4520 1239 4573 scilicet
1264 4520 1435 4589 longa
1475 4518 1559 4570 vel
1592 4516 1781 4587 prima
1808 4517 1894 4569 vel

192 4606 402 4661 ultima
430 4606 489 4661 in
519 4609 659 4662 duas
683 4609 900 4675 breves,
923 4608 1157 4662 tertium
1187 4607 1603 4669 choriambum,
1627 4604 1897 4658 ultimum

192 4694 533 4749 bacchium:
578 4697 686 4749 tria
714 4702 884 4750 erunt
924 4701 1183 4765 tempora
1222 4694 1281 4747 in
1322 4694 1532 4757 debito,
1580 4709 1757 4747 unum
1796 4710 1895 4746 ex-

194 4788 384 4837 tremo
415 4784 645 4837 bacchio
675 4785 1055 4850 reddendum,
1088 4788 1143 4836 et
1162 4784 1273 4837 duo
1294 4786 1581 4853 anapaesto
1608 4782 1810 4851 primo,
1837 4785 1900 4834 ut

192 4887 336 4923 sena
365 4874 777 4942 compleantur.
811 4873 919 4926 Sed
940 4872 1048 4925 hoc
1069 4876 1252 4925 totum
1276 4871 1523 4941 spatium
1554 4870 1730 4923 trium
1762 4875 1899 4923 tem-

192 4975 409 5030 porum
439 4962 497 5015 in
528 4962 640 5015 ﬁne
670 4961 825 5015 sileri
852 4965 1057 5031 potest.
1095 4964 1165 5014 At
1203 4960 1249 5011 si
1279 4961 1349 5012 ab
1378 4960 1600 5027 integro
1631 4959 1774 5028 pede
1803 4959 1897 5011 in-

193 5047 399 5118 cipias,
450 5049 703 5120 quinque
747 5049 987 5119 syllabas
1035 5047 1247 5118 primas
1277 5063 1379 5117 pro
1420 5046 1672 5117 quolibet
1714 5046 1899 5098 ionico

235 5194 327 5240 uia
351 5188 580 5239 medium
602 5190 766 5253 tendit
776 5189 845 5238 ad
863 5187 1043 5253 ﬁnem.
1070 5190 1114 5237 si
1133 5201 1305 5253 unant
1332 5188 1543 5253 longam
1556 5200 1659 5253 pro
1688 5186 1899 5236 silentio

214 5249 295 5301 im
316 5253 501 5309 addas,
525 5254 690 5305 siculi.
717 5249 872 5300 Silvm
904 5253 1203 5300 laborantes
1229 5251 1346 5313 gelu
1380 5250 1529 5298 duro.
1552 5249 1589 5298 Ἀ
1623 5249 1727 5306 ﬁne
1754 5262 1899 5313 vero,

194 5312 301 5382 etc.
331 5315 565 5382 Plerique
592 5316 929 5382 autem_.\l_ss.,
959 5319 1225 5382 quantum
1251 5312 1679 5382 scilicetprtmo:
1699 5312 1901 5382 supple,

198 5378 383 5427 miuus
419 5374 575 5439 pleno
612 5378 729 5439 pedi
755 5374 990 5425 debetur.
1038 5378 1221 5424 Postea
1252 5378 1431 5423 carent
1460 5374 1600 5439 hisce
1632 5374 1818 5427 verbis.
1857 5376 1902 5420 si

198 5452 375 5488 unam
397 5436 654 5499 longam}
681 5440 808 5496 Quae
829 5439 1081 5499 exigente
1100 5452 1256 5485 sensu
1288 5436 1628 5484 removimus.

273 5504 284 5533 ι
312 5501 387 5547 ita
417 5498 536 5548 Mss.
565 5502 629 5548 At
651 5500 776 5549 editi
806 5498 1018 5557 habent,
1048 5498 1337 5555 ﬁniuntur.

1653 250 1864 308 LIBER
1904 248 2255 317 QUARTUS.

3582 255 3717 308 1142

2021 374 2274 436 metitus,
2300 372 2556 445 sequitur
2584 371 2982 428 choriambus:
3016 372 3148 429 inde
3176 374 3299 444 jam
3340 376 3543 446 pedem
3568 375 3718 429 inte-

2017 477 2184 531 grum
2205 478 2322 515 non
2345 460 2599 514 invenies
2624 477 2636 514 :
2663 460 2926 530 quocirca
2945 462 3115 515 unius
3135 463 3323 529 longae
3346 463 3528 533 spatio
3548 463 3714 517 silere

2018 550 2332 619 oportebit:
2368 565 2480 619 quo
2512 554 2902 615 annumerato,
2930 549 3302 604 choriambus
3334 552 3477 604 alter
3508 551 3711 621 imple-

2015 636 2199 703 bitur;
2244 637 2478 691 bacchio
2512 637 2735 707 reliquo
2774 641 3024 692 metrum
3052 638 3340 707 clausuro,
3369 638 3459 692 cui
3489 643 3714 709 tempus

2016 742 2198 779 unum
2229 726 2483 779 debitum
2515 725 2702 778 silebis
2726 723 2784 777 in
2814 724 2948 779 ﬁne.

2085 817 2173 868 27.
2209 814 2367 867 Unde
2392 814 2513 883 jam
2540 829 2660 867 esse
2689 813 2895 883 opinor
2923 813 3310 884 perspicuum,
3342 830 3471 868 cum
3500 814 3559 868 in
3590 830 3711 867 me-

2018 901 2125 955 diis
2153 902 2352 956 siletur
2388 902 2545 967 locis,
2578 906 2678 955 aut
2705 918 2771 955 ea
2809 902 3031 955 restitui
3060 906 3316 972 tempora
3348 919 3475 972 qua:
3505 903 3565 956 in
3597 903 3711 956 ﬁne

2015 989 2315 1057 debentur,
2347 994 2444 1044 aut
2468 1006 2534 1043 ea
2558 1006 2685 1060 qua:
2714 989 2794 1042 ibi
2815 990 3094 1043 debentur
3112 990 3210 1043 ubi
3236 990 3450 1044 siletur.
3477 990 3582 1045 Sed
3616 990 3713 1043 ali-

2015 1079 2244 1148 quando
2273 1095 2389 1132 non
2428 1083 2513 1132 est
2556 1092 2782 1131 necesse
2826 1082 2891 1131 ut
2937 1077 3170 1132 sileatur
3199 1078 3258 1131 in
3304 1079 3530 1144 mediis,
3581 1094 3710 1131 cum

2014 1170 2200 1235 potest
2229 1167 2393 1221 aliter
2420 1171 2669 1220 metrum
2702 1167 2908 1233 metiri,
2933 1171 2998 1220 ut
3016 1166 3077 1220 in
3103 1183 3168 1219 eo
3198 1168 3349 1237 quod
3374 1168 3547 1237 paulo
3580 1171 3708 1220 ante

2013 1256 2329 1324 posuimus.
2382 1255 2706 1324 Aliquando
2746 1259 2935 1307 autem
2984 1271 3209 1308 necesse
3257 1260 3358 1321 est,
3402 1260 3466 1309 ut
3494 1256 3555 1309 in
3581 1256 3706 1319 hoc,

2019 1345 2221 1397 Vernat
2251 1345 2544 1412 temperies,
2567 1358 2715 1396 aura:
2748 1347 2943 1411 tepent,
2976 1347 3100 1396 sunt
3130 1343 3334 1397 deliciae
3365 1362 3380 1396 :
3416 1360 3549 1397 nam
3590 1361 3709 1397 ma-

2012 1431 2280 1485 nifestum
2312 1436 2395 1484 est
2422 1430 2593 1483 istum
2633 1445 2960 1495 numerum,
2994 1434 3092 1483 aut
3122 1434 3532 1500 quaternorum
3565 1435 3708 1485 tem-

2010 1534 2240 1589 porum,
2266 1527 2363 1572 aut
2380 1534 2646 1571 senorum
2665 1516 2907 1587 pedibus
2925 1532 3171 1571 currere.
3191 1517 3247 1571 Si
3273 1522 3710 1585 quaternorum,

2012 1608 2295 1662 silendum
2325 1610 2410 1661 est
2438 1622 2623 1661 unum
2650 1612 2877 1676 tempus
2899 1609 3027 1674 post
3047 1605 3322 1675 syllabam
3355 1610 3633 1672 octavam,
3660 1611 3713 1659 et

2014 1696 2073 1749 in
2100 1684 2213 1750 ﬁne
2243 1696 2391 1763 duo;
2433 1694 2703 1748 metiatur
2740 1693 2928 1764 primo
2969 1694 3272 1764 spondeus,
3316 1694 3564 1747 secundo
3611 1694 3711 1747 da-

2012 1785 2215 1855 ctylus,
2254 1784 2420 1838 tertio
2463 1782 2767 1853 spondeus,
2804 1786 3005 1852 quarto
3042 1782 3296 1851 dactylus
3336 1786 3710 1837 annumerato

2010 1877 2143 1943 post
2170 1873 2403 1941 longam
2440 1871 2688 1938 silentio,
2734 1870 2871 1941 quia
2900 1874 3027 1941 post
3052 1885 3283 1924 orevem
3315 1886 3431 1925 non
3462 1874 3708 1940 oportet,

2013 1961 2215 2031 quinto
2258 1960 2561 2030 spondeus,
2612 1963 2766 2013 sexto
2814 1959 3087 2028 dactylus,
3139 1958 3344 2012 ultima
3385 1959 3559 2029 longa
3597 1975 3710 2029 qua

2011 2064 2286 2103 numerus
2307 2047 2609 2112 clauditur,
2641 2046 2729 2099 cui
2758 2046 2871 2100 duo
2893 2049 3153 2115 tempora
3175 2046 3366 2099 debita
3386 2046 3625 2099 silentur
3649 2046 3708 2099 in

2012 2136 2146 2192 ﬁne.
2180 2136 2239 2191 Si
2268 2140 2461 2191 autem
2503 2150 2770 2189 senorum
2808 2138 3136 2204 temporum
3175 2134 3265 2188 hic
3297 2134 3571 2188 metimur
3609 2151 3708 2205 pe-

2013 2226 2131 2293 des,
2176 2225 2395 2295 primus
2444 2223 2553 2279 erit
2595 2224 2896 2286 molossus,
2944 2223 3224 2276 secundus
3264 2222 3483 2276 ionicus
3526 2239 3559 2276 a
3602 2224 3711 2276 mi-

2010 2328 2170 2379 nore,
2202 2312 2402 2367 tertius
2431 2310 2669 2365 creticus
2692 2309 2792 2381 qui
2822 2309 2885 2363 ﬁt
2914 2309 3205 2364 dichorius
3235 2309 3503 2379 adjuncto
3536 2310 3708 2363 silen-

2011 2400 2091 2455 tio
2120 2401 2293 2455 unius
2319 2400 2610 2469 temporis,
2644 2402 2882 2469 quartus
2902 2397 3124 2451 ionicus
3144 2413 3177 2451 a
3205 2398 3423 2468 majore
3455 2402 3512 2451 et
3540 2398 3709 2467 longa

2012 2489 2233 2555 ultima,
2256 2493 2387 2559 post
2406 2504 2580 2558 quam
2600 2490 2846 2558 quatuor
2870 2489 3133 2557 tempora
3153 2486 3489 2540 silebuntur.
3515 2487 3712 2540 Posset

2012 2578 2195 2643 aliter,
2225 2581 2289 2630 ut
2326 2592 2440 2629 una
2468 2576 2638 2645 longa
2667 2574 2727 2628 in
2755 2574 3039 2644 principio
3079 2574 3379 2639 locaretur,
3414 2588 3588 2645 quam
3618 2589 3709 2626 se-

2012 2670 2284 2735 queretur
2311 2663 2533 2717 ionicus
2563 2679 2596 2715 a
2624 2663 2860 2731 majore,
2915 2660 3123 2715 deinde
3157 2662 3456 2725 molossus,
3502 2660 3710 2715 deinde

2010 2752 2296 2819 bacchius,
2328 2751 2425 2823 qui
2452 2750 2616 2804 ﬁeret
2637 2750 2983 2819 antispastus
3004 2748 3270 2818 adjuncto
3292 2747 3516 2801 silentio
3538 2748 3710 2801 unius

2011 2840 2313 2911 temporis;
2351 2838 2588 2892 ultimus
2617 2836 2983 2891 choriambus
3014 2840 3259 2889 metrum
3292 2836 3600 2900 clauderet,
3634 2836 3709 2890 ita

2010 2934 2075 2982 ut
2099 2932 2344 2999 quatuor
2363 2932 2688 2996 temporum
2710 2925 2766 2978 in
2795 2926 2908 2978 ﬁne
2931 2923 3224 2978 silentium
3244 2923 3580 2978 redderetur
3608 2925 3710 2977 uni

2010 3018 2199 3086 longae
2229 3015 2288 3069 in
2327 3014 2608 3086 principio
2657 3012 2994 3067 constitutas.
3050 3011 3157 3065 Sed
3208 3027 3372 3065 aures
3414 3011 3581 3065 istam
3623 3012 3711 3066 di-

2010 3104 2369 3159 mensionem
2412 3101 2746 3174 repudiant;
2778 3100 2915 3171 quia
2950 3115 3082 3171 pars
3120 3100 3281 3169 pedis
3327 3100 3387 3153 in
3425 3100 3707 3171 principio

2010 3194 2302 3259 collocata,
2334 3191 2445 3245 nisi
2474 3190 2660 3260 major
2688 3205 2862 3260 quam
2900 3187 3139 3242 dimidia
3168 3186 3357 3250 fuerit,
3408 3202 3525 3240 non
3556 3190 3705 3240 recte

2011 3281 2095 3335 illi
2124 3284 2251 3352 post
2269 3280 2507 3351 plenum
2536 3279 2738 3349 pedem
2762 3277 2919 3331 ﬁnali
2951 3276 3179 3330 silentio
3200 3275 3461 3329 redditur
3487 3274 3589 3329 ubi
3610 3274 3707 3328 de-

2008 3369 2207 3424 betur:
2239 3369 2335 3423 sed
2366 3368 2489 3421 aliis
2523 3365 2871 3437 interpositis
2919 3365 3179 3435 pedibus,
3222 3364 3432 3417 scimus
3476 3362 3706 3433 quidem

2012 3461 2291 3530 quantum
2336 3456 2640 3514 debeatur:
2677 3455 2775 3509 sed
2816 3469 2935 3507 non
2972 3452 3479 3522 comprehenditur
3516 3466 3709 3519 sensu,

2010 3552 2073 3602 ut
2097 3552 2257 3601 tanto
2284 3546 2465 3615 spatio
2498 3545 2751 3612 sileatur,
2783 3543 2893 3597 nisi
2926 3542 3115 3596 minus
3145 3542 3418 3595 debeatur
3446 3540 3506 3593 in
3535 3539 3706 3592 silen-

2009 3637 2088 3691 tio
2121 3651 2294 3707 quam
2340 3634 2589 3704 positum
2619 3632 2790 3686 estin
2843 3646 3022 3685 sono:
3077 3630 3214 3699 quia
3256 3644 3385 3681 cum
3431 3628 3706 3698 majorem

2008 3729 2232 3795 partem
2262 3722 2421 3794 pedis
2448 3738 2550 3775 vox
2593 3719 2895 3792 peregerit,
2931 3718 3120 3772 minor
3165 3733 3293 3789 quas
3337 3715 3559 3786 reliqua
3601 3719 3705 3783 est,

2010 3813 2357 3882 ubicumque
2385 3810 2547 3865 facile
2578 3808 2840 3863 occurrit.

2080 3903 2169 3955 ‘28.
2202 3900 2587 3964 Quamobrem
2628 3897 2793 3951 metri
2823 3896 2977 3967 quod
3012 3895 3116 3949 sub
3148 3895 3258 3949 hoc
3298 3893 3555 3963 exemplo
3600 3908 3703 3961 po-

2010 3990 2248 4053 suimus,
2304 3991 2507 4042 Vernat
2555 3989 2851 4055 temperies,
2903 4000 3051 4039 auras
3080 3988 3276 4053 tepent,
3309 3986 3434 4037 sunt
3462 3982 3701 4035 deliciae:

2010 4096 2141 4133 cum
2171 4078 2244 4131 sit
2272 4093 2388 4131 una
2432 4076 2767 4138 necessaria,
2813 4090 2987 4145 quam
3014 4074 3284 4137 diximus,
3329 4070 3629 4133 dimensio,
3659 4070 3704 4122 si

2009 4171 2137 4237 post
2165 4165 2444 4219 decimam
2474 4164 2597 4233 ejus
2622 4163 2894 4234 syllabam
2919 4166 3145 4230 tempus
3166 4174 3346 4212 unum
3376 4157 3627 4220 sileatur,
3652 4165 3707 4209 et

2008 4256 2255 4324 quatuor
2294 4254 2353 4305 in
2406 4252 2547 4316 ﬁne;
2604 4254 2687 4303 est
2742 4250 2850 4303 alia
2901 4247 3239 4309 voluntaria,
3301 4246 3346 4297 si
3398 4244 3524 4313 quis
3578 4248 3706 4312 post

2008 4344 2222 4393 sextam
2262 4339 2535 4409 syllabam
2570 4338 2703 4390 velit
2747 4336 2913 4390 silere
2955 4337 3066 4390 duo
3109 4340 3388 4403 tempora,
3437 4334 3492 4383 et
3525 4345 3702 4382 unum

2007 4430 2135 4498 post
2183 4425 2565 4485 undecimam,
2607 4429 2664 4477 et
2700 4424 2812 4478 duo
2851 4424 2910 4477 in
2950 4423 3098 4477 ﬁne:
3131 4425 3197 4475 ut
3224 4420 3296 4473 sit
3332 4420 3392 4472 in
3424 4417 3703 4489 principio

2010 4515 2312 4585 spondeus,
2346 4516 2618 4584 sequatur
2646 4513 2797 4567 hunc
2830 4511 3211 4569 choriambus,
3244 4507 3414 4561 tertio
3452 4507 3703 4577 spondeo

2009 4602 2300 4657 silentium
2326 4602 2505 4657 duum
2543 4607 2867 4672 temporum
2914 4601 3342 4661 annumeretur,
3378 4600 3441 4648 ut
3466 4596 3553 4648 vel
3583 4611 3705 4648 mo-

2008 4693 2191 4745 lossus
2236 4691 2319 4744 vel
2369 4706 2402 4744 a
2452 4691 2677 4744 minoro
2730 4689 2947 4742 ionicus
2994 4687 3112 4755 ﬁat,
3157 4689 3393 4756 quartus
3437 4683 3704 4737 bacchius

2009 4780 2275 4850 adjuncto
2306 4779 2506 4833 itidem
2536 4778 2761 4831 silentio
2793 4777 2963 4831 unius
3000 4773 3275 4845 temporis
3311 4776 3410 4826 liat
3448 4772 3702 4842 antispa-

2009 4874 2148 4933 stus,
2177 4867 2376 4937 quinto
2414 4866 2745 4920 choriambo
2778 4880 3052 4919 numerus
3080 4861 3422 4916 terminetur
3459 4861 3514 4913 in
3548 4877 3703 4923 voce,

2011 4956 2235 5010 duobus
2283 4955 2638 5025 temporibus
2666 4955 2724 5007 in
2766 4954 2876 5007 ﬁne
2908 4968 3011 5022 per
3038 4951 3326 5004 silentium
3379 4948 3615 5002 redditis
3648 4949 3705 5000 in

2010 5044 2291 5115 principio
2318 5045 2498 5097 locato
2528 5043 2796 5113 spondeo.
2829 5044 2917 5095 Est
2944 5042 3080 5093 item
3114 5038 3242 5092 alia.
3276 5038 3333 5092 Si
3363 5037 3516 5091 enim
3544 5037 3702 5098 velis,

2012 5138 2144 5203 post.
2188 5138 2401 5186 sextam
2449 5132 2723 5201 syllabam
2767 5145 2947 5183 unum
2993 5134 3222 5197 tempus
3249 5125 3459 5190 silebis,
3492 5128 3549 5177 et
3574 5129 3706 5193 post

2012 5221 2293 5277 decimam
2324 5236 2521 5286 unum,
2545 5224 2675 5289 post
2704 5218 3061 5273 undecimam
3093 5214 3470 5277 tantumdem,
3504 5216 3561 5264 et
3591 5212 3703 5263 duo

2015 5310 2074 5363 in
2104 5310 2255 5362 ﬁne:
2297 5314 2362 5361 ut
2402 5309 2470 5361 sit
2498 5307 2719 5377 primus
2758 5294 3060 5376 spondeus,
3103 5303 3383 5355 secundus
3422 5298 3703 5353 choriam-

2015 5399 2142 5463 bus,
2176 5397 2376 5451 tertius
2400 5396 2845 5466 palimbacchius
2870 5394 2969 5447 ﬁat
2992 5393 3339 5461 antispastus
3364 5403 3477 5440 uno
3494 5385 3704 5439 silentii

2017 5493 2273 5555 tempore
2306 5488 2703 5545 annumerato,
2738 5487 2971 5551 quartus
2996 5480 3280 5550 spondeus
3300 5476 3399 5530 ﬁat
3419 5474 3707 5528 dichorius
