4080 6178
474 203 612 259 1143

470 329 645 382 unius
685 329 958 400 temporis
1000 331 1321 402 interjecto,
1354 339 1409 389 et
1441 336 1608 390 unius
1650 342 1924 410 temporis
1971 360 2165 399 conse-

473 421 685 487 quente
716 417 963 487 silentio,
1003 421 1366 476 choriambus
1402 424 1639 479 ultimus
1679 444 1982 485 numerum
2013 434 2166 488 clau-

476 504 590 568 dat,
621 505 700 574 ita
729 510 794 558 ut
819 507 1108 575 sileamus,
1139 510 1251 564 duo
1279 514 1540 580 tempora
1568 513 1628 567 in
1656 514 1790 582 ﬁne,
1825 534 1953 588 qua:
1982 520 2166 589 primo

475 592 758 646 debentur
786 595 1056 664 spondeo.
1091 597 1182 650 Est
1205 603 1260 650 et
1290 598 1456 652 tertia
1482 599 1784 671 dimensio,
1816 605 1862 658 si
1893 612 2019 676 post
2048 607 2167 678 pri-

474 696 634 734 mum
659 683 974 750 spondeum
997 688 1220 753 tempus
1244 701 1424 739 unum
1447 687 1699 756 sileatur,
1722 696 1778 745 et
1800 693 2020 764 reliqua
2041 711 2170 765 qua:

474 769 536 821 in
566 769 826 839 proximo
876 770 1167 839 superiore
1211 779 1528 842 serventur;
1573 777 1680 830 nisi
1728 781 1882 850 quod
1911 781 1970 835 in
2001 783 2170 853 hujus

477 856 592 910 ﬁne
619 873 797 909 unum
820 861 1044 926 tempus
1066 858 1345 930 silebitur,
1377 863 1511 932 quia
1537 867 1822 934 spondeus
1841 868 1935 922 ille
1960 871 2058 940 qui
2088 887 2173 925 so-

480 945 556 998 let
585 943 646 996 in
683 944 963 1014 principio
1012 946 1208 1012 locari,
1259 957 1639 1021 consequente
1681 954 1850 1009 unius
1896 959 2172 1028 temporis

478 1030 704 1084 silentio
728 1031 905 1084 factus
935 1038 1018 1086 est
1049 1035 1512 1104 palimbacchius,
1540 1044 1600 1094 ut
1630 1043 1756 1111 plus
1785 1060 1899 1098 uno
1916 1050 2171 1116 tempore

479 1117 623 1171 nihil
655 1118 707 1172 ei
737 1118 1028 1187 debeatur,
1053 1124 1203 1192 quod
1223 1125 1279 1176 in
1302 1125 1414 1178 tine
1437 1125 1720 1182 silendum
1744 1135 1844 1184 est.
1881 1133 2037 1186 Unde
2051 1133 2173 1203 jam

479 1205 754 1276 perspicis
792 1209 990 1262 metris
1018 1209 1307 1280 interponi
1338 1213 1582 1279 silentia,
1618 1218 1882 1287 quaedam
1915 1237 2174 1275 necessa-

481 1294 586 1360 ria,
619 1294 882 1364 quaedam
921 1298 1280 1353 voluntaria:
1319 1306 1375 1354 et
1405 1305 1721 1358 necessaria
1753 1307 2009 1376 quidem,
2042 1325 2173 1363 cum

483 1382 699 1452 aliquid
737 1384 980 1452 pedibus
1029 1385 1268 1439 debetur
1304 1388 1636 1458 implendis;
1669 1394 1990 1448 voluntaria
2018 1413 2172 1465 vero,

482 1486 610 1522 cum
642 1469 798 1539 pleni
831 1476 962 1524 sunt
989 1473 1160 1542 pedes
1192 1479 1363 1544 atque
1394 1477 1620 1547 integri.

552 1560 639 1610 29.
671 1556 832 1619 Quod
865 1562 1055 1612 autem
1087 1562 1347 1630 superius
1377 1564 1590 1620 dictum
1622 1572 1722 1635 est,
1753 1570 2002 1640 amplius
2032 1588 2172 1643 qua-

482 1647 614 1696 tuor
653 1645 1006 1713 temporibus
1051 1647 1336 1704 silendum
1382 1667 1499 1706 non
1537 1671 1681 1723 esse,
1725 1656 1794 1711 de
1842 1660 2175 1714 necessariis

485 1729 722 1784 silentiis
763 1732 975 1787 dictum
1015 1741 1116 1798 est,
1167 1738 1264 1791 ubi
1309 1739 1497 1794 debita
1548 1747 1810 1814 tempora
1851 1748 2173 1818 explentur.

486 1820 629 1872 Nam
655 1819 716 1874 in
743 1819 812 1873 iis
842 1838 968 1892 quae
991 1825 1308 1880 voluntaria
1333 1829 1560 1884 silentia
1581 1833 2024 1902 nominavimus,
2050 1837 2179 1891 licet

485 1907 657 1961 etiam
687 1909 886 1978 pedem
917 1927 1136 1980 sonare,
1168 1921 1224 1968 et
1261 1917 1468 1985 pedem
1505 1919 1707 1975 silere:
1751 1924 1902 1992 quod
1941 1925 1988 1978 si
2026 1925 2176 1996 pari-

484 1995 590 2049 bus
617 1995 929 2052 intervallis
966 2000 1288 2069 fecerimus,
1327 2021 1442 2059 non
1474 2007 1581 2062 erit
1618 2015 1882 2077 metrum,
1913 2013 2013 2066 sed
2042 2014 2177 2084 rhy-

484 2084 698 2151 thmus,
747 2087 906 2140 nullo
943 2093 1096 2142 certo
1121 2091 1233 2144 fine
1274 2099 1584 2163 apparente
1633 2098 1786 2152 unde
1816 2100 2079 2155 redeatur
2107 2103 2180 2157 ad

486 2177 677 2242 caput.
727 2173 1110 2237 Quamobrem
1141 2178 1187 2232 si
1226 2182 1472 2252 exempli
1518 2184 1700 2253 gratia
1749 2186 1990 2242 silentiis
2040 2190 2178 2244 velis

487 2260 856 2332 distinguere,
903 2270 969 2318 ut
1023 2271 1153 2336 post
1197 2268 1449 2338 primum
1491 2273 1697 2342 pedem
1745 2275 1975 2329 alterius
2017 2278 2180 2346 pedis

486 2355 747 2420 tempora
775 2351 960 2419 sileas,
990 2370 1109 2408 non
1138 2356 1246 2409 hoc
1277 2369 1552 2429 perpetuo
1583 2363 1920 2416 servandum
1951 2369 2052 2418 est.
2091 2365 2178 2420 Li-

487 2441 575 2491 cet
617 2442 810 2492 autem
853 2440 1123 2495 varietate
1171 2445 1427 2513 qualibet
1473 2452 1895 2504 connumeratis
1939 2452 2180 2507 silentiis

487 2540 668 2596 usque
697 2526 770 2580 ad
799 2527 1055 2596 legitima
1083 2535 1337 2602 tempora
1378 2537 1624 2589 metrum
1655 2537 1986 2607 producere,
2028 2542 2181 2596 velut

487 2610 549 2666 in
577 2613 704 2681 hoc,
743 2616 910 2672 Nobis
933 2633 1117 2672 verum
1144 2622 1204 2672 in
1229 2628 1485 2690 promptu
1513 2629 1610 2690 est,
1644 2630 1702 2679 tu
1730 2629 1781 2679 si
1806 2643 1990 2682 verum
2018 2629 2176 2685 dicis.

491 2701 643 2757 Licet
669 2703 761 2757 hic
789 2708 917 2774 post
941 2706 1194 2775 primum
1224 2711 1543 2779 spondeum
1569 2719 1812 2782 quatuor
1831 2719 2090 2786 tempora
2111 2718 2180 2772 si-

485 2789 624 2855 lere,
665 2795 720 2845 et
742 2791 854 2845 alia
890 2797 1140 2863 quatuor
1176 2801 1303 2864 post
1340 2805 1642 2868 sequentes
1679 2801 1858 2856 duos:
1898 2809 2026 2874 post
2068 2811 2179 2860 tres

486 2883 674 2932 autem
714 2879 914 2933 finales
962 2881 1106 2935 nihil
1152 2884 1437 2952 silebitur;
1465 2887 1586 2956 jam
1624 2889 1775 2944 enim
1806 2891 2041 2962 triginta
2065 2895 2177 2948 duo

485 2970 743 3036 tempora
765 2968 1068 3024 terminata
1087 2976 1236 3026 sunt.
1264 2972 1370 3026 Sed
1400 2977 1582 3028 multo
1604 2981 1688 3030 est
1716 2978 1925 3048 aptius,
1957 2985 2012 3034 et
2041 2999 2179 3052 quo-

487 3055 790 3108 dammodo
837 3056 1064 3125 justius,
1110 3061 1172 3112 ut
1216 3060 1302 3113 vel
1349 3061 1408 3114 in
1454 3062 1568 3116 fine
1611 3069 1854 3132 tantum,
1886 3069 1975 3122 vel
2004 3069 2177 3123 etiam

484 3142 546 3196 in
576 3143 763 3197 medio
793 3150 849 3198 et
893 3144 1006 3200 fine
1036 3145 1270 3202 sileatur
1289 3151 1329 3213 ί,
1380 3153 1534 3221 quod
1563 3154 1847 3209 subtracto
1885 3173 2002 3211 uno
2033 3159 2176 3228 pede

485 3230 611 3283 fieri
657 3235 862 3300 potest,
908 3237 972 3286 ut
1000 3233 1081 3286 ita
1109 3235 1217 3288 sit:
1262 3238 1427 3292 Nobis
1470 3256 1654 3294 verum
1691 3245 1750 3297 in
1791 3251 2047 3314 promptu
2076 3253 2172 3314 est,

488 3322 545 3370 tu
581 3318 668 3372 dic
705 3334 908 3374 verum.
964 3321 1076 3374 Hoc
1123 3327 1178 3375 et
1223 3323 1284 3377 in
1331 3327 1526 3380 metris
1578 3334 1912 3385 ceterorum
1965 3334 2176 3404 pedum

483 3406 795 3460 tenendum
867 3412 970 3473 est,
1030 3409 1240 3464 scilicet
1327 3416 1654 3470 necessariis
1726 3418 1986 3487 silentiis,
2060 3423 2176 3478 sive

484 3494 748 3548 ﬁnalibus
777 3495 892 3550 sive
924 3497 1124 3552 mediis
1157 3499 1317 3554 reddi
1357 3501 1562 3569 debita,
1598 3509 1659 3558 ut
1687 3506 1860 3576 pedes
1888 3508 2173 3580 implean-

482 3589 612 3638 tur:
637 3600 754 3637 non
795 3589 987 3640 autem
1015 3586 1168 3641 sileri
1189 3587 1212 3621 ³
1235 3595 1499 3659 oportere
1531 3595 1773 3664 amplius
1805 3612 1976 3667 quam
2012 3599 2176 3668 pedis

481 3677 728 3742 partem,
759 3689 930 3744 quam
963 3675 1164 3730 levatio
1191 3677 1467 3748 positiove
1496 3687 1793 3752 occupant.
1833 3685 2174 3740 Voluntariis

483 3765 674 3813 autem
705 3760 941 3814 silentiis
969 3767 1026 3816 et
1059 3769 1250 3832 partes
1280 3767 1489 3835 pedum
1528 3774 1586 3822 et
1612 3769 1868 3840 integros
1897 3773 2070 3842 pedes
2098 3774 2172 3827 si-

481 3849 598 3901 lere
621 3849 970 3912 conceditur,
999 3849 1142 3903 sicut
1170 3855 1442 3923 exemplis
1469 3871 1643 3924 supra
1659 3857 1818 3910 editis
1840 3862 1861 3892 ⁸
1892 3866 2172 3915 monstra-

481 3934 686 3988 vimus.
741 3934 848 3988 Sed
904 3936 1175 3990 hactenus
1223 3939 1773 4011 interponendorum
1817 3946 2172 4004 silentiorum

483 4021 625 4074 ratio
652 4025 891 4077 tractata
919 4023 1012 4077 sit.

481 4110 707 4164 CAPUT
764 4111 894 4166 XVI.
944 4141 1013 4153 —
1060 4115 1135 4166 De
1172 4114 1373 4182 pedum
1414 4121 1808 4188 commixtione,
1853 4127 1904 4176 et
1947 4123 2013 4178 de
2056 4141 2171 4180 me-

1037 4204 1240 4255 trorum
1267 4205 1619 4272 copulatione.

551 4287 641 4340 30.
683 4286 843 4340 Nunc
883 4286 951 4341 de
987 4289 1196 4359 pedum
1237 4292 1660 4356 commixtione.
1695 4301 1751 4350 et
1793 4298 1864 4352 de
1913 4299 2168 4370 ipsorum

478 4378 793 4428 metrorum
832 4376 1186 4445 copulatione
1225 4395 1405 4448 pauca
1435 4381 1725 4438 dicamus:
1756 4387 2026 4457 quoniam
2047 4390 2167 4459 jam

477 4463 657 4516 multa
687 4463 838 4518 dicta
861 4471 994 4518 sunt
1017 4481 1144 4520 cum
1165 4482 1571 4537 quaereremus,
1597 4487 1737 4542 quos
1758 4474 1986 4529 sibimet
2005 4493 2169 4546 opor-

477 4556 596 4605 teat
624 4552 844 4606 misceri
874 4553 1078 4622 pedes;
1108 4559 1163 4608 et
1192 4555 1347 4626 quod
1390 4557 1461 4610 ad
1505 4564 1816 4615 metrorum
1849 4563 2051 4618 attinet
2079 4581 2167 4619 co-

477 4637 852 4706 pulationem,
904 4642 1178 4696 nonnulla
1224 4643 1460 4698 dicenda
1503 4651 1634 4700 sunt
1662 4663 1793 4703 cum
1819 4650 1886 4704 de
1910 4653 2166 4706 versibus

477 4725 753 4778 disserere
822 4729 1198 4796 coeperimus:
1240 4732 1566 4802 junguntur
1622 4735 1776 4790 enim
1841 4739 1948 4792 sibi
1994 4741 2165 4810 pedes

478 4817 647 4882 atque
681 4813 990 4869 miscentur
1029 4819 1342 4874 secundum
1382 4822 1626 4892 regulas,
1660 4841 1801 4894 quas
1829 4825 1888 4880 in
1918 4830 2163 4883 secundo

476 4915 738 4953 sermone
766 4901 1113 4969 aperuimus.
1148 4907 1210 4958 In
1239 4906 1346 4961 hoc
1367 4913 1558 4962 autem
1588 4911 1729 4965 illud
1748 4912 2038 4968 sciendum
2057 4921 2160 4982 est,

477 4989 643 5043 metri
671 5005 915 5059 quaeque
937 5005 1147 5059 genera
1166 5011 1294 5064 quae
1321 5012 1354 5050 a
1372 4997 1556 5066 poetis
1569 4999 1690 5068 jam
1711 5001 1988 5056 celebrata
2009 5008 2162 5075 sunt,

473 5075 738 5129 habuisse
767 5079 1032 5130 auctores
1059 5082 1116 5131 et
1146 5078 1464 5136 inventores
1503 5100 1652 5146 suos,
1683 5100 1717 5138 a
1745 5086 1950 5154 quibus
1993 5105 2160 5159 quas-

471 5166 602 5218 dam
629 5168 808 5217 certas
841 5165 992 5234 leges
1027 5166 1235 5234 positas
1263 5172 1578 5226 convellere
1607 5174 2006 5244 prohibemur;
2045 5193 2159 5232 non

533 5255 547 5286 ¹
576 5251 726 5322 Apud
755 5253 1180 5322 Lo_v._omittit_ur,
1213 5257 1262 5303 in
1291 5257 1458 5322 medio
1488 5262 1552 5318 et,
1578 5260 1717 5322 quod
1742 5264 2066 5313 restituimus
2095 5280 2160 5315 ex

468 5313 678 5386 Mss.__At
711 5314 848 5376 apud
878 5314 960 5386 Er.
993 5315 1201 5386 legitur,
1222 5319 1501 5386 peteftam
1517 5313 1641 5372 ante
1666 5319 1831 5386 ﬁnem
1851 5326 2094 5377 sileatur.

529 5376 550 5409 ²
577 5376 697 5425 Mss.
735 5390 854 5424 cum
890 5377 1001 5424 Am.
1041 5376 1253 5436 habent,
1284 5379 1476 5431 deberi.

531 5438 551 5469 ³
573 5438 628 5484 In
653 5439 706 5485 Β.
717 5475 729 5498 ,
742 5439 1074 5501 supradictis.
1091 5440 1211 5494 Mss.
1226 5441 1266 5488 A
1278 5443 1396 5503 etB,
1414 5457 1574 5506 supra
1587 5446 1758 5504 editis,
1778 5451 2074 5500 correctius.
2091 5453 2136 5500 M
2145 5489 2155 5500 .

1750 218 1844 272 DE
1884 220 2170 289 MUSICA,
2213 223 2268 280 S.
2311 223 2696 282 AUGUSTINI

3778 240 3874 292 1144

2280 348 2434 402 enim
2465 351 2710 418 oportet,
2743 362 2874 401 cum
2904 345 2988 400 illi
3019 361 3114 401 eas
3141 346 3364 401 ratione
3394 348 3607 403 ﬁxerint
3630 351 3804 424 aliquid
3822 356 3875 410 ibi

2278 439 2500 490 mutare
2531 435 2790 506 quamvis
2821 436 3134 489 secundum
3166 436 3444 490 rationem
3474 438 3582 490 sine
3611 442 3797 494 aurium
3821 445 3876 498 of-

2277 525 2535 579 fensione
2565 523 2848 594 possimus
2885 526 2922 578 ¹.
2959 524 3129 594 Cujus
3159 524 3238 577 rei
3267 525 3513 594 cognitio
3541 542 3644 580 non
3671 536 3787 595 arte,
3813 534 3878 586 sed

2277 612 2517 666 historia
2534 612 2808 677 traditur;
2831 612 2984 665 unde
3006 611 3253 665 creditur
3273 613 3462 682 potius
3487 629 3642 683 quam
3665 621 3879 684 cognosci-

2278 703 2390 754 tur.
2426 701 2620 770 Neque
2650 699 2805 753 enim
2840 698 2888 751 si
2923 699 3230 764 Phaliscus,
3264 699 3453 754 nescio
3491 701 3602 771 qui,
3630 709 3808 757 metra'
3830 706 3881 759 ita

2280 788 2618 858 composuit,
2646 793 2709 841 ut
2737 787 2857 840 haec
2887 792 3118 852 sonant,

2620 875 2842 942 Quando
2871 875 3078 942 flagella
3107 874 3258 942 ligas,
3288 876 3360 942 ita
3389 874 3508 938 liga,

2619 937 2750 984 Vitis
2771 940 2822 985 et
2847 937 3023 985 ulmus
3053 939 3130 985 uti
3157 937 3316 985 simul
3347 937 3491 996 eant;

2281 1017 2422 1070 scire
2467 1016 2575 1070 hoc
2615 1032 2946 1086 possumus;
3001 1017 3101 1070 sed
3145 1018 3534 1072 tantummodo
3578 1021 3772 1076 credere
3814 1042 3881 1078 au-

2281 1104 2489 1159 diendo
2518 1110 2572 1158 et
2601 1105 2865 1172 legendo.
2906 1105 3053 1158 Illud
3084 1111 3169 1158 est
3213 1106 3538 1174 disciplinae,
3585 1110 3716 1178 quod
3743 1111 3796 1164 ad
3820 1130 3883 1166 nos

2281 1193 2558 1263 pertinet;
2591 1193 2778 1246 videre
2811 1197 3004 1246 utrum
3038 1194 3145 1246 hoc
3177 1193 3359 1246 tribus
3399 1194 3620 1263 dactylis
3649 1204 3822 1253 constet
3851 1209 3884 1254 et

2282 1282 2611 1353 pyrrhichio
2643 1282 2864 1346 ultimo,
2895 1286 2958 1335 ut
2980 1281 3240 1352 plerique
3270 1282 3496 1336 musicae
3527 1283 3749 1355 imperiti
3770 1295 3883 1342 autu-

2283 1375 2469 1436 mant;
2507 1386 2621 1424 non
2652 1370 2805 1423 enim
2831 1370 3081 1423 sentiunt
3101 1370 3491 1439 pyrrhichium
3515 1372 3642 1441 poni
3664 1391 3756 1428 non
3773 1392 3883 1445 posse

2283 1463 2412 1529 post
2453 1459 2774 1527 dactylum:
2826 1474 2898 1510 an
2946 1463 3010 1511 ut
3039 1458 3181 1510 ratio
3221 1458 3400 1524 docet,
3439 1460 3642 1528 primus
3679 1479 3761 1530 pes
3780 1464 3885 1516 sitin
3968 1465 3969 1470 “

2285 1547 2393 1600 hoc
2424 1551 2603 1600 metro
2647 1545 3026 1609 choriambus,
3082 1546 3364 1600 secundus
3413 1546 3619 1602 ionicus
3650 1549 3790 1620 longa
3814 1554 3886 1620 syl-
3968 1543 3969 1554 “

2287 1634 2414 1687 laba
2440 1634 2502 1687 in
2528 1633 2668 1686 duas
2684 1633 2869 1686 soluta
2889 1632 3105 1697 breves,
3134 1632 3370 1686 ultimus
3389 1632 3619 1700 iambus,
3642 1642 3749 1704 post
3766 1653 3884 1706 quem

2285 1721 2394 1776 tria
2444 1726 2702 1790 tempora
2755 1720 3111 1774 silebuntur:
3164 1721 3322 1791 quod
3377 1722 3652 1776 semidocti
3695 1723 3887 1777 homines

2287 1809 2497 1863 sentire
2528 1812 2777 1879 possent,
2809 1808 2910 1861 sia
2934 1809 3098 1862 docto
3129 1809 3442 1863 secundum
3471 1816 3743 1882 utramque
3762 1814 3887 1882 legem

2286 1897 2757 1967 pronuntiaretur
2785 1901 2842 1950 et
2878 1897 3265 1966 plauderetur.
3317 1899 3401 1951 Ita
3447 1898 3593 1952 enim
3639 1901 3833 1953 naturali
3853 1908 3888 1954 et

2287 1983 2581 2038 communi
2629 2000 2796 2036 sensu
2840 1983 3185 2053 judicarent,
3237 1985 3376 2057 quid
3422 1986 3712 2057 disciplinae
3750 2003 3889 2041 norma

2288 2071 2705 2142 praescriberet.

2363 2163 2450 2214 31.
2483 2161 2888 2213 Verumtamen
2931 2160 3081 2230 quod
3120 2165 3293 2230 poeta
3319 2160 3413 2215 ille
3450 2163 3547 2217 hos
3575 2179 3798 2217 numeros
3821 2165 3888 2216 im-

2290 2249 2528 2302 mobiles
2556 2264 2676 2302 esse
2723 2248 2920 2310 voluit,
2965 2265 3093 2301 cum
3123 2249 3231 2302 hoc
3277 2255 3460 2303 metro
3503 2251 3716 2314 utimur,
3755 2257 3886 2303 custo-

2291 2337 2565 2390 diendum
2596 2339 2711 2389 est:
2747 2351 2864 2389 non
2895 2336 3051 2390 enim
3076 2337 3304 2391 fraudat
3333 2337 3610 2403 auditum;
3641 2353 3888 2408 quanquam

2292 2441 2455 2495 aeque
2481 2423 2622 2477 nihil
2643 2423 2952 2491 fraudaret,
2974 2424 3020 2476 si
3048 2425 3132 2477 vel
3155 2441 3257 2495 pro
3283 2426 3607 2479 choriambo
3633 2427 3885 2486 diiambum,

2291 2515 2377 2567 vel
2423 2514 2609 2582 ipsum
2661 2512 2910 2566 ionicum
2950 2514 3104 2566 nulla
3157 2514 3216 2568 in
3259 2514 3457 2569 breves
3503 2516 3635 2569 facta
3678 2515 3885 2568 solutione

2292 2617 2654 2672 poneremus,
2692 2605 2749 2654 et
2779 2600 3058 2670 quidquid
3080 2601 3234 2654 aliud
3265 2603 3626 2673 congruisset.
3658 2604 3712 2655 ln
3726 2604 3805 2655 hoc
3825 2602 3889 2669 igi-

2291 2695 2384 2743 tur
2432 2693 2613 2742 metro
2662 2688 2802 2741 nihil
2856 2689 3196 2754 mutabitur;
3242 2706 3361 2743 non
3398 2707 3462 2744 ea
3508 2690 3702 2744 ratione
3729 2706 3813 2760 qua
3835 2689 3886 2740 in-

2292 2776 2676 2848 zequalitatem
2701 2777 2965 2842 vitamus,
2994 2777 3091 2830 sed
3119 2793 3184 2830 ea
3215 2794 3332 2848 qua
3359 2779 3696 2832 observamus
3721 2775 3887 2829 auctori-

2291 2870 2488 2919 tatem.
2518 2867 2688 2919 Docet
2709 2881 2841 2918 sane
2870 2865 3033 2930 ratio,
3069 2866 3176 2918 alia
3198 2865 3422 2920 institui
3449 2872 3616 2920 metra
3637 2863 3884 2922 immobilia.

2291 2954 2347 3007 id
2375 2959 2459 3007 est
2489 2953 2547 3006 in
2576 2953 2782 3023 quibus
2827 2953 3038 3006 mutari
3088 2953 3229 3008 nihil
3275 2959 3516 3025 oportet,
3546 2959 3601 3007 ut
3640 2954 3729 3007 hoc
3760 2953 3885 3022 ipsum

2291 3046 2376 3096 est
2406 3041 2473 3095 de
2503 3058 2615 3112 quo
2646 3041 2778 3094 satis
2807 3041 2982 3095 locuti
3011 3059 3234 3108 sumus;
3261 3044 3376 3096 alia
3405 3043 3643 3110 mobilia,
3671 3042 3718 3094 in
3744 3041 3884 3110 quibus

2290 3129 2474 3182 locare
2505 3129 2677 3198 pedes
2704 3128 2846 3182 alios
2876 3145 2978 3199 pro
3007 3129 3132 3183 aliis
3160 3130 3314 3195 licet,
3349 3130 3508 3184 sicuti
3536 3135 3642 3183 est:
3675 3130 3807 3197 Troje
3827 3129 3884 3194 qui

2288 3220 2499 3286 primus
2543 3217 2609 3269 ab
2656 3219 2788 3283 oris,
2837 3233 2993 3271 arma
3039 3220 3327 3287 virumque
3369 3234 3515 3272 cano.
3563 3219 3683 3271 Nam
3717 3216 3787 3269 hic
3819 3229 3884 3282 pro

2289 3306 2541 3374 spondeo
2589 3309 2944 3374 anapaestum
2985 3306 3238 3374 quolibet
3273 3307 3400 3360 loco
3439 3306 3561 3360 licet
3587 3321 3776 3376 ponere.
3806 3302 3883 3354 Alia

2290 3408 2392 3447 nec
2421 3397 2538 3446 tota
2562 3391 2897 3458 immobilia,
2927 3409 3033 3446 nec
3062 3397 3180 3446 tota
3212 3394 3465 3462 mobilia,
3497 3398 3557 3446 ut
3575 3397 3684 3446 est:

2570 3479 2800 3543 Bendeat
2827 3494 2891 3528 ex
2921 3479 3154 3543 humeris
3184 3481 3358 3529 dulcis
3385 3480 3573 3543 chelys,

2569 3542 2633 3606 Et
2660 3555 2910 3590 numeros
2938 3542 3060 3606 edat
3085 3543 3274 3606 varios.
3305 3543 3495 3606 quibus

2565 3604 2788 3651 Assonet
2817 3617 2973 3652 omne
2998 3605 3172 3652 virens
3203 3604 3308 3652 late
3323 3604 3538 3660 'nemus.

2568 3665 2632 3712 Et
2661 3666 2811 3713 tortis
2839 3679 3021 3714 errans
3055 3666 3144 3727 qui
3176 3665 3418 3714 ﬂexibus.

3034 3725 3409 3789 (Tereruianus
3437 3741 3501 3777 ex
3534 3725 3802 3787 Pomponio.)
3871 3795 3876 3804 _

2287 3803 2454 3858 Vides
2483 3805 2574 3860 hic
2599 3806 2753 3861 enim
2801 3806 3009 3877 ubique
3037 3811 3094 3860 et
3139 3809 3424 3876 spondeos
3453 3812 3506 3859 et
3550 3805 3757 3874 dactylos
3794 3803 3877 3868 pom

2284 3908 2476 3962 posse,
2506 3899 2718 3964 praeter
2761 3894 3030 3948 ultimum
3079 3896 3307 3962 pedem,
3355 3911 3522 3966 quem
3569 3893 3711 3947 metri
3750 3891 3879 3980 auctor

2286 3996 2512 4050 semper
2539 3997 2658 4034 esse
2689 3982 2975 4051 dactylum
3000 3983 3195 4036 voluit.
3226 3984 3291 4036 Et
3323 3985 3383 4037 in
3413 3984 3478 4036 iis
3504 3982 3711 4053 quidem
3732 3989 3876 4046 genen-

2286 4067 2392 4121 bus
2420 4068 2601 4122 tribus
2630 4069 2892 4122 nonnihil
2922 4071 3107 4124 valere
3139 4072 3535 4125 auctoritatem
3563 4069 3713 4122 vides.

2355 4157 2439 4208 32.
2473 4156 2633 4220 Quod
2677 4161 2865 4210 autem
2891 4157 2950 4210 in
2979 4158 3193 4227 pedum
3236 4158 3632 4212 commixtione
3671 4154 3727 4208 ad

2283 4258 2417 4296 nem
2447 4245 2625 4297 solam
2654 4244 2904 4314 pertinet
2932 4244 3000 4298 de
3032 4245 3102 4298 iis
3133 4246 3302 4299 rebus
3331 4263 3458 4317 quae
3488 4245 3769 4300 sentiuntur
3784 4235 3877 4306 judi-

2282 4335 2535 4398 cantem;
2587 4333 2878 4386 sciendum
2918 4337 3001 4386 est
3031 4351 3124 4387 eas
3163 4338 3354 4404 partes
3402 4335 3620 4406 pedum,
3660 4344 3762 4400 qua:
3795 4326 3874 4394 p05t

2281 4423 2462 4472 certos
2504 4420 2680 4489 pedes
2719 4420 2943 4474 silentio
2992 4427 3240 4476 restante
3281 4423 3529 4476 suaviter
3579 4422 3804 4480 locantur,
3840 4414 3878 4461 ul

2280 4506 2504 4560 iambus
2536 4512 2665 4577 post
2690 4508 3006 4562 dichorium
3035 4513 3206 4580 atque
3234 4511 3542 4564 secundum
3570 4505 3822 4577 epitritum.
3843 4503 3877 4547 et

2278 4595 2565 4664 spondeus
2610 4601 2737 4666 post
2781 4597 3180 4667 antispastum,
3231 4598 3402 4652 etiam
3453 4601 3574 4668 post
3614 4594 3728 4647 alios
3764 4585 3875 4679 pedes

2279 4683 2427 4736 male
2457 4683 2648 4751 locari,
2683 4684 2890 4755 quibus
2926 4685 3017 4738 isti
3048 4685 3317 4755 permixti
3348 4687 3588 4740 fuerint:
3614 4696 3725 4736 nam
3751 4689 3872 4770 mem"

2279 4771 2484 4824 festum
2520 4777 2604 4825 est
2629 4772 2883 4826 iambum
2913 4778 3040 4844 post
3080 4774 3395 4828 molossum
3441 4775 3576 4826 bene
3621 4767 3760 4840 poni,
3784 4761 3875 4856 sicut

2278 4859 2385 4912 hoc
2412 4860 2736 4930 exemplum
2760 4861 2974 4915 indicat
3004 4879 3154 4932 saepe
3182 4865 3486 4933 repetitum
3514 4878 3632 4916 cum
3654 4853 3872 4912 silentioin

2278 4946 2392 5000 fine
2420 4950 2746 5016 temporum
2793 4949 2989 5016 trium,
3030 4951 3133 5004 Ver
3163 4951 3419 5005 blandum
3461 4954 3588 5004 viret
3621 4937 3874 5014 floribusmt

2278 5034 2324 5087 si
2352 5050 2452 5104 pro
2481 5035 2724 5089 molosso
2765 5037 3018 5106 primum
3057 5037 3382 5092 dichorium
3415 5035 3715 5092 constituas,
3741 5030 3786 5081 ut
3807 5025 3871 5074 est.

2286 5123 2424 5176 Vere
2445 5127 2589 5174 terra
2618 5125 2754 5177 viret
2774 5125 3016 5190 ﬂoribus,
3042 5125 3260 5195 respuit
3282 5125 3386 5179 hoc
3413 5125 3621 5179 auditus
3639 5124 3776 5186 atque
3791 5122 3873 5162 con-

2339 5211 2352 5242 ¹
2379 5208 2503 5276 Mss.
2540 5209 2580 5257 A
2603 5211 2724 5276 etll
2749 5211 3076 5276 concordant
3105 5213 3162 5276 in
3184 5213 3459 5262 lectionem
3490 5204 3870 5276 hanc

2274 5253 2864 5348 οροῆἶᾶξξσ-ἆνῇ-ἱξὶὶτεαε
2887 5274 3096 5348 ratione
3125 5272 3380 5348 fixerint;
3397 5253 3871 5348 quamfiﬁff

2273 5328 2571 5398 secundum
2590 5335 2849 5398 rationem
2876 5339 3089 5398 mutare
3119 5328 3230 5398 sine
3258 5328 3469 5386 στιν-ἐάγη
3493 5331 3740 5398 οΙῙεηείοηε
3754 5328 3852 5383 Ρ⁰⁵⁸¹

2273 5395 2523 5459 τηςιςχΕτ.
2555 5394 2716 5459 Lugd.
2747 5395 2874 5444 Ven.
2909 5397 3109 5459 legunt,
3130 5395 3406 5457 ﬁnxerint.
3437 5397 3503 5445 M.

2337 5457 2356 5488 9
2386 5446 2806 5518 Melretmfjuxta
2835 5459 2917 5506 Er.
2945 5446 3108 5520 Cung
3130 5446 3273 5509 'V'en.
3307 5446 3422 5508 Lov.
3453 5462 3501 5507 et
3518 5458 3599 5505 Ms.
3624 5454 3677 5501 Α.
3735 5446 3785 5494 Μ-
