4080 6178
232 255 369 309 1045

221 377 478 431 demnat.
536 372 596 431 Td
630 377 802 432 etiam
848 378 907 433 in
939 380 1157 434 caeteris
1188 398 1355 436 sensu
1399 383 1727 455 explorante
1760 386 1921 440 facile

218 470 307 520 est
335 465 601 536 experiri.
653 467 817 521 Ratio
849 483 1098 539 namque
1148 471 1465 525 certissima
1512 478 1616 538 est,
1655 490 1783 527 cum
1815 474 1919 528 sibi

220 555 563 623 copulantur
592 556 691 625 qui
722 556 872 609 inter
924 573 981 610 se
1039 563 1172 612 sunt
1222 560 1570 629 copulabiles
1599 562 1789 631 pedes,
1830 579 1921 616 eas

220 647 416 712 partes
446 643 651 697 debere
685 643 743 696 in
774 644 886 697 ﬁne
917 645 1185 715 subjungi
1243 663 1370 717 quae
1422 648 1690 703 omnibus
1720 666 1920 703 conve-

222 730 395 784 niunt
423 730 480 783 in
512 731 611 785 illa
639 732 781 785 serie
812 733 1120 800 collocatis,
1157 750 1227 787 ne
1254 735 1405 788 inter
1434 735 1616 790 socios
1641 738 1920 808 quodam-

225 820 400 873 modo
432 819 729 873 discordiae
764 821 979 891 aliquid
1011 822 1247 877 oriatur.

300 911 387 961 33.
411 907 556 961 Illud
584 907 765 977 magis
797 908 1121 964 mirandum
1151 915 1255 977 est,
1287 912 1440 981 quod
1472 929 1601 967 cum
1640 914 1925 985 spondeus

225 1000 283 1049 et
304 996 623 1049 diiambum
645 996 1035 1051 etdichorium
1058 999 1303 1053 suaviter
1324 1001 1566 1067 claudat,
1584 1007 1777 1057 tamen
1795 1020 1924 1057 cum

222 1084 285 1137 hi
315 1085 431 1138 duo
463 1084 636 1153 pedes
663 1084 778 1137 sive
827 1085 950 1152 soli,
1004 1087 1119 1141 sive
1177 1104 1306 1141 cum
1338 1089 1462 1141 aliis
1511 1091 1925 1161 copulabilibus

219 1190 453 1243 quoquo
489 1174 657 1226 modo
688 1174 951 1227 mixtisin
968 1192 1083 1228 una
1111 1176 1253 1230 serie
1285 1179 1518 1245 fuerint,
1552 1180 1841 1249 spondeus
1865 1182 1921 1235 in

222 1261 359 1324 ﬁne,
390 1261 744 1331 approbante
797 1279 988 1329 sensu,
1023 1265 1162 1334 poni
1192 1282 1306 1319 non
1338 1272 1541 1335 potest.
1603 1268 1738 1332 Quis
1771 1270 1925 1323 enim

224 1348 446 1401 dubitet
470 1365 635 1401 aures
666 1348 910 1403 libenter
941 1352 1194 1422 accipere
1228 1353 1332 1405 ista
1383 1354 1610 1424 singula
1658 1356 1923 1425 repetita,

231 1437 492 1490 Timenda
540 1452 624 1491 res
654 1453 760 1491 non
792 1443 901 1492 est:
965 1443 1021 1492 et
1050 1440 1188 1493 item
1219 1443 1547 1511 separatim,
1578 1445 1712 1496 Jam
1741 1448 1927 1497 time-re

229 1524 381 1578 noli?
418 1527 489 1578 At
518 1524 564 1577 si
607 1524 685 1579 ita
712 1527 941 1596 jungas,
978 1530 1238 1582 Timenda
1268 1546 1374 1597 res,
1418 1531 1539 1599 jam
1571 1534 1752 1587 timere
1781 1535 1893 1587 noli
1911 1553 1924 1601 ;

232 1612 339 1665 nisi
373 1612 430 1665 in
461 1614 646 1666 soluta
676 1615 933 1668 oratione
983 1616 1178 1670 audire
1209 1619 1409 1672 nolim.
1458 1610 1569 1673 Nec
1617 1621 1928 1677 absurdum

232 1700 422 1754 minus
452 1706 554 1770 est,
588 1701 632 1755 si
688 1702 945 1773 quolibet
972 1704 1094 1758 loco
1150 1706 1328 1760 alium
1380 1713 1701 1776 connectas,
1750 1711 1927 1764 veluti

229 1788 537 1841 molossum
569 1790 677 1842 hoc
710 1791 877 1843 modo
903 1808 913 1845 :
959 1795 1057 1846 Vir
1083 1795 1266 1859 fortis,
1314 1796 1550 1849 timenda
1572 1813 1682 1865 res,
1704 1799 1824 1867 jam
1857 1801 1926 1853 ti-

229 1892 370 1930 mere
396 1877 525 1931 noli.
554 1878 648 1931 Vel
679 1877 789 1931 ita:
828 1881 1085 1934 Timenda
1118 1897 1221 1947 res,
1254 1885 1341 1935 vir
1386 1886 1568 1950 fortis,
1592 1887 1713 1954 jam
1746 1890 1929 1941 timere

230 1966 363 2017 noli.
398 1965 492 2017 Vel
525 1966 696 2019 etiam
724 1966 803 2019 ita
828 1983 839 2020 :
878 1969 1136 2022 Ttmenda
1156 1985 1258 2035 res,
1277 1972 1397 2039 jam
1422 1975 1605 2027 timere
1632 1977 1720 2028 vir
1766 1978 1928 2041 fortis

230 2054 360 2107 noli.
397 2053 568 2123 Cujus
600 2054 959 2109 absurditatis
988 2073 1156 2111 causa
1184 2065 1287 2123 est,
1318 2060 1473 2129 quod
1519 2077 1617 2129 pes
1647 2061 1931 2116 diiambus

235 2142 410 2195 etiam
439 2142 506 2195 ad
538 2142 777 2213 duplum
804 2150 859 2197 et
873 2144 1143 2214 simplum
1164 2148 1361 2216 plaudi
1384 2153 1591 2217 potest,
1621 2154 1685 2202 ut
1703 2150 1771 2202 ad
1802 2150 1931 2203 sim-

236 2230 399 2298 plum
427 2233 481 2283 et
511 2230 751 2300 duplum
803 2232 1091 2286 dichorius
1125 2251 1136 2287 :
1191 2235 1477 2304 spondeus
1517 2240 1711 2290 autem
1741 2238 1931 2307 dupla:

239 2319 389 2388 parti
415 2334 614 2373 eorum
644 2320 880 2389 aequalis
905 2325 1023 2387 est;
1059 2323 1156 2375 sed
1191 2339 1321 2376 cum
1360 2340 1493 2377 eum
1524 2324 1618 2377 ille
1659 2325 1834 2378 trahit
1864 2327 1932 2379 ad

238 2406 509 2475 primam,
532 2407 624 2460 hic
644 2410 713 2461 ad
746 2413 1079 2473 extremam,
1109 2410 1297 2465 existit
1316 2412 1596 2465 nonnulla
1621 2412 1929 2479 discordia;

216 2498 297 2562 -et
334 2494 415 2547 ita
442 2495 586 2547 ratio
618 2496 764 2549 tollit
792 2497 1245 2552 admirationem.

310 2584 397 2636 34.
434 2584 544 2636 Nec
576 2584 762 2637 minus
794 2585 1134 2639 miraculum
1178 2587 1295 2641 edit
1341 2587 1703 2658 antispastus,
1748 2588 1839 2642 cui
1884 2590 1931 2643 si

237 2670 431 2723 nullus
461 2671 605 2725 alius
635 2672 870 2740 pedum,
894 2678 992 2726 aut
1020 2679 1168 2728 certe
1196 2676 1661 2741 solusdiiambus,
1699 2678 1933 2731 miscea-

238 2763 351 2824 tur,
382 2758 594 2828 patitur
624 2760 811 2813 iambo
826 2766 1073 2815 metrum
1089 2763 1294 2831 claudi,
1326 2780 1455 2818 cum
1487 2764 1611 2817 aliis
1625 2770 1816 2819 autem
1840 2781 1935 2835 po-

234 2846 378 2900 situs
406 2848 564 2900 nullo
595 2849 763 2902 modo
791 2864 803 2913 ;
842 2854 898 2904 et
943 2866 1074 2903 cum
1124 2851 1380 2905 dichorio
1410 2853 1641 2922 quidem
1699 2858 1935 2924 prOpter

234 2935 423 3005 ipsum
455 2936 813 3003 dichorium;
848 2938 1039 3009 itaque
1094 2940 1203 2992 hoc
1252 2940 1489 2994 minime
1531 2941 1729 2995 miror.
1790 2942 1929 2995 Cum

232 3023 455 3077 caeteris
482 3041 616 3077 vero
660 3042 862 3079 senum
893 3031 1216 3097 temporum
1255 3028 1518 3097 pedibus,
1561 3046 1661 3083 cur
1716 3047 1933 3083 memo-

231 3116 425 3164 ratum
450 3112 621 3166 trium
643 3118 969 3182 temporum
994 3115 1199 3185 pedem
1224 3115 1284 3168 in
1302 3115 1413 3168 fine
1436 3116 1717 3186 repudiet,
1747 3118 1934 3171 nescio

231 3215 365 3269 quae
396 3204 478 3253 est
504 3215 673 3253 causa
702 3201 972 3255 secretior
1003 3202 1233 3256 fortasse
1260 3220 1435 3273 quam
1467 3210 1529 3258 ut
1557 3222 1590 3257 a
1622 3205 1781 3258 nobis
1811 3206 1935 3259 erui

232 3292 408 3356 atque
439 3288 659 3342 ostendi
692 3294 900 3359 queat:
930 3291 1022 3343 sed
1082 3292 1187 3344 hoc
1234 3290 1313 3344 ita
1343 3308 1464 3345 esse
1512 3292 1601 3346 his
1659 3294 1934 3363 exemplis

232 3375 437 3445 probo.
472 3377 615 3430 Nam
644 3377 751 3430 ista
772 3377 884 3431 duo
917 3384 1117 3439 metra,
1150 3381 1415 3433 Potestate
1433 3381 1629 3448 placet,
1673 3386 1934 3449 potestate

234 3466 535 3531 potentium
561 3466 757 3533 placet,
777 3481 947 3518 nemo
971 3466 1214 3535 ambigit
1232 3467 1479 3521 suaviter
1506 3468 1729 3537 singula
1753 3469 1934 3539 repeti

234 3566 368 3604 cum
391 3552 615 3605 silentio
654 3553 828 3607 trium
858 3558 1185 3624 temporum
1222 3555 1279 3608 in
1318 3556 1448 3610 fine.
1474 3557 1933 3611 Atistainsuavi-

232 3644 327 3692 ter
350 3655 480 3693 cum
511 3641 711 3695 eodem
738 3642 963 3696 silentio
991 3660 1003 3696 :
1030 3645 1291 3697 Potestate
1314 3646 1581 3712 praeclara
1606 3646 1798 3713 placet.
1830 3649 1932 3700 Po-

238 3728 557 3795 testatejtz‘bi
573 3731 801 3783 multum
826 3732 1026 3798 placet.
1057 3734 1322 3785 Potestate
1341 3734 1462 3800 jam
1496 3733 1596 3785 tibi
1624 3735 1699 3786 sic
1732 3734 1929 3802 placet.

234 3818 505 3869 Potestote
532 3818 760 3870 multum
783 3816 886 3872 tibl
906 3820 1101 3887 placet.
1137 3822 1417 3874 Potestatis
1458 3823 1774 3889 magnitudo
1811 3824 1931 3890 pla-

231 3907 334 3958 cet.
367 3903 528 3967 Quod
559 3905 629 3958 ad
658 3922 889 3959 sensum
923 3907 1140 3972 attinet,
1176 3909 1398 3977 peregit
1422 3909 1672 3963 officium
1689 3926 1852 3963 suum
1874 3911 1934 3965 in

233 3993 343 4046 hac
399 3994 735 4063 quaestione,
770 4001 827 4049 et
856 3997 993 4066 quid
1025 3997 1322 4067 acceperit,
1356 4002 1413 4051 et
1441 3998 1580 4068 quid
1630 4002 1933 4070 exploserit

232 4078 505 4132 indicavit
539 4096 551 4133 :
584 4080 681 4135 sed
714 4081 782 4134 de
804 4098 971 4134 causa
1019 4098 1119 4135 cur
1172 4081 1250 4134 ita
1282 4082 1373 4143 sit,
1408 4083 1550 4135 ratio
1582 4086 1932 4139 consulenda

234 4172 340 4221 est.
370 4171 447 4221 Ac
472 4171 633 4222 mea1
669 4169 905 4239 quidem
937 4170 993 4222 in
1024 4173 1183 4223 tanta
1225 4169 1565 4223 obscuritate
1602 4172 1743 4225 nihil
1777 4173 1930 4227 aliud

234 4256 411 4323 videt,
457 4257 569 4310 nisi
599 4274 727 4311 cum
760 4258 1011 4311 diiambo
1043 4258 1421 4328 antispastum
1451 4258 1751 4313 dimidiam
1804 4277 1931 4330 par-

234 4350 355 4399 tem
411 4346 660 4416 priorem
718 4347 930 4401 habere
979 4362 1382 4400 communem:
1432 4362 1565 4399 nam
1616 4351 1856 4417 uterque
1901 4366 1935 4402 a

234 4432 395 4487 brevi
425 4438 479 4487 et
506 4435 680 4505 longa
708 4435 939 4505 incipit;
972 4434 1343 4506 posteriorem
1364 4439 1556 4487 autem
1586 4451 1713 4488 cum
1744 4436 1932 4489 dicho-

234 4522 324 4574 rio
353 4538 364 4574 :
396 4522 563 4592 longa
593 4524 743 4576 enim
776 4528 831 4576 et
852 4523 1009 4577 brevi
1033 4523 1201 4576 ambo
1233 4522 1531 4575 ﬁniuntur.
1566 4524 1762 4594 Itaque
1788 4524 1932 4578 anti-

234 4614 459 4680 spastus
484 4612 570 4665 vel
618 4614 772 4665 solus
804 4618 1079 4684 tanquam
1128 4629 1289 4666 suam
1324 4612 1577 4682 priorem
1609 4612 1930 4680 dimidiam,

230 4700 324 4752 vel
372 4715 501 4753 cum
539 4700 786 4755 diiambo
817 4717 946 4755 cum
978 4718 1090 4771 quo
1145 4717 1270 4755 eam
1325 4701 1703 4755 communiter
1740 4702 1932 4770 habet,

231 4787 560 4853 collocatus,
586 4788 872 4858 patiturin
894 4788 1007 4842 fine
1040 4788 1205 4841 metri
1235 4804 1355 4842 esse
1387 4788 1678 4855 iambum;
1715 4794 1773 4843 et
1801 4806 1929 4843 cum

229 4873 486 4927 dichorio
522 4881 827 4946 pateretur,
860 4876 906 4929 si
936 4877 1124 4930 eidem
1170 4876 1424 4930 dichorio
1468 4876 1595 4929 talis
1654 4878 1934 4931 terminus

226 4963 562 5016 conveniret
594 4980 606 5017 :
642 4980 771 5017 cum
801 4964 1021 5017 caeteris
1051 4969 1242 5017 autem
1278 4980 1393 5018 non
1442 4965 1676 5035 patitur,
1727 4966 1934 5036 quibus

226 5051 332 5103 tali
362 5051 631 5105 societate
659 5069 775 5105 non
808 5063 827 5097 Ξ
852 5052 1138 5122 jungitur.

445 5140 669 5193 CAPUT
699 5141 858 5195 XVII.
894 5145 1037 5194 ——Dc
1063 5145 1351 5194 metrorum
1372 5142 1725 5208 copulatione.

300 5229 385 5281 35.
421 5227 582 5290 Quod
610 5243 742 5281 vero
778 5228 849 5282 ad
882 5233 1197 5281 metrorum
1237 5227 1655 5297 copulationem
1709 5231 1930 5295 attinet,

226 5315 365 5368 satis
392 5320 477 5369 est
507 5315 567 5368 in
595 5316 899 5386 praesentia
930 5316 1139 5381 videre,
1172 5331 1339 5385 posse
1366 5315 1472 5368 sibi
1503 5316 1721 5369 diversa
1753 5323 1933 5371 metra

298 5424 312 5455 ¹
342 5421 435 5467 Ms.
468 5420 509 5469 Α
539 5420 702 5479 addit,
724 5423 878 5469 ratio.
900 5421 967 5469 M.

295 5484 316 5517 9
338 5483 421 5530 Er.
452 5486 504 5530 et
540 5484 660 5530 Lov.
691 5485 943 5532 omittunt
966 5482 1051 5530 hic
1080 5482 1434 5543 negationem,
1457 5494 1612 5545 quam
1638 5485 1813 5531 tamen
1844 5496 1934 5531 ex-

238 5546 418 5592 hibent
443 5545 544 5592 Mss
580 5550 630 5593 et
658 5546 775 5593 Am.

1715 260 1930 317 LIBER
1976 259 2326 328 QUARTUS.

3596 263 3731 317 1046

2030 385 2286 457 copulari
2321 401 2447 456 quae
2481 389 2670 438 tamen
2702 385 2923 454 plausu,
2955 384 3009 437 id
3042 389 3127 438 est
3156 386 3433 439 levatione
3484 402 3547 440 ac
3578 388 3729 458 posi-

2033 475 2190 528 tione
2220 473 2580 528 conveniant.
2616 472 2843 526 Diversa
2872 477 3003 526 sunt
3036 478 3228 527 autem
3261 474 3347 527 vel
3380 475 3722 544 quantitate,

2031 568 2097 616 ut
2122 578 2251 616 cum
2275 563 2489 633 majora
2502 562 2842 631 copulantur
2874 560 3209 627 minoribus,
3227 562 3420 632 qualia
3442 563 3547 615 ista
3570 567 3722 627 sunt,

2032 650 2295 704 videlicet
2323 666 2335 703 :

2340 730 2456 777 Jam
2488 729 2614 775 satis
2642 728 2795 776 terris
2824 728 2962 775 nivis
2997 729 3151 788 atque
3186 726 3315 775 dirae

2344 790 2625 839 Grandinis
2656 790 2797 837 misit
2834 791 2999 844 Pater,
3028 793 3079 836 et
3112 788 3335 837 rubente

2344 854 2567 901 Dextera
2596 865 2769 922 sacras
2786 850 3050 922 jaculatus
3073 863 3238 906 arces,

2626 913 2831 961 Terruit
2859 913 3065 960 urbem.

2654 976 2865 1038 (Horat.
2900 974 2991 1022 lib.
3030 977 3050 1021 1
3082 974 3419 1029 Carminum,
3448 972 3545 1022 ode
3568 974 3642 1035 2.)

2036 1055 2176 1108 Nam
2201 1054 2307 1109 hoc
2329 1059 2616 1125 quartum,
2650 1054 2805 1124 quod
2829 1070 2941 1106 uno
2972 1052 3302 1106 choriambo
3317 1057 3374 1105 et
3397 1069 3511 1106 una
3532 1052 3589 1104 in
3613 1052 3727 1105 line

2038 1144 2205 1213 longa
2235 1143 2595 1207 terminatur,
2629 1158 2803 1212 quam
2832 1156 3076 1210 parvum
3107 1141 3177 1193 sit
3209 1140 3389 1194 tribus
3419 1140 3732 1209 superiori-

2038 1232 2143 1284 bus
2170 1232 2317 1284 inter
2344 1247 2402 1285 se
2432 1229 2747 1301 aequalibus
2777 1230 3097 1298 subjectum
3140 1228 3312 1281 vides.
3361 1229 3458 1282 Vel
3492 1228 3732 1297 pedibus

2037 1318 2202 1371 sicuti
2226 1319 2380 1373 haec;

2370 1399 2522 1443 Grato
2545 1396 2745 1457 Pyrrha
2767 1397 2863 1443 sub
2885 1398 3054 1449 antro,

2379 1458 2473 1506 Cui
2508 1458 2693 1505 tlavam
2731 1457 2919 1519 religas
2940 1469 3182 1519 comam.

2660 1516 2867 1579 (Horat.
2894 1518 2982 1565 lib.
3024 1520 3045 1564 At
3084 1516 3421 1574 Carminum,
3453 1516 3549 1565 ode
3575 1519 3643 1579 5.)

2039 1596 2234 1653 Cernis
2266 1598 2477 1669 quippe
2493 1599 2699 1652 horum
2735 1599 2979 1651 duorum
3008 1596 3269 1665 superius
3283 1600 3543 1649 constare
3565 1613 3739 1666 spon-

2039 1687 2146 1740 deo
2178 1690 2234 1740 et
2260 1687 2611 1752 choriambo,
2639 1692 2688 1740 et
2720 1688 2893 1756 longa
2922 1685 3142 1749 ultima,
3175 1700 3302 1754 qua:
3357 1684 3429 1737 ad
3460 1700 3556 1737 sex
3587 1691 3737 1739 tem-

2040 1790 2177 1845 pora
2208 1774 2501 1844 implenda
2532 1775 2781 1844 spondeo
2807 1773 3154 1827 debebatur:
3191 1772 3295 1825 hoc
3327 1777 3518 1826 autem
3550 1778 3738 1843 poste-

2039 1864 2159 1917 rius
2191 1865 2441 1934 spondeo
2468 1867 2523 1917 et
2552 1863 2902 1927 choriambo,
2937 1866 2992 1914 et
3030 1862 3249 1914 duabus
3298 1860 3513 1913 ultimis
3563 1860 3740 1913 brevi-

2042 1954 2167 2017 bus,
2214 1970 2342 2023 qua:
2372 1954 2510 2007 item
2532 1968 2661 2005 cum
2693 1952 2878 2021 primo
2910 1949 3165 2020 spondeo
3197 1948 3443 2018 implent
3475 1964 3571 2001 sex
3602 1954 3739 2001 tem-

2039 2058 2199 2111 pora.
2241 2042 2402 2096 Paria
2423 2046 2557 2095 sunt
2581 2056 2717 2110 ergo
2748 2040 2851 2093 ista
2874 2038 3251 2108 temporibus,
3284 2037 3381 2090 sed
3412 2036 3470 2090 in
3495 2036 3733 2108 pedibus

2043 2128 2306 2183 nonnihil
2332 2129 2668 2183 diversitatis
2700 2132 2915 2182 tenent.

2115 2221 2200 2272 36.
2238 2219 2330 2271 Est
2365 2223 2422 2271 et
2447 2218 2558 2271 alia
2619 2217 2941 2271 differentia
2997 2215 3230 2268 istarum
3282 2214 3735 2284 copulationum,

2045 2307 2198 2375 quod
2229 2307 2341 2359 alia
2370 2306 2448 2359 ita
2488 2306 2847 2376 copulentur,
2895 2308 2959 2357 ut
2987 2304 3147 2357 nulla
3176 2303 3285 2356 sibi
3313 2302 3540 2382 silentia
3570 2303 3745 2356 inter-

2046 2393 2183 2461 poni
2208 2392 2403 2460 velint,
2431 2392 2575 2445 sicut
2604 2393 2724 2445 hmc
2755 2393 2868 2445 duo
2900 2390 3326 2455 recentissima;
3360 2389 3471 2443 alia
3506 2389 3654 2443 inter
3682 2406 3740 2444 se

2047 2480 2199 2533 sileri
2229 2480 2449 2551 aliquid
2478 2482 2789 2551 postulent,
2823 2479 2969 2533 sicut
2998 2480 3153 2533 Ῐιωοε

2389 2568 2548 2617 Vides
2574 2572 2633 2617 ut
2666 2568 2770 2616 alta
2804 2571 2907 2616 stet
2935 2568 3053 2615 nive
3084 2566 3370 2616 candidum

2390 2631 2619 2689 Soracte,
2650 2644 2746 2678 nec
2768 2630 2878 2692 jam
2904 2630 3200 2692 sustineant
3223 2643 3358 2676 onus

2454 2692 2609 2739 Silvze
2634 2691 2953 2747 laborantes,
2979 2691 3203 2753 geluque

2418 2754 2661 2801 Flumina
2695 2752 3027 2800 constiterint
3056 2755 3229 2799 acuto.

2649 2814 2855 2877 (Horat.
2885 2814 2972 2861 lib.
3004 2817 3023 2861 t
3070 2815 3400 2871 Carminum,
3427 2810 3527 2860 ode
3550 2813 3616 2873 9.)

2048 2898 2191 2950 Nam
2221 2896 2267 2948 si
2292 2896 2415 2949 haec
2429 2894 2651 2964 singula
2672 2897 3020 2963 repetantur,
3038 2893 3231 2961 priora
3247 2892 3359 2945 duo
3383 2907 3565 2944 unum
3597 2895 3738 2944 tem-

2044 3000 2153 3054 pus
2182 2984 2242 3036 in
2272 2983 2386 3037 fine
2408 2982 2560 3036 sileri
2583 2982 2863 3051 ﬂagitant,
2889 2980 3123 3034 tertium
3152 2980 3286 3046 duo,
3319 2985 3591 3049 quartum
3613 2978 3740 3032 tria.

2048 3072 2319 3142 Copulata
2362 3087 2495 3124 vero
2548 3088 2579 3123 a
2630 3070 2819 3140 primo
2868 3069 2940 3123 ad
2971 3068 3285 3122 secundum
3329 3073 3743 3135 transeuntem,

2046 3175 2229 3214 unum
2258 3164 2483 3230 tempus
2512 3159 2676 3212 silere
2724 3162 2970 3228 cogunt;
3025 3174 3057 3210 a
3092 3157 3338 3210 secundo
3389 3156 3457 3210 ad
3503 3155 3737 3209 tertium

2047 3249 2181 3313 duo,
2214 3266 2247 3301 a
2273 3248 2441 3302 tertio
2492 3248 2559 3301 ad
2592 3252 2859 3317 quartum
2888 3246 3017 3299 tria.
3050 3247 3097 3299 Α
3128 3250 3331 3315 quarto
3374 3248 3565 3298 autem
3596 3243 3643 3296 si
3666 3244 3736 3297 ad

2046 3337 2299 3406 primum
2326 3336 2542 3401 redeas,
2576 3340 2801 3406 tempus
2826 3350 3010 3387 unum
3032 3333 3243 3388 silebis.
3276 3332 3384 3386 Sed
3406 3348 3534 3402 quae
3556 3336 3638 3384 est
3660 3347 3742 3384 ra-

2045 3426 2124 3479 tio
2153 3431 2237 3479 est
2264 3425 2543 3479 redeundi
2573 3425 2641 3478 ad
2666 3423 3154 3495 primum,eadem
3173 3426 3257 3475 est
3278 3422 3347 3475 ad
3371 3421 3541 3475 aliam
3573 3421 3745 3473 talem

2045 3513 2467 3583 copulationem
2512 3512 2861 3566 transeundi.
2924 3514 3036 3565 Hoc
3074 3526 3256 3580 genus
3300 3509 3741 3577 copulationum

2045 3606 2195 3655 recte
2221 3618 2323 3655 nos
2351 3601 2705 3671 appellamus
2725 3600 3045 3663 circuitum,
3070 3599 3170 3669 qui
3204 3596 3422 3660 περιόδος
3455 3611 3637 3666 graece
3665 3595 3744 3648 di-

2045 3690 2209 3744 citur.
2259 3690 2539 3743 Circuitus
2585 3704 2719 3759 ergo
2752 3687 2939 3741 minor
2987 3703 3108 3740 esse
3155 3702 3269 3739 non
3322 3688 3529 3755 potest,
3574 3699 3746 3754 quam

2047 3779 2146 3849 qui
2176 3779 2397 3833 duobus
2427 3776 2700 3831 membris
2730 3780 2974 3843 constat,
3023 3775 3081 3829 id
3130 3779 3214 3828 est
3253 3774 3475 3828 duobus
3518 3771 3743 3827 metris:

2045 3884 2149 3921 nec
2178 3883 2295 3922 esse
2326 3868 2601 3937 majorem
2624 3866 2929 3919 voluerunt
2958 3880 3024 3918 eo
3056 3863 3155 3934 qui
3181 3879 3362 3934 usque
3391 3862 3461 3917 ad
3489 3868 3736 3933 quatuor

2045 3958 2305 4012 membra
2323 3955 2599 4025 procedit.
2632 3955 2788 4007 Dicet
2814 3953 2989 4023 igitur
3016 3952 3319 4005 minimum
3342 3951 3742 4013 bimembrem,

2046 4044 2301 4098 medium
2344 4043 2760 4108 trimembrem,
2818 4046 2873 4095 et
2919 4040 3187 4094 ultimum
3217 4040 3745 4110 quadrimembrem

2046 4148 2279 4195 vocare;
2341 4131 2444 4184 hos
2489 4130 2644 4184 enim
2689 4129 2866 4184 (ἕτωοὶ
2903 4126 3405 4190 δίκωλον,τρίκωλον,
3437 4127 3747 4187 τετρὰκωλον

2044 4224 2261 4272 vocant.
2302 4221 2377 4272 De
2410 4235 2522 4288 quo
2574 4222 2692 4271 toto
2724 4233 2931 4287 genere
2963 4216 3237 4286 quoniam
3267 4214 3599 4284 diligentius
3631 4219 3744 4266 tra-

2046 4307 2252 4360 ctaturi
2281 4322 2494 4369 sumus,
2523 4310 2587 4359 ut
2616 4305 2750 4370 dixi,
2775 4305 2832 4357 in
2848 4320 2915 4359 eo
2941 4320 3205 4359 sermone
3221 4302 3320 4373 qui
3344 4301 3508 4355 nobis
3529 4302 3599 4355 de
3622 4318 3743 4354 ver-

2046 4394 2202 4448 sibus
2226 4394 2350 4456 erit,
2387 4408 2538 4445 nunc
2568 4392 2801 4446 interim
2831 4393 2940 4446 hoc
2967 4392 3098 4445 satis
3129 4390 3218 4444 sit.

2118 4487 2203 4537 37.
2245 4482 2391 4536 Sane
2415 4480 2660 4534 arbitror
2681 4481 2803 4551 jam
2843 4486 2896 4533 te
2924 4478 3264 4547 intelligere,
3296 4477 3747 4531 innumerabilia

2046 4586 2257 4642 genera
2294 4586 2412 4623 esse
2440 4573 2775 4635 metrorum,
2806 4584 2933 4639 quae
2962 4567 3275 4637 quingenta
3298 4565 3593 4634 sexaginta
3621 4569 3745 4619 octo

2047 4660 2445 4713 inveneramus
2478 4660 2516 4723 ί,
2548 4674 2675 4711 cum
2710 4662 2765 4710 et
2792 4656 2861 4709 de
2891 4654 3129 4707 silentiis
3156 4670 3272 4707 non
3322 4653 3431 4706 nisi
3476 4654 3745 4708 ﬁnalibus

2047 4747 2305 4818 exempla
2328 4751 2514 4801 essent
2538 4747 2687 4811 data,
2719 4750 2774 4799 et
2800 4744 2954 4797 nulla
2980 4742 3195 4812 pedum
3227 4741 3556 4795 commixtio
3600 4743 3747 4797 facta

2047 4840 2213 4904 esset,
2246 4841 2301 4890 et
2331 4837 2488 4889 nulla
2512 4835 2719 4888 solutio
2752 4834 3054 4901 longarum
3086 4830 3144 4884 in
3176 4830 3316 4884 duas
3364 4831 3579 4893 breves,
3615 4846 3743 4900 quae

2045 4927 2248 4996 pedem
2281 4926 2429 4979 ultra
2458 4924 2700 4994 syllabas
2733 4926 2979 4993 quatuor
3024 4919 3368 4989 porrigeret.
3409 4922 3481 4973 At
3506 4919 3552 4971 si
3582 4917 3746 4971 adhi-

2046 5014 2166 5068 bita
2195 5010 2725 5067 omnisilentiorum
2754 5008 3211 5079 interpositione,
3243 5012 3297 5060 et
3327 5006 3484 5060 omni
3534 5006 3745 5077 pedum

2046 5100 2471 5164 commixtione,
2521 5103 2575 5151 et
2605 5097 2763 5151 omni
2806 5097 3088 5150 solutione
3137 5097 3439 5166 longarum
3479 5094 3746 5162 colligere

2048 5204 2350 5242 numerum
2382 5192 2693 5240 metrorum
2730 5185 2903 5253 velis;
2948 5189 3136 5238 tantus
3183 5184 3386 5247 existit,
3440 5186 3503 5235 ut
3532 5197 3745 5234 nomen

2046 5277 2166 5341 ejus
2197 5274 2431 5327 fortasse
2461 5288 2578 5324 non
2610 5276 2891 5341 suppetat.
2933 5271 3040 5325 Sed
3090 5272 3211 5324 haec
3254 5268 3510 5337 exempla
3556 5282 3685 5335 qum
3716 5282 3749 5318 a

2112 5364 2123 5395 ι
2159 5362 2215 5408 In
2237 5360 2380 5424 prius
2406 5360 2634 5421 vulgatis
2664 5359 2905 5424 pluribus
2935 5360 3056 5424 Mss.
3108 5358 3359 5424 habet-ur.
3380 5354 3747 5424 quadraginta

2043 5416 2251 5485 septeni
2264 5416 2781 5486 invente'rdgmusfsed
2818 5422 3097 5486 legendum
3113 5433 3232 5467 cum
3250 5416 3518 5486 Albinensi
3548 5416 3745 5486 codice.

2045 5477 2325 5546 seiraginta
2356 5486 2489 5546 octo.
2514 5484 2706 5531 Confer
2725 5477 2899 5531 locum
2936 5482 3025 5531 lib.
3055 5484 3101 5537 4,
3128 5494 3220 5527 nn.
3258 5482 3311 5526 15
3337 5482 3388 5525 et
3414 5481 3488 5537 l6,
3515 5477 3603 5525 ubi
3636 5490 3743 5524 me-

2050 5550 2249 5592 trorum
2286 5545 2465 5593 isthmc
2497 5559 2703 5593 summa
2730 5549 2987 5593 censetur.
