4080 6178
449 228 582 282 1147

442 350 610 409 nobis
637 350 769 402 sunt
793 347 999 419 posita,
1032 350 1089 401 et
1116 361 1494 417 quaecumque
1529 344 1640 398 alia
1691 344 1833 415 poni
1873 348 2134 416 possunt,

445 453 776 514 quanquam
818 452 886 491 ea
938 440 995 490 et
1039 438 1212 506 poeta
1235 435 1296 490 in
1325 434 1618 489 efﬁciendo
1663 434 1960 506 approbet,
1991 437 2048 488 et
2075 433 2138 488 in

446 527 730 585 audiendo
757 524 778 558 ί
811 528 1016 579 natura
1047 523 1404 590 communis;
1437 527 1632 577 tamen
1667 523 1780 577 nisi
1808 539 1876 576 ea
1904 522 2053 577 docti
2081 527 2140 577 et

514 653 524 681 '
556 652 762 700 ItaMss.
789 649 1067 699 AtAm.Er.
1090 651 1142 697 et
1165 649 1314 710 Lov.;
1337 648 1662 710 Quanquam
1692 659 1754 695 ea
1767 647 1813 697 et
1825 647 2054 710 appetat
2080 643 2138 694 in

447 711 737 777 efﬁciendo,
756 714 804 761 ei
835 711 1094 774 approbet
1118 712 1171 759 in
1200 709 1486 760 audiendo.

1719 223 1815 279 DE
1852 221 2139 290 MUSICA,
2181 219 2234 278 S.
2277 219 2663 278 AUGUSTINI

3768 229 3866 282 1148

2244 342 2535 399 exercitati
2571 340 2825 397 hominis
2853 340 3247 412 pronuntiatio
3290 333 3645 398 commendet
3671 346 3867 415 auribus,

2245 447 2559 503 sensusque
2580 430 2938 485 audientium
2965 445 3080 485 non
3099 429 3171 483 sit
3185 430 3403 484 tardior
3431 433 3869 501 quamhumauitas

2244 521 2512 593 postulat,
2544 537 2659 574 non
2686 523 2926 593 possunt
2955 535 3022 574 ea
3051 534 3180 589 quae,
3209 518 3569 573 tractavimus
3608 535 3728 574 vera
3754 521 3870 592 judi-

2247 608 2380 662 cari.
2412 608 2518 662 Sed
2543 607 2904 678 quiescamus
2933 606 3382 677 aliquantulum,
3414 611 3472 660 et
3492 607 3560 661 de
3586 624 3733 662 versu
3756 610 3869 664 dein-

2247 712 2379 767 ceps
2409 696 2773 750 disseramus.
2802 696 2876 750 D.
2907 695 2985 749 Ita
3013 695 3175 749 ﬂant.

1467 867 2016 990 LIBER
2101 861 2926 1005 QUINTUS.

1796 1035 1857 1082 In
1887 1048 1991 1097 quo
2022 1034 2085 1083 de
2114 1046 2268 1082 versu
2299 1031 2588 1080 disseritur.

2010 1136 2390 1151 ᾔ

515 1195 742 1250 CAPUT
774 1196 1070 1250 PRIMUM.
1103 1225 1171 1234 —
1192 1193 1459 1260 Quomodo
1479 1194 2062 1264 differantrhythmus,

1019 1287 1247 1336 metrum
1275 1287 1326 1336 et
1346 1297 1552 1337 versus.

520 1376 570 1426 l.
601 1374 676 1428 M.
732 1371 876 1436 Quid
920 1371 990 1424 sit
1045 1387 1258 1437 versus,
1295 1370 1443 1424 inter
1499 1372 1695 1426 doctos
1747 1375 1964 1426 veteres
2018 1386 2138 1425 non

443 1475 619 1530 parva
655 1460 962 1513 luctatione
1014 1459 1319 1529 quzesitum
1373 1463 1475 1525 est,
1528 1475 1632 1513 nec
1687 1459 1900 1514 fructus
1937 1458 2134 1513 defuit.

445 1549 586 1601 Nam
617 1547 846 1601 inventa
871 1562 961 1600 res
995 1551 1100 1614 est,
1129 1553 1184 1600 et
1211 1547 1282 1600 ad
1310 1547 1571 1602 notitiam
1600 1552 1958 1618 posterorum
1970 1563 2139 1601 man-

445 1636 576 1690 data
603 1635 824 1700 litteris,
873 1635 1031 1705 gravi
1077 1640 1244 1706 atque
1294 1639 1445 1689 certa
1490 1652 1608 1689 non
1650 1640 1874 1690 tantum
1903 1635 2140 1690 auctori-

446 1728 581 1789 tate,
608 1739 805 1777 verum
835 1723 1008 1776 etiam
1029 1723 1250 1776 ratione
1277 1722 1502 1776 ﬁrmata
1532 1729 1631 1776 est.
1657 1725 1931 1778 Interesse
1966 1723 2140 1793 igitur

447 1811 971 1866 animadverterunt
999 1811 1148 1864 inter
1178 1811 1510 1880 rhythmum
1541 1816 1594 1864 et
1625 1816 1870 1866 metrum
1900 1811 2135 1883 aliquid,

446 1903 509 1953 ut
539 1915 707 1953 omne
739 1902 989 1953 metrum
1019 1899 1340 1969 rhythmus,
1370 1915 1485 1953 non
1515 1899 1687 1954 etiam
1725 1901 1911 1954 omnis
1940 1901 2138 1972 rhyth-

445 1999 576 2037 mus
605 1988 852 2036 metrum
883 1983 971 2036 sit.
1005 1983 1202 2037 Omnis
1241 1984 1394 2037 enim
1451 1983 1710 2053 legitima
1759 1982 1974 2054 pedum
2011 1997 2141 2035 con-

445 2071 611 2124 nexio
641 2085 948 2124 numerosa
973 2073 1057 2123 est
1079 2068 1097 2102 ⁴
1123 2087 1137 2136 ;
1166 2086 1338 2141 quam
1369 2071 1646 2142 quoniam
1666 2075 1917 2124 metrum
1942 2069 2135 2134 habet,

445 2175 565 2214 non
596 2174 715 2213 esse
745 2174 1018 2213 numerus
1047 2159 1206 2212 nullo
1233 2159 1404 2213 modo
1435 2163 1640 2228 potest,
1668 2158 1730 2213 id
1758 2162 1844 2213 est
1872 2174 1985 2212 non
2019 2171 2138 2210 esse

446 2247 767 2318 rhythmus.
802 2247 912 2301 Sed
941 2247 1211 2317 quoniam
1244 2263 1360 2301 non
1381 2251 1465 2301 est
1486 2246 1659 2314 idem,
1692 2245 1951 2316 quamvis
1995 2245 2138 2315 legi-

445 2336 598 2389 timis
628 2335 888 2406 pedibus,
944 2336 1101 2389 nullo
1156 2340 1348 2389 tamen
1399 2340 1550 2389 certo
1602 2335 1714 2389 line
1766 2333 2042 2405 provolvi,
2085 2337 2141 2388 et

449 2424 586 2478 item
619 2423 888 2494 legitimis
919 2423 1183 2494 progredi
1211 2424 1472 2494 pedibus,
1499 2424 1598 2478 sed
1632 2427 1787 2477 certo
1835 2421 1947 2476 ﬁne
1979 2436 2136 2475 coer-

450 2512 599 2576 ceri;
631 2513 754 2566 heec
807 2513 920 2566 duo
954 2528 1166 2582 genera
1211 2513 1383 2567 etiam
1445 2512 1732 2567 vocabulis
1768 2511 2141 2566 discernenda

451 2605 633 2666 erant,
665 2605 730 2654 ut
780 2601 923 2655 illud
971 2601 1234 2671 superius
1289 2601 1590 2672 rhythmus
1638 2605 1862 2655 tantum
1905 2599 2139 2670 proprio

444 2689 566 2758 jam
595 2688 848 2754 nomine,
882 2689 987 2743 hoc
1015 2693 1208 2744 autem
1238 2691 1481 2744 alterum
1503 2689 1582 2744 ita
1609 2690 1910 2760 rhythmus
1935 2692 1998 2742 ut
2026 2703 2141 2742 me-

449 2783 604 2832 trum
648 2777 820 2832 etiam
869 2782 1182 2832 vocaretur.
1217 2781 1454 2846 Rursus,
1487 2778 1758 2850 quoniam
1791 2794 1990 2832 eorum
2032 2794 2139 2832 nu-

449 2881 743 2920 merorum
772 2866 870 2938 qui
892 2872 1044 2922 certo
1074 2866 1188 2922 ﬁne
1217 2868 1582 2937 clauduntur,
1611 2868 1672 2922 id
1688 2871 1773 2922 est
1800 2871 2138 2933 metrorum,

450 2954 563 3009 alia
586 2959 718 3008 sunt
738 2955 798 3008 in
828 2955 1038 3026 quibus
1059 2971 1178 3009 non
1208 2956 1452 3010 habetur
1479 2956 1624 3011 ratio
1653 2957 1948 3027 cujusdam
1997 2956 2140 3010 divi-

449 3042 626 3096 sionis
656 3043 805 3098 circa
833 3043 1105 3109 medium,
1141 3044 1251 3098 alia
1279 3044 1340 3098 in
1383 3045 1593 3115 quibus
1634 3046 1828 3099 sedulo
1857 3045 2139 3111 habetur;

451 3133 575 3182 erat
616 3128 788 3182 etiam
822 3131 945 3184 haec
975 3130 1296 3196 differentia
1351 3133 1600 3187 notanda
1629 3133 1934 3188 vocabulis.
1992 3133 2141 3197 Qua-

449 3219 683 3285 propter
711 3216 872 3280 illud,
905 3217 1002 3272 ubi
1023 3235 1138 3272 non
1166 3219 1409 3274 habetur
1436 3222 1559 3274 hanc
1587 3220 1754 3286 ratio,
1775 3221 2030 3291 rhythmi
2051 3236 2144 3290 ge-

451 3318 558 3356 nus
588 3303 818 3374 proprie
848 3309 1098 3360 metrum
1127 3311 1393 3361 vocatum
1421 3311 1539 3362 est:
1569 3307 1676 3362 hoc
1705 3309 1896 3361 autem
1925 3307 2023 3361 ubi
2041 3307 2140 3360 ha-

450 3391 638 3456 betur,
689 3408 916 3447 versum
980 3393 1441 3449 nominaverunt.
1508 3396 1680 3466 Cujus
1741 3395 2144 3466 appellationis

451 3479 731 3551 originem
782 3481 1019 3536 fortasse
1074 3483 1576 3553 progredientibus
1621 3483 1788 3538 nobis
1821 3484 1965 3538 ratio
2019 3484 2144 3555 ipsa

452 3569 814 3624 monstrabit.
850 3572 1044 3642 Neque
1073 3571 1181 3626 hoc
1204 3571 1286 3625 ita
1307 3571 1708 3643 praescriptum
1735 3576 1922 3644 putes,
1953 3576 2018 3626 ut
2047 3572 2145 3626 illa

452 3657 625 3711 etiam
655 3663 839 3712 metra
862 3674 1056 3714 versus
1103 3675 1302 3714 vocare
1331 3677 1449 3714 non
1480 3660 1661 3715 liceat.
1711 3660 1819 3714 Sed
1865 3660 2023 3714 aliud
2056 3665 2140 3714 est

452 3759 583 3798 cum
608 3746 900 3801 abutimur
927 3747 1186 3816 nomine,
1217 3749 1450 3803 licentia
1478 3749 1778 3820 cujusdam
1800 3748 2140 3814 vicinitatis;

453 3832 627 3898 aliud,
660 3850 787 3888 cum
814 3849 935 3888 rem
963 3836 1238 3889 vocabulo
1268 3852 1370 3889 suo
1396 3837 1781 3890 enuntiemus.
1804 3835 1912 3890 Sed
1955 3835 2143 3889 nomi-

454 3936 593 3974 num
625 3921 1092 3975 commemoratio
1122 3923 1394 3976 hactenus
1425 3924 1569 3977 facta
1598 3923 1708 3990 sit;
1750 3923 1811 3976 in
1831 3923 2059 3993 quibus,
2081 3927 2148 3978 ut

449 4007 570 4076 jam
609 4007 932 4072 didicimus,
979 4009 1264 4064 concessio
1303 4009 1855 4081 interloquentium’
1884 4015 1941 4066 et
1985 4016 2145 4066 vetu-

454 4096 614 4150 statis
644 4096 948 4151 auctoritas
973 4101 1156 4152 totum
1204 4099 1372 4154 valet.
1403 4100 1638 4168 Caetera,
1669 4100 1715 4154 si
1747 4100 1950 4170 placet,
1986 4117 2145 4155 more

452 4188 643 4240 nostro
663 4185 1072 4257 investigemus
1092 4203 1260 4241 sensu
1281 4188 1504 4257 nuntio,
1520 4188 1706 4243 indice
1728 4189 1947 4243 ratione
1967 4194 2057 4256 ;ut
2082 4190 2146 4243 il-

455 4275 538 4328 los
550 4275 721 4330 etiam
746 4280 963 4330 veteres
989 4282 1248 4331 auctores
1269 4293 1384 4332 non
1402 4277 1834 4332 instituisseista
1845 4278 2006 4349 quasi
2017 4294 2146 4350 quae

455 4363 513 4418 in
546 4369 749 4419 natura
760 4381 953 4420 rerum
973 4365 1199 4436 integra
1221 4370 1276 4420 et
1289 4367 1540 4436 perfecta
1565 4383 1683 4421 non
1699 4367 1932 4434 fuerint,
1947 4367 2042 4422 sed
2059 4384 2145 4422 ra-

453 4453 778 4509 tiocinando
791 4454 1093 4521 invenisse,
1111 4459 1168 4509 et
1187 4455 1526 4526 appellando
1539 4460 1766 4510 notasse
1779 4471 2141 4525 cognnoscas.

455 4540 676 4597 CAPUT
706 4543 777 4597 II.
798 4573 867 4584 —-
898 4545 1071 4598 Metra
1096 4545 1158 4597 in
1187 4543 1324 4598 duas
1351 4549 1538 4613 partes
1583 4543 1889 4599 divisibilia
1939 4547 2143 4600 ceteris

1159 4639 1445 4704 praestant.

526 4720 578 4772 2.
611 4718 795 4783 Quare
839 4720 1094 4790 primum
1135 4739 1168 4776 a
1196 4727 1252 4776 te
1283 4738 1502 4793 qumro,
1543 4725 1738 4776 utrum
1767 4722 1839 4776 ob
1864 4722 2020 4777 aliud
2047 4739 2145 4793 pes

457 4821 655 4861 aurem
685 4809 947 4875 mulceat,
979 4810 1090 4864 nisi
1117 4811 1270 4881 quod
1301 4811 1358 4864 in
1387 4826 1454 4864 eo
1483 4810 1736 4864 dueeillte
1762 4815 1976 4881 partes,
2005 4827 2143 4881 qua-

455 4911 584 4950 rum
618 4912 733 4950 una
762 4895 822 4950 in
851 4897 1151 4964 levatione,
1183 4900 1362 4953 altera
1390 4899 1450 4952 in
1481 4898 1766 4968 positione
1815 4902 1919 4964 est,
1953 4914 2149 4952 nume-

457 5001 587 5039 rosa
617 4984 723 5040 sibi
751 4985 1130 5041 concinnitate
1161 4987 1629 5058 respondent?D.
1660 4988 1785 5041 Jam
1798 4987 1903 5041 hoc
1916 4987 2148 5058 quidem

458 5074 601 5129 mihi
629 5078 759 5128 ante
771 5090 1123 5163 persuasum
1152 5079 1236 5129 est
1258 5081 1430 5146 atque
1455 5079 1830 5146 compertum.
1860 5076 1931 5129 M.
1955 5073 2101 5138 Quid
2122 5079 2150 5132 ?

456 5165 725 5228 metrum,
756 5161 911 5233 quod
942 5163 1304 5216 manifestum
1335 5168 1420 5217 est
1447 5164 1661 5234 pedum
1693 5163 1994 5217 collatione
2022 5179 2149 5217 con-

455 5249 568 5316 iici,
601 5266 741 5305 num
775 5266 844 5306 ex
870 5267 937 5304 eo
982 5266 1175 5304 rerum
1205 5267 1414 5321 genere
1464 5268 1584 5306 esse
1635 5251 2027 5306 arbitrandum
2068 5256 2153 5306 est

511 5340 532 5445 ft
555 5338 670 5388 Am.
693 5339 1247 5404 Er.etLov.,numerus
1267 5339 1469 5388 estSed
1487 5339 1675 5388 melius
1692 5339 1839 5398 Mss.,
1855 5351 2152 5390 numerosa

459 5411 546 5448 881.

520 5464 541 5496 ²
571 5464 708 5512 inter
733 5475 787 5511 se
819 5463 1171 5524 loquentium,
1193 5461 1346 5524 juxta
1376 5462 1539 5511 Vatic.
1567 5463 1634 5511 Μ.

2246 1191 2400 1264 quod
2429 1189 2605 1245 dividi
2631 1205 2749 1244 non
2779 1192 3000 1260 potest;
3030 1204 3162 1242 cum
3190 1188 3428 1242 omnino
3479 1191 3536 1242 et
3561 1188 3690 1242 nihil
3718 1189 3868 1242 indivi-

2245 1281 2424 1334 duum
2453 1295 2557 1350 per
2586 1282 2814 1350 tempus
2844 1278 3002 1332 tendi
3049 1281 3240 1348 queat,
3283 1282 3342 1331 et
3388 1277 3542 1349 quod
3585 1293 3648 1332 ex
3683 1277 3870 1332 dividuis

2245 1368 2488 1439 pedibus
2533 1372 2775 1435 constat,
2809 1365 3213 1420 absurdissime
3248 1364 3608 1420 individuum
3651 1370 3869 1435 putetur?

2247 1457 2320 1510 D.
2352 1456 2516 1510 Nullo
2547 1455 2717 1509 modo
2748 1455 2855 1508 hoc
2884 1470 3066 1524 genus
3087 1453 3428 1508 divisionem
3448 1454 3688 1524 recipere
3711 1454 3869 1508 abnue-

2246 1545 2377 1598 rim.
2429 1545 2503 1598 M.
2538 1545 2610 1597 At
2639 1543 2834 1596 omnia
2883 1559 3013 1613 quae
3049 1542 3340 1612 recipiunt
3359 1542 3701 1608 divisionem,
3729 1559 3867 1598 nonne

2246 1633 2575 1704 pulchriora
2601 1635 2735 1686 sunt
2764 1630 2812 1684 si
2843 1647 3045 1685 eorum
3070 1635 3258 1700 partes
3283 1631 3479 1701 aliqua
3499 1631 3757 1700 parilitate
3781 1647 3870 1684 cou-

2247 1721 2498 1786 cordent,
2527 1737 2701 1792 quam
2729 1719 2778 1772 si
2811 1719 3096 1774 discordes
3129 1723 3184 1773 et
3212 1719 3458 1773 dissona:
3481 1719 3630 1774 sint?
3666 1721 3725 1773 D.
3763 1719 3867 1774 Nulli

2249 1808 2489 1862 dubium
2521 1808 2623 1865 est.
2667 1810 2741 1864 M.
2796 1807 2991 1871 Quid?
3032 1807 3210 1878 ipsius
3260 1807 3460 1877 parilis
3497 1807 3760 1861 divisionis
3802 1809 3869 1877 qui

2247 1896 2480 1950 tandem
2512 1912 2790 1951 numerus
2819 1901 3020 1950 auctor
3046 1901 3131 1950 est
3156 1897 3185 1949 ?
3213 1912 3289 1950 an
3315 1895 3542 1950 dualis?
3585 1897 3654 1949 D.
3709 1896 3776 1949 Ita
3797 1900 3864 1949 est.

2247 1986 2319 2038 Μ.
2354 1986 2423 2038 Ut
2451 2001 2586 2056 ergo
2627 1985 2688 2038 in
2729 1985 2869 2038 duas
2917 1990 3110 2056 partes
3147 1984 3514 2038 concinentes
3543 1983 3698 2038 dividi
3721 1984 3865 2054 pedem

2248 2077 2305 2126 et
2333 2090 2400 2127 eo
2429 2074 2555 2144 ipso
2587 2089 2784 2128 aurem
2815 2073 3094 2128 delectare
3125 2073 3541 2144 comperimus;
3561 2072 3606 2126 si
3623 2073 3769 2126 etiam
3791 2085 3867 2124 me-

2246 2166 2402 2216 trum
2431 2163 2542 2216 tale
2573 2162 2953 2228 inveniamus,
2982 2178 3176 2216 nonne
3196 2161 3423 2216 cmteris
3441 2177 3553 2215 non
3579 2160 3759 2215 talibus
3776 2159 3864 2229 jure

2247 2252 2668 2321 anteponetur?
2690 2253 2754 2305 D.
2787 2251 3104 2306 Assentior.

2565 2340 2789 2395 CAPUT
2819 2340 2914 2393 IlI.
2947 2368 3015 2380 —
3052 2341 3250 2394 Versus
3295 2339 3439 2393 unde
3467 2337 3651 2392 dictus.

2320 2429 2372 2480 3.
2404 2427 2480 2482 Η.
2509 2428 2676 2480 Recte
2709 2443 2862 2482 sane.
2918 2426 3103 2490 Quare
3141 2427 3267 2496 jam
3294 2427 3438 2480 illud
3490 2423 3754 2496 responde,
3776 2437 3864 2475 cum

2246 2513 2307 2568 in
2330 2514 2594 2569 omnibus
2625 2531 2754 2586 quas
2777 2515 2968 2586 aliqua
2997 2514 3274 2585 temporis
3293 2519 3454 2586 parte
3484 2513 3743 2579 metimur,
3761 2509 3862 2564 aliud

2248 2603 2552 2672 praecedat,
2603 2602 2759 2656 aliud
2809 2602 3210 2673 subsequatur,
3261 2603 3423 2656 aliud
3479 2601 3708 2671 incipiat,
3756 2597 3863 2651 aliud

2248 2688 2545 2755 terminet;
2577 2689 2796 2743 nihilne
2827 2689 2931 2743 tibi
2957 2689 3218 2743 videatur
3256 2690 3411 2744 inter
3461 2693 3663 2760 partem
3710 2699 3861 2757 prace-

2249 2777 2480 2830 dentem
2511 2782 2682 2848 atque
2710 2775 3105 2846 incipientem,
3139 2781 3194 2831 et
3225 2776 3389 2831 illam
3421 2793 3543 2848 qua:
3569 2775 3863 2843 subsequatur

2250 2879 2314 2916 ac
2335 2864 2607 2918 terminet
2642 2863 2682 2930 ‘,
2712 2864 2986 2919 interesse
3017 2870 3308 2935 oportere.
3337 2867 3410 2919 D.
3472 2867 3719 2919 Interesse
3753 2858 3859 2913 arbi-

2249 2957 2390 3006 tror.
2421 2954 2494 3007 M.
2530 2952 2628 3006 Dic
2657 2969 2791 3023 ergo
2821 2953 2960 3023 quid
2987 2953 3212 3006 intersit
3243 2954 3400 3008 inter
3444 2953 3541 3008 has
3580 2954 3701 3007 duas
3728 2952 3860 3020 partes

2251 3058 2466 3108 versus,
2489 3058 2734 3112 quarum
2759 3059 2876 3096 una
2900 3046 3002 3109 est,
3025 3043 3239 3099 Cornua
3253 3045 3579 3108 velatarum;
3603 3041 3751 3094 altera
3768 3050 3857 3088 vero

2252 3134 2355 3197 est,
2384 3133 2640 3184 vertimus
2705 3136 3066 3185 antennarum
3119 3131 3357 3202 (Eneid.
3426 3133 3516 3186 lib.
3573 3133 3621 3195 3,
3671 3145 3714 3182 υ.
3760 3127 3855 3186 559}-

2253 3219 2376 3272 Non
2408 3218 2561 3272 enim
2585 3223 2647 3271 ut
2674 3219 2827 3273 idem
2849 3222 3037 3290 poeta,
3068 3220 3417 3282 obvertimus,
3451 3218 3544 3272 sed
3576 3217 3618 3270 si
3642 3217 3708 3270 ita
3727 3226 3856 3266 venus

2253 3306 2601 3373 enuntietur,
2645 3308 2858 3362 Cornua
2896 3308 3199 3361 velatarum
3243 3311 3504 3362 vertimus
3547 3310 3854 3360 antennm'um;

2251 3411 2444 3449 nonne
2471 3396 2677 3465 saepius
2709 3396 3018 3465 repetendo
3048 3396 3299 3450 efﬁcitur
3323 3396 3610 3455 incertum,
3639 3406 3742 3462 qua
3769 3402 3857 3457 pars

2253 3483 2410 3554 prior
2423 3481 2512 3548 sit,
2533 3499 2660 3554 quin
2684 3482 2964 3554 posterior
2988 3485 3016 3537 ?
3047 3485 3241 3554 Neque
3265 3484 3424 3538 enim
3453 3482 3630 3536 minus
3655 3480 3774 3533 idem
3786 3479 3856 3528 stat

2251 3587 2465 3636 versus,
2503 3587 2633 3625 cum
2665 3571 2740 3625 ita
2771 3572 3093 3642 profertur:
3132 3575 3408 3628 Vertimus
3437 3577 3754 3626 antemnarum
3776 3579 3854 3616 cor-

2252 3675 2364 3713 nua
2391 3659 2709 3713 velatarum.
2743 3660 2816 3715 D.
2841 3661 3016 3714 Plane
3037 3659 3324 3714 incertum
3347 3660 3469 3714 ﬁeri
3494 3659 3656 3713 video.
3679 3652 3854 3710 H.091!-

2253 3763 2415 3801 sesne
2448 3746 2744 3801 vitandum
2763 3750 2792 3801 ‘?
2819 3748 2892 3802 D.
2919 3747 3150 3802 Censeo.
3175 3749 3260 3802 Μ.
3289 3749 3423 3802 Vide
3442 3748 3606 3818 igitur
3630 3738 3854 3798 utrumhic

2255 3835 2388 3888 satis
2414 3835 2655 3889 vitatum
2704 3834 2794 3890 sit.
2840 3836 2959 3888 Una
3011 3852 3142 3906 pars
3172 3853 3373 3890 versus
3400 3841 3480 3890 est
3523 3839 3575 3888 et
3616 3848 3674 3886 ea
3707 3840 3852 3900 prace-

2255 3923 2479 3992 cedens,
2533 3925 2706 3978 Arma
2759 3925 3043 3992 virumque
3098 3940 3265 3987 cano;
3335 3925 3507 3979 altera
3568 3923 3850 3988 subsequens,

2259 4013 2432 4080 Trojae
2451 4013 2549 4081 qui
2565 4014 2775 4081 primus
2806 4013 2872 4066 ab
2904 4015 3012 4067 oris
3035 4031 3051 4076 ;
3074 4029 3205 4085 quas
3231 4030 3417 4085 usque
3432 4013 3568 4067 adeo
3587 4011 3715 4064 inter
3737 3999 3852 4058 sedil-

2255 4100 2463 4166 ferunt,
2494 4105 2555 4154 ut
2585 4101 2630 4154 si
2675 4101 2931 4155 ordinem
2970 4107 3176 4166 vertas,
3209 4106 3266 4156 et
3317 4103 3422 4156 hoc
3468 4099 3626 4154 modo
3668 4103 3851 4166 pronun-

2255 4188 2384 4255 ties,
2419 4190 2593 4258 Troja:
2629 4191 2726 4257 qui
2759 4192 2973 4258 primus
3003 4189 3069 4243 ab
3107 4193 3236 4254 oris,
3290 4206 3443 4244 arma
3481 4191 3727 4254 virumque
3749 4190 3848 4235 cano.

2255 4278 2396 4333 alios
2434 4277 2608 4348 pedes
2639 4278 2866 4333 metiri’
2908 4295 3136 4333 necesse
3175 4278 3263 4333 sit.
3303 4279 3372 4335 D.
3428 4276 3683 4344 Intelligo.
3723 4265 3852 4322 MM

2254 4367 2399 4432 vide,
2434 4371 2628 4421 utrum
2649 4367 2756 4421 ista
2784 4367 2929 4422 ratio
2975 4367 3035 4421 in
3059 4367 3187 4421 aliis
3227 4372 3448 4421 servata
3484 4365 3566 4418 sit.
3601 4362 3718 4415 Nam
3742 4352 3850 4421 CUjIIS

2256 4455 2630 4510 dimensionis
2661 4460 2746 4510 est
2771 4472 2904 4526 pars
2933 4455 3213 4526 incipiens
3253 4458 3432 4510 Anna
3470 4455 3716 4517 virumque
3747 4453 3849 4498 ωηο*

2256 4545 2513 4615 ejusdem
2546 4560 2665 4598 esse
2714 4543 2986 4614 agnoscis,
3025 4545 3248 4598 Italiam
3281 4545 3418 4610 fato.
3476 4543 3660 4596 Littora
3690 4531 3848 4587 multum

2252 4634 2344 4687 ille
2372 4639 2441 4688 et.
2478 4635 2548 4688 Vi
2563 4648 2816 4700 superum
2843 4647 3014 4688 suam.
3057 4633 3230 4686 Multa
3259 4647 3464 4702 quoque
3495 4634 3541 4683 et
3569 4626 3697 4680 bello.
3721 4617 3847 4682 Infer-

2255 4725 2440 4790 retque
2493 4721 2633 4776 deos.
2667 4723 2976 4792 Albanique
3019 4725 3228 4790 patres.
3265 4722 3343 4774 Ne
3375 4719 3565 4783 multa,
3592 4713 3850 4783 perse‘luere

2257 4815 2488 4864 caeteros
2521 4815 2802 4881 quantum
2832 4811 3004 4874 voles,
3049 4808 3150 4862 has
3201 4809 3417 4880 priores
3461 4808 3633 4877 partes
3659 4802 3849 4881 versuutn

2259 4899 2512 4969 ejusdem
2541 4897 2912 4952 dimensionis
2940 4896 3216 4962 invenies,
3249 4897 3305 4950 id
3335 4900 3417 4950 est
3437 4893 3618 4965 quinto
3640 4876 3848 4950 semipede

2259 4987 2581 5041 articulatas
2613 4991 2650 5039 ³.
2698 4985 3002 5040 Rarissime
3053 4985 3287 5038 omnino
3327 4984 3373 5037 si
3406 4997 3516 5036 non
3556 4979 3651 5032 hoc
3682 4974 3743 5026 ita
3767 4969 3847 5063 est;

2259 5075 2336 5129 ita
2365 5080 2427 5130 ut
2453 5075 2793 5145 posteriores
2814 5073 2928 5128 sint
2953 5073 3073 5128 ista
3103 5089 3220 5127 non
3251 5071 3436 5126 minus
3458 5070 3594 5123 inter
3618 5079 3667 5116 se
3685 5056 3846 5152 pariles:

2262 5164 2434 5232 Troja:
2453 5142 2552 5233 qui
2580 5165 2789 5232 primus
2827 5163 2894 5216 ab
2939 5165 3069 5216 oris.
3109 5163 3380 5228 Profugus
3416 5159 3695 5220 Lavinaque
3729 5142 3843 5197 venit.

2263 5252 2441 5304 Terris
2455 5251 2698 5318 jactatus
2722 5255 2773 5304 et
2813 5252 2941 5305 alto.
2974 5253 3255 5306 Memorem
3283 5250 3512 5304 Junonis
3531 5245 3587 5298 ob
3603 5244 3734 5294 iram.
3752 5233 3845 5285 Pas'

2324 5340 2337 5372 ¹
2371 5337 2716 5400 Subsequitur
2744 5350 2808 5386 ac
2833 5339 3104 5397 terminat,
3121 5338 3273 5400 juxta
3301 5337 3460 5384 Vatic.
3481 5337 3529 5382 et
3550 5331 3635 5379 Ms.
3667 5324 3712 5374 Α.
3735 5319 3784 5367 Μ-

2327 5400 2344 5429 ³
2376 5400 2714 5462 Melri,juxta
2746 5400 2910 5448 Vatic.
2942 5401 3008 5448 M.

2325 5464 2345 5495 ³
2377 5455 2578 5523 Adjicit
2597 5461 2857 5518 Vatican.,
2894 5465 2940 5508 et
2963 5464 3164 5524 septem
3194 5459 3509 5512 terminatas.
3541 5455 3598 5502 Μ.
