4080 6178
193 222 336 276 1149

189 359 285 397 sus
328 342 458 397 dum
497 342 745 399 conderet
798 342 1007 398 urbem.
1053 344 1208 397 Latio
1228 357 1393 411 genus
1425 343 1567 398 unde
1611 343 1889 399 Latinum.

190 434 375 501 Atque
397 433 522 485 alta:
549 434 742 485 mania
771 432 973 485 Romm.
1006 434 1070 485 D.
1103 431 1616 485 Manifestissimum
1646 436 1746 485 est.

266 524 317 573 4.
349 522 431 574 M.
472 520 737 589 Quinque
770 518 946 588 igitur
975 523 1029 571 et
1058 523 1277 590 septem
1310 520 1627 590 semipedes
1665 535 1891 573 versum

189 607 487 662 heroicum
521 607 581 660 in
613 608 725 661 duo
754 606 1010 661 membra
1034 608 1381 676 partiuntur,
1413 624 1583 678 quem
1616 625 1708 661 sex
1737 607 1895 678 pedi-

188 696 300 751 bus
325 699 739 767 quaternorum
759 701 1080 766 temporum
1096 700 1354 749 constare
1368 696 1730 749 notissimum
1762 691 1890 748 est‘:

199 788 259 839 et
287 784 409 837 sine
463 783 846 837 concinnitate
903 782 1138 853 quidem
1194 784 1437 837 duorum
1480 783 1891 848 membrorum,

195 872 312 926 sive
342 870 467 936 ista,
507 870 623 924 sive
654 870 846 941 aliqua
876 871 987 924 alia
1034 887 1229 925 versus
1280 872 1472 925 nullus
1516 875 1618 925 est.
1667 872 1727 924 In
1771 870 1896 941 qui-

192 962 301 1016 bus
330 960 596 1014 omnibus
626 961 733 1014 hoc
765 961 907 1013 ratio
941 960 1352 1014 demonstravit
1380 976 1500 1014 esse
1530 958 1891 1025 servandum,

192 1052 259 1102 ut
288 1064 405 1101 non
436 1047 611 1119 possit
639 1063 770 1117 pars
802 1048 958 1118 prior
988 1049 1042 1101 in
1071 1048 1405 1119 posteriore,
1440 1052 1495 1101 et
1521 1048 1806 1118 posterior
1836 1045 1895 1099 in

190 1137 387 1208 priore
410 1137 531 1190 loco
563 1136 718 1206 poni.
749 1137 909 1200 Quod
940 1136 985 1190 si
1017 1138 1181 1191 aliter
1205 1137 1395 1203 fuerit,
1446 1153 1560 1191 non
1605 1137 1726 1206 jam
1766 1151 1891 1189 ver-

193 1241 311 1290 sus,
372 1224 480 1277 nisi
544 1224 795 1278 nominis
850 1225 1144 1289 abusione,
1211 1225 1478 1289 dicetur;
1529 1224 1638 1278 erit
1704 1229 1893 1277 autem

188 1313 498 1382 rhythmus
529 1316 583 1365 et
613 1316 880 1378 metrum,
916 1313 1109 1383 qualia
1140 1312 1427 1365 rarissime
1459 1312 1648 1381 longis
1688 1310 1892 1364 carmi-

193 1400 366 1454 nibus
386 1400 748 1471 interponere
779 1417 907 1471 qum
937 1401 1194 1455 versibus
1224 1405 1625 1466 contexuntur,
1658 1415 1777 1452 non
1806 1398 1897 1451 in-

194 1491 464 1545 decorum
495 1495 579 1544 est
610 1507 623 1544 :
659 1492 825 1562 quale
856 1491 1007 1544 idem
1042 1490 1231 1561 ipsum
1263 1494 1346 1543 est
1374 1490 1525 1560 quod
1564 1490 1735 1559 paulo
1763 1493 1894 1541 ante

196 1579 640 1633 commemoravi
659 1594 673 1631 :
699 1579 911 1634 Cornua
922 1580 1222 1633 velatarum
1236 1581 1491 1632 vertimus
1513 1582 1891 1631 antennarum.

193 1667 579 1731 Quamobrem
612 1683 727 1720 non
758 1666 901 1720 mihi
931 1683 1124 1720 versus
1137 1683 1204 1719 ex
1218 1683 1284 1720 eo
1309 1668 1627 1737 appellatus
1646 1664 1891 1730 videtur,

190 1759 258 1809 ut
288 1754 554 1808 nonnulli
583 1759 805 1825 putant,
832 1754 985 1826 quod
1016 1770 1049 1807 a
1072 1758 1224 1808 certo
1262 1754 1376 1808 ﬁne
1398 1754 1468 1808 ad
1495 1753 1749 1823 ejusdem
1780 1768 1891 1805 nu-

191 1843 340 1897 meri
366 1847 537 1913 caput
565 1843 806 1910 reditur,
840 1848 901 1896 ut
924 1859 1135 1896 nomen
1166 1843 1400 1896 ductum
1429 1842 1501 1895 sit
1529 1841 1685 1895 abiis
1715 1840 1815 1912 qui
1836 1857 1894 1894 se

192 1936 423 1987 vertunt
451 1932 585 1986 dum
616 1931 707 1985 via
728 1932 998 1997 redeunt;
1033 1948 1168 1985 nam
1196 1932 1306 1985 hoc
1334 1932 1417 1985 illi
1447 1947 1575 1985 cum
1604 1930 1691 1985 his
1723 1930 1894 1983 etiam

190 2021 412 2088 metris,
440 2037 569 2091 quas
600 2036 791 2073 versus
819 2036 937 2073 non
955 2024 1105 2085 sunt,
1140 2024 1375 2091 apparet
1406 2036 1527 2074 esse
1559 2035 1890 2073 commune:

192 2110 296 2165 sed
357 2110 539 2181 magis
592 2110 831 2163 fortasse
872 2125 905 2161 a
950 2108 1236 2162 contrario
1284 2124 1494 2161 nomen
1528 2107 1765 2173 invenit,
1812 2111 1895 2159 ut-

194 2198 683 2269 quemadmodum
715 2197 1075 2267 grammatici
1102 2196 1395 2268 deponens
1424 2197 1661 2250 verbum
1694 2196 1845 2266 quod
1867 2211 1897 2247 r

191 2286 446 2340 litteram
477 2302 594 2339 non
623 2285 877 2355 deponit,
908 2284 1077 2338 sicuti
1108 2289 1210 2354 est,
1240 2286 1435 2352 lucror,
1472 2288 1549 2351 et,
1581 2300 1893 2354 conqueror,

193 2375 670 2445 appellaverunt;
704 2374 781 2427 ita
811 2373 963 2443 quod
986 2374 1206 2427 duobus
1237 2373 1511 2427 membris
1540 2372 1734 2439 conﬁt,
1759 2389 1895 2443 quo-

196 2479 327 2516 rum
359 2466 629 2516 neutrum
661 2462 721 2515 in
761 2462 997 2515 alterius
1028 2463 1149 2515 loco
1180 2462 1331 2515 salva
1359 2463 1485 2533 lege
1521 2477 1895 2516 numerorum

194 2549 582 2615 constituitur,
627 2550 764 2620 quia
807 2549 953 2603 verti
996 2566 1111 2602 non
1154 2553 1357 2620 potest,
1407 2566 1601 2603 versus
1642 2553 1892 2603 vocetur.

191 2639 306 2693 Sed
334 2638 665 2692 utramlibet
702 2640 909 2692 harum
940 2638 1222 2708 originem
1254 2638 1589 2692 vocabulitu
1611 2637 1744 2691 licet
1768 2654 1896 2707 pro-

192 2726 321 2791 bes,
353 2728 440 2780 vel
492 2732 792 2797 utramque
848 2726 1161 2797 improbes,
1217 2730 1272 2779 et
1302 2726 1470 2779 aliam
1504 2742 1744 2796 quaeras,
1797 2729 1898 2778 aut

192 2818 529 2868 contemnas
550 2830 777 2868 mecum
804 2817 991 2867 totum
1015 2814 1121 2867 hoc
1145 2812 1477 2883 qumstionis
1507 2828 1721 2881 genus;
1751 2811 1896 2865 nihil

194 2903 266 2956 ad
322 2904 427 2956 hoc
467 2908 696 2973 tempus
742 2902 1010 2973 pertinet.
1068 2903 1209 2956 Cum
1254 2901 1408 2954 enim
1455 2900 1590 2953 satis
1631 2916 1721 2953 res
1766 2900 1889 2969 ipsa

194 3006 328 3062 quae
358 2992 461 3045 hoc
488 2991 721 3044 nomine
776 2990 1149 3061 signiﬁcatur,
1209 2992 1498 3059 appareat,
1540 3004 1658 3042 non
1714 2993 1798 3041 est
1828 2988 1897 3041 de

194 3079 357 3133 verbi
386 3079 560 3150 stirpe
616 3079 1009 3133 laborandum.
1067 3077 1187 3132 Nisi
1218 3077 1353 3147 quid
1402 3077 1575 3130 habes
1628 3076 1698 3130 ad
1753 3076 1893 3130 haec.

194 3171 262 3223 D.
300 3168 414 3239 Ego
443 3184 577 3222 vero
607 3167 772 3232 nihil,
810 3168 908 3221 sed
932 3182 1109 3237 perge
1141 3166 1211 3220 ad
1244 3170 1468 3219 caetera.

414 3257 639 3311 CAPUT
665 3257 755 3309 IV.
779 3286 848 3296 —
890 3258 1169 3309 Terminus
1198 3270 1448 3308 versuum
1472 3254 1679 3307 varius.

271 3347 329 3397 5.
367 3346 439 3399 M.
472 3344 742 3415 Sequitur
792 3348 859 3397 ut
887 3344 955 3397 de
984 3360 1181 3397 versus
1223 3343 1470 3397 termino
1520 3341 1896 3411 requiramus.

196 3434 345 3486 Nam
378 3437 433 3485 et
462 3432 615 3486 hunc
643 3432 837 3502 aliqua
858 3431 1179 3486 differentia
1199 3434 1458 3485 notatum
1474 3428 1895 3501 atqueinsigni-

194 3526 325 3574 tum
350 3537 473 3573 esse
505 3522 827 3587 voluerunt,
860 3521 947 3573 vel
979 3520 1171 3591 potius
1202 3520 1329 3589 ipsa
1356 3518 1521 3573 ratio.
1556 3520 1646 3571 An
1687 3525 1748 3570 tu
1780 3532 1898 3569 non

194 3608 493 3663 arbitraris
513 3608 717 3662 melius
749 3624 866 3662 esse
897 3612 962 3661 ut
989 3607 1140 3673 ﬁnis,
1176 3623 1288 3678 quo
1318 3606 1639 3677 provolutio
1671 3603 1897 3658 numeri

192 3700 512 3763 coercetur,
542 3713 661 3751 non
711 3696 1047 3767 perturbata
1076 3699 1404 3766 temporum
1436 3693 1780 3765 aequalitate,
1813 3696 1895 3745 ta-

192 3787 378 3838 men'
417 3784 699 3851 emineat;
744 3800 917 3855 quam
948 3783 995 3837 si
1030 3800 1161 3837 cum
1208 3783 1427 3837 caeteris
1465 3782 1724 3853 partibus
1769 3797 1897 3852 quae

193 3872 377 3925 ﬁnem
400 3888 511 3925 non
545 3872 780 3938 faciunt,
813 3872 1241 3927 confundatur?
1270 3875 1334 3927 D.
1383 3872 1518 3936 Quis
1544 3871 1765 3925 dubitat
1796 3870 1898 3923 hoc

193 3976 319 4016 esse
352 3960 576 4029 melius,
612 3961 765 4031 quod
791 3964 875 4013 est
900 3960 1219 4014 evidentius
1240 3962 1268 4014 ‘?
1300 3962 1369 4015 M.
1395 3961 1702 4015 Considera
1740 3976 1896 4029 ergo,

193 4053 395 4103 utrum
426 4053 575 4102 recte
604 4048 891 4117 insignem
910 4048 1085 4102 ﬁnem
1115 4064 1310 4103 versus
1340 4048 1553 4101 heroici
1582 4048 1899 4119 spondeum

192 4137 402 4208 pedem
434 4136 664 4206 quidam
695 4154 814 4191 esse
845 4136 1147 4191 voluerint.
1209 4137 1351 4190 Nam
1381 4135 1440 4188 in
1474 4136 1727 4206 quinque
1772 4135 1899 4188 aliis

194 4224 342 4279 locis
371 4226 459 4279 vel
488 4226 640 4279 hunc
663 4225 750 4279 vel
783 4224 1068 4296 dactylum
1102 4224 1230 4279 licet
1259 4240 1471 4294 ponere
1497 4240 1510 4289 ;
1554 4224 1614 4275 in
1655 4223 1769 4276 ﬁne
1798 4239 1897 4276 au-

192 4320 318 4368 tem
341 4330 457 4367 non
485 4314 597 4367 nisi
640 4314 959 4385 spondeum
986 4330 1147 4379 ;nam
1168 4312 1322 4383 quod
1342 4312 1656 4365 trochaeum
1670 4316 1899 4381 putant,

192 4406 438 4473 propter
465 4402 907 4457 indifferentiam
960 4402 1025 4455 ﬁt
1053 4401 1268 4455 ultimae
1318 4400 1566 4470 syllabae,
1600 4399 1668 4453 de
1698 4416 1811 4470 qua
1842 4399 1901 4453 in

192 4490 397 4545 metris
427 4491 560 4544 satis
600 4491 776 4544 locuti
814 4507 1029 4544 sumus.
1065 4490 1175 4543 Sed
1223 4491 1537 4543 secundum
1574 4488 1897 4542 hosiambi-

191 4595 297 4633 cus
328 4577 583 4631 senarius
640 4582 739 4631 aut
767 4594 886 4631 non
918 4577 1025 4631 erit
1079 4593 1291 4639 versus.
1328 4582 1426 4631 aut
1475 4578 1583 4631 erit
1623 4578 1744 4631 sine
1794 4577 1901 4631 ista

199 4665 339 4719 ﬁnis
367 4665 679 4719 eminentia
703 4683 715 4720 :
740 4671 1049 4736 utrumque
1074 4670 1263 4720 autem
1287 4666 1599 4721 absurdum
1632 4671 1734 4721 est.
1760 4667 1899 4720 Nam

191 4769 389 4824 neque
426 4754 731 4824 quisquam
760 4770 1037 4823 unquam,
1072 4754 1187 4808 sive
1219 4754 1682 4808 doctissimorum
1713 4754 1898 4808 homi-

192 4859 362 4907 num,
394 4842 509 4895 sive
536 4842 921 4903 mediocriter,
949 4843 1036 4895 vel
1061 4842 1233 4895 etiam
1263 4843 1513 4896 tenuiter
1542 4844 1901 4897 eruditorum

190 4947 425 4985 versum
460 4946 581 4983 esse
624 4929 919 4994 dubitavit,
960 4932 1217 4984 Phaselus
1247 4932 1337 4984 ille
1372 4947 1525 4999 quem
1567 4932 1763 4985 videtis
1808 4934 1899 4985 ho-

189 5023 365 5089 spites
398 5018 720 5090 (Catullus);
763 5024 817 5071 et
847 5018 1128 5089 quidquid
1160 5019 1218 5072 in
1250 5020 1432 5073 verbis
1464 5024 1549 5073 est
1580 5020 1678 5072 tali
1704 5036 1902 5074 nume-

193 5108 432 5161 rositate
463 5109 774 5161 formatum
808 5123 821 5159 :
857 5106 1260 5176 et‘gravissimi
1290 5110 1549 5160 auctores
1578 5122 1643 5159 eo
1674 5123 1786 5177 quo
1812 5122 1900 5177 pe-

190 5195 479 5261 ritissimi,
512 5196 735 5249 nullum
768 5195 889 5248 sine
920 5194 1133 5265 insigni
1163 5194 1276 5249 ﬁne
1302 5210 1530 5248 versum
1577 5195 1899 5265 putandum

192 5300 323 5338 esse
354 5288 715 5337 censuerunt.

268 5408 280 5439 ι
315 5408 708 5469 Αῗιιυίεεὶπιωη
739 5408 837 5464 est,
859 5405 1013 5469 juxta
1046 5404 1210 5459 VatiC.
1246 5405 1311 5453 Μ.

264 5469 282 5500 2
322 5470 483 5523 Tunc,
509 5469 655 5530 juxta
680 5469 844 5517 V'atic.
881 5468 948 5514 M.

1655 218 1869 276 LIBER
1907 217 2233 287 QUINTUS.

3560 228 3696 280 1150

2073 347 2124 399 6.
2180 347 2244 399 D.
2303 345 2507 399 Verum
2562 343 2721 399 dicis.
2782 344 2967 409 Quare
3023 345 3196 400 aliam
3249 347 3483 402 termini
3520 350 3694 420 hujus

2002 436 2198 487 notam
2230 433 2598 504 quaerendam
2638 449 2759 487 esse
2804 438 3061 503 autumo,
3092 451 3211 489 non
3266 436 3412 489 hanc
3461 453 3590 507 quae
3636 437 3697 492 in

2003 521 2254 589 spondeo
2282 520 2516 592 ponitur
2567 521 3013 591 approbandam.
3072 525 3147 577 Μ.
3201 524 3347 588 Quid
3376 524 3526 578 hoc?
3556 541 3696 579 num

2001 608 2245 674 dubitas,
2306 625 2682 679 quaecumque
2739 610 2844 662 ista
2906 610 2999 677 sit,
3050 615 3150 665 aut
3216 612 3275 665 in
3332 611 3495 682 pedis
3552 629 3696 679 esse,

2004 702 2100 751 aut
2130 697 2189 750 in
2220 697 2495 767 temporis
2537 697 2876 761 differentia,
2914 702 3013 751 aut
3066 698 3127 752 in
3178 704 3421 770 utroque
3442 702 3471 754 ‘?
3500 703 3561 755 D.
3591 701 3698 764 Qui

2002 786 2167 839 aliter
2193 788 2426 855 potest?
2452 788 2526 840 M.
2576 786 2721 850 Quid
2778 786 3011 839 tandem
3066 786 3273 841 horum
3330 787 3506 842 trium
3560 805 3696 858 pro-

2000 874 2144 927 bas?
2202 875 2317 944 Ego
2372 874 2546 943 enim,
2609 874 2882 945 quoniam
2938 874 3189 944 idipsum
3244 875 3411 929 ﬁnire
3467 892 3692 931 versum

2002 979 2073 1016 ne
2128 962 2355 1033 longius
2411 979 2583 1034 quam
2634 967 2860 1033 oportet
2932 968 3213 1025 excurrat,
3271 979 3387 1016 non
3449 964 3698 1034 pertinet

2001 1051 2111 1104 nisi
2136 1052 2208 1105 ad
2238 1052 2511 1122 temporis
2541 1052 2779 1106 modum
2809 1069 2823 1118 ;
2857 1068 2973 1106 non
3003 1052 3249 1106 arbitror
3270 1052 3498 1106 aliunde
3528 1052 3696 1105 istam

2003 1145 2195 1193 notam
2229 1141 2434 1195 debere
2466 1141 2613 1194 sumi
2644 1157 2817 1211 quam
2845 1157 2912 1195 ex
2942 1146 3230 1211 tempore.
3276 1144 3361 1195 An
3395 1142 3497 1195 tibi
3542 1140 3697 1194 aliud

2003 1229 2226 1297 placet?
2282 1232 2344 1282 D.
2374 1230 2495 1281 Imo
2550 1228 2849 1282 assentior.
2903 1231 2974 1283 Μ.
3026 1230 3263 1283 Videsne
3313 1228 3485 1283 etiam
3532 1228 3696 1293 illud,

2004 1332 2133 1369 cum
2160 1320 2386 1386 tempus
2437 1316 2529 1369 hic
2562 1316 2941 1369 differentiam
2972 1317 3182 1369 habere
3204 1334 3322 1370 non
3351 1317 3552 1387 possit,
3586 1316 3695 1369 nisi

2004 1404 2154 1472 quod
2183 1404 2335 1457 aliud
2366 1408 2449 1457 est
2479 1403 2727 1473 longius,
2764 1403 2919 1457 aliud
2942 1404 3166 1458 brevius
3192 1425 3207 1471 ;
3247 1404 3381 1475 quia
3413 1420 3541 1457 cum
3572 1419 3697 1456 ver-

2004 1508 2099 1544 sus
2137 1491 2355 1558 finitur,
2388 1492 2445 1545 id
2480 1492 2667 1561 agitur
2698 1507 2767 1544 ne
2807 1496 3011 1561 pergat
3053 1492 3298 1561 longius,
3350 1492 3411 1544 in
3440 1491 3698 1545 breviore

2005 1583 2257 1649 tempore
2282 1583 2472 1633 notam
2498 1580 2628 1633 ﬁnis
2642 1595 2760 1633 esse
2783 1583 3047 1649 oportere
3067 1580 3095 1632 ‘?
3127 1584 3192 1634 D.
3240 1579 3413 1633 Video
3441 1579 3692 1650 quidem:

2004 1668 2104 1721 sed
2136 1684 2248 1739 quo
2280 1669 2527 1739 pertinet
2552 1669 2703 1739 quod
2732 1668 2984 1724 additum
3039 1672 3141 1733 est,
3174 1670 3319 1722 Hic?
3360 1670 3431 1722 Μ.
3482 1668 3557 1720 Eo
3586 1665 3699 1719 sci-

2000 1756 2133 1810 licet
2162 1757 2314 1827 quod
2344 1773 2459 1811 non
2502 1756 2715 1827 ubique
2759 1757 3032 1828 temporis
3081 1756 3460 1810 differentiam
3488 1755 3549 1808 in
3581 1755 3701 1807 sola

2000 1844 2276 1899 brevitate
2308 1861 2371 1898 ac
2399 1845 2759 1915 longitudine
2821 1846 3151 1915 accipimus.
3184 1847 3273 1898 An
3296 1848 3357 1897 tu
3393 1842 3604 1897 aestatis
3636 1858 3700 1895 ac

2003 1932 2209 1987 hiemis
2236 1933 2639 2001 differentiam,
2674 1938 2772 1988 aut
2823 1951 2944 1989 esse
2975 1932 3254 2004 temporis
3282 1948 3477 2002 negas,
3510 1934 3609 1985 aut
3637 1929 3697 1983 in

2005 2020 2186 2090 spatio
2216 2021 2407 2091 potius
2437 2021 2697 2075 breviore
2727 2023 2814 2076 vel
2840 2021 3121 2091 longiore,
3155 2036 3218 2073 ac
3249 2035 3364 2073 non
3402 2018 3461 2072 in
3509 2018 3566 2071 vi
3594 2017 3696 2071 fri-

2006 2107 2158 2177 goris
2189 2108 2506 2178 calorisque
2536 2108 2850 2173 constituis,
2883 2109 2968 2161 vel
2998 2107 3257 2161 humoris
3282 2111 3339 2161 et
3367 2105 3630 2159 siccitatis
3657 2107 3699 2173 ¹,

2003 2200 2059 2250 et
2088 2195 2133 2249 si
2164 2197 2301 2267 quid
2328 2197 2438 2250 tale
2469 2196 2666 2251 aliud?
2697 2200 2760 2251 D.
2794 2198 2918 2251 Jam
2949 2196 3230 2265 intelligo,
3264 2200 3321 2249 et
3346 2196 3494 2248 hanc
3524 2209 3698 2264 quam

2006 2284 2318 2355 quaerimus
2338 2284 2571 2339 termini
2602 2290 2816 2351 notam,
2842 2301 2876 2338 a
2903 2283 3177 2355 temporis
3198 2283 3471 2338 brevitate
3498 2283 3703 2337 ducen-

2007 2374 2137 2427 dam
2166 2390 2284 2426 esse
2315 2374 2607 2428 consentio
2619 2418 2631 2431 .

2074 2466 2129 2515 7.
2164 2463 2236 2515 M.
2269 2463 2511 2516 Attende
2562 2461 2737 2533 igitur
2781 2462 2935 2515 hunc
2989 2477 3239 2526 versum,
3286 2464 3465 2525 Roma,
3513 2462 3702 2524 Roma,

2005 2566 2157 2604 cerne
2184 2556 2391 2619 quanta
2435 2553 2509 2604 sit
2538 2551 2692 2605 deum
2724 2551 3050 2619 benignitas,
3079 2549 3179 2619 qui
3208 2549 3530 2605 trochaicus
3560 2548 3700 2601 dici-

2006 2643 2120 2704 tur,
2152 2644 2208 2693 et
2238 2639 2439 2693 metire
2466 2639 2651 2707 illum,
2684 2644 2855 2709 atque
2899 2638 3184 2708 responde
3239 2638 3388 2708 quod
3421 2636 3705 2690 inveneris

2006 2727 2075 2781 de
2108 2727 2380 2780 membris
2411 2728 2534 2797 ejus
2591 2733 2646 2781 et
2696 2743 2936 2780 numero
2966 2726 3197 2796 pedum.
3231 2728 3292 2779 D.
3342 2726 3421 2779 De
3464 2724 3703 2793 pedibus

2008 2815 2243 2886 quidem
2276 2815 2437 2869 facile
2468 2814 2859 2885 responderim
2892 2830 2906 2867 :
2939 2814 3122 2884 liquet
3151 2814 3304 2866 enim
3351 2828 3447 2865 eos
3485 2815 3700 2881 septem

2007 2908 2063 2957 et
2092 2903 2261 2957 semis
2295 2920 2433 2956 esse.
2474 2904 2550 2956 De
2605 2902 2879 2956 membris
2931 2908 3123 2954 autem
3179 2916 3298 2954 non
3346 2902 3481 2953 satis
3506 2903 3703 2969 aperta

2010 3008 2098 3046 res
2126 2995 2207 3044 est
2235 3009 2248 3056 ;
2285 2990 2481 3045 multis
2508 2990 2663 3044 enim
2690 2990 2827 3043 locis
2854 2996 3075 3061 partem
3116 2988 3388 3043 orationis
3419 2986 3570 3041 ﬁniri
3620 2986 3703 3039 vi-

2007 3081 2113 3134 deo
2149 3097 2161 3133 :
2193 3084 2589 3133 verumtamen
2641 3078 2848 3149 opinor
2887 3094 3005 3132 esse
3032 3077 3200 3131 istam
3229 3076 3597 3148 partitionem
3644 3074 3705 3127 in

2009 3172 2204 3221 octavo
2235 3168 2547 3237 semipede,
2580 3172 2643 3221 ut
2671 3168 3000 3238 prazcedens
3030 3167 3357 3221 membrum
3397 3164 3483 3225 sit,
3514 3167 3702 3227 Roma,

2004 3259 2193 3323 Roma,
2223 3272 2375 3310 cerne
2404 3262 2645 3326 quanta;
2678 3256 3028 3327 subsequens
3079 3260 3269 3310 autem
3292 3257 3365 3309 sit
3385 3254 3541 3307 deum
3564 3254 3707 3307 beni-

2006 3347 2207 3413 gnitas.
2262 3348 2335 3400 M.
2385 3346 2532 3410 Quot
2586 3345 2902 3416 semipedes
2956 3344 3174 3399 habet?
3204 3348 3269 3398 D.
3318 3344 3567 3413 Septem.
3629 3344 3703 3396 Μ.

2009 3436 2136 3504 Ipsa
2169 3435 2314 3488 ratio
2336 3438 2389 3487 te
2413 3434 2572 3488 duxit
2600 3433 2857 3488 omnino.
2892 3434 3030 3488 Cum
3060 3433 3212 3486 enim
3242 3432 3389 3485 nihil
3420 3431 3491 3484 sit
3520 3446 3707 3500 aequa-

2007 3521 2165 3575 litate
2197 3523 2423 3588 melius,
2452 3538 2693 3593 eamque
2725 3522 2785 3575 in
2803 3520 3105 3575 dividendo
3134 3524 3400 3590 appetere
3422 3523 3701 3588 oporteat;

2007 3610 2055 3662 si
2082 3610 2271 3663 minus
2285 3610 2537 3680 potuerit
2553 3608 2823 3675 obtineri,
2845 3607 3104 3661 vicinitas
3127 3608 3250 3677 ejus
3275 3606 3700 3677 quaarendaest,

2005 3714 2079 3751 ne
2115 3698 2184 3752 ab
2212 3714 2277 3752 ea
2307 3698 2534 3768 longius
2579 3697 2930 3751 aberremus.
2981 3696 3175 3765 Itaque
3231 3710 3362 3748 cum
3392 3693 3483 3747 hic
3510 3708 3706 3746 versus

2008 3803 2208 3840 omnes
2262 3786 2592 3858 quindecim
2652 3785 2969 3855 semipedes
3023 3784 3251 3846 habeat,
3324 3798 3443 3837 non
3512 3780 3706 3852 potuit

2008 3876 2230 3947 aequius
2255 3891 2429 3946 quam
2460 3874 2519 3927 in
2541 3878 2665 3927 octo
2694 3878 2749 3927 et
2782 3879 2997 3944 septem
3028 3872 3201 3927 dividi
3231 3888 3244 3927 :
3276 3887 3411 3925 nam
3442 3870 3705 3925 eamdem

2008 3970 2091 4018 est
2121 3964 2181 4019 in
2212 3968 2429 4035 septem
2456 3967 2512 4017 et
2537 3967 2664 4017 octo
2692 3962 2971 4016 vicinitas.
2996 3962 3106 4016 Sed
3138 3962 3217 4016 ita
3246 3977 3364 4015 non
3386 3964 3706 4013 servaretur

2008 4058 2143 4107 nota
2175 4052 2303 4105 ﬁnis
2323 4052 2381 4105 in
2413 4056 2671 4121 tempore
2701 4051 2979 4118 breviore,
3014 4054 3076 4104 ut
3106 4066 3235 4104 eam
3251 4048 3587 4103 servandam
3614 4063 3704 4100 ra-

2007 4142 2087 4195 tio
2138 4142 2260 4210 ipsa
2302 4140 2563 4210 praecipit
2596 4156 2608 4193 :
2641 4155 2775 4192 nam
2806 4139 2853 4192 si
2901 4138 3029 4192 talis
3076 4154 3271 4191 versus
3322 4141 3488 4201 esset,
3540 4138 3707 4190 Roma

2008 4245 2159 4283 cerne
2212 4234 2417 4296 quanta
2471 4232 2545 4282 sit
2598 4228 2699 4281 tibi
2744 4228 2901 4281 deum
2957 4228 3278 4292 benignitas,
3338 4229 3400 4277 ut
3432 4223 3707 4292 inciperet

2008 4317 2333 4371 membrum
2386 4316 2447 4369 in
2502 4315 2591 4369 his
2620 4315 3008 4385 semipedibus
3064 4318 3302 4383 septem,
3355 4315 3524 4367 Roma
3553 4327 3705 4365 cerne

2010 4410 2215 4473 quanta
2243 4408 2336 4471 sit,
2370 4408 2425 4457 et
2473 4404 2532 4456 in
2565 4402 2654 4456 his
2712 4408 2837 4456 octo
2869 4404 3115 4456 alterum
3144 4400 3572 4463 terminaretur,
3604 4400 3707 4452 tibi

2014 4499 2169 4550 deum
2197 4496 2530 4563 benignitas;
2555 4511 2672 4548 non
2686 4498 2875 4565 posset
2896 4509 3119 4548 versum
3152 4492 3397 4561 semipes
3421 4491 3703 4553 claudere;

2010 4590 2135 4639 octo
2170 4585 2324 4638 enim
2356 4584 2675 4654 semipedes
2707 4587 2953 4654 quatuor
2980 4582 3230 4649 integros
3258 4580 3432 4649 pedes
3470 4578 3702 4633 faciunt.

2004 4666 2189 4729 Simul
2222 4672 2497 4726 incideret
2519 4672 2629 4726 alia
2660 4670 3011 4737 deformitas,
3045 4672 3109 4721 ut
3138 4683 3253 4720 non
3275 4668 3503 4720 eosdem
3534 4667 3706 4737 pedes

2008 4763 2069 4816 in
2098 4761 2357 4816 membro
2410 4766 2664 4814 extremo
2723 4776 2867 4829 quos
2918 4758 2977 4811 in
3024 4756 3210 4828 primo
3261 4756 3616 4821 metiremur,
3650 4763 3707 4809 et

2009 4851 2167 4923 prius
2188 4850 2513 4904 membrum
2531 4848 2723 4918 potius
2748 4846 3010 4903 ﬁniretur
3036 4849 3169 4899 nota
3194 4844 3468 4898 brevioris
3491 4849 3706 4915 tempo-

2012 4941 2107 5006 ris,
2137 4940 2196 4993 id
2244 4943 2327 4992 est
2357 4936 2668 5007 semipede,
2729 4950 2903 5005 quam
2960 4934 3265 5004 posterius,
3318 4933 3410 4986 cui
3438 4930 3543 4987 hoc
3573 4932 3704 4986 ﬁnis

2002 5029 2134 5099 jure
2163 5027 2423 5081 debetur.
2462 5027 2602 5079 Nam
2635 5024 2693 5077 in
2724 5022 2822 5076 illo
2859 5028 2973 5076 tres
3021 5022 3259 5075 trochaei
3306 5021 3496 5087 semis,
3537 5023 3705 5075 Roma

2008 5132 2161 5171 cerne
2190 5118 2397 5183 quanta
2429 5116 2536 5166 sit:
2566 5112 2626 5165 in
2658 5112 2763 5165 hoc
2793 5114 3040 5181 quatuor
3070 5110 3244 5163 iambi
3276 5110 3702 5173 scanderentur,

2011 5206 2112 5258 tibi
2133 5204 2288 5257 deum
2304 5202 2633 5269 benignitas.
2659 5199 2817 5253 Nunc
2833 5215 2964 5252 vero
2996 5204 3051 5253 et
3064 5199 3342 5252 trochzeos
3372 5197 3429 5249 in
3460 5200 3702 5265 utroque

2009 5293 2267 5347 membro
2298 5288 2639 5354 seandimus,
2682 5292 2737 5342 et
2766 5287 3053 5357 semipede
3086 5303 3280 5340 versus
3310 5283 3610 5348 clauditur,
3640 5287 3705 5336 ut

2009 5380 2176 5450 spatii
2206 5378 2478 5432 brevioris
2507 5382 2700 5431 notam
2744 5376 3019 5430 terminus
3048 5379 3251 5431 teneat.
3284 5374 3420 5427 Nam
3470 5375 3603 5424 sunt
3644 5372 3703 5425 in

2072 5470 2086 5500 ί
2111 5468 2167 5515 In
2201 5467 2287 5521 Β..
2310 5465 2399 5515 vel
2424 5464 2694 5515 siccitatis.
2716 5464 2926 5512 Rectius
2950 5477 3014 5511 ex
3041 5463 3135 5510 Ms.
3167 5462 3226 5513 Α.
3256 5463 3306 5508 et
3332 5457 3598 5507 siccitatis.
3632 5460 3699 5507 M.
