4098 6182
469 262 592 312 1151

470 385 661 454 priore
689 386 1319 455 quatuor,Roma,Roma
1332 398 1482 437 cerne
1498 386 1704 450 quanta
1728 399 1740 446 ;
1769 381 1826 435 in
1852 383 2166 453 posteriore

471 477 663 527 autem
691 479 805 526 tres
827 473 1016 541 semis,
1048 473 1288 527 sitdeum
1320 473 1640 538 benignitas.
1667 474 1751 525 An
1782 472 2165 526 contradicere

469 561 683 632 aliquid
707 560 918 631 paras?
947 563 1010 613 D.
1040 559 1189 613 Nihil
1218 559 1476 624 omnino,
1509 563 1565 612 et
1593 559 1836 613 libenter
1867 559 2161 614 assentior.

539 651 589 702 8.
624 651 700 704 M.
759 650 1074 702 Teneamus
1123 647 1297 716 igitur
1338 647 1440 699 has
1475 647 1629 716 leges
1681 647 2062 713 inconcussas,
2120 645 2167 700 si

474 736 680 806 placet,
723 741 787 790 ut
827 751 1014 806 neque
1073 736 1464 789 membrorum
1515 735 1762 790 duorum
1812 737 2051 790 tendens
2097 735 2169 790 ad

472 825 853 894 aequalitatem
877 822 1110 894 partitio
1159 824 1347 877 versui
1385 823 1551 890 desit;
1582 824 1745 878 sicuti
1802 825 1935 878 huic
1980 825 2157 887 deest,

476 913 686 968 Cornua
705 914 1006 965 velatarum
1048 911 1372 966 obvertimus
1402 918 1780 967 antennarum.
1816 915 2008 984 Neque
2048 913 2169 983 ipsa

475 1000 770 1069 inqualitas
798 999 1186 1052 membrorum
1246 1000 1698 1067 conversibilem,
1759 1006 1818 1055 ut
1848 1000 1925 1054 ita
1957 1001 2163 1067 dicam,

473 1085 644 1138 faciat
671 1085 1056 1154 partitionem,
1095 1091 1157 1138 ut
1185 1085 1243 1138 in
1273 1085 1382 1139 hoc
1411 1086 1561 1152 facit,
1621 1087 1831 1141 Cornua
1863 1089 2166 1140 velatarum

472 1176 730 1227 vertimus
755 1177 1130 1227 antennarum.
1159 1175 1352 1244 Neque
1383 1191 1510 1228 cum
1553 1175 1658 1228 ista
1689 1176 1898 1228 vitatur
1927 1191 2168 1228 conver-

474 1260 580 1326 sio,
623 1261 791 1314 nimis
820 1277 853 1314 a
883 1278 940 1314 se
970 1262 1227 1315 membra
1259 1262 1567 1327 discedant,
1606 1264 1701 1317 sed
1725 1269 2004 1334 quantum
2036 1280 2164 1333 pos-

477 1354 611 1404 sunt
638 1350 910 1419 proximis
939 1351 1191 1403 numeris
1219 1367 1392 1421 prope
1436 1357 1756 1422 aequentur,
1803 1369 1874 1405 ne
1917 1352 2170 1406 dicamus

475 1438 598 1492 hinc
627 1438 704 1490 ita
726 1454 891 1508 posse
924 1438 1120 1503 dividi,
1165 1443 1228 1492 ut
1270 1444 1394 1492 octo
1453 1440 1767 1510 semipedes
1815 1440 2162 1510 prmcedant,

479 1528 693 1582 Cornua
719 1527 1020 1600 velatarum
1047 1529 1302 1580 vertimus
1325 1545 1339 1594 ;
1372 1531 1427 1581 et
1454 1531 1698 1598 quatuor
1730 1528 2168 1598 subsequantur,

476 1614 535 1668 id
566 1618 670 1679 est,
699 1618 1074 1668 ante-nuarum.
1101 1615 1211 1668 Nec
1240 1615 1561 1668 membrum
1578 1616 1859 1685 posterius
1889 1615 2040 1686 paris
2070 1632 2172 1669 nu-

480 1701 954 1772 merisemipedes
984 1703 1390 1770 habeat,sicuti
1413 1708 1514 1768 est,
1534 1704 1633 1756 tibi
1657 1704 1814 1757 deum
1841 1704 2168 1771 benignitas,

483 1805 552 1842 ne
583 1790 752 1860 pleno
783 1789 925 1859 pede
946 1806 1140 1843 versus
1165 1790 1360 1844 ﬁnitus
1379 1807 1492 1844 non
1509 1791 2033 1845 habeatterminum
2049 1792 2173 1846 bre-

478 1877 633 1931 viore
665 1882 922 1946 tempore
945 1883 1224 1931 notatum.
1249 1881 1310 1932 D.
1339 1879 1662 1950 Habeojam
1693 1879 1820 1946 ista,
1871 1884 1928 1933 et
1964 1881 2173 1934 mando

478 1965 772 2020 memoria:
805 1971 1083 2037 quantum
1114 1967 1295 2020 valeo.

909 2056 1133 2109 CAPUT
1163 2056 1224 2110 V.
1257 2085 1325 2095 —
1367 2057 1578 2109 Heroici
1603 2058 1749 2124 ﬁnis.

552 2146 602 2196 9.
637 2145 713 2198 Μ.
747 2143 1024 2206 Quoniam
1046 2143 1222 2214 igitur
1237 2145 1354 2213 jam
1379 2148 1662 2206 tenemus,
1685 2160 1797 2197 non
1821 2144 2028 2198 debere
2047 2159 2174 2197 ver-

482 2247 610 2284 sum
638 2230 793 2284 ﬁniri
822 2231 992 2301 pleno
1023 2231 1189 2301 pede,
1225 2231 1512 2302 quomodo
1543 2231 1705 2285 nobis
1737 2232 2030 2285 heroicum
2058 2247 2178 2285 ver-

481 2333 609 2370 sum
639 2318 994 2372 metiendum
1022 2324 1209 2388 putas,
1241 2323 1305 2372 ut
1328 2325 1383 2373 et
1408 2320 1796 2374 membrorum
1824 2320 1908 2373 lex
1933 2320 2030 2373 illa
2059 2335 2177 2373 ser-

482 2411 665 2472 vetur,
697 2412 753 2459 et
780 2407 901 2459 haec
929 2406 1157 2460 termini
1187 2407 1370 2461 nota?
1423 2410 1486 2461 D.
1520 2407 1692 2462 Video
1724 2407 2026 2462 duodecim
2057 2424 2177 2461 esse

483 2494 848 2564 semipedes;
877 2497 932 2547 et
973 2494 1106 2565 quia
1134 2500 1370 2566 propter
1421 2495 1577 2550 illam
1615 2496 2042 2550 conversionem
2091 2497 2176 2549 vi-

483 2582 718 2635 tandam
747 2598 910 2636 senos
933 2583 1248 2653 semipedes
1273 2584 1480 2637 habere
1504 2584 1760 2638 membra
1780 2601 1895 2637 non
1919 2589 2177 2654 possunt;

485 2685 673 2740 neque
704 2685 736 2722 a
762 2685 819 2723 se
850 2670 1020 2740 longe
1053 2675 1280 2740 oportet
1306 2671 1591 2726 discedere
1618 2677 1680 2726 ut
1720 2673 1832 2726 sint
1852 2677 1966 2726 tres
1994 2676 2048 2726 et
2079 2688 2179 2726 no-

485 2773 634 2824 vem,
669 2761 767 2810 aut
797 2773 1002 2812 novem
1029 2762 1084 2812 et
1109 2763 1260 2823 tres;
1292 2776 1477 2830 neque
1508 2760 1661 2830 paris
1691 2760 1918 2815 numeri
1937 2761 2180 2832 semipe-

487 2846 585 2900 des
613 2846 916 2915 posteriori
971 2838 1230 2901 membro
1288 2848 1460 2902 dandi
1499 2854 1634 2903 sunt
1688 2854 1750 2902 ut
1789 2850 1904 2903 sint
1955 2855 2080 2904 octo
2125 2853 2184 2918 et

485 2939 754 3005 quatuor,
785 2939 883 2988 aut
927 2939 1174 3006 quatuor
1206 2941 1264 2991 et
1311 2943 1456 3004 octo,
1490 2955 1560 2991 ne
1611 2939 1783 3008 pleno
1816 2939 1958 3009 pede
1987 2956 2183 2993 versus

487 3023 721 3077 ﬁniatur
746 3038 758 3078 :
794 3023 852 3075 in
879 3023 1134 3094 quinque
1155 3029 1210 3078 et
1223 3030 1460 3096 septem,
1494 3031 1592 3080 aut
1610 3031 1826 3098 septem
1849 3032 1905 3081 et
1927 3028 2182 3099 quinque

488 3110 691 3166 divisio
720 3111 977 3165 facienda
1007 3118 1108 3167 est.
1141 3114 1283 3168 Nam
1313 3119 1370 3168 et
1398 3114 1458 3168 hi
1487 3115 1714 3168 numeri
1737 3119 1868 3169 sunt
1889 3116 2182 3169 amboim-

485 3214 653 3268 pares
684 3199 952 3268 proximi,
1004 3205 1060 3254 et
1117 3207 1269 3255 certe
1320 3203 1702 3273 propinquius
1749 3202 1856 3256 sibi
1909 3203 2186 3258 accedunt

490 3287 747 3340 membra
777 3303 949 3357 quam
973 3288 1034 3341 in
1063 3291 1429 3360 quaternario
1487 3296 1542 3345 et
1598 3291 1888 3346 octonario
1931 3293 2184 3346 numeris

489 3375 842 3429 accederent.
863 3377 1022 3439 Quod
1045 3382 1109 3430 ut
1138 3377 1536 3432 ﬁrmissimum
1562 3383 1810 3446 teneam,
1857 3380 2022 3435 video
2051 3397 2184 3451 par-

487 3466 603 3518 tem
632 3464 906 3517 orationis
936 3465 994 3518 in
1026 3465 1229 3536 quinto
1286 3467 1576 3537 semipede
1633 3483 1858 3537 semper
1888 3473 1987 3522 aut
2037 3485 2184 3538 pene

489 3568 715 3622 semper
743 3552 1063 3619 terminari,
1107 3558 1170 3606 ut
1221 3559 1306 3608 est
1361 3554 1419 3607 in
1474 3554 1661 3626 primo
1720 3555 1938 3625 Virgilii
1997 3573 2186 3624 versu,

490 3642 669 3694 Arma
697 3643 980 3709 virumque
1011 3657 1142 3695 cano
1178 3658 1191 3695 :
1227 3647 1284 3696 et
1313 3643 1371 3696 in
1394 3644 1664 3711 secundo,
1695 3646 1913 3698 Italiam
1939 3646 2057 3711 fato
2093 3661 2104 3698 :
2134 3649 2189 3698 et

490 3727 552 3780 in
582 3727 769 3794 tertio,
799 3731 1007 3783 Littora
1035 3732 1262 3784 multum
1308 3733 1397 3785 itte
1427 3736 1476 3785 et
1509 3748 1521 3784 :
1572 3730 1631 3784 in
1693 3736 1893 3802 quarto
1923 3732 2082 3800 item,
2120 3734 2190 3787 Vi

492 3831 748 3884 superum
777 3831 927 3872 saevae
959 3834 972 3871 :
1003 3823 1173 3889 atque
1214 3819 1292 3872 ita
1338 3818 1604 3889 deinceps
1635 3819 1694 3872 in
1726 3824 1845 3872 toto
1875 3835 2022 3889 pene
2074 3835 2190 3872 car-

496 3903 671 3957 mine.
705 3907 777 3958 M.
813 3907 1021 3960 Verum
1052 3907 1222 3960 dicis:
1256 3908 1353 3961 sed
1382 3907 1686 3960 videndum
1717 3907 1820 3960 tibi
1850 3913 1953 3968 est,
1996 3924 2140 3978 quos
2172 3909 2186 3943 ¹

497 3993 670 4064 pedes
696 3993 963 4054 metiaris,
992 3999 1057 4048 ut
1084 3995 1228 4048 nihil
1285 3995 1647 4066 superiorum
1704 3995 1896 4065 legum
1921 3995 2042 4065 jam
2100 3995 2191 4048 in-

499 4096 766 4134 concusse
796 4082 1231 4136 constitutarum
1253 4083 1464 4136 violare
1487 4083 1713 4136 audeas.
1754 4086 1818 4137 D.
1853 4084 2192 4153 Quanquam

501 4168 642 4222 mihi
668 4170 803 4222 satis
835 4171 977 4224 ratio
1010 4177 1299 4242 appareat,
1333 4175 1526 4225 tamen
1564 4171 1812 4225 novitate
1855 4172 2186 4226 conturbor.

500 4258 622 4311 Non
650 4257 804 4311 enim
832 4259 1080 4312 solemus
1121 4258 1180 4312 in
1209 4259 1317 4312 hoc
1347 4275 1554 4329 genere
1595 4259 1704 4312 nisi
1745 4260 2062 4329 spondeum
2092 4275 2192 4330 pe-

498 4341 629 4401 dem
661 4352 716 4401 et
743 4347 1032 4418 dactylum
1063 4349 1349 4415 scandere,
1405 4351 1555 4420 quod
1586 4366 1752 4404 nemo
1800 4350 1915 4404 fere
1946 4355 2034 4404 est
2074 4353 2192 4404 tam

499 4436 764 4490 iudoctus
785 4436 1218 4507 quin’audierit,
1253 4438 1478 4491 etiamsi
1508 4438 1699 4492 minus
1734 4438 1791 4492 id
1818 4439 1874 4492 fa
1895 4455 2021 4492 cere
2057 4455 2192 4509 pos-

501 4525 591 4578 sit.
629 4526 780 4578 Hanc
813 4541 948 4596 ergo
971 4525 1525 4596 pervulgatissimam
1543 4527 2013 4580 consuetudinem
2041 4542 2195 4580 nunc

498 4613 544 4666 si
574 4613 735 4682 sequi
758 4615 1010 4676 voluero,
1036 4615 1122 4668 lex
1146 4614 1244 4668 illa
1264 4613 1591 4668 terminiest
1609 4614 1939 4684 abroganda
1961 4619 1981 4649 ³
2007 4634 2022 4680 ;
2045 4630 2193 4683 prm-

503 4701 710 4755 cedens
742 4701 896 4755 enim
927 4703 1244 4757 mcmbrum
1276 4703 1564 4773 semipede
1586 4702 1964 4770 clauderetur,
2007 4705 2198 4772 poste—

503 4787 624 4840 rius
653 4791 843 4842 autem
876 4791 1044 4860 pleno
1081 4792 1222 4862 pede
1248 4812 1262 4859 -,
1293 4792 1446 4862 quod
1474 4795 1672 4846 contra
1699 4807 1818 4844 esse
1837 4790 2053 4844 debuit.
2087 4790 2196 4844 Sed

505 4875 640 4948 quia
669 4876 824 4932 illam
856 4879 1042 4950 legem
1075 4879 1502 4950 iniquissimum
1541 4885 1625 4935 est
1652 4879 1875 4941 tollere,
1926 4883 1980 4932 et
2010 4879 2069 4931 in
2101 4895 2199 4931 nu-

506 4965 679 5020 meris
702 4966 823 5035 jam
857 4967 1027 5022 didici
1055 4984 1220 5039 posse
1251 4968 1394 5034 ﬁeri,
1427 4974 1544 5023 uta
1567 4984 1685 5022 non
1714 4969 1884 5038 pleno
1921 4966 2067 5037 pede
2108 4982 2200 5020 or-

507 5054 733 5108 diamur
753 5059 810 5121 ⁸;
844 5060 1018 5110 restat
1046 5063 1112 5110 ut
1136 5073 1250 5110 non
1280 5057 1373 5110 hic
1429 5057 1714 5127 dactylum
1745 5072 1876 5109 cum
1924 5055 2199 5125 spondeo,

507 5143 606 5198 sed
636 5149 990 5214 anapaestum
1023 5145 1197 5198 locari
1220 5145 1539 5215 judicemus
1564 5160 1577 5209 ;
1609 5149 1673 5196 ut
1700 5142 1934 5213 incipiat
1963 5159 2203 5196 versusa

509 5232 678 5303 longa
718 5248 835 5286 una
864 5233 1099 5303 syllaba,
1140 5233 1344 5287 deinde
1376 5233 1488 5286 duo
1524 5231 1695 5302 pedes
1731 5232 1818 5285 vel
1849 5231 2085 5302 spondei
2115 5231 2201 5285 vcl

572 5392 586 5424 ¹
612 5391 762 5450 Quos,
787 5388 935 5452 juxta
961 5389 1124 5438 Vatic.
1152 5389 1218 5438 Μ.

573 5453 594 5484 2
629 5454 723 5484 nui
754 5464 856 5484 nnn
913 5451 1053 5484 ςητη.
1080 5451 1218 5484 νοιίη

574 5453 594 5484 ²
629 5454 724 5507 Qui
754 5451 877 5510 nun,
907 5451 1059 5514 juxta
1080 5451 1242 5500 Vatic.
1275 5451 1343 5499 M.

574 5514 594 5586 ἕξ
629 5513 713 5586 Sic
744 5513 949 5586 Vatic.“:
983 5515 1090 5586 Lex
1105 5515 1216 5586 illa
1250 5512 1541 5586 terminata
1566 5514 1643 5564 est
1664 5512 1996 5586 abroganda.
2065 5512 2132 5560 M.

576 5577 591 5605 νδ
629 5575 712 5621 Sic
743 5588 803 5622 ex
831 5575 992 5623 Vatic.
1026 5575 1080 5623 ln
1105 5576 1190 5630 8..
1221 5588 1329 5622 non
1351 5589 1384 5622 α
1402 5574 1559 5636 pleno
1579 5575 1714 5636 pede
1739 5573 2032 5623 ordiamur.
2133 5573 2197 5621 M.

1749 258 1842 313 DE
1880 255 2166 324 MUSICA,
2210 255 2264 313 S.
2307 253 2692 313 AUGUSTINI

3783 263 3877 312 1132

2277 381 2551 452 anapmsti
2582 380 2668 434 vel
2704 378 2908 432 alterni
2943 379 2958 413 ¹
2989 375 3315 430 membrum
3346 376 3595 445 superius
3622 380 3880 446 terminent;

2276 475 2400 525 tum
2429 473 2451 505 ²
2479 475 2592 522 tres
2623 484 2818 522 rursus
2849 466 3092 519 alterum
3134 465 3218 518 vel
3265 465 3534 533 anapaesti
3585 466 3660 520 vel
3686 470 3881 536 quolibet

2277 559 2398 612 loco
2426 557 2733 628 spondeus,
2769 553 2884 608 sive
2915 552 3204 620 omnibus,
3249 556 3306 604 et
3335 550 3393 604 in
3422 552 3529 604 ﬁne
3576 569 3677 607 una
3702 556 3879 624 syllaba,

2275 663 2388 719 qua
2416 662 2611 700 versus
2642 643 2893 714 legitime
2922 640 3281 696 terminatur.
3314 641 3589 694 Probasne
3617 646 3665 695 et
3682 642 3768 696 id?

2349 737 2432 788 t0.
2468 737 2542 788 Μ.
2578 734 2691 802 Ego
2749 745 2980 802 quoque
3028 729 3405 783 rectissimum
3438 745 3553 783 esse
3599 729 3782 800 judico,
3815 733 3883 785 sed

2276 839 2389 876 non
2419 821 2582 876 facile
2612 820 2719 874 ista
2749 819 2963 890 populo
2992 817 3426 888 persuadeatur.
3459 818 3628 871 Tanta
3654 819 3783 872 enim
3821 827 3879 874 est

2275 911 2358 964 vis
2387 907 2839 974 consuetudinis,
2871 911 2935 960 ut
2977 923 3043 959 ea
3073 905 3404 973 inveterata,
3436 905 3480 959 si
3526 905 3655 958 falsa
3675 907 3882 976 opinione

2277 999 2471 1070 genita
2504 1000 2606 1062 est,
2635 995 2776 1049 nihil
2807 993 2879 1047 sit
2903 992 3192 1046 inimicius
3219 991 3723 1061 veritati."Namque
3747 995 3802 1047 ad
3825 995 3880 1048 fa-

2277 1087 2539 1141 ciendum
2571 1100 2798 1138 versum
2829 1082 2969 1136 nihil
3007 1081 3278 1134 interesse
3326 1080 3606 1151 intelligis,
3661 1087 3816 1134 utrum
3847 1083 3883 1135 in

2277 1177 2383 1230 hoc
2413 1188 2619 1245 genere
2651 1175 2971 1242 anapaestus
2997 1185 3126 1222 cum
3166 1169 3436 1239 spondeo,
3461 1185 3529 1222 an
3559 1167 3783 1239 dactylus
3805 1170 3885 1223 col-

2277 1265 2495 1318 locetur
2530 1279 2543 1316 :
2577 1261 2650 1315 ad
2678 1259 3028 1314 metiendum
3058 1262 3251 1311 tamen
3289 1257 3686 1310 rationabiliter
3720 1261 3754 1322 ³,
3779 1258 3886 1327 quod

2279 1367 2393 1406 non
2423 1350 2649 1404 aurium
2666 1349 2764 1402 sed
2786 1347 2996 1402 mentis
3009 1352 3094 1400 est
3122 1345 3440 1416 proprium,
3471 1360 3595 1400 vera
3621 1351 3672 1398 et
3695 1352 3818 1398 certa
3833 1361 3890 1398 ra-

2279 1441 2434 1495 tione
2465 1441 2590 1505 hoc,
2625 1454 2742 1492 non
2773 1435 3148 1490 irrationabili
3172 1434 3442 1504 opinione
3464 1433 3802 1486 discernitur‘:
3828 1449 3890 1485 ne-

2280 1545 2390 1600 que
2423 1543 2574 1582 nunc
2604 1544 2637 1580 a
2662 1525 2824 1580 nobis
2854 1524 3109 1595 primum
3134 1523 3365 1576 inventa
3395 1525 3499 1587 est,
3547 1521 3638 1574 sed
3667 1520 3811 1573 multo
3833 1524 3888 1572 est

2279 1617 2385 1671 hac
2408 1616 2722 1669 inveterata
2747 1611 3158 1667 consuetudine
3180 1609 3472 1680 antiquius
3492 1609 3890 1664 adnimadversa‘.

2280 1706 2464 1770 Quare
2495 1705 2542 1757 si
2569 1721 2665 1757 eos
2695 1704 2888 1772 legant
2917 1701 3015 1772 qui
3037 1700 3122 1753 vel
3155 1700 3212 1753 in
3242 1715 3428 1770 graeca
3459 1699 3542 1751 vel
3571 1697 3626 1750 in
3646 1697 3792 1750 latina
3818 1697 3893 1749 lin-

2282 1810 2395 1864 gua
2415 1793 2733 1863 disciplina:
2767 1790 2938 1860 hujus
2983 1787 3295 1842 doctissimi
3353 1787 3598 1852 fuerunt,
3629 1801 3729 1838 non
3767 1784 3891 1837 mira-

2284 1884 2500 1938 buntur
2528 1881 2700 1936 nimis
2731 1879 2830 1951 qui
2860 1879 3002 1933 forte
3033 1879 3138 1932 hoc
3171 1877 3457 1930 audierint
3507 1889 3796 1945 quanquam
3820 1889 3891 1941 pu-

2283 1973 2377 2027 det
2405 1969 2830 2036 imbecillitatis,
2859 1983 2988 2020 cum
3017 1965 3224 2020 rationi
3280 1963 3611 2018 roboranda:
3657 1961 3884 2014 hominum

2284 2061 2590 2114 auctoritas
2623 2056 2919 2129 quaeritur,
2943 2053 3264 2124 cumipsius
3285 2052 3521 2107 rationis
3535 2067 3592 2104 ac
3608 2049 3892 2103 veritatisau-

2285 2149 2566 2212 ctoritate,
2595 2162 2724 2218 qua:
2751 2145 3002 2216 profecto
3035 2147 3119 2197 est
3141 2142 3301 2196 omni
3332 2140 3562 2195 homine
3583 2138 3775 2204 melior,
3793 2136 3891 2189 nihil

2288 2239 2519 2293 deberet
2551 2252 2669 2290 esse
2696 2233 3070 2304 praestantius.
3102 2233 3227 2286 Non
3259 2231 3417 2285 enim
3437 2235 3500 2284 ut
3530 2229 3586 2282 in
3609 2225 3897 2299 producenda

2287 2324 2714 2396 corripiendave
2743 2321 2958 2392 syllaba
2984 2337 3097 2374 non
3141 2319 3249 2374 nisi
3280 2318 3663 2372 auctoritatem
3705 2319 3895 2368 veterum

2288 2413 2587 2469 hominum
2611 2411 2941 2483 quaerimus,
2967 2415 3032 2463 ut
3051 2407 3536 2480 quemadmodum
3550 2403 3752 2458 suntusi
3763 2401 3895 2454 verbis

2286 2504 2492 2575 quibus
2516 2519 2614 2554 nos
2641 2516 2866 2571 quoque
2883 2498 3188 2569 loquimur,
3209 2497 3288 2550 ita
3305 2502 3482 2565 et,nos
3495 2498 3719 2555 utamur;
3735 2490 3839 2561 quia
3854 2489 3892 2540 in

2288 2589 2682 2661 hujuscemodi
2707 2605 2767 2642 re
2801 2592 2855 2642 et
2881 2588 3096 2640 nullam
3109 2585 3560 2640 observationem
3576 2579 3898 2652 sequidesidiar

2291 2683 2395 2746 est,
2426 2683 2481 2731 et
2512 2692 2718 2731 novam
2739 2675 3036 2729 instituere
3064 2674 3337 2728 licentiae:
3358 2673 3504 2726 itain
3521 2669 3898 2726 metiendoversu

2290 2770 2602 2821 inveterata
2629 2765 2890 2818 voluntas
2921 2762 3243 2828 hominum,
3281 2778 3347 2816 ac
3395 2778 3510 2815 non
3549 2765 3739 2814 aeterna
3761 2769 3898 2810 rerum

2292 2855 2436 2909 ratio
2466 2852 2768 2924 cogitanda
2797 2854 2902 2916 est,
2927 2867 3058 2904 cum
3086 2853 3142 2902 et
3163 2849 3514 2902 moderatam
3541 2848 3653 2917 ejus
3667 2840 3898 2913 longitudi-

2290 2959 2425 2998 nem
2456 2942 2614 3012 prius
2646 2939 2984 2993 naturaliter
3003 2953 3137 2991 aure
3173 2936 3506 3000 sentiamus,
3539 2935 3720 2990 deinde
3746 2944 3897 3000 appro-

2290 3031 2493 3086 bemus
2525 3027 2847 3082 rationabili
2869 3024 3319 3080 consideratione
3351 3038 3720 3088 numerorum,
3746 3023 3790 3071 et
3807 3030 3896 3069 eum

2293 3117 2506 3188 insigni
2528 3119 2640 3170 ﬁne
2665 3114 3045 3169 claudendum
3077 3129 3196 3167 esse
3223 3112 3446 3184 judicet
3475 3109 3710 3182 quisquis
3742 3105 3898 3178 judicat

2293 3207 2498 3260 certius
2524 3221 2655 3259 eum
2677 3220 2849 3274 quam
2880 3207 3084 3257 caetera
3105 3206 3284 3256 metra
3309 3217 3434 3255 esse
3466 3198 3768 3258 ﬁniendum,
3786 3207 3897 3246 eum-

2295 3312 2405 3366 que
2436 3295 2610 3348 ﬁnem
2633 3293 2692 3346 in
2712 3291 2970 3347 breviore
3002 3295 3260 3362 tempore
3274 3290 3585 3344 notandum
3611 3302 3715 3340 esse
3730 3280 3900 3338 manife-

2295 3390 2444 3437 stum
2477 3381 2578 3446 sit;
2613 3379 3201 3452 siquidem‘temporis
3233 3377 3647 3450 longitudinem
3671 3374 3842 3428 coercet
3861 3372 3897 3418 et

2295 3473 2480 3527 frenat
2502 3469 2943 3541 quodammodo.

2567 3557 2790 3612 CAPUT
2822 3556 2909 3610 VI.
2943 3585 3011 3596 —
3041 3557 3249 3610 Rursus
3279 3555 3348 3608 de
3385 3557 3488 3623 fine
3515 3566 3700 3607 versus.

2372 3649 2454 3700 tt.
2480 3645 2616 3710 Quae
2631 3643 2854 3697 cumita
2868 3643 3000 3709 sint,
3027 3643 3126 3713 qui
3151 3646 3336 3713 potest
3362 3639 3635 3712 posterius
3657 3637 3759 3706 ejus
3774 3644 3900 3686 mem-

2296 3738 2466 3792 brum
2490 3736 2600 3790 nisi
2625 3751 2744 3788 non
2791 3735 2958 3805 pleno
2993 3733 3296 3788 terminari
3325 3732 3519 3804 pede?
3551 3727 3734 3784 Prioris
3766 3727 3899 3776 autem

2299 3824 2544 3880 membri
2576 3822 2873 3877 exordium
2909 3827 3008 3875 aut
3037 3822 3274 3892 plenum
3304 3821 3511 3891 pedem
3540 3833 3667 3876 esse,
3699 3818 3747 3866 ut
3771 3812 3814 3864 in
3835 3808 3899 3859 illo

2295 3912 2577 3967 trochaico
2602 3914 2786 3974 Roma,
2823 3911 3016 3974 Roma,
3040 3925 3190 3962 cerne
3219 3914 3432 3977 quanta
3459 3909 3530 3961 sit
3559 3907 3700 3960 deum
3721 3895 3898 3988 benigni:

2301 4007 2383 4056 tas
2410 4021 2424 4068 ;
2453 4005 2557 4054 aut
2576 4004 2800 4070 partem
2820 3997 2985 4066 pedis
3017 4002 3263 4067 oportet,
3296 4001 3357 4050 ut
3386 3997 3444 4048 in
3472 3993 3700 4053 heroico,
3719 3989 3904 4042 Armati-

2297 4104 2523 4157 rumque
2549 4103 2698 4155 cano,
2744 4087 2917 4155 Trojaz
2946 4086 3043 4153 qui
3064 4088 3279 4154 primus
3337 4085 3405 4137 ab
3459 4085 3582 4136 oris.
3609 4077 3902 4145 Quapropter.

2301 4178 2460 4233 omni
2481 4178 2603 4247 jam
2650 4176 3004 4230 dubitatione
3035 4175 3278 4240 sublata,
3340 4173 3510 4227 etiam
3557 4170 3711 4223 istum
3742 4169 3903 4214 versum

2301 4265 2524 4332 metire,
2558 4265 2605 4319 si
2633 4265 2840 4334 placet.
2873 4267 2931 4316 et
2945 4252 3086 4316 mihi
3101 4261 3169 4314 de
3192 4259 3467 4314 membris
3499 4259 3614 4328 ejus
3637 4251 3904 4325 pedibusque

2301 4353 2602 4424 responde,
2632 4353 2888 4406 Phaselus
2908 4352 2997 4404 ille
3028 4365 3181 4418 quem
3210 4349 3427 4414 videtis,
3453 4348 3688 4415 hospites.
3711 4342 3760 4392 D.
3783 4336 3904 4423 Meni-

2300 4443 2401 4497 bra
2433 4441 2663 4512 quidem
2693 4438 2940 4510 hujusin
2960 4439 3214 4510 quinque
3245 4442 3304 4491 et
3333 4443 3549 4507 septem
3578 4424 3905 4514 semipedesfl'

2304 4531 2410 4585 deo
2442 4529 2762 4594 distributa,
2806 4534 2867 4582 ut
2897 4527 3056 4598 prius
3103 4526 3196 4590 sit,
3235 4526 3498 4579 Phaselus
3537 4522 3653 4584 ille;
3700 4517 3908 4594 posterius

2303 4622 2516 4683 autem,
2539 4633 2692 4687 quem
2713 4617 2930 4681 videtis,
2950 4616 3214 4683 hospites:
3241 4613 3415 4684 pedes
3426 4626 3556 4664 vero
3573 4605 3908 4662 iamboscerno.

2368 4709 2381 4741 ¹
2417 4705 2498 4755 Sic
2515 4721 2577 4755 ex
2592 4705 2756 4760 Vatic.
2772 4707 2823 4753 et
2846 4702 2943 4751 Ms.
2967 4703 3026 4751 A.
3053 4703 3112 4750 In
3129 4703 3185 4763 Β,
3208 4705 3287 4751 vet
3308 4697 3556 4762 anapa'sti
3582 4693 3786 4744 alterum
3803 4691 3909 4731 mm-

2305 4770 2485 4818 brum.
2519 4768 2586 4816 Μ.

2369 4833 2389 4865 2
2418 4832 2476 4878 In
2508 4831 2584 4890 Β.,
2612 4841 2752 4878 cum.
2787 4826 2972 4890 Vatic.,
3002 4825 3160 4890 dum.
3189 4826 3282 4890 bis.
3307 4823 3366 4881 Δ,
3405 4825 3538 4872 tum.
3562 4819 3623 4867 Μ.

2368 4894 2388 4926 ³
2421 4888 2973 4952 Rationatiter,juxta
2997 4888 3266 4952 \’atic,_M.
3344 4949 3352 4952 _
3525 4942 3535 4952 .
3598 4940 3608 4950 .

2372 4956 2390 4987 ι
2894 4950 3091 5023 habent
3105 4964 3131 5029 ἑ
3142 4930 3444 5029 :Propr‘ium
3477 4926 3912 5029 nimii?!"

2309 4997 2805 5078 hmc'Vr—atio'ab—iita
2817 4997 3068 5078 opinione
3097 4997 3428 5078 discernitur.
3450 5032 3509 5078 ττ-
3526 5005 3672 5052 Juxta
3698 4997 3863 5044 Vatic.:i

2309 5081 2474 5127 mium
2494 5076 2599 5125 hxr
2620 5078 2754 5125 ratio
2777 5072 2955 5123 αοηια
2973 5075 3216 5136 opinione
3235 5072 3575 5120 discernitur.
3621 5099 3632 5110 .
3865 5107 3872 5114 .

2373 5142 2389 5160 κ
2423 5140 2505 5160 οε..
2536 5138 2679 5160 νηιεΛ
2725 5152 2736 5160 .
2768 5136 2864 5160 αλιι
2888 5141 3062 5160 “nun.
3093 5133 3192 5160 ιν...
3218 5129 3594 5160 ροιεηυοιονηΙη
3610 5107 3914 5160 ρηηςυεωδυθ

2371 5116 2750 5188 ἒ”ἓῖέ’ῗ’ἐιίίὲῖ’ἷ
2761 5116 3594 5185 seusane'iae'aiavemam
3610 5116 3913 5172 consuetudine

2307 5203 2540 5277 antiquis
2568 5199 2958 5277 qnignadversa.
2984 5198 3050 5277 Μ..
3090 5270 3110 5277 Δ
3146 5259 3180 5277 Γ
3293 5269 3330 5277 ῃ
3354 5259 3660 5277 *Μυκη-Μ
3679 5239 3915 5277 Μυκη,

2373 5242 2551 5311 έῖόῖε
2569 5242 3244 5334 ’ᾇᾶᾇςξᾷξξςᾷέᾴὶξὰῖςενίἱας
3259 5271 3270 5303 :
3288 5264 3503 5334 βυρηιᾳξρ
3511 5242 3916 5334 ἵξιίιξςιίξτξῒξςξῖε

2313 5301 2550 5376 ιναῖὲὲέ
2569 5301 3188 5394 stabiliter/intendam,
3217 5323 3307 5382 qui
3332 5301 3649 5394 ξαίίςξ
3669 5301 3914 5394 Ἦρξ

2313 5365 2551 5462 ἱὲῇιρἇῑῖι
2557 5365 2618 5434 {ii
2624 5365 2888 5462 ξιῖέάἶῷᾔ
2898 5365 3278 5462 assignari":
3297 5365 3572 5462 siquidem...
3579 5365 3913 5462 ςέολῃξξξιῇξξίξξξ

2312 5431 2867 5524 εῌξίῖρξιίεέλίιεεέῑιάίεί
2883 5431 3203 5524 quahabet
3230 5431 3915 5524 Ae-irs‘erzzmti’t’tt

2313 5488 2568 5569 ,⁷
2579 5488 3216 5569 nBiEéu—pzin‘ziiirésﬁin
3231 5488 3332 5552 Eii.
3353 5488 3448 5548 Sed
3475 5494 3670 5560 praestat
3687 5488 3786 5536 MSS-
3808 5488 3863 5524 ιεε

2315 5568 2471 5635 quam
2507 5571 2609 5617 huc
2644 5568 3021 5616 revocavimus.
