4080 6178
164 278 298 328 1153

154 397 232 448 Μ.
262 389 713 456 Ουωτοωὶἱιὶιῑιθ
734 404 893 442 caves
914 388 1058 457 pede
1079 388 1249 457 pleno
1264 403 1488 440 versum
1508 386 1857 440 terminare?

152 486 221 535 Ι).
256 482 466 533 Verum
497 475 657 543 dicis,
686 480 740 530 et
770 476 868 528 ubi
896 474 1105 529 fuerim
1143 474 1355 529 nescio.
1390 475 1524 539 Quis
1558 474 1711 528 enim
1743 490 1859 527 non

155 569 380 623 videret
400 566 544 619 sicut
562 565 619 617 in
640 563 868 617 heroico
902 564 1314 617 exordiendum
1338 579 1455 616 esse
1478 580 1509 615 a
1532 561 1859 632 semipede?

156 658 317 729 quod
340 671 469 709 cum
486 654 547 707 in
562 654 665 706 hoc
678 668 885 722 genere
904 652 1238 720 tit,nonjam
1257 651 1585 717 iambis,sed
1601 649 1861 704 trochaeis

158 760 388 800 versum
435 741 750 806 metimur,
778 745 840 793 ut
888 756 1019 792 eum
1056 740 1309 810 legitime
1341 739 1586 808 semipes
1616 738 1856 791 claudat.

242 836 322 887 12.
374 832 445 885 Μ.
482 831 563 883 Ita
593 834 677 881 est
706 832 770 881 ut
800 827 939 881 dicis
991 841 1003 881 :
1040 827 1137 881 sed
1164 827 1291 880 vide
1323 826 1461 896 quid
1502 826 1607 879 tibi
1646 825 1713 879 de
1756 825 1864 877 hoc

161 917 632 991 respondendum
687 921 871 985 putes,
924 932 1096 985 quem
1153 914 1588 985 asclepiadzeum
1643 917 1863 981 vocant,

159 1012 421 1064 Maecenas
450 1008 629 1060 atavis
667 1005 805 1058 edite
844 1004 1065 1070 regibus
1097 1006 1309 1070 (Horat.
1346 1004 1434 1056 lib.
1470 1006 1488 1055 1
1529 1004 1860 1066 Carminum,

160 1099 252 1153 od.
293 1097 359 1167 l).
387 1097 529 1149 Nam
549 1110 681 1163 pars
708 1092 984 1145 orationis
1006 1092 1063 1144 in
1086 1097 1241 1145 sexta
1262 1091 1475 1161 syllaba
1501 1090 1862 1155 terminatur,

161 1201 352 1255 neque
382 1185 789 1247 inconstanter,
828 1181 925 1233 sed
955 1180 1015 1234 in
1052 1180 1318 1233 omnibus
1347 1180 1463 1232 fere
1493 1180 1664 1248 hujus
1694 1193 1864 1248 gene-

163 1269 244 1322 ris
273 1267 547 1320 versibus.
582 1266 781 1334 Itaque
812 1264 933 1333 ejus
964 1262 1213 1333 primum
1244 1267 1329 1315 est
1360 1262 1702 1325 membrum,
1738 1262 1864 1313 Mae-

162 1372 324 1412 cenas
354 1358 532 1409 atavis
571 1370 584 1407 :
621 1352 955 1416 secundum,
989 1352 1129 1405 edite
1157 1351 1391 1417 regibus,
1426 1349 1581 1419 quod
1616 1363 1865 1418 quanam

168 1444 389 1498 ratione
433 1443 533 1496 tiat
563 1440 811 1495 dubitari
855 1445 1060 1510 potest.
1109 1439 1166 1493 Si
1202 1438 1354 1492 enim
1388 1435 1641 1490 metiaris
1670 1435 1731 1489 in
1761 1436 1870 1488 hoc

170 1533 345 1603 pedes
396 1535 809 1602 quaternorum
866 1534 1214 1597 temporum,
1283 1530 1453 1579 erunt
1508 1524 1762 1594 quinque
1808 1522 1869 1577 in

168 1621 385 1691 priore,
418 1619 479 1673 in
508 1618 820 1689 posteriore
852 1620 1044 1669 autem
1076 1614 1333 1668 membro
1360 1617 1605 1683 quatuor
1627 1610 1869 1680 semipe-

167 1711 273 1764 des
298 1726 309 1763 :
333 1709 423 1762 lex
445 1712 638 1762 autem
657 1711 808 1760 vetat
828 1704 1153 1758 membrum
1179 1702 1459 1773 posterius
1480 1700 1605 1771 pari
1628 1715 1869 1753 numero

165 1802 432 1852 constare
464 1794 840 1866 semipedum,
886 1809 959 1847 ne
995 1793 1165 1862 pleno
1196 1790 1339 1860 pede
1368 1804 1564 1843 versus
1592 1787 1869 1841 termine-

166 1893 287 1941 tur.
342 1888 538 1940 Restat
584 1888 648 1936 ut
675 1882 845 1953 pedes
886 1881 1310 1935 consideremus
1356 1893 1620 1931 senorum
1651 1882 1870 1945 tempo-

168 1992 328 2043 rum,
350 1990 415 2027 ex
439 1989 550 2044 quo
580 1972 644 2025 111
667 1975 731 2024 ut
750 1969 1075 2024 membrum
1100 1974 1413 2035 utrumque
1436 1962 1612 2017 ternis
1634 1961 1874 2029 semipe-

168 2063 342 2117 dibus
372 2065 615 2114 constet.
658 2061 799 2113 Nam
831 2062 896 2111 ut
922 2056 1144 2126 integro
1172 2054 1316 2124 pede
1345 2051 1671 2123 praecedens
1692 2064 1872 2103 mem-

168 2153 346 2205 brum
361 2148 614 2213 tiniatur,
631 2163 664 2200 a
684 2144 1102 2215 duabuslongis
1122 2141 1515 2211 incipiendum
1529 2143 1613 2193 est
1635 2156 1647 2193 :
1670 2138 1875 2192 deinde

170 2244 332 2293 totus
361 2234 723 2290 choriambus
770 2249 999 2287 versum
1043 2230 1262 2296 dividit,
1314 2234 1377 2282 ut
1406 2231 1677 2298 sequente
1706 2225 1877 2279 etiam

169 2327 291 2381 alio
320 2323 650 2379 choriambo
700 2322 1025 2375 membrum
1052 2318 1331 2389 posterius
1360 2316 1679 2380 inchoetur,
1723 2315 1875 2367 clau-

170 2416 349 2470 dente
380 2427 606 2467 versum
639 2409 925 2479 semipede
955 2409 1015 2461 in
1060 2408 1280 2461 duabus
1311 2404 1574 2459 brevibus
1604 2403 1832 2473 syllabis
1861 2417 1874 2454 :

172 2508 268 2558 tot
296 2501 451 2555 enim
480 2505 741 2570 tempora
785 2513 912 2551 cum
939 2496 1185 2566 spondeo
1223 2494 1285 2547 in
1317 2494 1498 2561 capite
1538 2493 1739 2558 locato,
1770 2490 1877 2543 im-

164 2592 334 2662 plent
365 2606 461 2642 sex
490 2593 817 2657 temporum
852 2586 1074 2655 pedem.
1116 2582 1231 2636 Nisi
1260 2581 1394 2651 quid
1427 2580 1601 2634 habes
1641 2580 1709 2632 ad
1737 2580 1874 2631 bazc.

165 2682 250 2734 D.
300 2677 451 2731 Nihil
496 2692 749 2747 prorsus.
788 2676 860 2728 Μ.
896 2674 1081 2727 Placet
1109 2687 1267 2740 ergo,
1302 2669 1537 2723 totidem
1570 2667 1877 2735 semipedi-

163 2769 283 2821 bus
322 2770 585 2820 constare
630 2769 942 2832 utrumque
982 2760 1327 2814 membrum.
1360 2759 1434 2813 D.
1474 2758 1584 2810 Cur
1614 2772 1731 2808 non
1757 2756 1881 2824 pla-

165 2854 346 2911 ceat?
379 2855 572 2924 Neque
614 2851 767 2906 enim
820 2848 1130 2903 metuenda
1176 2851 1260 2900 est
1296 2846 1388 2898 hic
1425 2844 1524 2897 illa
1565 2842 1877 2907 conversio,

174 2948 321 3020 quia
367 2948 552 3017 posito
600 2942 914 3016 posteriore
955 2940 1212 2995 membro
1241 2939 1301 2991 in
1334 2934 1705 3007 praecedentis
1734 2935 1878 2999 loco,

174 3039 260 3092 ita
287 3042 352 3090 ut
379 3035 534 3106 quod
564 3040 650 3088 est
667 3032 942 3102 primum,
966 3027 1279 3083 secundum
1299 3028 1419 3090 ﬁat,
1444 3040 1554 3077 non
1578 3023 1774 3077 eadem
1795 3023 1882 3075 lex

178 3123 440 3178 manebit
467 3121 702 3191 pedum.
732 3119 1091 3187 Quapropter
1111 3113 1268 3167 nulla
1293 3128 1459 3165 causa
1481 3115 1585 3172 est,
1608 3125 1707 3162 cur
1731 3108 1884 3161 idem

180 3211 543 3281 semipedum
562 3223 835 3262 numerus
858 3206 918 3258 in
941 3205 1049 3257 hoc
1078 3218 1287 3274 genere
1310 3198 1581 3253 membris
1603 3202 1845 3267 negetur
1869 3216 1884 3262 ;

179 3316 317 3354 cum
363 3298 486 3351 sine
536 3297 655 3350 ullo
698 3292 1083 3348 conversionis
1114 3290 1253 3343 vitio
1285 3287 1540 3360 parilitas
1570 3286 1679 3339 ista
1706 3283 1888 3354 possit

178 3387 391 3452 teneri,
412 3385 543 3440 ﬁnis
564 3384 735 3438 etiam
757 3379 1092 3451 insignioris
1116 3379 1241 3448 lege
1273 3380 1510 3439 servata,
1541 3390 1669 3427 cum
1693 3387 1887 3425 versus

178 3493 303 3532 non
332 3477 503 3545 pleno
535 3472 679 3543 pede
709 3471 1074 3535 terminatur,
1108 3467 1261 3538 quod
1290 3463 1742 3519 constantissime
1773 3476 1889 3514 ser-

185 3564 441 3618 vandum
472 3566 557 3615 est
584 3558 627 3614 ⁸.

185 3652 412 3707 CAPUT
436 3650 554 3703 V11.
587 3678 653 3687 -—-
682 3645 954 3712 Quomodo
977 3643 1307 3713 semipedum
1339 3640 1674 3708 imparilitas
1696 3637 1755 3688 in
1780 3650 1890 3686 ver-

257 3756 418 3795 suum
448 3738 695 3793 membris
727 3736 800 3790 ad
836 3735 1174 3805 parilitatem
1200 3734 1486 3798 referatur.
1520 3727 1895 3784 Conciliantur

256 3828 499 3882 membra
542 3825 872 3894 semipedum
907 3828 1142 3890 quatuor
1170 3825 1218 3874 et
1255 3821 1436 3873 trium.
1462 3816 1702 3872 Membra
1730 3814 1894 3866 semi-

253 3917 457 3985 pedum
488 3917 725 3983 quinque
754 3918 803 3966 et
832 3914 1021 3964 trium.

268 4007 353 4059 l3.
384 4006 459 4059 Μ.
495 4004 635 4057 Rem
662 4001 844 4071 ipsam
876 3997 1112 4052 omnino
1139 3993 1327 4048 vidisti
1359 4010 1371 4047 :
1406 4007 1583 4063 quare
1609 3992 1728 4061 jam
1758 4005 1897 4059 quo-

190 4093 353 4148 niam
377 4091 653 4162 comperit
682 4089 827 4143 ratio
852 4100 1123 4141 versuum
1156 4098 1279 4136 esse
1309 4080 1420 4134 duo
1453 4096 1683 4149 genera,
1716 4093 1897 4130 unum

190 4184 253 4236 in
277 4196 393 4251 quo
415 4180 567 4235 idem
598 4193 865 4232 nemerus
890 4171 1267 4241 semipedum,
1292 4167 1444 4220 aliud
1476 4167 1533 4218 in
1565 4182 1678 4236 quo
1706 4165 1899 4233 dispar

192 4271 255 4323 in
310 4266 582 4322 membris
612 4266 711 4331 sit;
761 4264 1065 4333 diligenter
1113 4256 1558 4319 consideremus,
1607 4254 1651 4305 si
1690 4254 1898 4323 placet,

194 4373 451 4429 quonam
486 4356 655 4409 modo
702 4354 808 4407 ista
837 4348 1176 4421 imparilitas
1207 4343 1559 4413 semipedum
1591 4341 1659 4395 ad
1690 4357 1900 4410 quam-
1934 4390 1943 4393 _

195 4428 335 4501 dum
364 4444 712 4514 parilitatem
734 4442 1029 4503 referatur,
1060 4433 1385 4489 obscuriore
1417 4428 1902 4501 aliquantum,sed

194 4548 338 4588 sane
368 4536 389 4567 ²
419 4530 791 4586 subtilissima
822 4527 1045 4581 ratione
1078 4535 1478 4576 numerorum.
1532 4519 1674 4571 Nam
1704 4531 1901 4587 qumro

196 4642 265 4679 ex
298 4629 374 4687 te,
410 4639 538 4676 cum
570 4622 682 4675 duo
725 4625 780 4673 et
824 4618 936 4672 tria
979 4616 1185 4679 dicam,
1228 4616 1367 4682 quot
1396 4624 1664 4663 numeros
1696 4607 1900 4660 dicam.

197 4716 275 4768 D.
336 4714 487 4766 Duos
534 4710 764 4764 scilicet.
797 4712 867 4762 Ill.
904 4707 1045 4776 Ergo
1076 4708 1131 4757 et
1169 4702 1283 4757 duo
1331 4716 1499 4765 unus,
1533 4702 1588 4751 et
1618 4696 1727 4749 tria
1754 4710 1904 4748 unus

198 4806 289 4856 est
319 4816 621 4862 numerus;
674 4803 729 4850 et
777 4794 1093 4866 quemlibet
1124 4790 1303 4844 alium
1334 4787 1663 4842 dixerimus.
1710 4788 1774 4839 D.
1821 4784 1903 4836 Ita

199 4894 309 4945 est.
343 4891 416 4944 M.
453 4889 651 4941 Nonne
680 4884 784 4939 tibi
811 4901 875 4937 ex
900 4883 1004 4936 hoc
1032 4880 1253 4934 videtur
1282 4893 1462 4930 unum
1494 4890 1623 4928 cum
1651 4871 1908 4942 quolibet

198 4992 448 5032 numero
479 4992 593 5029 non
626 4974 866 5027 absurde
898 4986 1061 5041 posse
1088 4964 1373 5021 conferri?
1404 4962 1696 5033 Siquidem
1725 4975 1905 5013 unum

199 5066 321 5121 duo
378 5080 496 5117 esse
540 5079 661 5117 non
712 5075 1010 5133 possemus
1058 5057 1277 5119 dicere;
1329 5053 1441 5105 duo
1494 5055 1689 5103 autem
1728 5063 1909 5100 unum

198 5169 329 5208 esse
361 5150 788 5223 quodammodo
837 5165 850 5202 :
888 5151 943 5201 et
992 5146 1130 5198 item
1172 5146 1281 5195 tria
1327 5143 1381 5193 et
1430 5142 1677 5208 quatuor
1727 5151 1909 5189 unum

200 5244 347 5308 esse,
396 5257 511 5294 non
552 5241 692 5294 falso
724 5237 831 5291 dici
862 5238 1065 5305 potest.
1100 5233 1173 5286 D.
1207 5226 1518 5283 Assentior.
1555 5227 1630 5279 M.
1663 5224 1908 5277 Attende

202 5331 363 5386 aliud
391 5346 402 5383 :
430 5330 520 5383 dic
542 5328 701 5390 mihi,
728 5328 841 5380 duo
864 5330 950 5376 ter
971 5322 1159 5385 ducta,
1183 5318 1322 5389 quid
1340 5313 1630 5369 faciuntin
1650 5311 1912 5366 summa?

275 5457 289 5489 ¹
326 5452 659 5502 Serrandum
674 5463 777 5499 esse
786 5443 1246 5511 perplacetjuxta
1257 5453 1441 5489 omnes
1458 5438 1585 5487 Cdd.
1601 5437 1758 5486 etMs.
1775 5436 1909 5485 ΑΜ.

274 5518 296 5551 9
336 5518 559 5575 Tamen,
584 5513 739 5576 juxta
766 5507 927 5562 \‘atie.
1024 5507 1093 5555 M.

1620 264 1829 321 LIBER
1870 263 2194 331 QUINTUS.

3528 272 3661 324 1154

1970 388 2044 440 D.
2089 387 2210 441 Sex.
2250 390 2323 440 Μ.
2360 388 2505 439 Num
2533 402 2629 439 sex
2659 392 2714 440 et
2744 386 2851 441 tria
2891 388 3127 442 totidem
3174 392 3343 443 sunt?
3372 392 3445 444 D.
3495 390 3659 443 Nullo

1970 475 2159 529 modo.
2188 476 2261 528 Μ.
2299 476 2459 527 Nunc
2484 473 2592 527 tria
2621 479 2820 543 quater
2847 475 3017 529 ducas
3044 476 3232 541 velim,
3258 493 3657 547 summamque

1970 562 2330 632 respondeas.
2384 563 2455 617 1).
2504 562 2832 616 Duodecim.
2865 565 2937 618 Μ.
2972 564 3138 618 Vides
3183 565 3318 618 item
3366 565 3659 619 duodecim

1972 650 2162 718 plures
2192 667 2312 703 esse
2344 666 2515 720 quam
2543 656 2807 719 quatuor.
2838 652 2911 704 D.
2949 653 3011 705 Et
3042 654 3210 722 longe
3241 670 3393 706 sane.
3429 656 3503 708 Μ.
3538 655 3659 706 Jam

1970 754 2040 791 ne
2093 738 2365 791 immorer
2414 740 2452 803 ¹,
2501 738 2726 808 ﬁgenda
2782 741 2981 809 regula
3030 744 3114 792 est
3163 757 3175 794 :
3222 745 3267 793 A
3313 742 3555 808 duobus,
3607 748 3665 795 et

1970 823 2237 893 deinceps
2268 825 2548 896 quoslibet
2594 843 2865 880 numeros
2896 827 3038 880 duos
3068 828 3443 890 constitueris,
3478 829 3665 882 minor

1972 928 2075 982 per
2136 914 2415 982 majorem
2475 914 2903 983 multiplicatus,
2963 932 3094 969 eum
3150 918 3384 971 excedat
3438 934 3663 971 necesse

1972 1004 2074 1053 est.
2104 1004 2166 1055 D.
2198 1002 2334 1065 Quis
2359 1003 2463 1055 hoc
2504 1002 2884 1056 dubitaverit?
2915 1004 3061 1066 Quid
3088 1006 3243 1059 enim
3277 1012 3392 1059 tam
3424 1021 3660 1075 parvum

1970 1089 2030 1142 in
2061 1090 2269 1158 plurali
2298 1106 2536 1143 numero
2565 1108 2737 1160 quam
2765 1092 2920 1145 duo?
2941 1110 3110 1162 quem
3136 1099 3327 1146 tamen
3360 1110 3661 1147 numerum

1973 1178 2018 1229 si
2050 1177 2255 1231 millies
2285 1179 2519 1243 duxero,
2571 1178 2652 1231 ita
2698 1180 2927 1232 excedet
2975 1180 3151 1244 mille,
3185 1186 3249 1234 ut
3276 1181 3515 1250 duplum
3547 1182 3664 1234 fiat.

1974 1266 2046 1318 M.
2080 1265 2289 1317 Verum
2336 1265 2472 1317 dicis
2524 1280 2537 1317 :
2585 1266 2681 1318 sed
2724 1266 3004 1318 constitue
3037 1282 3236 1332 unum,
3270 1272 3327 1320 et
3357 1267 3670 1337 quemlibet

1976 1352 2181 1406 deinde
2204 1353 2484 1422 majorem
2512 1368 2838 1418 numerum,
2869 1358 2924 1405 et
2952 1355 3437 1422 quemadmodum
3468 1355 3528 1407 in
3560 1354 3672 1407 illis

1977 1439 2341 1507 faciebamus,
2378 1439 2661 1493 minorem
2698 1456 2801 1508 per
2847 1441 3125 1509 majorem
3164 1442 3502 1511 multiplica,
3533 1459 3695 1495 num.

1978 1527 2180 1581 eodem
2224 1527 2391 1580 modo
2428 1528 2609 1597 major
2647 1527 3047 1597 superabitur?
3098 1530 3168 1582 D.
3203 1530 3325 1582 Non
3356 1530 3544 1599 plane,
3579 1530 3676 1582 sed

1977 1616 2183 1686 majori
2206 1616 2398 1669 minor
2419 1615 2759 1686 aequabitur.
2786 1618 2925 1670 Nam
2946 1633 3123 1669 unum
3140 1616 3397 1683 bis,duo;
3420 1622 3475 1672 et
3498 1633 3676 1670 unum

1980 1704 2187 1770 decies,
2202 1705 2427 1769 decem;
2450 1710 2505 1757 et
2521 1720 2701 1757 unum
2717 1704 2944 1770 millies,
2967 1704 3123 1758 mille
3142 1725 3155 1770 ;
3170 1710 3225 1758 et
3242 1722 3344 1775 per
3366 1705 3680 1775 quemlibet

1980 1792 2159 1845 alium
2174 1808 2479 1845 numerum
2495 1792 3480 1861 multiplicavero,unumnecesseest
3492 1809 3678 1863 aeque-

1981 1886 2091 1935 tur.
2145 1883 2218 1935 Μ.
2255 1881 2434 1934 Habet
2482 1896 2617 1950 ergo
2669 1896 2852 1933 unum
2899 1897 3030 1934 cum
3055 1882 3274 1934 cwteris
3306 1881 3559 1934 numeris
3583 1882 3679 1951 jus

1981 1969 2269 2040 quoddam
2298 1968 2666 2039 zequalitatis;
2709 1984 2825 2021 non
2857 1969 3029 2023 modo
3079 1970 3233 2039 quod
3280 1969 3627 2040 quicumque
3660 1973 3681 2004 ²

1982 2073 2255 2112 numerus
2279 2060 2381 2122 est,
2408 2057 2505 2110 sed
2525 2056 2695 2109 etiam
2719 2056 2868 2127 quod
2898 2056 3065 2111 toties
3097 2057 3300 2111 ductus
3325 2057 3679 2112 tantumdem

1984 2146 2135 2200 facit.
2168 2146 2243 2199 D.
2276 2144 2798 2200 Manifestissimum
2827 2150 2930 2199 est.

2060 2236 2141 2287 14.
2188 2234 2262 2288 Μ.
2320 2236 2439 2303 Age
2487 2250 2659 2299 nunc,
2711 2233 2859 2286 refer
2901 2233 3157 2287 animum
3208 2234 3279 2289 ad
3325 2234 3682 2305 semipedum

1986 2338 2277 2389 numeros,
2308 2320 2513 2392 quibus
2545 2320 2607 2374 in
2636 2337 2801 2374 versu
2828 2322 2973 2374 fiunt
3000 2322 3257 2375 membra
3275 2323 3600 2393 inaequalia,
3630 2328 3687 2376 et

1987 2410 2193 2464 miram
2225 2410 2533 2480 quamdam
2567 2410 2954 2479 aequalitatem
2980 2409 3087 2463 ista
3115 2426 3289 2481 quam
3321 2410 3685 2464 tractavimus

1988 2496 2205 2550 ratione
2253 2496 2528 2565 reperies.
2587 2497 2749 2563 Nam,
2797 2502 2862 2550 ut
2908 2497 3132 2567 opinor,
3180 2514 3372 2551 versus
3413 2497 3687 2551 minimus

1986 2584 2258 2654 inmquali
2286 2583 2643 2652 semipedum
2669 2600 2909 2637 numero
2939 2584 2998 2637 in
3028 2584 3299 2638 membris
3323 2590 3408 2638 est
3436 2586 3682 2651 duobus,

1988 2676 2206 2728 habens
2249 2674 2566 2743 semipedes
2613 2678 2858 2743 quatuor
2890 2679 2945 2726 et
2974 2678 3107 2739 tres,
3145 2680 3207 2727 ut
3239 2674 3297 2727 in
3326 2675 3453 2739 hoc,
3485 2678 3686 2744 Hospes

1989 2764 2081 2815 ille
2120 2777 2275 2828 quem
2314 2761 2493 2822 vides;
2545 2761 2705 2830 cujus
2748 2761 3002 2830 primum
3040 2762 3366 2814 membrum
3399 2763 3553 2831 quod
3583 2766 3686 2822 est,

1990 2851 2188 2917 Hospes
2235 2848 2345 2912 ille,
2399 2847 2577 2900 secari
2630 2848 2930 2917 aequaliter
2975 2854 3165 2919 potest
3207 2849 3265 2902 in
3310 2849 3449 2902 duas
3502 2853 3691 2917 partes

1990 2936 2256 2990 binorum
2318 2935 2677 3005 semipedum
2728 2951 2742 2988 :
2789 2936 3101 2990 secundum
3149 2941 3339 2990 autem
3386 2937 3538 3007 quod
3587 2941 3688 3003 est,

1992 3041 2147 3092 quem
2167 3023 2338 3085 vides,
2373 3024 2449 3076 ita
2480 3023 2773 3090 dividitur,
2800 3029 2866 3077 ut
2894 3040 3010 3077 una
3033 3041 3163 3095 pars
3190 3024 3333 3078 duos
3374 3024 3692 3095 semipedes

1993 3114 2219 3178 habeat,
2252 3112 2430 3165 altera
2461 3127 2678 3176 unum;
2725 3112 2876 3182 quod
2907 3111 2985 3165 ita
3025 3117 3130 3181 est,
3162 3113 3324 3183 quasi
3355 3113 3468 3166 duo
3496 3118 3552 3166 et
3578 3114 3691 3167 duo

1994 3202 2123 3263 sint,
2152 3202 2281 3271 jure
2327 3200 2425 3254 illo
2469 3201 2832 3271 aaqualilatis,
2865 3200 2932 3255 de
2962 3217 3075 3272 quo
3107 3201 3241 3255 satis
3267 3201 3511 3272 egimus,
3542 3201 3696 3272 quod

1994 3290 2166 3343 habet
2198 3305 2378 3342 unum
2404 3305 2534 3343 cum
2564 3289 2830 3343 omnibus
2858 3288 3130 3343 numeris.
3168 3291 3235 3343 Ex
3269 3306 3382 3359 quo
3413 3290 3477 3342 lit
3504 3296 3564 3342 ut
3592 3290 3698 3342 ista

1999 3378 2271 3431 divisione
2294 3382 2514 3431 tantum
2542 3378 2613 3431 sit
2635 3378 3055 3448 quodammodo
3087 3378 3349 3447 superius
3374 3378 3698 3432 membrum

2000 3471 2282 3535 quantum
2302 3466 2603 3535 posterius.
2629 3468 2825 3537 Itaque
2848 3466 2943 3519 ubi
2964 3465 3178 3518 fuerint
3195 3470 3439 3535 quatuor
3464 3469 3519 3517 et
3537 3466 3701 3534 quin-

2000 3571 2110 3625 que
2165 3554 2505 3623 semipedes,
2573 3555 2719 3609 sicut
2763 3556 2870 3608 hoc
2918 3559 3021 3621 est,
3081 3556 3266 3621 Roma,
3320 3557 3504 3618 Roma,
3551 3569 3702 3607 cerne

2001 3647 2209 3712 quanta
2259 3644 2361 3708 sit;
2414 3658 2527 3695 non
2573 3642 2650 3695 ita
2701 3642 2995 3712 probatur,
3032 3647 3088 3694 et
3117 3646 3423 3711 propterea
3450 3647 3701 3694 metrum

2003 3732 2112 3785 erit
2156 3732 2348 3801 potius
2390 3747 2564 3800 quam
2603 3747 2817 3797 versus,
2866 3731 2999 3801 quia
3042 3731 3121 3784 ita
3167 3736 3299 3785 sunt
3328 3731 3586 3785 membra
3613 3730 3701 3784 in-

2004 3818 2248 3889 aequalia
2272 3822 2331 3871 ut
2354 3818 2425 3871 ad
2443 3819 2659 3871 nullam
2678 3818 3017 3888 eequalitatis
3037 3819 3222 3888 legem
3246 3819 3491 3872 sectione
3512 3818 3705 3889 aliqua

2004 3906 2223 3977 possint
2272 3906 2493 3961 referri.
2548 3906 2743 3960 Cernis
2776 3906 3009 3977 quippe,
3042 3912 3106 3961 ut
3134 3907 3360 3977 opinor,
3394 3907 3706 3977 superioris

2007 3994 2251 4048 membri
2299 4000 2547 4065 quatuor
2594 3995 2933 4066 semipedes,
2982 3999 3166 4059 Roma,
3213 3998 3400 4062 Roma,
3451 3996 3512 4049 in
3540 3996 3705 4049 binos

2005 4099 2171 4152 posse
2220 4082 2506 4135 discedere
2539 4086 2560 4117 ³
2592 4098 2605 4135 :
2637 4083 2893 4152 quinque
2936 4086 3124 4134 autem
3155 4083 3514 4151 posteriores,
3556 4097 3707 4134 cerne

2008 4176 2215 4239 quanta
2237 4172 2328 4235 sit,
2362 4170 2419 4223 in
2451 4172 2590 4223 duos
2620 4176 2675 4223 et
2704 4175 2817 4223 tres
2842 4170 3159 4240 semipedes
3191 4169 3392 4233 dividi;
3429 4168 3525 4221 ubi
3548 4169 3703 4221 nullo

2001 4260 2131 4327 jure
2179 4263 2416 4327 apparet
2447 4258 2765 4327 aequalitas.
2802 4258 2995 4328 Neque
3027 4258 3182 4311 enim
3226 4260 3464 4326 possunt
3511 4256 3702 4325 aliquo

2011 4346 2177 4398 modo
2200 4348 2423 4397 tantum
2455 4346 2641 4397 valere
2669 4344 2925 4415 quinque
2957 4344 3274 4414 semipedes
3305 4349 3538 4413 propter
3564 4344 3707 4396 duos

2009 4436 2064 4485 et
2106 4437 2236 4498 tres,
2282 4436 2561 4501 quantum
2605 4439 2852 4503 quatuor
2897 4436 3114 4499 valent;
3162 4431 3449 4502 quomodo
3480 4431 3707 4485 inveni-

2010 4522 2137 4573 nius
2167 4519 2429 4589 superius
2455 4520 2516 4573 in
2540 4521 2795 4575 breviore
2822 4538 2986 4575 versu
3015 4526 3238 4574 tantum
3271 4520 3457 4573 valere
3488 4525 3599 4573 tres
3630 4536 3709 4573 se-

2010 4608 2265 4679 mipedes
2296 4613 2531 4679 propter
2565 4626 2743 4663 unum
2775 4614 2830 4663 et
2859 4611 2994 4675 duo,
3036 4613 3315 4678 quantum
3346 4612 3592 4678 quatuor
3620 4624 3709 4661 va-

2010 4698 2149 4751 lent.
2193 4700 2281 4751 An
2326 4698 2545 4769 aliquid
2592 4715 2706 4752 non
2756 4715 2813 4751 es
2860 4703 3169 4759 assecutus,
3204 4701 3300 4751 aut
3327 4714 3440 4751 non
3481 4698 3709 4767 placet?

2013 4787 2086 4839 D.
2118 4786 2238 4838 Imo
2269 4803 2400 4839 vero
2428 4792 2484 4840 et
2516 4786 2818 4839 manifesta
2848 4786 3041 4839 omnia
3066 4790 3126 4859 et
3153 4790 3273 4839 rata
3304 4791 3460 4839 sunt.

2089 4877 2173 4928 15.
2224 4876 2299 4929 Μ.
2331 4876 2470 4944 Age,
2504 4890 2657 4927 nunc
2701 4873 2956 4945 quinque
2987 4879 3044 4928 et
3072 4879 3185 4927 tres
3224 4874 3544 4944 semipedes
3574 4890 3707 4927 con-

2016 4960 2355 5027 sideremus,
2411 4961 2595 5031 qualis
2650 4965 2733 5013 est
2777 4960 2871 5014 ille
2923 4960 3253 5028 versiculus,
3307 4962 3565 5016 Phaselus
3622 4962 3712 5014 ille

2017 5066 2171 5118 quem
2212 5050 2361 5103 rides
2409 5064 2421 5102 :
2471 5053 2526 5102 et
2572 5048 2866 5102 videamus
2898 5050 3188 5120 quomodo
3221 5051 3326 5103 ista
3354 5048 3713 5119 inaequalitas

2018 5138 2210 5207 aliquo
2239 5137 2579 5207 aequalitatis
2601 5138 2730 5207 jure
2762 5142 3022 5192 teneatur
3051 5156 3062 5192 :
3097 5155 3230 5192 nam
3260 5139 3365 5192 hoc
3391 5153 3571 5208 genus
3595 5153 3712 5189 non

2018 5227 2202 5279 solum
2256 5229 2525 5290 metrum,
2575 5225 2671 5277 sed
2700 5224 2874 5278 etiam
2907 5242 3131 5279 versum
3170 5242 3310 5290 esse,
3344 5240 3543 5277 omnes
3572 5240 3716 5277 con-

2084 5314 2098 5347 ¹
2143 5313 2365 5381 Loc_u_m_
2386 5311 2528 5359 hunc
2571 5312 2895 5381 restituimus
2938 5327 3001 5361 ex
3044 5313 3241 5381 Ms_._A.
3280 5312 3363 5361 Sic
3396 5312 3451 5360 in
3490 5312 3546 5360 B.
3591 5325 3601 5358 :
3647 5312 3715 5363 Ει

2022 5374 2190 5435 lange.
2230 5376 2295 5421 Μ.
2329 5375 2482 5433 Sane,
2512 5388 2575 5421 ne
2591 5375 2715 5435 jam
2748 5378 3018 5425 immorer.
3118 5376 3185 5423 Μ.

2082 5439 2102 5470 2
2136 5437 2548 5485 Cuiuscumque.
2576 5437 2725 5485 iuxta
2756 5437 2918 5485 Vatic.
3018 5438 3085 5485 M.

2083 5449 2101 5470 κ
2136 5449 2548 5497 cujuscumque,
2569 5449 2725 5498 juxta
2762 5449 2918 5485 vane.
3018 5449 3085 5485 Μ.

2083 5500 2103 5532 ³
2134 5497 2460 5559 Discindere,
2481 5498 2637 5561 juxta
2660 5499 2825 5548 Vatic.
2925 5499 2991 5547 M.
