4098 6182
463 343 593 394 1155

458 462 730 518 sentiunt.
752 463 948 532 Itaque
968 477 1098 514 cum
1120 460 1370 531 primum
1396 457 1723 512 membrum
1746 455 1806 509 in
1835 454 2150 526 semipedes

455 552 598 606 duos
629 554 685 604 et
712 554 825 604 tres
856 548 1121 618 secueris,
1162 553 1217 602 et
1247 545 1561 601 secundum
1595 544 1654 598 in
1685 543 1828 598 duos
1857 547 1912 597 et
1941 557 2148 608 unum;

455 639 580 710 conj
591 655 770 708 nugas
797 638 1104 709 particulas
1125 652 1239 706 qua
1258 635 1319 688 in
1340 639 1583 704 utroque
1611 649 1776 702 pares
1803 631 2150 698 inveneris‘,

456 727 592 799 quia
621 731 676 781 et
701 727 763 779 in
788 726 976 796 primo
1007 724 1264 779 membro
1293 723 1570 776 habemus
1593 721 1728 787 duo,
1752 719 1882 773 etin
1904 719 2150 772 secundo

454 818 670 869 restant
699 814 826 868 duae
856 812 1172 883 particulae,
1207 827 1322 864 una
1351 810 1412 864 in
1442 809 1624 864 tribus
1669 807 2053 878 semipedibus
2083 807 2150 860 de

455 903 647 974 priore
689 902 965 969 membro,
1021 901 1198 956 altera
1251 899 1314 953 in
1366 914 1482 953 uno
1526 897 1595 952 de
1650 895 1982 967 posteriore.
2024 896 2152 967 .Has

457 1008 591 1063 ergo
617 993 673 1044 et
702 989 1044 1044 sociabiliter
1065 988 1386 1060 jungimus,
1420 986 1558 1057 quia
1595 1001 1773 1038 unum
1805 1000 1934 1038 cum
1965 982 2150 1037 omni-

453 1080 560 1134 bus
615 1079 787 1132 habet
827 1077 1154 1132 societatem
1186 1077 1236 1144 ²;
1270 1081 1326 1130 et
1353 1075 1413 1129 in
1449 1090 1673 1128 summa
1701 1088 1884 1126 unum
1913 1077 1969 1125 et
2018 1070 2148 1136 tria,

454 1170 700 1238 quatuor
729 1166 894 1232 tiunt,
927 1165 1083 1235 quod
1125 1169 1209 1217 est
1237 1161 1598 1217 tantumdem
1631 1168 1910 1231 quantum
1954 1159 2066 1213 duo
2097 1163 2150 1212 et

455 1254 590 1308 duo.
620 1255 727 1308 Per
752 1253 898 1307 hanc
928 1252 1104 1322 igitur
1130 1250 1438 1304 sectionem
1467 1248 1637 1302 etiam
1670 1247 1924 1318 quinque
1957 1251 2012 1300 et
2041 1252 2152 1299 tres

457 1341 776 1412 semipedes
805 1340 876 1394 ad
905 1338 1267 1393 concordiam
1311 1337 1670 1407 rediguntur.
1702 1335 1812 1389 Sed
1855 1335 2151 1406 responde,

456 1433 654 1484 utrum
683 1426 1051 1482 intellexeris.
1084 1431 1152 1480 D.
1186 1428 1269 1479 Ita
1297 1441 1452 1494 vero,
1485 1430 1540 1478 et
1562 1424 1873 1477 admodum
1900 1422 2101 1493 probo.

458 1517 683 1571 CAPUT
707 1516 852 1569 VIII.
881 1544 949 1554 —
970 1515 1210 1569 Membra
1228 1514 1559 1582 semipedum
1587 1514 1828 1584 quinque
1856 1515 1906 1566 et
1933 1517 2150 1581 septem.

532 1608 614 1660 l6.
648 1609 718 1660 Μ.
751 1603 1019 1674 Sequitur
1046 1607 1110 1656 ut
1138 1603 1205 1657 de
1235 1603 1490 1674 quinque
1521 1607 1577 1655 et
1606 1607 1824 1672 septem
1855 1599 2155 1670 semipedi-

456 1693 564 1747 bus
595 1693 958 1758 disseramus,
1002 1690 1198 1762 quales
1246 1695 1379 1744 sunt
1419 1705 1615 1743 versus
1663 1688 1776 1742 duo
1806 1687 1891 1740 illi
1920 1687 2153 1740 nobilis-

457 1781 606 1848 simi,
638 1780 901 1834 heroicus
929 1783 984 1833 et
1013 1795 1187 1850 quem
1212 1777 1525 1832 iambicum
1552 1775 1722 1847 vulgo
1751 1775 2154 1842 vocant,etiam

458 1868 579 1939 ipse
606 1867 883 1922 senarius.
917 1868 1080 1936 Nam,
1107 1869 1284 1922 Arma
1327 1868 1612 1934 virumque
1641 1880 1793 1930 cano,
1845 1865 2014 1933 Trojae
2060 1865 2156 1932 qui

450 1961 664 2027 primus
691 1957 759 2011 ab
781 1958 910 2025 oris,
940 1956 1020 2010 ita
1036 1955 1308 2010 dividitur
1326 1959 1390 2010 ut
1414 1954 1666 2026 primum
1689 1953 1810 2024 ejus
1829 1952 2154 2007 membrum

457 2045 724 2114 sit,Arma
751 2047 1036 2114 virumque
1065 2060 1216 2109 cano,
1250 2043 1349 2114 qui
1379 2048 1511 2096 sunt
1539 2042 1825 2113 quinque;
1869 2045 1924 2094 et
1952 2057 2152 2095 secun-

456 2134 616 2201 dum,
668 2134 842 2202 Trojz
887 2135 984 2203 qni
1014 2134 1225 2201 primus
1255 2132 1323 2186 ab
1361 2134 1492 2197 oris,
1525 2129 1625 2202 qui
1655 2133 1788 2183 sunt
1813 2133 2030 2198 septem
2065 2144 2151 2182 se-

457 2221 736 2292 mipedes.
779 2223 862 2288 Et,
894 2221 1150 2276 Phasetus
1193 2222 1283 2275 ille
1317 2235 1473 2289 quem
1503 2219 1719 2280 videtis,
1755 2218 2008 2286 hospites,
2040 2216 2156 2287 pri-

459 2327 619 2365 mum
662 2310 987 2364 membrum
1019 2309 1210 2375 habet,
1242 2309 1499 2362 Phaselus
1536 2307 1646 2372 ille,
1679 2305 1739 2360 in
1769 2305 2154 2376 semipedibus

458 2399 746 2471 quinque;
795 2398 1110 2453 secundum
1151 2397 1211 2450 in
1261 2401 1501 2467 septem,
1555 2411 1710 2464 quem
1759 2393 1978 2458 videtis,
2026 2395 2154 2447 hos—

412 2557 416 2562 ,
450 2490 613 2557 pites.
647 2487 754 2542 Sed
795 2490 954 2540 tanta
995 2485 1095 2539 illa
1123 2483 1392 2538 nobilitas
1429 2483 1491 2537 in
1520 2483 1645 2553 lege
1675 2482 1785 2536 ista
1813 2481 2154 2552 aequalitatis

457 2577 694 2630 laborat.
729 2575 871 2629 Cum
901 2573 1056 2627 enim
1095 2571 1406 2644 superioris
1445 2569 1700 2642 quinque
1732 2568 2049 2639 semipedes
2092 2568 2154 2621 in

457 2664 599 2719 duos
631 2668 686 2718 et
711 2668 824 2717 tres
846 2661 1224 2728 diviserimus,
1259 2659 1604 2731 posteriores
1628 2661 1820 2711 autem
1850 2660 2065 2727 septem
2092 2655 2153 2710 in

456 2757 569 2807 tres
590 2757 644 2807 et
656 2757 905 2824 quatuor
921 2772 937 2819 ;
952 2755 1270 2822 congruent
1283 2747 1392 2803 sibi
1403 2747 1638 2820 quidem
1661 2745 1950 2818 particulae
1970 2750 2156 2800 terno-

457 2858 589 2896 rum
620 2839 978 2911 semipedum
1007 2855 1019 2892 :
1055 2838 1155 2893 sed
1183 2837 1229 2891 si
1251 2837 1380 2891 duas
1399 2836 1635 2907 reliqua:
1658 2835 1736 2888 ita
1763 2834 2150 2900 convenirent,

455 2934 520 2985 ut
547 2947 664 2984 una
694 2944 893 2985 earum
923 2931 1209 2982 constaret
1238 2942 1354 2980 uno
1385 2923 1696 2996 semipede,
1728 2923 1840 2976 alia
1865 2922 2148 2994 quinque;

454 3019 938 3089 conjungerentur
964 3017 1088 3086 lege
1115 3015 1215 3069 illa
1248 3031 1361 3086 qua
1390 3029 1572 3067 unum
1601 3028 1729 3066 cum
1761 3011 2028 3065 omnibus
2054 3027 2155 3064 nu-

455 3107 626 3162 meris
665 3105 940 3175 conjungi
972 3108 1180 3174 potest,
1215 3109 1272 3158 et
1299 3103 1358 3156 in
1391 3118 1616 3155 summa
1645 3117 1741 3155 sex
1771 3099 2156 3170 ﬁerent,quod

457 3199 589 3247 sunt
614 3193 786 3248 etiam
811 3197 926 3245 tres
961 3196 1017 3244 et
1048 3196 1162 3244 tres
1211 3207 1224 3244 :
1268 3206 1421 3244 nunc
1460 3206 1592 3244 vero
1622 3189 1759 3260 quia
1786 3189 1898 3244 duo
1929 3193 1986 3242 et
2014 3204 2153 3258 qua-

455 3285 587 3335 tuor
608 3279 1291 3344 inveniuntur,summam
1320 3277 1556 3349 quidem
1577 3278 1818 3332 reddent
1839 3276 2150 3343 senarium;

454 3368 552 3423 sed
585 3368 744 3422 nullo
770 3365 1111 3437 aequalitatis
1125 3366 1256 3436 jure
1279 3371 1503 3420 tantum
1527 3366 1717 3419 valent
1739 3364 1852 3418 duo
1876 3369 2155 3435 quantum

454 3462 724 3528 quatuor,
757 3460 820 3510 ut
849 3455 908 3508 in
937 3455 1333 3526 hujuscemodi
1352 3454 1516 3526 quasi
1538 3453 1955 3508 necessitudine
1986 3469 2158 3522 copu-

453 3546 663 3600 lentur.
717 3543 836 3599 Nisi
882 3544 1027 3599 forte
1079 3544 1208 3614 quis
1237 3543 1440 3598 dixerit
1481 3543 1617 3598 satis
1650 3559 1771 3597 esse
1801 3543 1871 3598 ad
1903 3542 2154 3613 aliquam

453 3633 713 3703 regulam
743 3632 1068 3704 parilitatis,
1107 3632 1261 3703 quod
1307 3637 1370 3686 ut
1414 3637 1528 3686 tres
1579 3637 1636 3686 et
1677 3637 1813 3699 tres,
1842 3631 1922 3685 ita
1959 3632 2071 3686 duo
2102 3635 2156 3684 et

452 3727 700 3793 quatuor
729 3739 824 3776 sex
845 3721 1017 3778 fiunt.
1061 3721 1162 3776 Cui
1179 3719 1390 3775 rationi
1410 3719 1851 3792 repugnandum
1873 3736 1989 3773 non
2011 3720 2156 3773 arbi-

451 3815 572 3864 tror
604 3827 616 3864 :
653 3815 737 3864 est
778 3809 932 3864 enim
977 3815 1034 3864 et
1078 3809 1200 3864 haec
1241 3809 1434 3880 aliqua
1481 3807 1796 3880 aequalitas.
1853 3808 1962 3862 Sed
2013 3808 2157 3862 illud

452 3899 667 3952 nollem
717 3902 778 3952 ut
817 3898 1036 3969 majore
1067 3897 1442 3968 congruentia
1467 3898 1724 3968 quinque
1754 3901 1810 3950 et
1838 3901 1951 3950 tres
1981 3913 2156 3968 quam

453 3986 710 4057 quinque
739 3991 794 4040 et
832 3992 1052 4056 septem
1082 3986 1401 4056 semipedes
1422 3985 1813 4039 convenirent.
1844 3985 1966 4038 Non
1999 3985 2155 4039 enim

453 4078 678 4128 tantum
711 4091 921 4128 nomen
967 4080 1051 4128 est
1087 4075 1242 4129 illius
1266 4090 1460 4128 versus
1491 4078 1767 4144 quantum
1797 4073 2066 4139 istorum;
2101 4077 2156 4126 et

461 4162 618 4218 vides
666 4162 726 4217 in
774 4162 874 4217 illo
923 4179 1042 4216 non
1080 4163 1253 4216 modo
1300 4165 1518 4216 tantam
1549 4177 1832 4215 summam
1864 4161 2154 4214 inventam

453 4252 672 4307 collatis
717 4268 833 4306 uno
883 4256 941 4306 et
977 4251 1180 4319 tribus,
1217 4256 1430 4320 quanta
1472 4254 1555 4304 est
1589 4249 1648 4303 in
1675 4249 1896 4303 duobus
1927 4254 1982 4303 et
2011 4249 2151 4303 duo-

456 4341 591 4408 bus;
626 4341 722 4395 sed
768 4340 944 4395 etiam
973 4341 1156 4394 multo
1191 4339 1583 4394 concordiores
1612 4343 1798 4410 partes
1829 4354 1973 4408 esse,
2022 4355 2150 4392 cum

443 4429 778 4500 junguntur
807 4445 989 4483 unum
1019 4433 1075 4481 et
1102 4428 1231 4491 tria,
1264 4432 1498 4498 propter
1516 4427 1671 4480 illam
1705 4416 1872 4480 unius
1893 4443 2022 4480 cum
2053 4443 2155 4480 ca:-

450 4517 588 4571 tcris
625 4516 894 4571 omnibus
923 4516 1181 4571 numeris
1219 4515 1556 4584 amicitiam,
1594 4527 1768 4586 quam
1799 4531 1930 4568 cum
1957 4515 2069 4568 duo
2099 4520 2156 4571 et

451 4610 698 4676 quatuor
727 4606 1084 4676 ecpulantur,
1118 4605 1262 4658 sicut
1290 4604 1351 4658 in
1385 4604 1508 4657 istis
1539 4608 1641 4658 est.
1674 4606 1760 4656 An
1788 4603 1894 4657 tibi
1936 4603 2153 4674 aliquid

451 4693 759 4747 obscurum
789 4696 905 4748 est?
938 4696 1002 4748 D.
1038 4692 1190 4746 Nihil
1219 4707 1478 4762 prorsus.
1507 4690 1614 4745 Sed
1645 4691 1834 4744 nescio
1866 4690 2152 4760 quomodo

451 4797 543 4836 me
571 4781 828 4847 offendit,
870 4781 1024 4852 quod
1065 4781 1160 4834 isti
1203 4779 1414 4834 senarii
1449 4795 1580 4834 cum
1612 4779 1722 4832 sint
1751 4779 2152 4832 celebratiorcs

451 4869 672 4924 caeteris
696 4869 1024 4940 generibus,
1057 4875 1111 4923 et
1140 4869 1527 4940 principatum
1557 4867 1866 4938 quemdam
1895 4867 1956 4920 in
1985 4867 2154 4920 versi-

450 4959 556 5012 bus
586 4958 799 5012 habere
831 4939 1115 5024 dicantur,
1147 4949 1364 5029 aliquid
1394 4957 1454 5010 in
1486 4941 1880 5010 membrorum
1917 4971 2151 5008 concor-

451 5047 544 5101 dia
574 5047 764 5100 minus
792 5045 1028 5113 habent,
1051 5063 1222 5118 quam
1253 5045 1338 5099 illi
1359 5045 1527 5098 fama:
1557 5042 1906 5098 obscurioris
1935 5059 2147 5097 versus.

445 5139 520 5191 Μ.
557 5138 710 5190 Bono
743 5135 934 5190 animo
965 5139 1082 5189 esto
1115 5150 1129 5189 :
1162 5151 1296 5189 nam
1323 5149 1428 5204 ego
1459 5132 1566 5188 tibi
1594 5136 1811 5187 tantam
1841 5131 1902 5185 in
1927 5131 2038 5185 illis
2069 5149 2154 5185 os-

449 5224 682 5278 tendam
703 5223 1089 5292 concordiam,
1117 5227 1391 5294 quantam
1417 5222 1524 5275 soli
1554 5237 1623 5275 ex
1653 5220 1919 5274 omnibus
1943 5220 2151 5275 habere

445 5317 799 5381 meruerunt,
832 5317 895 5367 ut
924 5311 1135 5378 videas,
1176 5327 1296 5365 non
1325 5310 1538 5380 injuria
1576 5325 1671 5363 eos
1701 5325 1821 5363 esse
1851 5309 2145 5379 praelatos.

511 5461 528 5494 ι
561 5460 645 5509 Sic
674 5459 838 5510 Vatic.
878 5474 890 5508 :
926 5458 1273 5522 Conjungens
1305 5459 1626 5522 particulas,
1655 5471 1792 5521 quas
1821 5457 1887 5509 ab
1916 5461 2154 5520 utraque

449 5524 606 5585 parte
635 5523 928 5572 invene-ris.
1025 5522 1094 5585 Μ.

511 5585 531 5617 ²
564 5585 997 5641 Consoctetatem,
1022 5583 1178 5647 juxta
1199 5583 1365 5634 Vatic.
1463 5583 1529 5633 M.

1736 336 1830 390 DE
1868 333 2154 398 MUSIGA,
2197 331 2250 387 S.
2293 332 2676 389 AUGUSTINI

3787 343 3894 398 1156

2261 455 2367 509 Sed
2421 454 2556 526 quia
2584 453 2703 524 ipsa
2738 454 2998 509 tractatio
3029 454 3326 525 aliquanto
3361 461 3446 510 est
3473 456 3704 527 longior,
3732 474 3895 529 quam-

2260 542 2342 596 vis
2372 542 2606 597 omnino
2626 541 2958 613 jucundior,
2983 548 3196 596 restare
3227 542 3392 597 nobis
3416 543 3583 598 debet
3611 551 3900 616 extrema,ut

2261 647 2392 686 cum
2431 631 2499 685 de
2529 631 2767 693 caeteris,
2801 635 3084 702 quantum
3122 631 3255 685 satis
3285 632 3587 700 videbitur,
3628 634 3899 704 disputave-

2261 720 2459 785 rimus,
2499 719 2621 789 jam
2662 719 2821 772 omni
2866 736 3003 773 cura
3043 719 3286 786 liberati,
3319 721 3388 775 ad
3416 721 3622 776 horum
3649 725 3901 778 scrutanda

2261 807 2576 878 penetralia
2619 806 2934 862 veniamus.
2981 811 3042 862 D.
3079 807 3214 862 Mihi
3254 825 3383 862 vero
3431 809 3656 880 placet:
3687 811 3774 865 sed
3806 812 3900 882 jam

2260 897 2465 951 vellem
2499 900 2561 950 ut
2602 895 2708 950 ista
2752 912 2881 966 quae
2910 896 3103 966 priora
3136 896 3512 966 suscepimus,
3543 898 3798 968 explicata
3831 915 3900 952 es-

2263 989 2406 1052 sent,
2448 990 2513 1039 ut
2547 985 2672 1054 jam
2701 983 2841 1038 illud
2875 983 3133 1038 audirem
3176 985 3550 1040 commodius.
3589 988 3661 1041 M.
3703 987 3901 1042 Istorum

2261 1072 2690 1142 comparatione
2739 1088 2868 1142 quas
2915 1077 3046 1126 ante
3087 1072 3483 1140 disseruimus,
3530 1073 3673 1128 ﬁunt
3699 1074 3783 1128 illa
3806 1076 3902 1130 dul-

2262 1161 2414 1214 ciora
2439 1177 2566 1232 quas
2597 1165 2887 1231 exspectas
2899 1203 2912 1216 .

2263 1250 2488 1304 CAPUT
2540 1250 2626 1304 IX.
2686 1278 2759 1289 —
2813 1249 3055 1304 Membra
3115 1249 3442 1319 semipedum
3499 1265 3594 1305 sex
3639 1255 3686 1304 et
3729 1258 3899 1320 septem.

2331 1338 2572 1393 Membra
2616 1338 2943 1407 semipedum
2973 1342 3086 1392 octo
3116 1342 3167 1391 et
3193 1342 3412 1407 septem.
3457 1337 3688 1393 Membra
3727 1341 3900 1407 semipe-

2333 1427 2463 1481 dum
2489 1442 2672 1480 novem
2698 1431 2748 1479 et
2772 1430 2990 1494 septem.

2339 1521 2421 1570 l7.
2454 1517 2614 1570 Nunc
2640 1515 2832 1584 itaque
2859 1515 3177 1582 considera,
3209 1517 3404 1569 utrum
3434 1515 3496 1569 in
3523 1514 3735 1569 duobus
3759 1529 3899 1568 mem-

2263 1603 2379 1659 bris
2412 1620 2658 1675 quorum
2701 1604 2955 1674 primum
2997 1604 3262 1658 exhibeat
3292 1603 3610 1672 semipedes
3648 1619 3751 1669 sex,
3794 1604 3900 1656 alte-

2264 1709 2393 1746 rum
2419 1697 2656 1762 septem,
2689 1691 3007 1762 reperiatur
3035 1707 3101 1745 ea
3117 1691 3430 1762 aequalitas
3459 1696 3524 1745 ut
3551 1690 3658 1746 rite
3685 1707 3790 1745 esse
3812 1706 3900 1743 ver-

2265 1797 2359 1834 sus
2404 1784 2593 1851 queat.
2645 1780 2788 1833 Nam
2833 1783 2966 1850 post
3013 1779 3270 1851 quinque
3300 1785 3356 1834 et
3397 1784 3617 1851 septem
3645 1778 3900 1850 semipedes

2263 1869 2416 1922 hunc
2464 1884 2584 1922 esse
2632 1867 3051 1922 discutiendum
3095 1869 3272 1922 vides.
3319 1869 3502 1939 Hujus
3535 1872 3716 1922 autem
3756 1883 3899 1920 exem-

2262 1959 2425 2026 plum
2455 1960 2538 2010 est
2581 1973 2594 2010 :
2628 1958 2816 2022 Roma,
2857 1972 3009 2010 cerne
3045 1962 3254 2026 quanta
3279 1959 3353 2011 sit
3382 1957 3542 2011 deum
3585 1957 3848 2023 benignitas
3873 1955 3896 2007 ³.

2264 2047 2338 2100 D.
2365 2044 2538 2099 Video
2556 2043 2812 2115 primum
2832 2043 3160 2099 membrum
3187 2059 3354 2108 posse
3384 2044 3446 2098 in
3463 2049 3647 2115 partes
3673 2043 3898 2109 distribui,

2264 2149 2392 2204 quin
2422 2132 2671 2188 habeant
2707 2136 2901 2186 ternos
2941 2131 3277 2203 semipedes,
3325 2133 3640 2188 secundum
3667 2131 3722 2186 in
3747 2135 3838 2186 tres
3859 2134 3898 2184 et

2211 2240 2223 2252 ’
2263 2225 2532 2292 quatuor.
2589 2223 2774 2286 Quare
2819 2220 3028 2289 junctis
3071 2221 3389 2292 aequalibus
3419 2221 3568 2275 ﬁunt
3595 2237 3684 2274 sex
3707 2219 3895 2288 semipe-

2265 2311 2383 2376 des,
2411 2315 2527 2364 tres
2554 2325 2687 2363 vero
2718 2311 2773 2362 et
2801 2312 3048 2379 quatuor
3075 2314 3294 2380 septem
3315 2314 3474 2376 sunt,
3509 2313 3564 2363 et
3587 2325 3696 2362 non
3722 2322 3897 2378 sequan-

2264 2403 2358 2453 tur
2403 2397 2487 2452 illi
2530 2413 2793 2452 numero.
2841 2397 2949 2452 Sed
2997 2397 3044 2452 si
3075 2397 3187 2452 duo
3230 2401 3288 2452 et
3324 2397 3441 2452 duo
3470 2397 3533 2452 in
3569 2413 3633 2452 ea
3657 2400 3796 2467 parte
3827 2395 3897 2448 ubi

2265 2491 2510 2557 quatuor
2554 2491 2704 2553 sunt,
2757 2490 2814 2539 et
2857 2485 2969 2538 duo
3019 2490 3075 2540 et
3111 2502 3294 2540 unum
3336 2486 3396 2539 in
3429 2503 3496 2540 ea
3531 2489 3684 2556 parte
3709 2483 3794 2539 ubi
3817 2489 3898 2536 tres

2265 2579 2414 2642 sunt,
2464 2573 2914 2640 consideremus,
2955 2573 3166 2645 junctis
3208 2574 3472 2644 partibus
3511 2590 3635 2645 quae
3662 2573 3802 2628 binos
3824 2571 3894 2624 ha-

2263 2663 2418 2729 bent,
2477 2662 2544 2716 tit
2583 2678 2809 2715 summa
2857 2661 3227 2732 quaternaria
3277 2679 3290 2716 :
3344 2662 3562 2732 junctis
3611 2666 3778 2715 autem
3817 2658 3895 2711 illis

2264 2768 2509 2824 quarum
2534 2751 2597 2805 in
2621 2767 2738 2806 una
2761 2751 2872 2806 duo
2911 2756 3064 2818 sunt,
3105 2751 3166 2804 in
3201 2751 3312 2805 alia
3343 2767 3552 2821 unum,
3579 2752 3624 2805 si
3651 2749 3797 2805 etiam
3821 2747 3896 2800 ista

2263 2845 2539 2911 tanquam
2569 2839 2684 2893 sint
2704 2843 2949 2910 quatuor
2975 2839 3338 2910 accipiamus,
3371 2845 3607 2911 propter
3633 2838 3780 2893 unius
3801 2850 3895 2889 cum

2264 2927 2484 2983 caeteris
2533 2927 2787 2982 numeris
2833 2927 3219 2994 concordiam,
3253 2933 3380 2982 octo
3431 2927 3599 2982 simul
3639 2926 3780 2988 ﬁunt,
3806 2939 3894 2976 ma-

2265 3017 2467 3088 gisque
2515 3015 2793 3071 excedunt
2839 3031 3125 3070 summam
3169 3015 3480 3084 senariam,
3512 3032 3677 3088 quam
3699 3028 3807 3068 cum
3829 3026 3892 3064 se-

2263 3111 2421 3176 ptem
2449 3105 2718 3159 fuissent.

2339 3197 2422 3248 l8.
2457 3195 2530 3248 M.
2564 3195 2646 3250 Ita
2687 3197 2789 3260 est,
2821 3196 2888 3247 ut
2917 3192 3057 3246 dicis
3090 3209 3104 3246 :
3132 3197 3188 3247 et
3226 3191 3354 3247 ideo
3388 3192 3501 3246 isto
3543 3205 3734 3263 genere
3758 3203 3890 3257 copu-

2264 3280 2496 3336 lationis
2525 3297 2556 3334 a
2587 3281 2712 3350 lege
2745 3297 3014 3335 versuum
3044 3284 3325 3350 separato,
3356 3279 3588 3335 attende
3612 3283 3671 3332 ut
3692 3276 3805 3331 ordo
3824 3290 3891 3345 po-

2265 3370 2457 3439 stulat,
2506 3369 2568 3422 in
2599 3385 2666 3423 ea
2697 3385 2850 3423 nunc
2887 3369 3165 3435 membra,
3199 3385 3451 3440 quorum
3498 3367 3729 3440 primum
3765 3363 3890 3418 habet

2265 3463 2392 3512 octo
2424 3457 2764 3528 semipedes,
2787 3462 3007 3529 septem
3028 3457 3362 3512 secundum.
3385 3459 3503 3511 Ista
3521 3472 3648 3511 vero
3668 3448 3887 3524 copulatio

2264 3546 2437 3601 habet
2458 3546 2611 3616 quod
2640 3545 2972 3617 quaerimus.
3007 3547 3149 3600 Nam
3175 3544 3553 3616 praacedentis
3571 3541 3782 3598 membri
3796 3553 3887 3609 par-

2264 3640 2382 3689 tem
2428 3633 2724 3689 dimidiam
2755 3650 2884 3688 cum
2932 3638 3094 3704 parte
3133 3633 3535 3704 subsequentis
3567 3633 3774 3702 majore,
3799 3640 3887 3697 qua:

2266 3721 2519 3777 dimidias
2550 3721 2811 3793 proxima
2839 3725 2942 3787 est,
2970 3721 3245 3792 jungens,
3279 3722 3555 3792 quoniam
3592 3716 3812 3792 quaterni
3833 3728 3888 3764 se-

2265 3811 2521 3882 mipedes
2550 3815 2702 3876 sunt,
2735 3810 3015 3864 octonarii
3054 3811 3283 3866 numeri
3330 3827 3614 3866 summam
3643 3807 3786 3863 facio.
3814 3804 3886 3856 lle-

2267 3903 2417 3954 stant
2446 3915 2582 3968 ergo
2605 3903 2852 3969 quatuor
2871 3899 3191 3969 semipedes
3215 3900 3284 3954 de
3306 3899 3518 3971 priore,
3542 3905 3649 3954 tres
3667 3897 3728 3951 de
3751 3896 3886 3965 poste-

2264 3987 2417 4041 riore
2457 3987 2739 4040 membro.
2774 3987 2896 4040 Duo
2926 3986 3080 4054 inde,
3114 3994 3170 4042 et
3207 3988 3321 4042 duo
3352 3988 3490 4042 hinc
3519 3983 3761 4058 copulati,
3785 3980 3885 4033 ﬁunt

2266 4080 2529 4146 quatuor.
2584 4076 2706 4129 Duo
2753 4091 2950 4130 rursus
2996 4076 3130 4130 inde
3167 4077 3405 4143 residui,
3439 4083 3496 4131 et
3524 4092 3662 4130 unus
3696 4071 3816 4133 hinc,
3839 4063 3883 4118 ad

2265 4165 2452 4235 legem
2469 4163 2622 4218 illius
2640 4163 3050 4219 convenientiae
3071 4165 3343 4234 copulati,
3364 4169 3511 4236 qua!
3527 4178 3691 4219 unum
3711 4152 3884 4224 relitu

2265 4269 2368 4323 par
2397 4257 2503 4318 est,
2531 4252 2956 4324 quodammodo
2987 4259 3295 4308 sumuntur
3315 4270 3416 4324 pro
3444 4258 3693 4326 quatuor.
3718 4249 3784 4301 Ita
3801 4244 3882 4312 jam

2265 4339 2589 4395 octonarius
2636 4340 2920 4410 superiori
2964 4342 3257 4395 octonario
3296 4342 3574 4412 congruit.
3605 4340 3673 4393 D.
3702 4333 3788 4389 Sed
3817 4341 3886 4382 cur

2263 4431 2435 4501 hujus
2462 4430 2788 4500 exemplum
2839 4445 2955 4484 non
2994 4430 3203 4485 audio?
3233 4433 3309 4486 M.
3346 4429 3490 4494 Quia
3521 4443 3658 4498 saepe
3687 4431 3882 4477 comme-

2262 4524 2552 4574 moratum
2590 4523 2675 4572 est
2709 4535 2720 4571 :
2757 4523 2949 4572 tamen
2980 4535 3051 4572 ne
3088 4535 3189 4573 suo
3223 4520 3346 4573 loco
3375 4516 3789 4590 prretermissum
3811 4519 3883 4575 pu-

2261 4612 2365 4674 tes,
2409 4608 2599 4678 ipsum
2647 4609 2751 4674 est,
2796 4610 2985 4676 Roma,
3029 4610 3216 4676 Roma,
3263 4623 3416 4662 cerne
3445 4610 3642 4676 quanta
3670 4603 3733 4655 sit
3773 4596 3884 4649 deum

2265 4696 2598 4765 benignitas;
2630 4696 2719 4749 vel
2743 4696 2853 4750 hoc
2883 4695 3078 4764 etiam,
3113 4697 3359 4766 Optimus
3391 4697 3569 4751 beatus
3592 4693 3678 4747 ille
3701 4688 3783 4758 qui
3798 4695 3886 4753 ΡΝ·

2263 4787 2349 4838 cut
2381 4786 2611 4853 negotio.

2338 4870 2420 4921 19.
2449 4867 2632 4930 Quare
2657 4867 2778 4938 jam
2806 4866 3022 4937 inspice
3047 4881 3255 4920 novem
3282 4872 3338 4920 et
3360 4869 3572 4936 septem
3599 4853 3884 4927 semipedllm

2262 4954 2700 5021 connexionem,
2724 4956 2886 5026 cujus
2903 4955 3232 5026 exemplum
3254 4961 3370 5010 est:
3401 4957 3498 5010 Vir
3517 4953 3724 5022 optimus
3749 4944 3884 4996 beatus

2261 5045 2354 5098 ille
2383 5045 2478 5112 qui
2505 5045 2694 5113 procul
2721 5047 2950 5111 negotio.
2977 5045 3047 5099 D.
3081 5043 3280 5097 Facilis
3309 5049 3393 5098 est
3419 5039 3640 5112 cognitu
3673 5035 3766 5088 ista
3783 5041 3882 5082 con-

2262 5133 2526 5204 gruentia
2550 5149 2562 5187 :
2584 5133 2847 5204 superius
2869 5131 3022 5187 enim
3044 5132 3370 5187 membrum
3385 5132 3442 5184 in
3465 5115 3883 5200 quatuoretquin—

2260 5236 2394 5292 que,
2427 5220 2712 5292 posterius
2737 5221 2795 5275 in
2827 5226 2939 5275 tres
2962 5226 3018 5275 et
3038 5226 3286 5291 quatuor
3314 5217 3615 5288 semipedes
3643 5205 3879 5265 dividitur-

2327 5333 2432 5396 {In
2463 5333 2541 5391 13.,
2564 5333 2754 5396 Roma,
2785 5333 2965 5396 Roma,
2980 5345 3135 5382 cerne
3153 5337 3358 5396 quanta
3373 5329 3597 5396 sitarum
3615 5318 3879 5396 ῡενμαηίίιξξρ

2261 5377 2754 5456 magisterium;
2785 5377 2965 5454 vasis“;
2985 5377 3179 5454 λδῑίιίαῖ
3191 5377 3352 5443 "an:
3371 5377 3878 5456 priorimembrofff‘o

2261 5409 2402 5442 mala
2432 5409 2740 5504 relpeuuone
2788 5409 2952 5454 VOCIS,
2994 5409 3179 5454 Ito-ma,
3219 5409 3341 5443 nam
3371 5409 3526 5456 ρΠΟΓι
3555 5409 3760 5438 ωειιωιυ
3793 5409 3877 5424 vv"

2261 5457 2855 5542 ΞῖΨῗέῗηῗῗλὲίέἒὲῗάξξν
2890 5453 3549 5542 ΞίῗΡὲῗῗέεἷῗτῗέξῖἷίθξῖῗῖί
3567 5443 3878 5542 ,ἰὲἓῗῗπιηὲῗί

2261 5509 2853 5582 gnat‘explicationiab'
2885 5509 3179 5582 Augustino
3225 5509 3382 5581 paulo
3413 5521 3530 5580 post
3567 5509 3794 5572 subjectus.
3824 5509 3876 5542 31-

2326 5581 2346 5614 '
2367 5579 2522 5641 Quid,
2548 5579 2703 5643 juxta
2730 5579 2896 5630 Vatic.
2974 5579 3062 5630 Μ.
3226 5579 3244 5581 ”
3416 5579 3427 5580 “
3616 5620 3632 5632 .
