4098 6182
196 302 329 353 1157

187 423 325 475 Pars
338 434 476 490 ergo
490 418 799 488 superioris
811 416 1002 471 minor
1012 431 1143 470 cum
1154 418 1316 487 parte
1328 414 1655 487 posterioris
1671 416 1886 487 majore

184 508 509 579 conjuncta,
531 506 891 560 "octonarium
911 520 1218 559 numerum
1238 504 1404 558 facit:
1437 509 1494 558 et
1518 506 1702 575 major
1722 519 1886 573 supe-

186 597 356 650 rioris
377 611 507 650 cum
530 595 751 649 minore
779 593 1133 665 posterioris,
1164 594 1303 647 item
1334 594 1721 659 octonarium;
1752 608 1886 646 nam

182 686 282 739 illa
331 685 654 754 conjunctio
698 689 782 738 est
813 688 1063 754 quatuor
1100 687 1156 736 et
1193 685 1462 753 quatuor,
1496 681 1601 735 ista
1632 681 1886 752 quinque

182 778 239 827 et
267 778 382 826 tres
408 772 748 842 semipedes.
784 773 901 825 Huc
932 771 1163 837 accedit,
1199 770 1353 840 quod
1386 769 1641 840 quinque
1680 769 1742 821 in
1771 768 1885 823 duo

187 866 243 914 et
268 866 380 915 tres
410 860 747 931 semipedes,
779 864 893 913 tres
926 864 1119 913 autem
1148 858 1210 911 in
1240 858 1353 912 duo
1382 863 1438 911 et
1466 873 1649 912 unum
1673 856 1720 910 si
1750 856 1887 910 divi-

186 949 325 1002 seris
353 952 591 1020 apparet
626 947 739 1001 alia
776 946 1168 1001 convenientia
1198 946 1445 1000 duorum
1474 961 1605 1000 cum
1643 945 1883 1011 duobus,

189 1042 244 1091 et
266 1037 435 1091 unius
456 1053 587 1091 cum
606 1036 808 1104 tribus,
832 1034 968 1106 quia
994 1050 1173 1088 unum
1192 1050 1322 1088 cum
1344 1034 1611 1088 omnibus
1630 1032 1886 1087 numeris

185 1125 450 1212 superius
478 1129 927 1179 commemorata
966 1124 1091 1194 lege
1138 1122 1443 1177 confertur.
1478 1122 1589 1177 Sed
1639 1121 1748 1175 nisi
1794 1138 1885 1175 me

185 1210 335 1269 ratio
364 1213 527 1277 fallit,
557 1212 700 1267 nihil
731 1216 907 1268 restat
943 1212 1183 1267 ulterius
1213 1212 1367 1283 quod
1396 1211 1464 1267 de
1495 1210 1886 1265 membrorum

186 1301 553 1371 copulatione
590 1300 986 1371 requiramus:
1029 1300 1151 1370 jam
1198 1299 1355 1353 enim
1384 1299 1454 1353 ad
1493 1304 1617 1353 octo
1646 1312 1885 1368 perven-

186 1394 313 1445 tum
344 1393 427 1443 est
450 1389 642 1458 pedes,
680 1405 853 1459 quem
882 1404 1188 1442 numerum
1218 1386 1426 1454 versui,
1455 1387 1601 1441 sicut
1626 1385 1761 1439 satis
1791 1401 1886 1437 co-

189 1477 513 1550 gnovimus,
541 1493 660 1531 non
698 1477 779 1530 fas
816 1482 902 1530 est
939 1476 1230 1529 excedere.
1262 1476 1446 1539 Quare
1478 1478 1599 1546 jam
1630 1490 1755 1544 age,
1787 1473 1887 1527 illa

191 1565 552 1621 seuariorum
582 1580 851 1619 versuum
885 1564 1097 1618 heroici
1129 1568 1186 1618 et
1214 1563 1445 1618 iambici
1473 1565 1561 1618 vel
1588 1561 1881 1629 trochaici,

191 1672 305 1726 quo
336 1654 716 1709 intentionem
736 1670 924 1708 meam
950 1658 1007 1707 et
1027 1653 1286 1707 excitasti
1306 1657 1363 1707 et
1385 1651 1676 1719 distulisti,
1700 1651 1885 1721 pande

190 1747 425 1798 secreta.

188 1832 418 1887 CAPUT
472 1832 532 1885 Χ.
601 1859 666 1871 -
708 1831 793 1884 De
838 1831 1176 1884 seuariorum
1230 1843 1481 1883 versuum
1530 1828 1883 1882 excellentia:

261 1936 346 1975 eos
377 1920 773 1974 decentissimas
819 1934 926 1973 non
954 1933 1085 1987 esse,
1124 1919 1237 1973 nisi
1286 1918 1369 1971 υει
1415 1917 1616 1971 heroici
1656 1917 1767 1970 sint
1797 1916 1889 1984 vel

262 2010 506 2063 iambici.

263 2098 352 2149 20.
394 2097 469 2149 Μ.
503 2093 749 2163 Faciam,
790 2092 908 2147 imo
956 2092 1124 2148 faciet
1172 2093 1295 2163 ipsa
1349 2091 1515 2157 ratio,
1566 2106 1695 2161 qua
1745 2089 1889 2145 mihi

187 2182 413 2253 tibique
441 2180 760 2236 communis
783 2185 885 2235 est.
916 2180 1024 2235 Sed
1055 2180 1460 2247 meministine,
1495 2195 1711 2250 quaso,
1757 2194 1888 2232 cum

188 2285 495 2341 ageremus
522 2268 591 2322 de
626 2267 845 2333 metris,
878 2267 1083 2321 dixisse
1113 2284 1218 2322 nos
1249 2273 1307 2321 et
1335 2267 1460 2338 ipso
1491 2282 1661 2321 sensu
1691 2266 1889 2320 admo-

190 2360 335 2415 dum
382 2358 671 2428 probasse,
704 2355 832 2410 illos
874 2356 1048 2426 pedes
1078 2372 1323 2427 quorum
1362 2361 1553 2425 partes
1584 2355 1650 2409 ad
1683 2370 1890 2425 sesqua

189 2447 558 2512 conveniunt,
590 2445 705 2499 sive
748 2444 810 2498 in
841 2444 1062 2499 duobus
1096 2450 1150 2499 et
1183 2444 1382 2511 tribus,
1424 2449 1488 2499 ut
1526 2448 1612 2499 est
1650 2445 1890 2497 creticus

188 2536 282 2591 vel
304 2551 553 2605 paones,
576 2534 693 2588 sive
718 2533 778 2587 in
798 2532 981 2587 tribus
1000 2537 1055 2586 et
1076 2538 1340 2603 quatuor,
1364 2536 1426 2586 ut
1448 2531 1685 2602 epitriti,
1708 2532 1888 2585 exclu-

189 2640 288 2677 sos
310 2640 342 2676 a
367 2621 551 2693 poetis
574 2620 812 2692 propter
841 2620 1079 2675 minoris
1108 2619 1418 2674 venustatis
1439 2636 1666 2687 sonum,
1691 2621 1891 2673 soluta

189 2709 472 2763 orationis
501 2710 857 2763 severitatem
889 2709 1155 2763 decorare
1184 2708 1614 2779 congruentius,
1644 2724 1774 2761 cum
1803 2708 1891 2760 his

189 2798 465 2853 clausula
494 2796 882 2868 colligantur?
910 2798 983 2852 D.
1023 2797 1253 2852 Memini
1279 2814 1292 2851 :
1335 2797 1432 2851 sed
1462 2812 1734 2867 quorsum
1775 2796 1893 2850 hac

188 2886 496 2958 spectant?
522 2891 593 2942 Μ.
637 2884 919 2949 Quoniam
955 2885 1100 2941 illud
1129 2886 1256 2939 volo
1286 2884 1446 2955 prius
1478 2884 1887 2955 intelligamus,

189 2970 586 3046 hujuscemodi
603 2974 844 3045 pedibus
866 2991 897 3028 a
917 2978 1218 3044 poetarum
1236 2972 1575 3028 tractatione
1600 2973 1888 3044 sejunctis,

193 3080 317 3117 non
339 3079 654 3130 remanere,
678 3062 785 3117 nisi
810 3079 906 3116 eos
926 3062 1134 3133 quibus
1151 3062 1219 3116 ad
1241 3062 1620 3128 tantumdem,
1644 3066 1707 3115 ut
1727 3078 1895 3132 spon-

193 3152 337 3207 deus
363 3157 487 3219 est;
517 3155 615 3206 aut
645 3166 743 3205 eos
773 3150 982 3222 quibus
1013 3150 1083 3206 ad
1111 3150 1373 3222 duplum,
1404 3154 1469 3204 ut
1496 3151 1758 3217 iambus;
1792 3154 1893 3204 aut

196 3257 296 3295 eos
338 3240 547 3310 quibus
587 3239 657 3294 ad
686 3243 995 3310 utrumque
1022 3243 1213 3309 partes
1239 3239 1602 3304 conveniunt,
1633 3242 1697 3293 ut
1726 3238 1892 3292 chor-

192 3329 443 3383 iambus.
475 3331 539 3382 D.
587 3329 670 3382 Ita
701 3332 804 3382 est.
834 3332 905 3383 Μ.
937 3330 1009 3381 At
1038 3327 1084 3381 si
1114 3327 1235 3382 hac
1265 3332 1350 3381 est
1378 3332 1682 3397 poetarum
1716 3330 1894 3381 mate-

192 3417 332 3483 ries,
362 3420 417 3470 et
449 3416 633 3470 soluta
661 3416 842 3469 oratio
870 3414 1126 3469 versibus
1155 3415 1385 3469 inimica
1416 3419 1521 3482 est,
1556 3431 1673 3469 non
1702 3431 1895 3469 versus

192 3507 353 3560 ullus
380 3504 491 3558 nisi
520 3521 588 3559 ex
613 3504 719 3558 hoc
749 3520 959 3575 genere
988 3504 1201 3575 pedum
1228 3504 1524 3559 faciendus
1552 3508 1658 3558 est.
1688 3504 1762 3558 D.
1793 3505 1894 3558 As-

194 3594 431 3650 sentior.
464 3593 639 3648 Video
670 3593 825 3647 enim
854 3598 1120 3664 poemata
1146 3592 1402 3648 versibus
1429 3609 1602 3664 quam
1643 3591 1768 3646 aliis
1808 3593 1895 3663 ly-

195 3682 453 3736 ricorum
491 3686 792 3751 poetarum
836 3680 1034 3734 metris
1070 3680 1197 3735 ﬁeri
1225 3680 1554 3752 grandiora,
1586 3680 1685 3735 sed
1711 3679 1898 3734 adhuc

197 3787 318 3842 qua
347 3770 488 3824 ratio
517 3769 625 3823 ista
644 3769 857 3835 tendat,
885 3768 1109 3840 ignoro.

270 3861 360 3912 21.
388 3860 463 3914 Μ.
501 3860 580 3913 Ne
608 3874 853 3928 propera
877 3873 890 3911 :
925 3858 1284 3929 disputamus
1310 3856 1465 3911 enim
1494 3857 1611 3927 jam
1632 3857 1701 3912 de
1731 3873 1897 3911 sena-

195 3946 418 4001 riorum
456 3962 726 4001 versuum
758 3947 1109 4014 excellentia,
1153 3951 1209 4001 et
1255 3946 1414 4018 prius
1458 3946 1559 4000 tibi
1596 3945 1763 4017 cupio
1796 3947 1896 4001 de-

195 4039 541 4104 monstrare,
596 4034 644 4088 si
698 4040 913 4106 potero,
967 4035 1396 4090 decentissimos
1454 4034 1727 4103 senarios,
1789 4032 1897 4088 nisi

198 4126 451 4180 duorum
472 4124 713 4179 istorum
730 4140 1006 4195 generum
1023 4141 1142 4179 esse
1162 4140 1279 4178 non
1292 4139 1481 4195 posse,
1495 4139 1625 4194 qua
1638 4123 1900 4177 omnium

196 4213 377 4268 etiam
403 4217 535 4267 sunt
564 4211 957 4278 celeberrima,
982 4228 1229 4282 quorum
1262 4226 1445 4265 unum
1470 4215 1555 4264 est
1581 4210 1897 4275 heroicum,

198 4306 289 4370 ut,
321 4305 500 4356 Arma
550 4304 834 4371 virumque
863 4316 1017 4367 cano,
1063 4301 1235 4368 Troja
1277 4302 1374 4368 qui
1410 4300 1625 4369 primus
1668 4300 1735 4353 ab
1767 4300 1896 4365 oris,

197 4390 361 4462 quod
392 4406 526 4444 usus
557 4391 794 4444 metitur
823 4389 1078 4460 spondeo
1110 4394 1166 4442 et
1193 4388 1437 4458 dactylo,
1467 4387 1728 4441 subtilior
1756 4387 1901 4442 ratio

195 4476 461 4548 spondeo
491 4481 547 4531 et
591 4481 883 4547 anapaesto
912 4492 924 4531 :
962 4477 1208 4531 alterum
1238 4476 1395 4547 quod
1423 4474 1733 4529 iambicum
1763 4474 1900 4529 dici-

199 4572 321 4631 tur,
346 4565 615 4620 eteadem
633 4565 850 4620 ratione
872 4565 1163 4619 invenitur
1180 4562 1552 4618 trochaicum.
1575 4563 1717 4617 Nam
1734 4562 1901 4617 credo

194 4654 313 4710 tibi
345 4654 711 4709 manifestum
758 4670 880 4708 esse
921 4652 1105 4724 longis
1143 4652 1393 4723 syllabis,
1433 4650 1546 4705 nisi
1574 4651 1773 4705 breves
1811 4652 1903 4705 iu-

192 4749 603 4814 terponantur,
634 4743 876 4798 obtundi
905 4743 1154 4814 quodam
1182 4741 1353 4796 modo
1375 4740 1559 4811 spatia
1587 4757 1896 4795 sonorum:

194 4834 346 4888 item
389 4832 501 4886 nisi
528 4832 793 4887 brevibus
825 4833 1033 4902 longa,
1067 4830 1239 4885 nimis
1267 4830 1491 4883 concisa
1520 4834 1575 4884 et
1604 4829 1768 4901 quasi
1796 4834 1904 4884 tre-

106 4979 114 4988 ,
193 4920 363 4976 mula
382 4920 506 4975 fieri
529 4937 542 4987 ;
567 4925 772 4975 neutra
796 4936 915 4974 esse
938 4923 1277 4991 temperata,
1299 4917 1558 4989 quamvis
1579 4923 1904 4987 temporum

197 5008 532 5081 aqualitate
562 5024 729 5063 aures
758 5008 1036 5078 impleant
1063 5006 1102 5063 ‘.
1129 5007 1511 5072 Quamobrem
1539 5022 1643 5060 nec
1671 5006 1756 5059 illi
1785 5023 1905 5060 ver-

197 5114 302 5153 sus
343 5096 441 5168 qui
490 5113 589 5152 sex
635 5096 1012 5168 pyrrhichios,
1045 5100 1100 5151 et
1136 5112 1230 5150 sex
1265 5093 1774 5166 proceleumaticos
1801 5094 1903 5147 ha-

194 5188 364 5253 bent,
409 5186 662 5257 aspirant
690 5186 763 5240 ad
798 5184 1012 5240 heroici
1040 5184 1402 5255 dignitatem,
1434 5198 1540 5237 nec
1570 5181 1655 5236 illi
1685 5182 1754 5236 ad
1784 5186 1905 5236 tro-

194 5275 388 5331 chaici
416 5275 517 5346 qui
559 5291 656 5330 sex
700 5275 1022 5330 tribrachos
1050 5275 1283 5329 habent.
1331 5275 1452 5327 Huc
1488 5272 1720 5336 accedit,
1771 5272 1905 5343 quia

193 5364 265 5417 in
295 5362 422 5416 istis
453 5379 597 5433 quos
629 5362 849 5417 cateris
892 5362 1017 5433 ipsa
1043 5361 1188 5416 ratio
1219 5361 1529 5432 praponit,
1570 5359 1618 5414 si
1646 5360 1905 5415 membra

196 5454 609 5524 praposteres,
644 5455 830 5506 totum
860 5450 943 5505 ita
964 5450 1432 5517 commutabitur,
1465 5453 1528 5505 ut
1554 5448 1697 5504 alios
1727 5450 1903 5505 etiam

275 5576 288 5610 ι
318 5572 663 5635 Impleantur,
687 5572 841 5637 juxta
868 5572 1028 5623 V’atic.
1096 5572 1163 5622 M.

1650 292 1865 349 LIBER
1901 290 2227 358 QUINTUS.

3558 304 3693 356 1158

1994 414 2167 485 pedes
2192 414 2506 469 necessario
2536 416 2862 472 metiamur.
2890 420 3086 489 Itaque
3111 421 3695 495 inconversibiliores,

1997 510 2061 558 ut
2087 504 2168 558 ita
2197 504 2403 572 dicam,
2446 510 2579 560 sunt
2615 522 2789 576 quam
2838 507 2920 562 illi
2961 509 3061 580 qui
3105 514 3203 564 aut
3251 512 3516 566 omnibus
3564 515 3694 569 bre-

1999 591 2179 655 vibus,
2213 598 2313 646 aut
2335 593 2523 664 longis
2543 594 2811 649 omnibus
2840 602 3118 652 constant.
3145 600 3209 653 Et
3231 598 3358 655 ideo
3384 600 3499 655 sive
3531 602 3698 672 quin-

1997 696 2109 750 que
2148 685 2203 734 et
2243 686 2483 751 septem,
2518 681 2635 736 sive
2674 688 2891 753 septem
2921 690 2975 739 et
3015 685 3269 757 quinque
3308 688 3696 759 semipedibus

1996 769 2260 822 membra
2311 769 2373 823 in
2418 769 2507 823 his
2554 772 3052 841 temperatioribus
3099 775 3495 844 ordinentur',
3551 778 3693 832 nihil

2000 854 2269 911 interest:
2311 862 2514 911 neutro
2545 857 2701 912 enim
2739 860 2949 913 horum
2990 861 3191 915 ordine
3221 864 3474 919 converti
3501 881 3695 920 versus

1994 948 2183 1014 potest
2212 944 2335 998 sine
2364 950 2522 999 tanta
2551 948 3021 1015 commutatione,
3054 954 3118 1002 ut
3145 949 3269 1003 aliis
3299 951 3539 1020 pedibus
3568 969 3692 1007 cur-

1995 1048 2121 1086 rere
2159 1032 2437 1090 videatur.
2474 1035 2537 1090 In
2565 1034 2675 1089 illis
2716 1041 2905 1090 autem
2937 1036 2984 1090 si
3013 1053 3243 1092 carmen
3290 1045 3540 1110 captum
3589 1042 3697 1095 erit

1999 1120 2202 1174 talibus
2227 1122 2501 1189 versibus,
2525 1139 2771 1193 quorum
2798 1125 2990 1194 priora
3010 1127 3268 1181 membra
3296 1127 3505 1198 quinos
3526 1130 3693 1184 semi-

1996 1209 2168 1278 pedes
2207 1209 2474 1275 habeant,
2520 1226 2641 1265 non
2672 1217 2931 1282 oporteat
2960 1230 3054 1267 eos
3100 1214 3337 1269 miscere
3381 1217 3440 1270 in
3486 1218 3695 1288 quibus

1998 1297 2219 1367 septeni
2238 1298 2457 1367 priores
2480 1304 2630 1365 sunt,
2665 1316 2735 1354 ne
2758 1301 2879 1370 jam
2910 1301 3077 1355 liceat
3104 1319 3301 1357 omnes
3329 1310 3691 1360 convertere:

1996 1401 2111 1438 non
2141 1386 2296 1439 enim
2322 1402 2355 1439 a
2383 1387 2749 1441 conversione
2784 1394 3009 1442 revocat
3037 1391 3151 1443 ulla
3186 1392 3399 1460 pedum
3437 1409 3694 1447 commu-

1996 1471 2158 1525 tatio.
2190 1473 2297 1527 Sed
2328 1478 2518 1527 tamen
2563 1474 2807 1528 heroicis
2834 1476 3162 1530 conceditur
3187 1479 3471 1546 spondeos
3501 1497 3697 1534 omnes

1995 1558 2286 1614 rarissime
2331 1560 2715 1630 interponere,
2760 1562 2913 1631 quod
2956 1562 3191 1633 quidem
3233 1565 3515 1633 posterior
3560 1572 3697 1620 atas

1996 1648 2117 1701 hac
2157 1653 2350 1702 nostra
2387 1648 2627 1703 minime
2669 1650 2947 1719 probavit.
2999 1652 3321 1705 Trochaicis
3356 1661 3545 1707 autem
3583 1654 3699 1709 sive

1996 1734 2278 1804 iambicis,
2306 1753 2435 1791 cum
2460 1737 2667 1807 pedem
2696 1738 3045 1793 tribrachum
3077 1739 3334 1810 quolibet
3362 1742 3483 1795 loco
3514 1742 3697 1796 inter-

1997 1839 2211 1893 ponere
2235 1824 2419 1892 liceat,
2450 1826 2659 1880 habere
2688 1830 2882 1881 tamen
2912 1828 2972 1881 in
3001 1828 3401 1897 hujuscemodi
3429 1830 3697 1884 carmini-

1996 1911 2103 1966 bus
2134 1928 2359 1967 versum
2403 1913 2655 1967 solutum
2699 1913 2759 1968 in
2799 1930 2997 1969 omnes
3036 1916 3253 1985 breves,
3301 1918 3699 1988 turpissimum

1990 2000 2311 2070 judicatum
2338 2004 2443 2055 est.

2068 2092 2157 2143 22.
2190 2089 2445 2145 Remotis
2470 2089 2649 2160 igitur
2678 2090 2919 2161 epitritis
2950 2092 3191 2162 pedibus
3217 2110 3250 2146 a
3276 2093 3401 2164 lege
3430 2110 3698 2150 versuum

1999 2177 2241 2244 senaria,
2272 2194 2388 2258 non
2419 2178 2606 2231 solum
2641 2178 2796 2249 quod
2828 2180 3029 2234 soluta
3058 2180 3302 2235 orationi
3340 2187 3476 2236 sunt
3504 2184 3698 2254 aptio-

1996 2282 2088 2322 res
2119 2282 2319 2321 verum
2364 2266 2538 2322 etiam
2571 2267 2727 2338 quod
2761 2266 2808 2321 si
2841 2282 2934 2321 sex
2966 2268 3199 2335 fuerint,
3234 2268 3471 2340 triginta
3492 2275 3550 2325 et
3588 2272 3703 2327 duo

1999 2359 2262 2425 tempora
2309 2354 2612 2422 excedunt,
2660 2354 2807 2409 sicut
2856 2355 3189 2426 dispondei;
3240 2358 3472 2412 remotis
3530 2359 3701 2414 etiam

2000 2443 2241 2514 quinum
2260 2448 2582 2514 temporum
2610 2444 2875 2514 pedibus,
2906 2445 3059 2515 quod
3083 2444 3192 2499 sibi
3220 2460 3319 2500 eos
3344 2446 3609 2502 libentius
3632 2448 3698 2502 ad

2000 2532 2280 2587 clausulas
2306 2531 2614 2586 vindicavit
2641 2532 2853 2599 oratio;
2878 2533 3139 2587 molossis
3158 2533 3297 2588 item
3325 2538 3380 2588 et
3404 2535 3533 2591 aliis
3561 2541 3706 2589 tem-

2000 2636 2208 2690 porum
2237 2636 2458 2686 senum,
2493 2620 2752 2691 quamvis
2782 2620 2842 2675 in
2868 2621 3151 2690 poematis
3193 2623 3589 2677 venustissime
3620 2625 3703 2678 vi-

2002 2714 2193 2779 geant,
2225 2709 2294 2762 ab
2326 2710 2433 2762 hoc
2453 2709 2521 2762 de
2549 2725 2663 2779 quo
2693 2725 2845 2763 nunc
2874 2709 3096 2781 agimus
3119 2726 3358 2765 numero
3380 2716 3704 2783 temporum

2004 2797 2278 2863 exclusis;
2307 2801 2527 2851 restant
2551 2814 2747 2851 versus
2768 2797 3028 2852 omnium
3052 2798 3309 2852 brevium
3333 2800 3703 2869 syllabarum,

2004 2886 2105 2956 qui
2133 2886 2221 2940 vel
2250 2885 2608 2957 pyrrhichios
2629 2888 2713 2939 vel
2737 2885 3247 2956 proceleumaticos
3276 2888 3362 2941 vel
3391 2888 3706 2943 tribrachos

2003 2974 2236 3041 habent,
2259 2978 2316 3028 et
2343 2974 2603 3028 omnium
2620 2975 2926 3046 longarum
2943 2975 3043 3045 qui
3063 2975 3370 3045 spondeos.
3399 2976 3505 3040 Qui
3524 2993 3705 3048 quan-

2004 3078 2179 3134 quam
2210 3062 2583 3117 admittantur
2607 3063 2676 3117 ad
2705 3062 2994 3117 senarium
3020 3064 3275 3131 modum,
3330 3064 3593 3135 dignitati
3624 3070 3709 3119 ta-

2004 3167 2136 3204 men
2165 3155 2224 3204 et
2247 3150 2652 3221 temperationi
2693 3152 2904 3206 horum
2936 3151 3036 3222 qui
3079 3152 3351 3207 brevibus
3407 3153 3708 3225 longisque

2004 3239 2334 3308 variantur;
2367 3244 2423 3294 et
2448 3239 2519 3293 ob
2550 3241 2657 3295 hoc
2689 3240 2872 3295 multo
2917 3240 3108 3295 minus
3155 3242 3407 3297 converti
3447 3248 3706 3313 possunt,

2005 3327 2209 3381 cedant
2237 3344 2466 3382 necesse
2490 3332 2591 3383 est.

2043 3418 2267 3471 CAPUT
2293 3418 2382 3471 ΧΙ.
2407 3447 2475 3456 -
2505 3418 2724 3473 Senarii
2744 3418 3007 3485 quomodo
3042 3419 3368 3473 commodius
3392 3420 3668 3473 metiendi.

2076 3507 2166 3558 23.
2200 3504 2310 3558 Sed
2339 3504 2521 3574 quari
2559 3508 2747 3575 potest
2800 3520 2902 3559 cur
2931 3504 3195 3559 meliores
3228 3521 3424 3559 versus
3473 3506 3710 3577 judicati

2008 3592 2122 3646 sint
2153 3591 2386 3661 senarii,
2413 3592 2474 3645 in
2505 3592 2712 3663 quibus
2765 3597 3119 3663 anapastum
3173 3594 3396 3647 subtilis
3439 3594 3537 3648 illa
3564 3594 3708 3648 ratio

2008 3680 2263 3746 metitur,
2306 3685 2361 3734 et
2378 3679 2420 3733 ii
2440 3679 2500 3733 in
2529 3679 2736 3750 quibus
2763 3681 3077 3735 trochaeum
3107 3700 3122 3748 ;
3153 3698 3324 3752 quam
3350 3682 3396 3735 si
3417 3682 3706 3753 dactylum

2009 3769 2108 3837 ibi,
2138 3774 2193 3823 et
2219 3768 2311 3823 hic
2339 3768 2595 3822 iambum
2626 3768 2945 3823 metiretur.
3000 3769 3131 3824 Sine
3187 3770 3521 3841 prajudicio
3553 3771 3708 3825 enim

2009 3858 2326 3925 sententia,
2358 3857 2627 3928 quoniam
2658 3873 2811 3911 nunc
2838 3858 2906 3912 d‘e
2946 3859 3201 3914 numeris
3230 3859 3473 3929 agimus,
3508 3859 3555 3912 si
3585 3875 3707 3913 ver-

2010 3964 2105 4001 sus
2134 3947 2212 4001 ita
2241 3955 2388 4001 esset
2416 3962 2427 4000 :
2466 3946 2638 4015 Troja
2668 3949 2765 4015 qui
2782 3948 2995 4015 primus
3018 3947 3085 4001 ab
3116 3949 3225 4001 oris
3247 3964 3402 4002 arma
3426 3950 3711 4017 virumque

2008 4051 2160 4101 cano,
2190 4036 2278 4089 vel
2306 4035 2376 4089 de
2406 4034 2505 4088 illo
2551 4050 2796 4104 genere:
2834 4036 2938 4101 Qui
2958 4038 3151 4105 procul
3174 4039 3315 4091 malo
3356 4040 3486 4107 pius
3527 4038 3710 4092 beatus

2010 4126 2136 4190 ille;
2168 4129 2411 4193 uterque
2441 4123 2651 4176 horum
2690 4139 2795 4177 nec
2823 4123 3016 4177 minus
3066 4123 3324 4177 senarius
3380 4128 3543 4183 esset,
3607 4141 3709 4178 nec

2010 4213 2200 4266 minus
2213 4212 2472 4266 brevium
2488 4212 2904 4282 longarumque
2928 4212 3207 4283 syllabaru
3219 4227 3273 4265 m
3296 4211 3707 4281 temperatione

2010 4301 2364 4362 moderatus,
2392 4314 2496 4352 nec
2525 4298 2708 4369 magis
2729 4300 2982 4354 converti
3002 4304 3265 4369 poterat;
3302 4306 3357 4353 et
3385 4299 3445 4352 in
3467 4303 3706 4369 utroque

2012 4388 2270 4442 membra
2293 4387 2370 4441 ita
2401 4386 2662 4442 ordinata
2691 4392 2841 4452 sunt,
2877 4394 2940 4442 ut
2967 4394 3021 4442 et
3050 4388 3108 4441 in
3140 4387 3341 4459 quinto
3368 4392 3423 4441 et
3452 4387 3512 4441 in
3533 4387 3707 4458 septi-

2012 4492 2107 4535 mo
2163 4475 2453 4545 semipede
2504 4493 2636 4546 pars
2692 4477 2968 4532 orationis
3018 4476 3389 4531 terminetur:
3440 4492 3541 4530 cur
3572 4492 3706 4546 ergo

2012 4563 2281 4618 meliores
2312 4563 2434 4619 istis
2464 4568 2759 4635 putentur,
2794 4565 2842 4619 si
2868 4565 3056 4636 potius
3112 4565 3190 4618 ita
3244 4565 3375 4633 sint,
3408 4565 3581 4620 Arma
3621 4568 3705 4620 vi-

2010 4668 2237 4720 rumque
2259 4668 2409 4720 cano,
2438 4655 2615 4723 Troja
2641 4658 2738 4724 qui
2762 4657 2975 4723 primus
3018 4654 3086 4707 ab
3120 4656 3251 4707 oris.
3290 4656 3485 4709 Beatus
3504 4656 3594 4709 ille
3614 4658 3710 4724 qui

2007 4742 2198 4811 procul
2219 4744 2348 4810 pius
2368 4744 2507 4797 malo
2532 4743 2560 4798 ?
2590 4744 2657 4796 In
2679 4758 2791 4813 qua
2814 4742 3135 4812 quastione
3163 4742 3384 4797 facilius
3415 4749 3471 4798 et
3499 4744 3707 4814 procli-

2010 4830 2135 4885 vius
2165 4829 2406 4884 dixerim
2435 4831 2580 4884 forte
2612 4829 2887 4896 evenisse,
2916 4833 2981 4883 ut
3008 4829 3103 4884 isti
3132 4830 3293 4901 prius
3348 4832 3705 4887 animadver-

2013 4923 2273 4973 terentur
2304 4923 2359 4972 et
2390 4919 2943 4989 frequentarentur’;
2979 4923 3076 4972 aut
3106 4919 3151 4972 si
3186 4919 3241 4973 id
3271 4936 3388 4974 non
3418 4920 3708 4975 estfortui-

2013 5012 2160 5075 tum,
2190 5007 2395 5060 melius
2425 5006 2593 5061 credo
2624 5005 2811 5059 visum
2838 5006 3032 5074 fuisse,
3089 5011 3150 5062 ut
3196 5008 3456 5063 heroicus
3488 5009 3709 5064 duabus

2018 5095 2233 5165 longis,
2267 5111 2440 5166 quam
2498 5094 2719 5149 duabus
2749 5094 3017 5150 brevibus
3048 5101 3105 5150 et
3135 5096 3305 5167 longa
3325 5097 3706 5165 clauderetur,

2016 5184 2170 5255 quod
2202 5183 2263 5237 iu
2294 5182 2479 5253 longis
2514 5198 2679 5237 aures
2694 5184 3431 5256 commodiusacquiescunt
3454 5185 3583 5239 :ille
3608 5201 3709 5237 au-

2016 5278 2130 5326 tem
2154 5272 2298 5325 alter
2321 5270 2381 5324 in
2415 5270 2573 5324 ﬁnali
2602 5270 2891 5341 semipede
2946 5273 3175 5343 longam
3208 5272 3481 5343 syllabam
3519 5271 3710 5342 potius

2014 5359 2252 5415 haberet
2280 5375 2453 5429 quam
2482 5360 2733 5413 brevem.
2793 5360 2901 5414 Res
2929 5360 3171 5430 fquidem
3204 5361 3282 5413 sic
3313 5376 3370 5414 se
3405 5360 3595 5425 habet,
3650 5365 3713 5413 ut

2079 5451 2094 5484 ί
2129 5449 2618 5511 Temperationibus
2643 5448 2980 5507 ordinentur,
3007 5449 3161 5511 juxta
3190 5448 3354 5511 Vatic.
3422 5449 3490 5503 Μ,

2018 5512 2099 5624 La?
2109 5510 2290 5623 6133.,
2312 5514 2414 5623 agit
2439 5510 2936 5576 ﬁ'equentarentur.
2965 5510 3128 5561 vatio.
3148 5511 3304 5560 etMs.
3330 5510 3449 5568 A,et
3468 5510 3707 5575 frequen-

2082 5587 2108 5621 l'
2137 5588 2154 5620 1
2243 5586 2285 5621 I‘.
2411 5606 2421 5619 .
