4098 6182
383 302 515 354 1159

376 420 722 490 quicumque
750 417 956 470 horum
978 415 1198 485 priores
1218 412 1584 482 eligerentur,
1608 410 1924 464 necessario
1948 409 2072 463 aliis

376 507 666 560 auferrent
702 506 910 570 locum,
953 502 1052 574 qui
1095 499 1366 555 membris
1405 499 1610 553 iisdem
1651 497 2073 569 prteposteratis

377 595 498 649 lieri
529 597 776 664 possent.
827 591 1097 654 Quocirca
1121 590 1167 642 si
1205 588 1411 642 melior
1443 587 1733 657 judicatus
1780 591 1882 652 est,
1910 587 2072 656 cujus

377 682 703 750 exemplum
726 683 828 745 est,
859 680 1033 732 Arma
1054 678 1337 744 virumque
1360 691 1511 742 cano,
1542 676 1712 743 Τιθορω
1742 677 1838 742 qni
1856 677 2072 743 primus

375 770 442 823 ab
475 773 613 834 oris;
637 767 826 835 inepte
841 765 959 834 jam
981 765 1143 817 tieret
1167 763 1276 816 isto
1303 778 1572 816 converso
1598 763 1754 816 aliud
1775 777 1977 832 genus,
2000 760 2072 813 si-

376 857 494 912 cuti
523 861 625 921 est,
659 855 826 922 Trojas
855 854 951 922 qui
967 855 1178 921 primus
1203 852 1272 904 ab
1291 853 1422 917 oris,
1446 866 1601 904 arma
1615 852 1896 918 virumque
1917 865 2067 904 cano.

375 943 535 1009 Quod
549 942 720 996 etiam
737 941 805 995 de
817 940 1099 994 trochaico
1113 955 1322 1009 genere
1337 938 1777 1008 intelligendum
1799 942 1902 991 est.
1928 938 2070 991 Nam

373 1031 420 1085 si
451 1037 536 1085 est
563 1029 873 1093 honestior,
906 1029 1100 1082 Beatus
1131 1028 1222 1080 ille
1268 1028 1364 1095 qui
1404 1028 1594 1095 procul
1639 1028 1883 1093 negotio:
1917 1025 2071 1094 quod

375 1132 555 1187 genus
569 1117 676 1170 isto
696 1119 1106 1186 praeposteram
1122 1115 1301 1180 ﬁeret,
1327 1117 1390 1168 ut
1410 1119 1514 1178 est,
1537 1114 1642 1178 Qui
1659 1115 1845 1181 procul
1864 1116 2071 1180 negotio

375 1206 558 1258 beatus
591 1206 679 1258 ille
722 1204 846 1258 ﬁeri
869 1203 1121 1273 profecto
1153 1218 1268 1255 non
1299 1207 1526 1270 oportet
1546 1203 1593 1254 ίε
1625 1205 1818 1254 tamen
1849 1200 1896 1253 si
1922 1200 2068 1270 quis,

373 1293 581 1347 audeat
609 1297 666 1345 et
693 1292 860 1345 faciat
884 1292 1024 1344 tales
1053 1306 1267 1353 versus,
1297 1289 1662 1343 manifestum
1689 1293 1772 1342 est
1798 1304 1930 1343 eum
1963 1287 2073 1342 alia

372 1396 584 1450 genera
631 1378 985 1433 senariorum
1035 1393 1156 1431 esse
1200 1377 1504 1446 facturum,
1553 1377 1760 1447 quibus
1806 1376 1921 1430 sint
1964 1375 2072 1430 ista

373 1469 633 1522 meliora.

444 1565 531 1617 24.
567 1565 635 1617 Hi
664 1579 800 1632 ergo
844 1561 1201 1616 senariorum
1233 1561 1492 1614 omnium
1532 1559 1921 1628 pulcherrimi,
1956 1575 2072 1613 non

372 1655 684 1720 potuerunt
711 1650 879 1704 ambo
910 1649 1167 1703 obtinere
1195 1650 1576 1702 sinceritatem
1611 1665 1772 1702 suam
1804 1648 2071 1702 adversus

371 1739 668 1794 hominum
722 1737 1026 1792 licentiam.
1068 1738 1211 1790 Nam
1253 1737 1312 1790 in
1342 1737 1628 1790 trochaico
1677 1752 1900 1806 genere,
1953 1752 2072 1789 non

371 1827 595 1881 senario
625 1827 765 1893 solo,
796 1825 894 1880 sed
926 1825 1077 1879 unde
1103 1823 1292 1878 minus
1312 1823 1514 1894 incipit
1534 1840 1713 1895 usque
1744 1823 1815 1878 ad
1845 1824 2068 1894 magni-

370 1914 633 1969 tudinem
662 1919 973 1967 extremam
999 1929 1128 1983 quze
1161 1917 1288 1966 octo
1319 1913 1494 1982 pedes
1522 1911 1714 1978 habet,
1749 1912 2070 1966 miscendos

369 2006 556 2074 poetae
593 2005 935 2072 putaverunt
982 2005 1228 2071 quatuor
1264 2005 1590 2070 temporum
1635 2001 1808 2070 pedes
1849 2016 2067 2062 omnes,

371 2089 472 2160 qui
501 2089 848 2144 adhibentur
875 2088 945 2143 ad
967 2103 1268 2142 numeros:
1293 2091 1350 2142 et
1375 2088 1554 2142 Graeci
1575 2087 1809 2158 quidem
1839 2088 2070 2142 alternis

370 2177 506 2232 locis
549 2177 734 2248 primo
765 2182 820 2231 et
846 2177 1037 2244 tertio,
1089 2182 1144 2231 et
1190 2177 1270 2230 ita
1318 2175 1606 2246 deinceps,
1638 2175 1686 2229 si
1714 2192 1747 2229 a
1779 2175 2069 2246 semipede

372 2282 566 2320 versus
611 2265 850 2336 incipit:
893 2265 980 2318 sin
1035 2265 1103 2319 ab
1150 2263 1374 2335 integro
1424 2263 1693 2328 trochaeo,
1735 2265 1984 2318 secundo
2015 2268 2072 2317 et

371 2359 574 2424 quarto
615 2354 758 2419 loco,
809 2357 979 2424 atque
1009 2353 1089 2407 ita
1137 2352 1406 2422 deinceps
1450 2352 1684 2406 servatis
1734 2351 2069 2420 intervallis,

371 2440 673 2495 memorati
703 2439 993 2510 longiores
1022 2440 1371 2493 collocantur
1388 2439 1576 2510 pedes.
1611 2439 1748 2503 Quae
1778 2440 2069 2510 corruptio

371 2534 435 2584 ut
462 2528 768 2584 tolerabilis
800 2529 982 2594 ﬁeret,
1014 2545 1132 2582 non
1177 2527 1432 2598 singulos
1471 2527 1645 2597 pedes
1675 2527 1734 2580 in
1764 2527 1904 2581 duas
1933 2545 2068 2599 par-

372 2623 474 2683 tes,
531 2633 775 2688 quarum
829 2633 945 2670 una
999 2615 1319 2681 levationis,
1379 2616 1555 2669 altera
1612 2615 1912 2685 positionis
1963 2621 2065 2682 est,

371 2704 694 2776 plaudendo
724 2703 1066 2770 diviserunt;
1100 2705 1198 2758 sed
1235 2719 1412 2757 unum
1443 2703 1646 2772 pedem
1677 2704 1942 2766 levantes,
1981 2705 2069 2757 al-

375 2798 559 2847 terum
587 2797 882 2863 ponentes,
914 2791 1065 2846 unde
1095 2792 1285 2862 ipsum
1311 2791 1599 2845 senarium
1621 2791 1948 2846 trimetrum
1976 2809 2072 2846 vo-

372 2885 522 2948 cant,
554 2880 626 2934 ad
653 2879 1388 2950 epitritorumgdivisionem
1429 2879 1695 2950 plausum
1731 2881 2068 2934 retulerunt.

375 2969 485 3024 Sed
517 2968 565 3022 si
612 2968 718 3022 hoc
749 2969 948 3022 saltem
973 2973 1303 3022 constanter
1331 2973 1640 3031 teneretur,
1675 2969 1937 3039 quamvis
1964 2985 2069 3039 pe-

374 3053 472 3107 des
503 3054 718 3124 epitriti
748 3054 931 3126 magis
961 3056 1233 3109 orationis
1271 3055 1386 3110 sint
1424 3072 1596 3126 quam
1625 3057 1924 3126 poematis,
1970 3073 2072 3111 nec

369 3141 492 3212 jam
517 3143 792 3208 senarius,
823 3143 923 3196 sed
970 3144 1253 3197 ternarius
1295 3160 1490 3197 versus
1537 3144 1922 3210 inveniretur;
1954 3161 2071 3198 non

371 3235 565 3284 tamen
587 3231 920 3285 omnimodo
935 3231 1031 3284 illa
1041 3247 1416 3286 numerorum
1430 3233 1863 3287 labefactaretur
1878 3250 2071 3303 requa-

372 3317 520 3372 litas.
557 3319 717 3371 Nunc
749 3334 882 3372 vero
908 3323 1152 3388 quatuor
1183 3323 1509 3389 temporum
1530 3319 1726 3387 pedes,
1758 3319 2069 3374 dummodo

370 3405 431 3459 in
460 3405 598 3460 locis
630 3406 962 3460 memoratis
993 3411 1306 3476 ponantur,
1338 3406 1471 3460 licet
1505 3422 1622 3460 non
1647 3407 1832 3460 solum
1859 3406 1919 3460 in
1945 3423 2069 3461 om-

375 3494 547 3548 nibus
576 3511 815 3565 ponere,
846 3494 941 3548 sed
976 3493 1071 3548 ubi
1102 3493 1243 3548 libet
1292 3509 1512 3562 eorum,
1563 3498 1620 3548 et
1645 3482 1868 3565 quoties
1910 3494 2066 3549 libet.

373 3583 562 3637 Nostri
601 3599 734 3638 vero
763 3588 998 3650 veteres,
1032 3599 1137 3636 nec
1187 3582 1313 3653 ipsa
1343 3580 1602 3636 locorum
1632 3582 1931 3637 intervalla
1979 3584 2071 3638 in-

370 3671 762 3726 termiscendis
792 3670 1192 3742 hujuscemodi
1215 3670 1706 3740 pedibus,servare
1731 3677 2068 3742 potuerunt.

372 3758 557 3822 Quare
587 3758 647 3812 in
674 3760 783 3812 hoc
812 3774 1019 3828 genere
1048 3763 1232 3828 poetae
1275 3758 1382 3812 ista
1410 3759 1778 3829 corruptione
1806 3765 1977 3830 atque
2006 3760 2070 3813 li-

372 3844 559 3898 centia
587 3845 754 3914 plane
785 3844 1024 3898 assecuti
1045 3849 1198 3910 sunt,
1232 3846 1382 3915 quod
1405 3862 1502 3900 eos
1523 3847 1764 3900 voluisse
1795 3847 2072 3901 arbitran-

373 3931 511 3986 dum
535 3936 638 3998 est,
679 3937 744 3985 ut
772 3937 958 3986 essent
994 3932 1052 3984 in
1081 3932 1286 3986 fabulis
1314 3939 1581 4004 poemata
1595 3936 1793 3989 solutas
1823 3935 2070 3990 orationi

374 4018 685 4073 simillima.
713 4019 821 4074 Sed
846 4019 1122 4090 quoniam
1147 4021 1282 4074 satis
1309 4022 1524 4076 dictum
1556 4027 1639 4075 est
1665 4039 1767 4077 cur
1808 4022 1959 4076 inter
1988 4040 2070 4078 se-

379 4109 567 4162 narios
589 4108 682 4162 isti
713 4125 903 4162 versus
929 4109 1110 4179 magis
1156 4110 1441 4164 nobilitati
1499 4111 1634 4175 sint,
1687 4127 1842 4164 nunc
1872 4112 2068 4166 videa-

372 4215 500 4253 mus
530 4215 631 4253 cur
659 4199 768 4270 ipsi
796 4198 1005 4252 senarii
1036 4199 1302 4253 meliores
1329 4199 1443 4253 sint
1471 4215 1667 4253 versus
1688 4217 1862 4270 quam
1879 4201 2070 4255 caeteri

373 4287 432 4340 in
462 4287 719 4358 quolibet
751 4286 862 4341 alio
887 4287 1096 4357 pedum
1141 4303 1382 4342 numero
1415 4287 1725 4344 constituti.
1782 4290 1899 4344 Nisi
1929 4291 2070 4361 quid

371 4375 546 4430 habes
575 4376 843 4430 adversus
867 4375 975 4429 ista
1005 4391 1133 4446 quae
1162 4375 1422 4430 disseras.
1477 4377 1551 4430 D.
1587 4377 1824 4432 Prorsus
1875 4396 2069 4433 assen-

369 4463 481 4516 tior
505 4479 518 4517 :
541 4468 598 4517 et
650 4463 770 4533 jam
813 4463 970 4516 illam
995 4462 1387 4516 membrorum
1415 4464 1822 4533 aequalitatem,
1857 4469 1947 4521 cui
1979 4485 2069 4522 me

369 4551 814 4605 attentissimum
843 4552 1016 4622 paulo
1048 4556 1179 4605 ante
1209 4551 1526 4618 reddidisti,
1556 4553 1605 4606 si
1653 4555 1739 4608 vel
1799 4571 1952 4611 nunc
1984 4558 2068 4611 fas

373 4644 478 4705 est,
512 4655 854 4710 cognoscere
884 4640 1255 4694 vehementer
1281 4645 1568 4710 exspecto.

374 4746 598 4800 CAPUT
651 4746 766 4800 XII.
795 4776 860 4785 —
891 4747 1110 4802 Senarit'
1138 4761 1322 4801 versus
1369 4762 1468 4801 cur
1494 4749 1622 4802 aliis
1643 4753 2063 4817 praestantiores.

441 4851 534 4905 ‘25.
565 4854 636 4905 Μ.
671 4851 840 4904 Totus
871 4867 1008 4922 ergo
1057 4851 1274 4921 adesto,
1305 4857 1476 4924 atque
1516 4854 1820 4924 responde,
1871 4859 2066 4911 utrum

372 4939 479 4993 tibi
506 4939 732 4993 videtur
761 4941 1031 5011 quaslibet
1060 4941 1353 5010 longitudo
1368 4958 1531 5011 posse
1552 4941 1612 4994 in
1642 4943 1922 5012 quotlibet
1942 4961 2070 5016 par-

370 5030 457 5080 tes
488 5025 683 5080 secari.
717 5029 782 5080 D.
815 5026 958 5082 Satis
997 5025 1139 5080 mihi
1168 5027 1276 5079 ista
1319 5042 1591 5096 persuasa
1631 5033 1763 5082 sunt
1786 5045 1798 5083 :
1820 5046 1923 5083 nec
1956 5033 2068 5085 du-

370 5113 541 5169 bitari
570 5130 734 5184 posse
766 5113 1026 5180 arbitror,
1063 5113 1204 5184 quin
1226 5113 1410 5168 omnis
1440 5115 1736 5186 longitudo
1767 5134 1895 5189 qua:
1917 5119 2067 5175 linea

373 5202 600 5269 dicitur,
630 5203 836 5256 habeat
877 5201 1173 5256 dimidiam
1204 5203 1292 5256 sui
1333 5209 1553 5274 partem
1583 5204 1624 5272 ²,
1647 5222 1712 5260 ac
1738 5224 1840 5278 per
1868 5208 1976 5264 hoc
2007 5209 2068 5264 in

370 5291 512 5346 duas
541 5291 722 5346 lineas
739 5290 1077 5345 decussatim
1091 5291 1269 5345 secari
1289 5297 1460 5364 queat
1493 5309 1506 5348 :
1538 5299 1594 5348 et
1616 5294 1752 5366 quia
1779 5296 1919 5368 ipsze
1940 5301 2068 5353 duae

439 5456 453 5488 ¹
486 5454 546 5502 ln
580 5453 658 5513 B.,
689 5455 967 5517 oporteret.
992 5453 1178 5512 Vatic.,
1209 5459 1438 5516 oportet.
1472 5457 1539 5504 Μ.

435 5524 457 5558 ³
481 5523 684 5573 Habeat
702 5522 992 5573 dimensam
1019 5528 1248 5586 partem,
1271 5525 1425 5588 juxta
1449 5526 1614 5576 Vatic.
1641 5529 1710 5577 M.

1677 290 1770 344 DE
1809 288 2092 354 MUSICA,
2137 288 2190 343 S.
2234 285 2618 344 AUGUSTINI

3752 296 3890 347 H60

2181 410 2348 464 lineae
2379 426 2508 480 qua:
2555 409 2664 464 ista
2712 409 2958 463 sectione
3006 410 3154 464 tinnt
3196 412 3238 478 ¹,
3270 411 3466 480 procul
3495 411 3673 467 dubio
3715 412 3892 467 lineae

2181 505 2332 567 sunt,
2361 499 2530 553 etiam
2571 498 2642 561 in
2673 497 2809 569 ipsis
2858 499 2967 552 hoc
3012 497 3334 568 ﬁeriposse
3365 500 3737 554 manifestum
3777 504 3888 554 est.

2179 588 2374 659 Itaque
2404 592 2460 642 et
2483 588 3006 658 quantulacumque
3037 587 3338 658 longitudo
3369 587 3429 642 in
3455 589 3712 658 quolibet
3743 606 3887 659 par-

2178 681 2264 730 tes
2309 677 2488 730 secari
2525 681 2731 746 potest.
2773 679 2845 730 M.
2894 675 3326 746 Expeditissime
3359 681 3529 746 atque
3558 678 3887 731 verissime.

2177 764 2361 828 Quare
2390 779 2543 817 nunc
2571 764 2714 818 illud
2756 763 2905 827 vide,
2937 768 3132 816 utrum
3161 767 3312 816 recte
3342 771 3720 834 asseveretur,
3753 781 3890 819 om-

2177 869 2310 906 nem
2340 852 2764 922 longitudinem
2791 852 2860 906 ad
2891 851 3252 906 latitudinem
3283 853 3712 922 porrigendam,
3747 870 3890 924 quae

2179 941 2248 995 ab
2267 941 2392 1011 ipsa
2413 942 2616 1007 oritur,
2638 945 2862 994 tantum
2885 941 3072 994 valere
3089 945 3369 1012 quantum
3393 942 3715 996 latitudinis
3732 958 3886 1012 qua-

2177 1029 2406 1083 dratum
2435 1034 2692 1100 occupat.
2724 1029 2782 1084 Si
2807 1029 2960 1082 enim
2988 1029 3179 1082 minus
3213 1035 3313 1082 aut
3333 1030 3577 1100 amplius
3604 1030 3663 1083 in
3697 1031 3890 1084 latum

2177 1117 2424 1187 spatium
2447 1117 2773 1187 proceditur
2799 1133 2974 1187 quam
3007 1118 3176 1187 longa
3197 1121 3280 1170 est
3313 1117 3464 1172 linea
3492 1118 3643 1172 unde
3675 1134 3887 1188 proce-

2179 1205 2351 1270 ditur,
2375 1205 2719 1276 quadratum
2742 1221 2855 1258 non
2877 1204 2968 1270 tit;
2989 1204 3075 1258 sin
3095 1209 3340 1270 tantum,
3359 1205 3498 1260 nihil
3520 1206 3673 1260 aliud
3701 1223 3887 1276 quam

2179 1293 2520 1363 quadratum
2562 1292 2640 1346 ﬁt.
2678 1293 2751 1346 D.
2795 1293 3055 1362 Intelligo
3095 1297 3151 1346 et
3190 1293 3505 1347 assentior:
3541 1295 3679 1365 quid
3720 1295 3887 1348 enim

2176 1380 2364 1435 verius
2385 1383 2414 1434 ?
2442 1383 2515 1435 Μ.
2550 1380 2695 1435 Illud
2725 1393 2884 1450 ergo
2891 1381 3011 1451 jam
3041 1380 3224 1451 sequi,
3259 1387 3322 1434 ut
3349 1381 3569 1452 Opinor,
3603 1381 3784 1446 vides,
3828 1387 3891 1436 ut

2177 1469 2225 1522 si
2251 1485 2352 1540 pro
2373 1469 2522 1522 linea
2543 1469 2602 1522 in
2623 1470 2862 1540 longum
2884 1469 3128 1523 ordinati
3149 1469 3351 1524 calculi
3373 1485 3535 1540 pares
3558 1476 3884 1540 ponantur,

2179 1574 2297 1611 non
2335 1557 2628 1627 perveniat
2664 1557 2762 1611 illa
2803 1557 3102 1627 longitudo
3133 1558 3204 1611 ad
3235 1558 3573 1628 quadratam
3603 1558 3883 1623 formam,

2177 1645 2289 1700 nisi
2308 1662 2408 1716 per
2428 1646 2694 1700 eumdem
2710 1662 3014 1700 numerum
3033 1646 3395 1717 multiplicati
3413 1647 3614 1700 calculi
3631 1647 3884 1714 fuerint:

2176 1737 2240 1787 ut
2261 1735 2307 1788 si
2331 1734 2485 1787 verbi
2507 1733 2691 1805 gratia
2715 1734 2855 1788 duos
2880 1735 3121 1788 calculos
3151 1751 3351 1804 ponas,
3378 1735 3720 1806 quadratum
3761 1751 3888 1789 non

2176 1821 2369 1888 facias,
2405 1822 2512 1875 nisi
2539 1822 2668 1876 aliis
2698 1823 2919 1877 duobus
2945 1823 3016 1877 ad
3037 1821 3398 1877 latitudinem
3441 1822 3726 1892 adjunctis
3749 1839 3766 1876 :
3794 1823 3887 1876 sin

2175 1914 2310 1975 tres,
2343 1926 2435 1964 sex
2463 1910 2815 1982 adjungendi
2841 1915 2991 1977 sunt,
3024 1911 3120 1965 sed
3142 1911 3290 1964 terni
3311 1911 3598 1964 distributi
3625 1911 3696 1964 ad
3734 1911 3888 1964 duos

2178 1998 2406 2052 ordines
2432 1998 2698 2053 similiter
2720 1997 2780 2053 in
2807 1999 3164 2053 latitudinem
3192 1997 3248 2054 ²;
3284 1999 3331 2051 si
3351 1999 3503 2052 enim
3529 1999 3600 2052 ad
3631 1999 3890 2069 longitu-

2177 2084 2369 2139 dinem
2391 2085 2569 2139 additi
2597 2085 2829 2152 fuerint,
2863 2086 3019 2139 nulla
3048 2086 3233 2156 tigura
3260 2086 3345 2140 tit.
3381 2085 3697 2156 Longitudo
3719 2085 3884 2139 enim

2177 2173 2297 2227 sine
2319 2173 2618 2227 latitudine
2636 2175 2880 2245 ﬁgurata
2902 2190 3018 2228 non
3034 2177 3118 2228 est
3138 2177 3176 2228 ³.
3196 2176 3381 2244 Atque
3404 2173 3481 2227 ita
3503 2173 3884 2244 proportione

2177 2260 2308 2316 licet
2335 2262 2694 2316 considerare
2721 2261 2860 2316 alios
2893 2277 3162 2316 numeros
3191 2279 3204 2315 :
3239 2266 3302 2315 ut
3323 2261 3479 2315 enim
3509 2261 3594 2315 bis
3625 2261 3791 2328 bina,
3826 2268 3886 2315 et

2177 2353 2266 2402 ter
2281 2354 2442 2403 terna
2464 2350 2766 2420 quadratas
2782 2350 2996 2420 ﬁguras
3015 2349 3075 2402 in
3096 2349 3348 2403 numeris
3374 2349 3609 2415 faciunt,
3633 2349 3718 2403 ita
3739 2366 3888 2420 qua-

2176 2441 2266 2491 ter
2295 2441 2590 2508 quaterna,
2626 2437 2934 2508 quinquies
2965 2437 3162 2508 quina,
3195 2437 3374 2490 sexies
3405 2453 3559 2502 sena,
3592 2443 3771 2507 atque
3805 2438 3886 2491 ita

2178 2541 2281 2595 per
2309 2525 2601 2580 infinitum
2632 2525 2691 2578 in
2717 2526 2954 2579 caeteris.
3005 2528 3064 2579 D.
3105 2525 3287 2578 Etiam
3315 2525 3421 2579 ista
3450 2530 3574 2578 rata
3603 2530 3660 2578 et
3691 2526 3883 2579 mani-

2177 2614 2318 2666 festa
2347 2619 2496 2667 sunt.
2521 2619 2590 2668 Μ.
2624 2613 2867 2667 Attende
2893 2629 3044 2666 nunc
3067 2620 3258 2666 utrum
3285 2613 3358 2667 sit
3377 2613 3570 2684 aliqua
3599 2615 3887 2683 temporis

2177 2699 2497 2770 longitudo.
2532 2702 2611 2754 D.
2669 2701 2804 2766 Quis
2842 2700 3188 2755 dubitaverit
3235 2701 3457 2754 nullum
3497 2717 3617 2755 esse
3647 2706 3886 2772 tempus

2178 2788 2300 2842 sine
2311 2788 2504 2859 aliqua
2526 2788 2919 2859 longitudine?
2942 2790 3016 2844 Μ.
3040 2789 3188 2852 Quid
3208 2790 3236 2841 ?
3257 2805 3449 2842 versus
3471 2794 3734 2860 potestne
3759 2807 3880 2843 non

2177 2877 2431 2930 obtinere
2453 2877 2702 2947 aliquam
2725 2876 2996 2947 temporis
3022 2876 3444 2947 longitudinem
3464 2878 3493 2930 ?
3519 2878 3598 2930 D.
3629 2878 3753 2931 Imo
3775 2895 3885 2932 ne-

2177 2980 2330 3018 cesse
2354 2970 2440 3018 est
2467 2965 2738 3019 obtineat.
2766 2966 2848 3018 M.
2877 2964 3024 3028 Quid
3048 2964 3108 3017 in
3139 2981 3204 3018 ea
3234 2965 3592 3035 longitudine
3623 2981 3731 3036 pro
3759 2967 3880 3019 cal-

2178 3053 2321 3107 culis
2345 3053 2550 3106 melius
2575 3054 2914 3107 collocamus
2931 3053 2958 3107 ?
2989 3053 3252 3123 pedesne,
3277 3053 3376 3124 qui
3402 3053 3542 3107 duas
3571 3053 3630 3107 in
3665 3059 3884 3124 partes,

2177 3140 2238 3194 id
2258 3146 2341 3195 est
2367 3141 2709 3196 levationem
2739 3145 2794 3195 et
2820 3141 3164 3212 positionem
3191 3141 3506 3196 necessario
3527 3141 3887 3196 distribuun-

2178 3229 2313 3282 tur“
2339 3245 2352 3295 ;
2381 3246 2455 3282 an
2480 3229 2634 3299 ipsos
2665 3229 2981 3299 semipedes
3005 3229 3214 3300 potius,
3247 3230 3346 3301 qui
3366 3230 3620 3300 singulas
3646 3231 3888 3284 levatio-

2177 3332 2278 3371 nes
2317 3318 2740 3388 positionesque
2770 3317 3074 3372 obtinent?
3110 3321 3170 3372 ιι.
3203 3318 3532 3389 Semipedes
3563 3335 3889 3390 congruen-

2178 3404 2292 3459 tius
2315 3405 2509 3475 judico
2541 3421 2645 3475 pro
2676 3405 2786 3459 illis
2815 3406 3043 3460 calculis
3073 3407 3232 3476 poni.

2247 3497 2336 3548 26.
2376 3496 2445 3549 Μ.
2497 3497 2638 3564 Age,
2687 3511 2840 3548 nunc
2883 3511 3272 3549 commemora
3312 3495 3636 3549 membrum
3677 3512 3882 3549 versus

2179 3581 2396 3636 heroici
2424 3583 2670 3648 brevius,
2703 3587 2845 3652 quot
2873 3583 3192 3652 semipedes
3224 3583 3447 3638 habeat.
3493 3587 3549 3638 D.
3585 3584 3880 3655 Quinque.

2177 3670 2264 3723 Μ.
2296 3669 2395 3723 Dic
2423 3671 2766 3741 exemplum.
2800 3672 2874 3725 D.
2907 3675 3085 3725 Arma
3113 3674 3395 3740 virumque
3425 3688 3577 3726 cano.
3620 3675 3697 3726 Μ.
3735 3673 3886 3726 Num

2179 3757 2358 3827 igitur
2382 3758 2536 3812 aliud
2567 3758 2872 3825 desideras,
2906 3759 3017 3814 nisi
3063 3765 3129 3814 ut
3165 3760 3262 3813 alii
3299 3764 3517 3831 septem
3558 3760 3887 3830 semipedes

2178 3861 2308 3899 cum
2338 3846 2460 3900 istis
2507 3847 2761 3918 quinque
2805 3848 2996 3919 aliqua
3026 3849 3349 3918 aequalitate
3386 3848 3782 3902 conveniant?
3814 3853 3878 3904 D.

2181 3932 2331 3987 Nihil
2362 3949 2594 4004 prorsus
2623 3935 2799 3990 aliud.
2831 3938 2907 3990 M.
2940 3935 3134 3999 Quid?
3156 3940 3376 4007 septem
3405 3936 3728 4007 semipedes
3760 3954 3885 4008 pos-

2178 4027 2384 4075 suntne
2413 4023 2664 4092 aliquem
2695 4038 2921 4077 versum
2951 4025 3236 4094 complere
3265 4041 3368 4095 per
3397 4041 3454 4077 se
3473 4025 3502 4077 ?
3529 4027 3594 4078 D.
3627 4025 3884 4078 Possunt

2178 4125 2347 4163 vero:
2382 4126 2516 4164 nam
2559 4115 2642 4164 tot
2685 4111 3003 4182 semipedes
3034 4111 3209 4166 habet
3247 4113 3467 4183 primus
3506 4128 3571 4165 ac
3601 4113 3888 4166 minimus

2176 4214 2389 4264 versus,
2421 4206 2797 4254 annumerato
2845 4200 2906 4254 in
2936 4201 3049 4254 ﬁne
3089 4201 3339 4254 silentio.
3371 4203 3446 4256 M.
3488 4201 3659 4255 Recte
3708 4203 3885 4255 dicis:

2177 4287 2276 4340 sed
2325 4291 2386 4340 ut
2435 4304 2629 4341 versus
2673 4305 2794 4343 esse
2825 4289 3021 4360 possit,
3052 4290 3344 4360 quomodo
3375 4289 3434 4342 in
3471 4289 3586 4343 duo
3620 4291 3890 4344 membra

2178 4375 2494 4429 dividitur?
2530 4379 2588 4431 D.
2621 4377 2686 4430 In
2717 4383 2982 4448 quatuor,
3015 4378 3251 4444 scilicet,
3295 4382 3351 4432 et
3375 4382 3490 4432 tres
3519 4377 3877 4448 semipedes.

2175 4463 2250 4516 M.
2287 4465 2402 4516 Duc
2432 4479 2569 4534 ergo
2595 4465 2655 4518 in
2685 4465 2870 4536 legem
2895 4467 3159 4536 quadrati
3185 4467 3289 4520 has
3307 4471 3495 4537 partes
3524 4465 3807 4535 singulas,
3833 4475 3890 4520 et

2179 4551 2304 4606 vide
2335 4552 2470 4622 quid
2501 4553 2712 4608 faciant
2749 4560 2994 4625 quatuor
3040 4559 3260 4625 quater.
3317 4557 3381 4610 D.
3428 4553 3753 4609 Sexdecim.
3807 4557 3884 4609 Μ.

2177 4641 2323 4705 Quid
2351 4641 2460 4695 tria
2488 4644 2622 4696 ter?
2659 4647 2720 4698 D.
2770 4644 2996 4697 Novem.
3040 4645 3115 4699 Μ.
3151 4643 3297 4707 Quid
3328 4647 3515 4697 totum
3541 4642 3774 4696 simul?
3806 4645 3880 4697 D.

2175 4729 2386 4800 Viginti
2411 4730 2686 4801 quinque.
2716 4733 2790 4786 Μ.
2822 4732 3051 4802 Septem
3081 4747 3217 4802 ergo
3247 4731 3566 4802 semipedes
3595 4732 3886 4801 quoniam

2174 4822 2411 4887 possunt
2437 4818 2647 4872 habere
2688 4819 2801 4874 duo
2844 4821 3123 4886 membra,
3166 4820 3412 4890 singulis
3452 4820 3735 4874 membris
3766 4821 3886 4873 suis

2177 4905 2245 4959 ad
2265 4906 2674 4976 quadratorum
2699 4907 2978 4962 rationem
3003 4908 3217 4970 relatis,
3236 4908 3578 4978 vigesimum
3600 4909 3883 4978 quintum

2176 5010 2479 5049 numerum
2510 4995 2571 5049 in
2610 5013 2836 5051 summa
2871 4997 3122 5063 faciunt;
3157 5001 3214 5051 et
3255 5004 3340 5052 est
3371 5013 3488 5051 una
3516 5013 3652 5067 pars
3682 5014 3887 5051 versus

2176 5083 2408 5138 heroici.
2437 5088 2500 5138 D.
2549 5085 2632 5138 Ita
2678 5089 2782 5140 est.
2833 5090 2904 5140 Μ.
2949 5087 3142 5140 Altera
3190 5085 3370 5156 igitur
3398 5101 3528 5156 pars
3558 5101 3690 5156 quae
3713 5085 3888 5140 habet

2176 5171 2430 5244 quinque
2461 5173 2799 5244 semipedes,
2823 5174 3098 5246 quoniam
3118 5190 3236 5228 non
3262 5178 3450 5245 potest
3467 5174 3528 5228 in
3554 5173 3670 5228 duo
3701 5189 3886 5228 mem-

2242 5351 2256 5414 !
2285 5350 2568 5414 Secatt‘one
2585 5347 2736 5412 ﬁunt,
2757 5350 2909 5414 juxta
2937 5351 3106 5400 Vatic.
3143 5351 3188 5400 Μ

2239 5412 2259 5477 ξ
2287 5412 2362 5477 Aid
2381 5413 2737 5469 (ati’udmem,
2760 5412 3102 5477 juxtaAVatic.
3140 5415 3208 5462 M.

2239 5475 2560 5538 3Figuratio
2587 5481 2682 5538 est,
2708 5475 2861 5538 juxta
2893 5475 3056 5524 Vatic.
3089 5477 3156 5526 Μ.

2239 5537 2261 5569 ι
2293 5536 2639 5594 'l‘rt’lmuntur,
2665 5536 2820 5600 juxta
2843 5538 2938 5587 Ms.
2965 5538 3008 5587 Α
3036 5539 3104 5587 Μ.
