4080 6178
187 334 317 386 1161

183 452 292 505 bra
328 448 535 516 dividi,
552 453 609 504 et
635 449 1006 521 debetaliqua
1021 450 1343 522 aequalitate
1356 450 1676 516 concinere,
1699 465 1890 503 nonne

179 544 312 593 tota
349 540 412 593 in
442 538 787 609 quadratum
816 538 1071 593 ducenda
1089 544 1173 593 est
1190 539 1301 593 ‘iD.
1321 539 1473 593 Nihil
1484 539 1640 593 aliud
1656 538 1890 592 omnino

185 644 429 691 censeo,
472 630 527 680 et
548 627 670 697 jam
700 626 926 681 tandem
959 644 1203 698 agnosco
1241 624 1625 699 aequalitatem
1656 626 1889 681 mirabi-

195 717 338 771 lem.
372 714 636 785 Quinque
694 714 846 768 enim
894 716 1200 786 quinquies
1248 717 1415 770 ducta
1442 717 1641 771 eadem
1687 714 1891 785 viginti

193 804 456 875 quinque
479 808 905 857 consummant.
938 804 1051 858 Nec
1071 820 1206 874 ergo
1230 803 1515 858 immerito
1536 802 1745 857 senarii
1758 817 1887 856 ver-

200 909 297 945 sus
326 890 544 945 caeteris
601 891 999 945 celebratiores
1049 891 1469 963 nobilioresque
1520 890 1653 944 facti
1709 894 1887 944 sunt:

192 979 307 1034 dici
337 978 492 1033 enim
519 978 611 1032 vix
640 983 826 1049 potest
870 984 1148 1050 quantum
1198 979 1350 1035 inter
1403 979 1630 1033 illorum
1660 977 1888 1049 aequali-

181 1071 365 1121 tatem
410 1067 483 1120 int
518 1066 799 1137 membris,
836 1066 1170 1138 imparibus,
1221 1071 1280 1123 et
1332 1066 1575 1121 aliorum
1632 1065 1890 1120 omnium

185 1154 436 1209 intersit.

633 1243 859 1298 CAPUT
888 1244 1030 1297 XIII.
1062 1274 1129 1283 —
1156 1245 1440 1313 Epilogus.

259 1334 351 1385 27.
385 1332 459 1385 Μ.
504 1332 631 1384 Non
686 1335 741 1384 te
800 1346 936 1401 ergo
984 1331 1183 1386 fefellit
1227 1330 1564 1401 pollicitatio
1593 1345 1744 1394 mea,
1801 1329 1888 1382 vel

186 1418 380 1487 potius
409 1418 532 1488 ipsa
560 1434 686 1485 nos,
721 1435 896 1489 quam
924 1423 1165 1490 uterque
1196 1424 1455 1473 nostrum
1486 1418 1765 1489 sequitur,
1797 1433 1887 1470 ra-

184 1506 291 1559 tio.
326 1506 512 1570 Quare
544 1512 608 1560 ut
654 1507 829 1560 istum
847 1507 972 1576 jam
1002 1523 1322 1561 sermonem
1353 1506 1757 1561 concludamus
1787 1505 1889 1558 ali-

186 1595 446 1664 quando,
479 1594 667 1649 cernis
692 1600 843 1649 certe
875 1612 1005 1649 cum
1036 1597 1151 1650 sint
1181 1602 1361 1650 metra
1388 1611 1534 1665 pene
1566 1594 1892 1648 innumera-

190 1682 351 1749 bilia,
382 1700 609 1745 versum
642 1689 839 1738 tamen
857 1700 977 1738 esse
1003 1700 1116 1738 non
1133 1700 1320 1754 posse,
1348 1683 1456 1737 nisi
1475 1683 1695 1737 duobus
1716 1697 1892 1736 mem-

181 1770 308 1824 bris
336 1770 564 1825 sibimet
592 1771 962 1837 concinnatis,
986 1776 1085 1825 aut
1104 1771 1341 1826 totidem
1363 1770 1766 1841 semipedibus,
1792 1769 1891 1823 sed

185 1874 307 1911 non
336 1858 808 1914 conversibilibus
832 1859 1176 1925 terminatis,
1206 1865 1270 1913 ut
1290 1862 1396 1925 est,
1426 1864 1680 1914 Maecenas
1713 1859 1891 1912 atavis

191 1947 339 2001 edite
367 1948 582 2014 regibus
607 1966 619 2015 ;
650 1953 747 2002 aut
778 1948 994 2018 dispari
1024 1964 1265 2002 numero
1297 1948 1469 2002 etiam
1512 1946 1891 2017 semipedum,

188 2035 292 2089 sed
320 2038 515 2090 tamen
538 2035 729 2107 aliqua
758 2036 1084 2107 aequalitate
1134 2035 1471 2107 conjunctis,
1503 2041 1567 2090 ut
1594 2040 1725 2089 sunt
1752 2051 1891 2106 qua-

190 2128 326 2177 tuor
356 2130 414 2178 et
445 2128 580 2191 tres,
610 2128 708 2178 aut
736 2124 993 2195 quinque
1050 2129 1105 2178 et
1133 2129 1268 2191 tres,
1299 2124 1386 2179 vel
1436 2124 1691 2195 quinque
1722 2128 1777 2177 et
1806 2140 1892 2177 se-

188 2216 370 2283 ptem,
406 2218 505 2267 aut
535 2230 629 2267 sex
656 2217 711 2268 et
740 2217 982 2283 septem,
1013 2217 1111 2267 aut
1139 2218 1264 2267 octo
1305 2217 1361 2267 et
1407 2216 1646 2283 septem,
1692 2212 1779 2265 vel
1805 2228 1891 2266 se-

192 2307 357 2371 ptem
387 2306 443 2355 et
471 2318 695 2356 novem.
729 2305 778 2356 Α
805 2301 975 2373 pleno
1005 2302 1158 2356 enim
1181 2302 1322 2372 pede
1335 2301 1673 2367 trochaicus,
1695 2303 1761 2354 ut
1789 2304 1891 2366 est,

198 2391 449 2459 Optimus
480 2391 665 2444 beatus
702 2393 793 2444 ille
818 2393 915 2459 qui
937 2392 1130 2459 procul
1156 2393 1398 2458 negotio;
1431 2394 1487 2443 et
1514 2406 1547 2442 a
1577 2405 1690 2443 non
1722 2390 1894 2459 pleno

198 2483 392 2548 potest
418 2494 613 2533 versus
644 2478 910 2545 exordiri,
939 2483 1004 2532 ut
1033 2483 1137 2547 est,
1172 2481 1273 2535 Vir
1314 2480 1548 2548 optimus
1580 2478 1763 2532 beatus
1806 2478 1897 2530 ille

195 2570 295 2636 qui
318 2569 509 2636 procul
534 2569 781 2634 negotio:
821 2566 1119 2621 terminari
1165 2570 1358 2620 autem
1409 2566 1520 2619 nisi
1569 2582 1681 2619 non
1726 2565 1895 2635 pleno

195 2671 435 2726 prorsus
462 2672 580 2709 non
607 2659 812 2726 potest.
847 2655 955 2710 Sed
984 2654 1077 2708 isti
1108 2671 1222 2708 non
1266 2654 1421 2725 pleni
1442 2653 1634 2724 pedes,
1663 2653 1777 2707 sive
1807 2653 1895 2706 in-

195 2747 392 2814 tegros
421 2743 741 2814 semipedes
769 2744 1041 2810 habeant,
1075 2743 1238 2796 sicuti
1266 2748 1353 2796 est
1376 2742 1483 2797 iste
1528 2758 1701 2812 quem
1745 2757 1897 2795 nunc

192 2832 400 2905 posui;
433 2832 549 2886 sive
576 2832 764 2886 minus
794 2849 967 2903 quam
998 2831 1297 2887 dimidium
1318 2830 1550 2900 pedem,
1563 2829 1895 2884 sicutinillo

190 2921 583 2975 choriambico
613 2921 739 2975 duas
764 2921 983 2975 ultima:
1007 2921 1225 2985 breves,
1257 2922 1515 2974 Maecenas
1556 2920 1734 2973 atavis
1759 2917 1899 2972 edite

193 3009 459 3075 regibus;
492 3008 607 3062 sive
638 3009 765 3079 plus
795 3024 969 3080 quam
997 3007 1323 3072 dimidium,
1381 3010 1444 3059 ut
1468 3005 1530 3059 in
1561 3005 1683 3075 ejus
1712 3004 1898 3075 capite

198 3097 336 3151 duae
363 3095 566 3167 primae
595 3097 804 3167 longas,
835 3100 933 3150 aut
988 3096 1048 3149 in
1077 3096 1191 3149 ﬁne
1248 3093 1480 3148 alterius
1530 3092 1897 3148 choriambici

198 3185 494 3252 bacchius,
526 3186 687 3255 cujus
715 3185 1043 3255 exemplum
1078 3187 1182 3253 est,
1220 3186 1289 3237 Te
1321 3183 1509 3237 domus
1530 3182 1899 3248 Evandrihte

194 3274 350 3329 sedes
371 3275 511 3328 celsa
539 3275 732 3327 Latini
762 3273 858 3344 (a).
893 3274 1102 3327 Omnes
1123 3288 1259 3342 ergo
1290 3271 1383 3325 isti
1412 3287 1531 3325 non
1560 3269 1900 3341 plenipedes

204 3361 527 3433 semipedes
556 3365 983 3433 nuncupantur.

268 3469 283 3500 1
318 3468 386 3516 Te
405 3466 590 3516 domus
608 3465 916 3525 Brandrea,
938 3464 1091 3528 juxta
1109 3466 1193 3515 Er.
1219 3465 1507 3528 Evandria,
1529 3463 1836 3528 juxtaALov.

265 3530 337 3593 (α)
365 3530 516 3578 Hunc
540 3542 751 3577 versum
781 3526 1126 3577 Terentianus
1156 3527 1314 3576 refert
1336 3528 1475 3576 inter
1502 3526 1788 3589 phalecios.

1670 327 1881 383 LIBER
1932 325 2226 381 SEXTUS.

3566 332 3701 383 H62

2077 451 2165 502 28.
2192 442 2458 502 Jamvero
2474 463 2591 501 non
2613 447 2799 501 solum
2818 447 2954 501 talia
2975 452 3239 518 poemata
3260 449 3509 504 versibus
3531 451 3698 518 ﬁunt,

2004 536 2154 590 utin
2187 552 2367 590 unum
2409 551 2592 606 genus
2639 540 2921 600 teneatur,
2973 536 3165 607 qualia
3210 538 3509 607 Epicorum
3556 556 3700 608 poe-

2000 628 2189 677 tarum
2223 629 2373 689 sunt,
2408 624 2496 677 vel
2529 624 2706 677 etiam
2751 623 3147 691 Comicorum;
3184 626 3281 680 sed
3312 626 3435 679 illos
3470 643 3699 697 quoque

2000 711 2251 765 ambitus
2276 728 2418 781 quos
2442 720 2693 783 περιὸδους
2725 711 2904 767 Graeci
2928 716 3150 776 vocant,
3180 729 3297 766 non
3327 717 3549 766 tantum
3594 712 3703 765 illis

2001 799 2199 853 metris
2231 816 2360 871 quin
2388 801 2515 871 lege
2544 816 2811 855 versuum
2842 816 2957 853 non
2980 803 3270 865 tenentur,
3304 800 3487 870 Lyrici
3516 806 3701 871 poclm

1998 886 2232 955 faciunt,
2266 888 2363 942 sed
2396 888 2569 942 etiam
2601 887 2881 942 versibus.
2917 888 3058 941 Nam
3088 886 3183 941 ille
3216 887 3415 953 Flacci,

2247 1011 2363 1059 Nox
2392 1014 2522 1069 erat,
2549 1015 2602 1060 et
2626 1010 2759 1060 caelo
2786 1010 3022 1073 fulgebat
3052 1011 3179 1059 luna
3208 1024 3388 1059 sereno

2249 1090 2391 1138 Inter
2414 1090 2625 1138 minora
2655 1090 2849 1139 sidera.

2818 1171 3016 1229 (Horat.
3044 1169 3207 1232 Epod.
3233 1170 3329 1220 ode
3357 1173 3433 1229 t5)

1999 1298 2334 1353 bimembris
2364 1300 2608 1354 ambitus
2637 1305 2741 1367 est,
2777 1306 2834 1355 et
2862 1302 3117 1355 versibus
3148 1308 3428 1358 constans.
3457 1303 3564 1367 Qui
3589 1304 3701 1356 duo

2000 1402 2194 1441 versus
2224 1388 2454 1442 sibimet
2475 1389 2777 1442 convenire
2804 1406 2917 1443 non
2947 1395 3204 1459 possunt,
3229 1391 3339 1443 nisi
3364 1392 3701 1461 uterquc‘ad

2000 1491 2270 1529 sanorum
2294 1481 2618 1546 temporum
2651 1477 2934 1530 referatur
2958 1478 3150 1546 pedes.
3187 1480 3325 1531 Nam
3375 1479 3579 1532 modus
3610 1480 3703 1532 he-

1998 1562 2187 1618 roicus
2216 1581 2343 1618 cum
2376 1566 2550 1618 modo
2584 1564 2834 1617 iambico
2866 1566 2954 1618 vel
2974 1566 3258 1619 trochaica
3289 1583 3404 1619 non
3434 1567 3700 1630 concinit,

2002 1652 2139 1722 quia
2168 1652 2253 1705 illi
2277 1653 2454 1722 pedes
2481 1653 2547 1706 ad
2584 1653 2963 1710 tantumdem.
2996 1653 3056 1706 hi
3086 1654 3153 1707 ad
3185 1654 3422 1724 duplum
3456 1655 3705 1725 partiun-

1998 1744 2113 1794 tur.
2147 1740 2315 1796 Fiunt
2343 1757 2479 1812 ergo
2512 1740 2763 1794 ambitus
2797 1746 2893 1794 aut
2921 1742 3186 1795 omnibus
3208 1743 3405 1795 metris
3433 1759 3546 1796 non
3576 1759 3705 1797 cum

2000 1828 2268 1889 versibus,
2292 1833 2357 1881 ut
2381 1829 2465 1881 illi
2494 1832 2632 1881 sunt
2667 1829 2733 1882 de
2765 1829 2972 1898 quibus
3025 1830 3083 1882 in
3123 1830 3403 1899 superiori
3442 1847 3704 1883 sermone

1998 1917 2348 1985 disputatum
2385 1920 2491 1983 est,
2526 1932 2655 1969 cum
2692 1916 2763 1970 de
2796 1916 2934 1986 ipsis
2989 1917 3187 1971 metris
3241 1934 3576 1987 ageremus;
3609 1922 3707 1970 aut

2000 2006 2223 2059 tantum
2252 2003 2532 2069 versibus,
2578 2009 2643 2057 ut
2700 2002 2740 2055 ii
2772 2003 2841 2056 de
2899 2003 3105 2073 quibus
3134 2019 3286 2058 nunc
3335 2004 3549 2058 dictum
3580 2009 3699 2069 est;

2002 2096 2101 2146 aut
2130 2097 2194 2146 ut
2218 2096 2275 2146 et
2293 2092 2569 2157 versibus,
2603 2096 2659 2145 et
2687 2091 2834 2144 alliis
2857 2091 3052 2145 metris
3072 2093 3511 2162 temperentur1,
3540 2092 3705 2161 quale

2000 2180 2146 2235 illud
2175 2185 2258 2235 est
2283 2197 2295 2235 :

2188 2304 2451 2367 Diffugere
2485 2303 2653 2363 nives,
2681 2303 2906 2352 redeunt
2925 2304 3033 2366 jam
3065 2305 3305 2367 gramina
3333 2304 3550 2366 campis,

2185 2386 2577 2448 Arboribusque
2605 2398 2794 2434 comae.

2559 2465 2660 2525 (Id.
2688 2465 2777 2515 lib.
2817 2467 2843 2513 4
2870 2465 3200 2525 Carminum,
3228 2466 3326 2515 ode
3356 2468 3425 2527 7.)

2003 2590 2125 2654 Quo
2156 2594 2348 2645 autem
2372 2590 2573 2644 ordine
2600 2590 2884 2658 locentur,
2916 2591 3005 2644 vel
3031 2607 3229 2644 versus
3256 2606 3384 2643 cum
3434 2589 3561 2643 aliis
3584 2606 3702 2644 me-

2003 2679 2124 2743 tris,
2156 2679 2243 2731 vel
2274 2678 2491 2747 majora
2516 2679 2773 2731 membra
2800 2694 2930 2731 cum
2974 2678 3312 2742 minoribus,
3348 2678 3491 2731 nihil
3524 2679 3703 2732 inter-

2006 2768 2190 2821 estad
2233 2767 2461 2820 aurium
2517 2766 2894 2835 voluptatem,
2958 2766 3270 2819 dummodo
3322 2782 3440 2818 non
3479 2766 3706 2818 brevior

2007 2870 2181 2924 quam
2207 2854 2561 2921 bimembris,
2592 2870 2705 2906 non
2732 2853 2981 2922 amplior
3006 2870 3177 2923 quam
3225 2853 3704 2922 quadrimembris

2007 2942 2081 2995 sit
2108 2942 2376 2995 ambitus.
2410 2942 2518 2996 Sed
2547 2942 2667 3011 jam
2699 2942 2745 2994 si
2769 2942 2913 2994 nihil
2934 2942 3111 2995 habes
3143 2941 3298 3011 quod
3328 2940 3703 3006 contradicas,

2006 3030 2137 3085 ﬁnis
2167 3030 2237 3084 sit
2265 3030 2438 3099 hujus
2469 3029 2893 3100 disputationis,
2919 3033 2985 3083 ut
3012 3029 3277 3098 deinceps
3295 3029 3447 3099 quod
3470 3029 3537 3083 ad
3558 3029 3703 3081 hanc

2006 3123 2229 3188 partem
2260 3118 2492 3173 musicae
2523 3117 2946 3188 attinetquaain
2972 3118 3230 3171 numeris
3251 3122 3573 3188 temporum
3596 3121 3700 3183 est,

2007 3206 2077 3261 ab
2102 3207 2192 3261 his
2218 3206 2472 3278 vestigiis
2503 3206 2626 3277 ejus
2653 3206 3037 3273 sensibilibus,
3075 3207 3143 3261 ad
3173 3208 3297 3276 ipsa
3334 3205 3563 3274 cubilia,
3605 3205 3702 3259 ubi

2007 3296 2077 3349 ab
2107 3295 2266 3349 omni
2295 3311 2534 3366 corpore
2564 3295 2752 3349 aliena
2764 3298 2866 3361 est,
2892 3300 3107 3365 quanta
3130 3295 3384 3348 valemus
3400 3294 3703 3364 sagacitate

2006 3399 2319 3438 veniamus.

2072 3530 2085 3562 1
2121 3527 2206 3576 Sic
2233 3527 2327 3575 Ms.
2351 3526 2531 3575 AzAut
2555 3529 2603 3576 el
2626 3525 2855 3575 versibus
2879 3524 3003 3576 aliis
3025 3524 3205 3574 metris
3232 3526 3605 3587 temperantur.
3636 3525 3703 3572 Μ.

1272 3756 1825 3879 LIBER
1921 3754 2643 3879 SEXTUS.

204 3941 266 3988 In
296 3953 397 4001 quo
422 3954 482 3987 ex
510 3938 833 3988 mutabilium
856 3953 1188 3990 numerorum
1221 3938 1272 3987 in
1304 3938 1641 4010 inferioribus
1665 3938 2263 4050 rebttisronsidgrfttione
2292 3940 2527 3989 evehitur
2551 3939 2756 3989 animus
2782 3939 2847 3988 ad
2874 3940 3219 3989 immutabiles
3251 3955 3511 3997 numeros,
3543 3942 3625 4003 qui
3658 3941 3708 3988 in

1527 4015 1640 4050 mea
1668 4015 1763 4049 sun
1814 4009 2030 4050 immuta
2070 4018 2082 4050 ι
2111 4019 2123 4050 ι
2152 4009 2388 4050 veritate.
2640 4044 2647 4050 .

1527 4015 1640 4063 Ipsa
1668 4009 1787 4049 sunt
1814 4009 2123 4050 immutabili
2152 4009 2388 4051 veritate.

1770 4127 2159 4136 —————__

207 4219 436 4273 CAPUT
480 4217 776 4273 PRIMUM.
831 4246 891 4257 —
944 4218 1258 4286 Superiores
1311 4214 1444 4269 libri
1470 4214 1664 4284 quibus
1718 4218 1915 4284 scripti

761 4308 892 4372 sint,
925 4321 1093 4375 quove
1117 4302 1361 4359 consilio.

289 4400 341 4450 1.
368 4400 441 4451 M.
471 4394 625 4450 Satis
651 4395 747 4450 diu
781 4396 949 4465 pene1
996 4397 1169 4464 atque
1226 4391 1367 4447 adeo
1418 4390 1589 4461 plane
1618 4390 1918 4462 pueriliter

208 4498 321 4552 per
350 4481 607 4553 quinque
641 4482 819 4536 libros
848 4481 910 4534 in
938 4479 1194 4550 vestigiis
1220 4494 1596 4534 numerorum
1627 4480 1696 4533 ad
1728 4495 1919 4534 moras

210 4576 543 4642 temporum
560 4569 971 4640 pertinentium
1011 4568 1220 4623 morati
1232 4584 1457 4623 sumus:
1478 4584 1649 4639 quam
1664 4571 1920 4622 nostram

216 4658 608 4730 nugacitatem
642 4658 791 4728 apud
821 4657 1127 4712 benevolos
1159 4656 1425 4711 homines
1462 4655 1625 4710 facile
1668 4655 1922 4710 fortassis

220 4752 455 4800 excuset
484 4745 770 4800 ofﬁciosus
800 4745 990 4812 labor;
1016 4762 1186 4816 quem
1208 4760 1322 4799 non
1345 4745 1417 4799 ob
1441 4744 1596 4800 aliud
1610 4743 1923 4815 suscipien-

223 4834 363 4887 dum
394 4832 747 4903 putavimus,
806 4832 918 4886 nisi
946 4839 1014 4887 ut
1069 4833 1475 4900 adolescentes,
1510 4834 1595 4886 vel
1626 4832 1926 4903 cujuslibet

224 4922 411 4977 mtatis
430 4921 719 4985 homines,
744 4938 889 4992 quos
916 4921 1067 4975 bono
1090 4920 1325 4992 ingenio
1348 4920 1581 4975 donavit
1608 4922 1777 4987 Deus,
1808 4935 1926 4973 non

222 5025 617 5080 praepropere,
647 5011 744 5064 sed
778 5010 1119 5080 quibusdam
1150 5009 1423 5080 gradibus
1443 5026 1475 5063 a
1502 5008 1761 5063 sensibus
1798 5023 1927 5060 car-

223 5098 317 5151 nis
349 5102 524 5168 atquo
555 5115 587 5151 a
614 5098 937 5152 carnalibus
967 5097 1193 5165 litteris,
1218 5097 1425 5168 quibus
1445 5112 1540 5151 eos
1570 5112 1682 5150 non
1710 5096 1929 5150 hmrere

224 5185 458 5240 difﬁcile
491 5191 593 5255 est,
627 5187 768 5240 duce
800 5185 1023 5240 ratione
1059 5186 1454 5250 avellerentur,
1482 5188 1652 5254 atque
1682 5183 1785 5237 uni
1814 5184 1930 5237 Deo

224 5280 283 5328 et
314 5275 559 5329 Domino
588 5292 782 5330 rerum
830 5274 1111 5331 omnium.
1180 5273 1277 5345 qui
1334 5272 1598 5326 humanis
1644 5272 1933 5326 mentibus

223 5364 389 5419 nulla
417 5367 625 5418 natura
654 5362 992 5435 interposita
1019 5361 1311 5433 praesidet,
1334 5360 1820 5415 incommutabilis
1839 5376 1932 5413 ve-

230 5453 417 5507 ritatis
472 5469 667 5507 amore
716 5454 1187 5509 adhaerescerent.
1242 5450 1374 5505 Illos
1403 5449 1579 5520 igitur
1616 5449 1793 5503 libros
1837 5448 1936 5520 qui

296 5551 308 5582 1
349 5550 499 5600 Salis
520 5549 613 5599 diu
630 5561 793 5613 penes
825 5552 895 5607 te,
928 5548 1081 5612 juxta
1102 5547 1187 5597 Er.
1223 5546 1351 5597 Ven.
1384 5550 1437 5596 et
1466 5546 1562 5595 Ms.
1593 5546 1653 5596 A.
1684 5546 1751 5595 Μ.

432 5734 452 5750 ⁸
549 5648 828 5713 PATROL.
881 5646 1125 5711 XXXII.

2016 4216 2188 4287 leget,
2215 4215 2466 4270 inveniet
2496 4232 2597 4269 nos
2622 4231 2751 4269 cum
2793 4214 3179 4285 grammaticis
3228 4219 3285 4268 et
3309 4213 3545 4284 poeticis
3593 4214 3714 4266 ani-

2020 4304 2148 4366 mis,
2181 4319 2297 4357 non
2324 4303 2624 4357 habitandi
2656 4304 2954 4370 electione,
2984 4303 3082 4357 sed
3120 4300 3426 4355 itinerandi
3470 4302 3716 4354 necessi-

2022 4396 2138 4446 tate
2168 4394 2441 4445 versatos.
2474 4390 2556 4444 Ad
2590 4390 2745 4444 hunc
2770 4395 2960 4445 autem
2993 4391 3204 4444 librum
3229 4404 3359 4442 cum
3380 4388 3615 4455 venerit,
3649 4390 3716 4451 si,

2026 4483 2092 4533 ut
2120 4494 2288 4549 spero
2320 4481 2377 4532 et
2406 4478 2647 4549 supplex
2665 4478 2956 4549 deprecor,
2980 4479 3128 4532 Deus
3142 4481 3197 4530 et
3226 4476 3501 4529 Dominus
3526 4480 3720 4530 noster

2024 4567 2380 4637 propositum
2411 4583 2606 4621 meum
2634 4568 3100 4635 voluntatemque
3132 4564 3623 4633 gubernaverit,et
3651 4581 3717 4618 eo

2026 4671 2141 4726 quo
2162 4660 2247 4709 est
2271 4655 2490 4709 intenta
2519 4655 2865 4726 perduxerit,
2900 4652 3184 4721 intelliget
3207 4667 3325 4704 non
3354 4651 3479 4703 vilis
3500 4668 3718 4722 posscs-

2028 4742 2205 4797 sionis
2234 4759 2353 4796 esse
2383 4742 2550 4796 vilem
2582 4742 2751 4802 viam,
2784 4756 2886 4811 per
2912 4755 3083 4809 quam
3111 4755 3261 4792 nunc
3306 4755 3434 4792 cum
3466 4738 3722 4794 imbecil-

2028 4832 2285 4898 lioribus,
2312 4847 2417 4886 nec
2445 4847 2547 4884 nos
2591 4830 2702 4900 ipsi
2740 4828 3052 4883 admodum
3081 4827 3256 4881 fortes
3287 4828 3577 4882 ambulare
3610 4846 3725 4883 ma-

2031 4919 2266 4984 luimus,
2305 4934 2479 4988 quam
2524 4916 2715 4970 minus
2744 4920 3025 4986 pennatos
3067 4932 3173 4986 per
3220 4916 3514 4970 liberiores
3559 4933 3724 4970 auras

2036 5006 2413 5078 prmeipitare.
2446 5007 2531 5059 Ita
2558 5021 2682 5071 nos,
2710 5009 2991 5075 quantum
3022 5002 3287 5072 arbitror,
3319 5009 3416 5058 aut
3452 5005 3597 5058 nihil
3630 5009 3727 5057 aut

2034 5112 2153 5150 non
2181 5094 2426 5148 multum
2452 5108 2712 5163 peccasse
2735 5092 3035 5163 judicabit,
3086 5092 3131 5145 si
3165 5096 3358 5147 tamen
3389 5093 3458 5147 de
3487 5108 3727 5145 numero

2036 5182 2420 5255 spiritualium
2450 5181 2704 5236 virorum
2732 5181 2837 5235 iste
2867 5180 3062 5237 fuerit.
3096 5182 3234 5235 Nam
3248 5181 3414 5234 turba
3434 5185 3639 5233 caetera
3659 5180 3727 5234 de

2038 5272 2248 5326 scholis
2278 5271 2606 5341 linguarum
2639 5270 3131 5337 tumultuantium,
3157 5274 3212 5324 et
3243 5269 3313 5322 ad
3333 5267 3728 5338 plaudentium

2041 5360 2339 5431 strepitum
2370 5358 2591 5430 vulgari
2620 5358 2847 5414 levitate
2878 5359 3215 5424 laetantium,
3248 5357 3294 5409 si
3322 5357 3466 5410 forte
3498 5356 3731 5410 irruerit

2042 5449 2103 5503 in
2128 5449 2231 5503 has
2269 5448 2510 5517 litteras,
2542 5452 2639 5501 aut
2666 5451 2992 5502 contemnet
3021 5461 3241 5511 omnes,
3272 5448 3372 5499 aut
3400 5444 3524 5498 illos
3559 5444 3728 5515 quin-

2047 5552 2156 5603 que
2187 5535 2361 5590 libros
2400 5536 2657 5591 sufﬁcere
2713 5536 2819 5591 sibi
2867 5534 3274 5591 arbitrabitur:
3308 5532 3478 5588 istum
3510 5550 3645 5588 vero
3676 5535 3733 5589 in

2921 5644 3397 5728 (Trmzte-sept.)
