4098 6182
485 331 616 383 1163

480 464 595 519 quo
628 445 842 499 fructus
865 442 1100 496 illorum
1138 443 1240 507 est,
1272 439 1358 492 vel
1378 435 1606 506 abjiciet
1634 434 1798 506 quasi
1827 449 1945 488 non
1977 449 2168 488 neces-

481 535 718 600 sarium,
751 533 838 586 vel
868 531 1090 585 differet
1116 526 1280 599 quasi
1298 529 1427 596 post
1456 522 1860 578 necessarium.
1902 521 2174 592 Reliquos

479 641 612 678 vero
640 622 740 693 qui
771 621 839 675 ad
869 621 976 673 ista
1011 615 1385 686 intelligenda
1413 613 1622 668 eruditi
1676 627 1796 665 non
1825 615 1975 677 sunt,
2007 610 2055 663 si
2093 627 2176 664 sa-

481 711 787 767 cramentis
815 707 1147 764 Christiana:
1186 701 1454 774 puritatis
1513 700 1720 754 imbuti
1742 697 1784 765 ί,
1818 699 1877 752 in
1907 714 2087 752 unum
2118 703 2175 752 et

479 816 679 856 verum
713 800 892 852 Deum
918 810 1143 849 summa
1170 791 1443 846 charitate
1473 790 1740 856 nitentes,
1763 791 1962 841 cuncta
1983 783 2176 856 pueri-

481 891 559 944 lia
583 887 1091 949 transvolaverunt,
1124 881 1372 936 fraterne
1405 879 1686 934 admoneo
1714 892 1784 930 ne
1813 875 1885 929 ad
1916 875 2024 928 ista
2068 873 2172 927 de-

479 978 712 1032 scendat
737 978 792 1028 et
821 990 950 1027 cum
997 971 1088 1026 hic
1118 971 1374 1024 laborare
1431 966 1729 1036 coeperint,
1783 964 1850 1017 de
1908 960 2173 1016 tarditate

479 1082 581 1121 sua
611 1064 1053 1133 conquerantur,
1088 1059 1416 1129 ignorantes
1441 1056 1650 1110 itinera
1680 1051 1934 1108 difficilia
1966 1055 2022 1103 et
2047 1065 2173 1102 mo-

476 1155 620 1207 lesta
647 1151 885 1222 pedibus
916 1147 1051 1214 suis,
1078 1147 1324 1200 volando
1376 1160 1433 1199 se
1466 1159 1629 1214 posse
1687 1141 1856 1194 etiam
1911 1139 2174 1208 ignorata

474 1238 738 1295 transire.
771 1236 827 1291 Si
848 1239 1038 1289 autem
1064 1234 1103 1287 ii
1121 1235 1319 1304 legunt
1345 1231 1444 1302 qui
1473 1236 1529 1284 et
1558 1229 1802 1284 infirmis
1825 1232 1922 1282 aut
1951 1227 2174 1279 inexer-

475 1329 662 1383 citatis
693 1326 976 1398 gressibus
1001 1325 1106 1378 hac
1136 1322 1430 1376 ambulare
1459 1336 1576 1374 non
1607 1323 1866 1389 possunt,
1903 1319 1958 1368 et
1989 1315 2172 1368 nullas

472 1416 702 1488 pictatis
730 1416 846 1468 alas
876 1413 1110 1477 habent,
1145 1410 1353 1481 quibus
1407 1409 1514 1462 ista
1558 1407 1813 1476 neglecta
1865 1406 2170 1474 praetervo-

472 1507 611 1571 lent,
641 1519 760 1557 non
793 1517 850 1555 se
879 1501 1133 1554 inserant
1157 1493 1580 1551 inconvenienti
1613 1491 1874 1563 negotio;
1907 1490 2000 1543 sed
2026 1504 2174 1556 prte-

472 1593 650 1663 ceptis
682 1589 1072 1645 saluberrima:
1105 1585 1423 1656 religionis,
1443 1587 1498 1636 et
1520 1579 1804 1636 nidofidei
1830 1576 2170 1633 Christianae

470 1667 691 1751 pennas
720 1677 999 1742 nutriant,
1032 1674 1240 1745 quibus
1271 1671 1520 1726 subvecti
1572 1669 1827 1723 laborem
1883 1681 1946 1719 ac
1971 1665 2171 1735 pulve-

471 1785 595 1822 rem
625 1767 795 1837 hujus
825 1763 1046 1818 itineris
1069 1761 1327 1821 evadant,
1355 1759 1537 1829 magis
1559 1757 1738 1828 ipsius
1767 1754 1967 1826 patriae
1999 1767 2172 1824 quam

469 1855 694 1910 viarum
719 1854 1102 1907 flexuosarum
1133 1865 1325 1903 amore
1358 1849 1684 1917 flagrantes.
1720 1845 1816 1898 His
1860 1842 2014 1896 enim
2051 1841 2173 1894 haec

471 1944 678 2014 scripta
706 1946 860 2003 sunt,
893 1941 992 2012 qui
1024 1938 1229 1992 litteris
1289 1935 1655 1990 sacularibus
1709 1931 1908 1998 dediti,
1950 1930 2172 2000 magnis

468 2032 837 2102 implicantur
867 2028 1180 2094 erroribus,
1207 2030 1263 2080 et
1304 2027 1456 2080 bona
1492 2023 1725 2094 ingenia
1753 2021 1814 2075 in
1838 2020 2008 2090 nugis
2037 2034 2169 2072 con-

470 2123 684 2187 terunt,
714 2117 1034 2172 nescientes
1065 2115 1200 2186 quid
1234 2114 1314 2167 ibi
1354 2114 1612 2167 delectet.
1644 2109 1806 2174 Quod
1835 2109 1881 2161 si
1912 2106 2172 2161 animad-

470 2207 1041 2276 verterent,viderent
1061 2220 1172 2274 qua
1194 2203 1510 2272 effugerent
1530 2200 1628 2254 illa
1649 2199 1876 2265 retia,et
1907 2196 2172 2267 quisnam

473 2301 619 2352 esset
642 2294 985 2350 beatissima:
1015 2290 1329 2346 securitatis
1358 2291 1530 2343 locus.

473 2384 697 2437 CAPUT
731 2383 800 2435 Il.
831 2411 900 2421 —-
929 2381 1192 2436 Sonorum
1216 2381 1426 2432 numeri
1480 2377 1806 2446 quotuplicis
1853 2375 2081 2442 generis,
2121 2377 2173 2426 et

542 2487 614 2524 an
643 2469 891 2539 quodque
915 2484 1094 2522 eorum
1119 2483 1284 2536 genus
1301 2469 1418 2520 sine
1439 2467 1548 2520 alio
1574 2480 1684 2519 esse
1711 2465 1902 2532 possit.
1932 2464 2171 2516 Primum

540 2573 706 2627 genus
734 2573 1078 2612 numero-rum
1123 2558 1182 2609 in
1238 2559 1356 2624 ipso
1411 2569 1559 2610 sono.
1595 2552 1888 2609 Secundem
1917 2565 2084 2619 genus
2112 2552 2171 2604 in

540 2649 661 2716 ipso
680 2660 868 2700 sensus
899 2645 1193 2698 audientis.

541 2738 593 2788 2.
625 2735 708 2788 Μ.
746 2732 1132 2798 Quamobrem
1153 2735 1214 2786 tu
1245 2747 1376 2785 cum
1395 2747 1506 2802 quo
1529 2728 1672 2783 mihi
1717 2744 1871 2782 nunc
1892 2727 2036 2782 ratio
2063 2731 2168 2793 est,

473 2821 774 2876 familiaris
803 2837 986 2890 meus,
1012 2825 1075 2874 ut
1103 2837 1136 2874 a
1165 2818 1454 2890 corporeis
1484 2817 1555 2872 ad
1611 2817 1946 2888 incorporea
1984 2820 2169 2870 trans-

473 2927 691 2979 eamus,
723 2911 1025 2981 responde,
1050 2908 1097 2962 si
1116 2907 1361 2974 videtur,
1395 2922 1525 2960 cum
1564 2905 1738 2960 istum
1781 2919 2008 2958 versum
2035 2919 2170 2974 pro-

473 3000 833 3069 nuntiamus,
851 3002 988 3053 Deus
1009 3001 1219 3052 creator
1243 2998 1500 3062 omnium,
1525 2995 1662 3048 istos
1683 2997 1925 3065 quatuor
1952 2992 2171 3046 iambos

474 3087 683 3158 quibus
728 3090 968 3152 constat,
1019 3090 1075 3139 et
1104 3089 1364 3154 tempora
1416 3082 1714 3138 duodecim
1756 3081 1996 3136 ubinam
2050 3095 2170 3134 esse

475 3175 788 3243 arbitreris,
840 3174 897 3228 id
931 3177 1034 3243 est,
1085 3173 1148 3226 in
1199 3189 1338 3226 sono
1389 3175 1614 3226 tantum
1645 3170 1743 3241 qui
1792 3169 2043 3235 auditur,
2095 3183 2168 3221 an

475 3263 648 3318 etiam
678 3263 739 3317 in
769 3279 936 3316 sensu
970 3261 1253 3316 audientis
1285 3261 1383 3332 qui
1415 3261 1482 3315 ad
1514 3276 1680 3314 aures
1709 3259 1980 3330 pertinet,
2008 3273 2082 3311 an
2106 3256 2168 3310 in

477 3356 605 3406 actu
635 3351 808 3406 etiam
837 3350 1281 3421 pronuntiantis,
1336 3365 1408 3403 an
1438 3348 1573 3420 quia
1625 3353 1792 3401 notus
1839 3362 2034 3399 versus
2065 3348 2167 3412 est,

475 3441 535 3494 in
566 3440 845 3494 memoria
875 3455 1107 3510 quoque
1137 3442 1332 3491 nostra
1360 3437 1465 3491 hos
1508 3452 1781 3490 numeros
1829 3451 1948 3488 esse
1994 3434 2171 3487 faten-

475 3530 611 3584 dum
639 3530 760 3584 est?
789 3532 852 3584 D.
889 3529 951 3582 In
1005 3527 1094 3581 his
1151 3526 1421 3580 omnibus
1467 3530 1628 3596 puto.
1687 3525 1772 3578 Μ.
1806 3524 2169 3593 Nusquamne

476 3619 768 3689 amplius?
791 3621 859 3672 D.
892 3615 1039 3680 Quid
1074 3615 1229 3670 aliud
1279 3618 1452 3668 restet
1503 3630 1620 3667 non
1649 3612 1833 3678 video,
1864 3610 1976 3664 nisi
2022 3610 2169 3664 forte

472 3707 714 3761 interior
743 3711 800 3760 et
825 3706 1084 3777 superior
1111 3704 1304 3775 aliqua
1361 3703 1444 3757 vis
1500 3702 1571 3756 sit
1598 3699 1622 3733 ²
1652 3701 1801 3755 unde
1832 3699 1939 3753 ista
1968 3714 2168 3769 proce-

474 3796 637 3850 dunt.
689 3796 772 3849 M.
824 3796 948 3847 Non
1004 3810 1110 3863 ego
1171 3809 1366 3863 quaero
1415 3790 1554 3863 quid
1605 3788 2008 3860 suspicandum
2053 3788 2166 3842 sit:

474 3899 651 3955 quare
679 3881 726 3934 si
756 3883 878 3935 haec
900 3887 1148 3951 quatuor
1176 3881 1476 3951 generaita
1506 3879 1610 3932 tibi
1640 3881 1935 3948 apparent,
1969 3879 2030 3928 ut
2049 3877 2170 3929 nul-

471 3968 594 4022 lum
624 3968 778 4021 aliud
805 3967 995 4022 videas
1029 3967 1183 4038 quod
1213 3984 1376 4037 aeque
1408 3966 1775 4020 manifestum
1823 3965 1913 4024 sit,
1957 3964 2168 4018 discer-

471 4073 675 4110 namus
705 4073 792 4124 ea,
828 4056 873 4109 si
904 4057 1107 4126 placet,
1144 4055 1214 4109 ab
1241 4055 1505 4121 invicem,
1538 4059 1592 4108 et
1637 4053 1932 4107 videamus
1977 4057 2168 4105 utrum

470 4147 698 4217 singula
727 4163 847 4200 esse
874 4147 996 4200 sine
1020 4145 1261 4200 invicem
1288 4144 1525 4216 possint.
1563 4144 1705 4197 Nam
1752 4142 1918 4196 credo
1965 4157 2082 4194 non
2114 4146 2168 4194 te

470 4253 590 4291 esse
619 4239 960 4303 negaturum
1003 4234 1126 4287 ﬁeri
1157 4251 1340 4304 posse,
1373 4237 1436 4287 ut
1492 4233 1550 4286 in
1580 4232 1770 4302 aliquo
1800 4231 1924 4285 loco
1962 4229 2168 4300 aliquis

469 4340 643 4378 sonus
677 4323 879 4376 existat
911 4322 1308 4392 hujuscemodi
1340 4320 1578 4375 moralis
1608 4326 1664 4374 et
1711 4317 2166 4374 dimensionibus

467 4411 774 4467 verberans
803 4427 995 4464 acrem
1023 4411 1111 4465 vel
1159 4407 1444 4464 stillicidia
1483 4409 1570 4463 vel
1604 4407 1794 4478 aliquo
1852 4406 1965 4460 alio
1997 4407 2167 4476 pulsu

465 4517 790 4572 corporum,
823 4500 921 4554 ubi
973 4501 1169 4554 nullus
1217 4499 1360 4553 adsit
1390 4499 1636 4552 auditor.
1694 4497 1856 4561 Quod
1897 4512 2027 4550 cum
2072 4496 2156 4562 fit,

466 4605 606 4643 num
636 4593 844 4659 praeter
871 4588 1014 4642 illud
1042 4587 1294 4658 primum
1321 4602 1519 4657 genus,
1554 4601 1685 4639 cum
1705 4585 1826 4655 ipse
1857 4600 2028 4638 sonus
2059 4585 2162 4638 hos

465 4692 736 4730 numeros
765 4676 956 4742 habet,
986 4676 1171 4730 ullum
1214 4676 1420 4730 horum
1453 4679 1702 4746 quatuor
1732 4674 2014 4744 reperitur
2035 4671 2062 4725 ?
2094 4675 2156 4727 D.

466 4764 700 4818 Nullum
738 4764 892 4818 aliud
916 4763 1100 4819 video.

535 4856 586 4908 3.
619 4854 703 4907 Μ.
746 4852 883 4917 Quis
914 4853 1016 4906 iste
1047 4853 1210 4921 alter,
1242 4851 1341 4923 qui
1379 4855 1466 4905 est
1518 4850 1578 4904 in
1635 4866 1800 4903 sensu
1832 4848 2160 4903 audientis?

461 4945 720 5012 potestne
751 4957 872 4994 esse
903 4940 950 4994 si
981 4939 1123 4994 nihil
1157 4944 1316 4994 sonet
1335 4942 1363 4992 ‘?
1407 4941 1530 4992 Non
1559 4937 1713 4991 enim
1738 4953 1934 5007 quaero
1961 4942 2156 4990 utrum

459 5031 708 5084 habeant
731 5029 845 5084 illa:
876 5046 1039 5084 aures
1068 5029 1183 5084 vim
1221 5027 1577 5100 percipiendi
1628 5027 1674 5079 si
1704 5025 2020 5097 quidquam
2076 5041 2158 5079 so-

461 5120 676 5188 nuerit,
709 5137 824 5192 qua
875 5121 1076 5192 utique
1135 5137 1250 5174 non
1305 5123 1501 5172 carent
1543 5117 1590 5171 si
1621 5117 1767 5171 desit
1797 5133 2007 5170 sonus:
2040 5132 2156 5170 non

458 5208 614 5262 enim
660 5213 717 5262 et
745 5224 878 5263 cum
898 5207 1189 5262 silentium
1221 5210 1324 5275 est,
1354 5205 1501 5259 nihil
1535 5222 1565 5259 a
1598 5203 1785 5258 surdis
1843 5203 2150 5257 differunt:

458 5297 556 5350 sed
585 5313 782 5368 quaero
814 5301 1007 5350 utrum
1020 5295 1170 5367 ipsos
1201 5290 1990 5362 numeroshabeant,etiamsi
2011 5290 2152 5345 nihil

518 5449 531 5481 ¹
565 5447 650 5494 Er.
671 5451 725 5496 et
746 5447 866 5497 Lov.
899 5443 1146 5497 veritatis
1177 5443 1402 5504 imbuti;
1424 5447 1477 5493 at
1503 5444 1626 5493 Mss.
1657 5443 1853 5493 habent
1872 5455 1992 5492 cum
2015 5442 2147 5504 Am.,

449 5511 719 5570 puritatis.

515 5569 536 5602 ²
562 5572 672 5628 Est,
697 5569 848 5631 juxta
882 5569 973 5619 Ms.
1003 5569 1061 5619 Α.
1130 5568 1197 5617 Μ.

1755 319 1848 374 DE
1894 316 2180 379 MUSICA,
2223 317 2276 373 S.
2320 315 2702 373 AUGUSTINI

3803 325 3908 378 1164

2285 439 2464 489 sonet.
2514 433 2807 504 Siquidem
2853 433 3009 488 aliud
3065 438 3152 487 est
3199 433 3407 489 habere
3467 452 3738 505 numeros,
3789 442 3911 498 aliud

2285 540 2450 594 posse
2479 523 2688 576 sentire
2718 538 3091 576 numerosum
3120 538 3345 578 sonum.
3382 525 3519 578 Nam
3546 529 3598 579 et
3638 528 3680 579 si
3706 531 3910 584 sentien-

2285 616 2400 666 tem
2430 611 2679 683 corporis
2705 611 2895 665 locum
2923 611 3105 680 digito
3135 614 3358 682 tangas,
3389 613 3733 682 quotieslibet
3765 619 3911 689 tangi-

2285 705 2399 767 tur,
2422 700 2588 754 toties
2619 700 2864 754 sentitur
2897 704 3047 754 tactu
3078 700 3172 753 ille
3202 716 3474 754 numerus
3508 717 3521 755 :
3553 708 3606 756 et
3627 720 3744 758 cum
3778 708 3912 760 senti-

2285 793 2398 856 tur,
2428 805 2543 843 non
2568 805 2633 842 eo
2655 792 2807 842 caret
2834 788 3084 842 sentiens
3110 804 3124 841 :
3147 788 3245 842 sed
3274 794 3468 842 utrum
3491 788 3619 844 insit
3637 791 3792 845 etiam
3818 797 3913 846 tan-

2285 881 2451 948 gente
2479 877 2656 944 nullo,
2687 893 2806 931 non
2835 892 3033 930 sensus
3079 876 3196 942 ille,
3243 878 3340 931 sed
3381 894 3664 944 numerus,
3705 880 3915 934 similiter

2283 967 2578 1035 queeritur.
2612 969 2676 1020 D.
2713 966 2839 1019 Non
2869 965 3034 1020 facile
3066 965 3328 1032 dixerim,
3360 983 3547 1020 carere
3595 984 3802 1022 sensum
3834 986 3912 1022 nu-

2284 1055 2458 1108 meris
2481 1054 2687 1108 talibus
2714 1054 2774 1108 in
2804 1070 2862 1108 se
2879 1053 3224 1122 constitutis,
3246 1054 3417 1108 etiam
3432 1059 3726 1126 antequam
3744 1057 3912 1127 aliquid

2284 1146 2445 1196 sonet
2475 1156 2487 1198 :
2519 1159 2634 1196 non
2656 1142 2809 1195 enim
2839 1142 3006 1196 aliter
3032 1147 3129 1196 aut
3154 1158 3352 1196 eorum
3383 1144 3716 1198 mulceretur
3734 1145 3912 1198 concin-

2284 1230 2480 1296 nitate,
2537 1234 2634 1284 aut
2675 1229 3022 1284 absurditate
3073 1229 3478 1284 offenderetur.
3523 1231 3764 1300 Idipsum
3813 1249 3911 1302 ergo

2284 1318 2561 1390 quidquid
2590 1323 2694 1384 est,
2723 1334 2836 1390 quo
2867 1323 2964 1372 aut
2993 1318 3302 1372 annuimus
3324 1322 3424 1372 aut
3456 1318 3804 1371 abhorremus
3830 1334 3910 1370 non

2282 1407 2501 1460 ratione
2531 1406 2629 1460 sed
2660 1411 2884 1472 natura,
2917 1421 3047 1459 cum
3103 1405 3322 1476 aliquid
3353 1408 3536 1468 sonat,
3568 1405 3736 1475 ipsius
3763 1423 3913 1459 sensus

2282 1510 2591 1548 numerum
2617 1509 2772 1548 voco.
2811 1495 2934 1548 Non
2963 1493 3116 1547 enim
3165 1498 3303 1547 tunc
3331 1493 3397 1547 ﬁt
3442 1493 3504 1546 in
3549 1493 3766 1546 auribus
3793 1495 3912 1558 meis,

2283 1599 2413 1637 cum
2443 1598 2646 1636 sonum
2679 1582 3102 1651 audio,hmcvis
3116 1581 3471 1652 approbandi
3499 1584 3554 1635 et
3583 1581 3910 1651 improbandi.

2282 1673 2462 1726 Aures
2491 1671 2705 1742 quippe
2737 1687 2852 1725 non
2883 1671 3046 1724 aliter
3075 1670 3241 1724 bonis
3269 1669 3423 1723 sonis
3464 1686 3631 1740 quam
3675 1670 3818 1723 malis
3841 1686 3913 1739 pa-

2283 1763 2425 1814 tent.
2457 1762 2526 1815 Μ.
2564 1760 2699 1814 Vide
2719 1759 2912 1830 potius
2941 1775 3012 1812 ne
3042 1758 3148 1812 ista
3175 1758 3288 1812 duo
3315 1757 3431 1812 sint
3461 1757 3692 1812 minime
3729 1758 3910 1811 confun-

2284 1847 2492 1904 denda.
2521 1849 2663 1901 Nam
2693 1846 2739 1900 si
2766 1863 2960 1900 versus
2991 1846 3232 1918 quilibet
3253 1845 3428 1900 modo
3449 1846 3768 1916 correptius,
3787 1847 3911 1899 modo

2283 1936 2618 2006 productius
2645 1935 3069 2006 pronuntietur,
3101 1934 3349 2005 spatium
3381 1934 3653 2004 temporis
3675 1949 3777 1987 non
3801 1933 3910 1986 idem

2283 2029 2476 2079 teneat
2533 2040 2761 2079 necesse
2793 2029 2895 2092 est,
2933 2023 3191 2094 quamvis
3245 2023 3450 2077 eadem
3500 2023 3705 2092 pedum
3746 2023 3910 2075 ratione

2284 2118 2521 2169 servata.
2553 2115 2623 2168 Ut
2653 2129 2788 2184 ergo
2819 2113 2942 2184 ipso
2988 2128 3089 2166 suo
3118 2127 3330 2182 genere
3360 2127 3530 2166 aures
3581 2111 3817 2176 mulceat,
3842 2110 3909 2162 illa

2280 2201 2365 2255 vis
2414 2202 2547 2256 facit
2593 2219 2707 2274 qua
2742 2201 3019 2256 concinna
3060 2200 3452 2267 adsciscimus,
3505 2204 3560 2253 et
3601 2199 3816 2253 absurda
3858 2215 3911 2250 re

2283 2290 2559 2360 spuimus.
2593 2291 2664 2344 Ut
2690 2294 2879 2344 autem
2912 2288 3170 2343 breviore
3225 2293 3492 2359 tempore
3537 2288 3793 2342 sentiatur
3816 2301 3909 2339 cum

2281 2379 2545 2448 celerius,
2573 2394 2746 2450 quam
2775 2394 2906 2432 cum
2961 2377 3179 2432 tardius
3222 2378 3536 2448 promitur,
3574 2393 3682 2430 non
3732 2376 3909 2430 interest

2280 2466 2496 2537 aliquid
2538 2465 2646 2519 nisi
2685 2465 2960 2537 quamdiu
3003 2481 3170 2519 aures
3196 2469 3511 2536 tangantur
3557 2481 3708 2518 sono.
3731 2462 3908 2517 Affectio

2281 2569 2416 2625 ergo
2446 2555 2566 2608 haec
2590 2553 2818 2607 aurium
2869 2568 2999 2607 cum
3045 2556 3368 2624 tanguntur
3400 2569 3564 2620 sono,
3617 2552 3759 2606 nullo
3784 2548 3907 2604 modo

2280 2643 2409 2696 talis
2439 2646 2526 2697 est
2554 2659 2618 2697 ac
2644 2642 2692 2696 si
2735 2658 2853 2696 non
2905 2646 3198 2711 tangatur.
3260 2643 3329 2696 Ut
3361 2644 3520 2696 enim
3570 2640 3742 2695 differt
3765 2637 3909 2692 audire

2280 2731 2350 2784 ab
2381 2748 2446 2785 eo
2469 2731 2625 2803 quod
2651 2735 2737 2785 est
2761 2747 2878 2785 non
2908 2731 3128 2796 audire,
3159 2730 3238 2784 ita
3266 2730 3463 2785 differt
3490 2730 3632 2784 hanc
3658 2743 3825 2783 vocem
3845 2741 3908 2779 au-

2281 2820 2403 2875 dire
2429 2820 2499 2874 ab
2521 2837 2588 2874 eo
2620 2820 2774 2891 quod
2804 2823 2886 2873 est
2915 2819 3153 2873 alteram
3180 2818 3402 2873 audire.
3428 2821 3556 2874 Haec
3575 2815 3907 2889 igituraffectio

2280 2922 2384 2960 nec
2413 2907 2563 2962 ultra
2590 2906 2926 2977 porrigitur,
2969 2923 3073 2961 nec
3126 2907 3277 2961 infra
3332 2907 3666 2973 cohibetur;
3694 2904 3905 2977 quoniam

2282 3000 2367 3050 est
2395 3011 2658 3050 mensura
2688 2995 2808 3066 ejus
2840 2995 2966 3049 soni
2995 2993 3096 3064 qui
3123 2994 3258 3049 facit
3286 3011 3438 3050 eam.
3493 2996 3678 3049 Altera
3715 2998 3902 3060 estergo

2278 3083 2340 3137 in
2369 3083 2581 3151 iambo,
2613 3085 2792 3138 altera
2839 3083 2897 3137 in
2928 3084 3252 3151 tribracho;
3302 3084 3635 3156 productior
3663 3084 3714 3137 iu
3742 3080 3900 3153 produ-

2279 3171 2454 3227 ctiore
2479 3173 2692 3242 iambo,
2724 3172 3037 3242 correptior
3091 3172 3154 3226 in
3199 3174 3586 3244 correptiore;
3617 3172 3756 3226 nulla
3778 3170 3824 3222 in
3846 3168 3899 3220 si-

2279 3259 2483 3315 lentio.
2522 3260 2659 3324 Quae
2690 3260 2738 3314 si
2767 3275 3074 3313 numerosa
3105 3275 3239 3313 voce
3272 3260 3360 3325 ﬁt,
3396 3261 3568 3314 etiam
3612 3259 3722 3330 ipsa
3747 3269 3898 3310 nume-

2279 3365 2411 3402 rosa
2442 3347 2514 3402 sit
2567 3363 2796 3402 necesse
2853 3351 2954 3401 est.
3007 3347 3202 3418 Neque
3261 3363 3388 3401 esse
3445 3353 3643 3418 potest,
3689 3344 3780 3399 nisi
3810 3356 3900 3396 cum

2280 3437 2440 3492 adest
2467 3436 2700 3491 effector
2731 3436 2853 3506 ejus
2881 3451 3085 3490 sonus:
3111 3435 3313 3489 similis
3338 3442 3432 3490 est
3460 3436 3611 3490 enim
3646 3432 3840 3502 vestigio
3860 3429 3900 3481 in

2281 3541 2429 3596 aqua
2457 3525 2752 3596 impresso,
2785 3524 2940 3596 quod
2966 3540 3151 3594 neque
3182 3530 3312 3578 ante
3347 3524 3625 3578 formatur
3649 3537 3794 3593 quam
3813 3533 3898 3572 cor-

2279 3631 2386 3684 pus
2413 3614 2790 3684 impresseris,
2825 3629 3011 3683 neque
3041 3617 3300 3666 remanet
3329 3629 3466 3666 cum
3494 3610 3789 3666 detraxeris.
3823 3605 3898 3658 Na-

2280 3702 2481 3756 turalis
2510 3719 2643 3756 vero
2678 3702 2775 3755 illa
2820 3701 2904 3755 vis
2956 3700 3119 3772 quasi
3165 3700 3498 3771 judiciaria,
3556 3716 3676 3771 quze
3727 3692 3897 3750 auribus

2279 3791 2455 3856 adest,
2487 3807 2604 3844 non
2653 3789 2862 3845 desinit
2917 3805 3038 3842 esse
3095 3788 3156 3842 in
3203 3788 3456 3855 silentio,
3516 3805 3614 3841 nec
3647 3785 3784 3839 nobis
3809 3794 3896 3834 eam

2281 3895 2454 3932 sonus
2480 3878 2672 3946 infert,
2705 3878 2801 3932 sed
2837 3877 2908 3931 ab
2939 3894 3005 3931 ea
3034 3877 3246 3948 potius,
3303 3877 3422 3931 sive
3471 3875 3784 3948 probandus,
3818 3867 3895 3921 sive

2279 3965 2686 4037 improbandus
2717 3966 3011 4036 excipitur.
3044 3967 3226 4029 Quare
3285 3964 3397 4019 ista
3457 3966 3588 4030 duo,
3642 3962 3737 4016 nisi
3765 3959 3892 4018 fallor,

2280 4053 2683 4124 distinguenda
2715 4059 2850 4108 sunt
2877 4069 2890 4120 ;
2915 4057 2969 4106 et
2995 4053 3287 4106 fatendum
3320 4069 3611 4120 numeros,
3633 4051 3718 4124 qui
3745 4043 3894 4101 suntin

2278 4142 2403 4212 ipsa
2428 4143 2690 4213 passione
2720 4141 2966 4208 aurium,
3000 4157 3128 4195 cum
3155 4141 3374 4211 aliquid
3428 4141 3670 4206 auditur,
3701 4151 3811 4190 sono
3834 4133 3893 4184 in.

2277 4230 2430 4299 ferri,
2459 4230 2669 4285 auferri
2710 4231 2956 4285 silentio.
2988 4231 3065 4284 Ex
3096 4246 3208 4300 quo
3239 4231 3550 4301 colligitur,
3581 4238 3813 4281 numeros
3828 4216 3893 4289 qui

2277 4324 2411 4372 sunt
2433 4319 2491 4372 in
2521 4319 2645 4389 ipso
2672 4335 2829 4384 sono,
2860 4335 3022 4389 posse
3054 4335 3174 4372 esse
3204 4318 3325 4371 sine
3357 4319 3480 4372 istis
3514 4318 3609 4388 qui
3636 4318 3751 4368 sunt
3775 4312 3820 4364 in
3850 4322 3893 4358 eo

2276 4407 2429 4477 quod
2458 4411 2541 4461 est
2569 4406 2784 4474 audire,
2819 4422 2948 4460 cum
2977 4405 3034 4460 hi
3065 4407 3187 4460 sine
3219 4406 3332 4460 illis
3361 4423 3483 4461 esse
3513 4423 3621 4460 non
3650 4401 3845 4474 possint.

2276 4494 2502 4547 CAPUT
2542 4494 2637 4547 ΙΙΙ.
2672 4523 2742 4534 -
2776 4497 3014 4548 Tertium
3037 4510 3202 4562 genus
3230 4511 3574 4549 numerorum
3608 4497 3661 4547 in
3687 4495 3786 4561 ipso
3810 4486 3893 4538 actu

2339 4583 2748 4651 pronuntiantis
2795 4587 3051 4650 quartum
3103 4597 3268 4648 genus
3331 4597 3664 4638 numerorum
3712 4580 3760 4630 in
3811 4574 3892 4640 il“

2343 4671 2618 4724 memoria.

2339 4760 2492 4813 4.1).
2542 4758 2851 4826 Assentior,
2908 4759 2995 4815 Μ.
3057 4759 3298 4813 Attende
3353 4759 3530 4830 igitur
3588 4757 3685 4810 hoc
3717 4749 3890 4806 tertium

2271 4862 2472 4917 genus,
2497 4849 2650 4918 quod
2689 4852 2771 4902 est
2800 4847 2859 4901 in
2891 4847 3015 4917 ipso
3065 4863 3173 4901 usu
3201 4849 3217 4884 ί
3251 4851 3307 4901 et
3337 4845 3658 4918 operatione
3694 4849 3890 4912 pronun-

2267 4934 2498 5002 tiantis;
2532 4940 2589 4989 et
2615 4935 2741 4990 vide
2795 4939 2990 4989 utrum
3041 4935 3260 5006 possint
3312 4952 3431 4989 esse
3471 4935 3531 4988 hi
3585 4927 3780 4986 numeri
3805 4926 3889 4975 sine

2266 5022 2380 5077 illis
2412 5023 2509 5094 qui
2539 5027 2670 5076 sunt
2697 5023 2752 5076 in
2774 5023 3068 5078 memoria.
3106 5025 3249 5077 Nam
3279 5036 3336 5078 et
3363 5022 3519 5077 taciti
3545 5018 3682 5090 apud
3706 5011 3889 5070 nosmet.

2265 5111 2418 5181 ipsos
2446 5127 2750 5182 possumus
2789 5112 3010 5182 aliquos
3040 5128 3313 5166 numeros
3343 5109 3635 5183 cogitando
3673 5110 3887 5176 peragere

2264 5215 2329 5252 ea
2359 5216 2521 5254 mora
2548 5200 2845 5270 temporis,
2878 5217 2991 5272 qua
3020 5201 3194 5255 etiam
3221 5217 3354 5256 voce
3384 5198 3783 5271 peragerentur.
3806 5187 3884 5240 Hos

2264 5288 2323 5342 in
2355 5289 2601 5361 quadam
2652 5289 2984 5359 operatione
3041 5288 3220 5343 animi
3277 5305 3395 5343 esse
3451 5285 3786 5341 manifestum
3811 5277 3886 5361 est.

2263 5395 2391 5451 quae
2416 5379 2689 5450 quoniam
2718 5379 2943 5432 nullum
2973 5378 3089 5433 edit
3117 5395 3341 5444 sonum,
3385 5375 3632 5446 nihilque
3664 5359 3885 5442 passionis

2261 5468 2433 5523 infert
2461 5467 2714 5537 auribus,
2750 5467 2995 5522 ostendit
3041 5467 3149 5522 hoc
3202 5483 3378 5539 genus
3436 5465 3553 5520 sine
3581 5460 3682 5516 illis
3708 5452 3883 5512 duobus

2325 5566 2339 5597 ι
2372 5563 2526 5623 Nisu,
2551 5562 2703 5626 juxta
2730 5563 2823 5612 Ms.
2858 5563 2917 5612 A.
3017 5563 3090 5611 Μ.
