  <div class='ocr_page' id='page_1' title='image "/cluster/home/n/w/nwhite01/storage/ocr_20150623/32/hvd.32044096580550/602.png"; bbox 0 0 4080 6178; ppageno 0'>
   <div class='ocr_carea' id='block_1_1' title="bbox 150 364 287 416">
    <p class='ocr_par' dir='ltr' id='par_1_1' title="bbox 150 364 287 416">
     <span class='ocr_line' id='line_1_1' title="bbox 150 364 287 416; baseline 0 -1"><span class='ocrx_word' id='word_1_1' title='bbox 150 364 287 416; x_wconf 85' lang='grc'>1165</span> 
     </span>
    </p>
   </div>
   <div class='ocr_carea' id='block_1_2' title="bbox 144 482 1850 552">
    <p class='ocr_par' dir='ltr' id='par_1_2' title="bbox 144 482 1850 552">
     <span class='ocr_line' id='line_1_2' title="bbox 144 482 1850 552; baseline 0.005 -17"><span class='ocrx_word' id='word_1_2' title='bbox 144 498 269 535; x_wconf 90' lang='lat' dir='ltr'>esse</span> <span class='ocrx_word' id='word_1_3' title='bbox 298 496 486 552; x_wconf 88' lang='lat' dir='ltr'>posse,</span> <span class='ocrx_word' id='word_1_4' title='bbox 513 495 761 551; x_wconf 90' lang='lat' dir='ltr'>quorum</span> <span class='ocrx_word' id='word_1_5' title='bbox 788 496 969 536; x_wconf 90' lang='lat' dir='ltr'>unum</span> <span class='ocrx_word' id='word_1_6' title='bbox 999 482 1062 537; x_wconf 92' lang='lat' dir='ltr'>in</span> <span class='ocrx_word' id='word_1_7' title='bbox 1091 499 1230 539; x_wconf 88' lang='lat' dir='ltr'>sono</span> <span class='ocrx_word' id='word_1_8' title='bbox 1262 489 1366 551; x_wconf 92' lang='lat' dir='ltr'>est,</span> <span class='ocrx_word' id='word_1_9' title='bbox 1390 485 1635 542; x_wconf 90' lang='lat' dir='ltr'>alterum</span> <span class='ocrx_word' id='word_1_10' title='bbox 1664 488 1725 543; x_wconf 89' lang='lat' dir='ltr'>in</span> <span class='ocrx_word' id='word_1_11' title='bbox 1755 506 1850 543; x_wconf 88' lang='lat' dir='ltr'>au-</span> 
     </span>
    </p>
   </div>
   <div class='ocr_carea' id='block_1_3' title="bbox 147 569 1846 641">
    <p class='ocr_par' dir='ltr' id='par_1_3' title="bbox 147 569 1846 641">
     <span class='ocr_line' id='line_1_3' title="bbox 147 569 1846 641; baseline 0.005 -19"><span class='ocrx_word' id='word_1_12' title='bbox 147 569 365 637; x_wconf 88' lang='lat' dir='ltr'>diente,</span> <span class='ocrx_word' id='word_1_13' title='bbox 398 570 629 640; x_wconf 85' lang='lat' dir='ltr'>quando</span> <span class='ocrx_word' id='word_1_14' title='bbox 678 570 856 624; x_wconf 82' lang='lat' dir='ltr'>audit.</span> <span class='ocrx_word' id='word_1_15' title='bbox 900 570 1008 625; x_wconf 86' lang='lat' dir='ltr'>Sed</span> <span class='ocrx_word' id='word_1_16' title='bbox 1054 576 1248 627; x_wconf 85' lang='lat' dir='ltr'>utrum</span> <span class='ocrx_word' id='word_1_17' title='bbox 1279 573 1562 641; x_wconf 84' lang='lat' dir='ltr'>existeret,</span> <span class='ocrx_word' id='word_1_18' title='bbox 1604 576 1714 630; x_wconf 87' lang='lat' dir='ltr'>nisi</span> <span class='ocrx_word' id='word_1_19' title='bbox 1747 578 1846 631; x_wconf 89' lang='lat' dir='ltr'>ad-</span> 
     </span>
    </p>
   </div>
   <div class='ocr_carea' id='block_1_4' title="bbox 130 656 1846 731">
    <p class='ocr_par' dir='ltr' id='par_1_4' title="bbox 130 656 1846 731">
     <span class='ocr_line' id='line_1_4' title="bbox 130 656 1846 731; baseline 0.005 -21"><span class='ocrx_word' id='word_1_20' title='bbox 130 658 374 727; x_wconf 90' lang='lat' dir='ltr'>juvante</span> <span class='ocrx_word' id='word_1_21' title='bbox 387 656 684 720; x_wconf 79' lang='lat' dir='ltr'>memoria,</span> <span class='ocrx_word' id='word_1_22' title='bbox 717 657 1048 728; x_wconf 86' lang='lat' dir='ltr'>quaerimus.</span> <span class='ocrx_word' id='word_1_23' title='bbox 1083 660 1420 731; x_wconf 86' lang='lat' dir='ltr'>Quanquam</span> <span class='ocrx_word' id='word_1_24' title='bbox 1453 662 1499 716; x_wconf 88' lang='lat' dir='ltr'>si</span> <span class='ocrx_word' id='word_1_25' title='bbox 1529 664 1721 718; x_wconf 91' lang='lat' dir='ltr'>anima</span> <span class='ocrx_word' id='word_1_26' title='bbox 1744 666 1846 719; x_wconf 88' lang='lat' dir='ltr'>hos</span> 
     </span>
    </p>
   </div>
   <div class='ocr_carea' id='block_1_5' title="bbox 137 746 1842 820">
    <p class='ocr_par' dir='ltr' id='par_1_5' title="bbox 137 746 1842 820">
     <span class='ocr_line' id='line_1_5' title="bbox 137 746 1842 820; baseline 0.004 -20"><span class='ocrx_word' id='word_1_27' title='bbox 137 762 419 801; x_wconf 91' lang='lat' dir='ltr'>numeros</span> <span class='ocrx_word' id='word_1_28' title='bbox 454 746 589 817; x_wconf 95' lang='lat' dir='ltr'>agit,</span> <span class='ocrx_word' id='word_1_29' title='bbox 644 762 790 816; x_wconf 88' lang='lat' dir='ltr'>quos</span> <span class='ocrx_word' id='word_1_30' title='bbox 840 746 903 800; x_wconf 90' lang='lat' dir='ltr'>in</span> <span class='ocrx_word' id='word_1_31' title='bbox 955 764 1227 802; x_wconf 90' lang='lat' dir='ltr'>venarum</span> <span class='ocrx_word' id='word_1_32' title='bbox 1282 750 1453 819; x_wconf 91' lang='lat' dir='ltr'>pulsu</span> <span class='ocrx_word' id='word_1_33' title='bbox 1498 750 1842 820; x_wconf 88' lang='lat' dir='ltr'>invenimus,</span> 
     </span>
    </p>
   </div>
   <div class='ocr_carea' id='block_1_6' title="bbox 141 834 1843 907">
    <p class='ocr_par' dir='ltr' id='par_1_6' title="bbox 141 834 1843 907">
     <span class='ocr_line' id='line_1_6' title="bbox 141 834 1843 907; baseline 0.004 -19"><span class='ocrx_word' id='word_1_34' title='bbox 141 834 332 889; x_wconf 85' lang='lat' dir='ltr'>soluta</span> <span class='ocrx_word' id='word_1_35' title='bbox 372 834 611 906; x_wconf 82' lang='lat' dir='ltr'>quaestio</span> <span class='ocrx_word' id='word_1_36' title='bbox 661 838 773 888; x_wconf 86' lang='lat' dir='ltr'>est:</span> <span class='ocrx_word' id='word_1_37' title='bbox 807 851 943 889; x_wconf 90' lang='lat' dir='ltr'>nam</span> <span class='ocrx_word' id='word_1_38' title='bbox 991 840 1048 889; x_wconf 89' lang='lat' dir='ltr'>et</span> <span class='ocrx_word' id='word_1_39' title='bbox 1090 836 1151 890; x_wconf 89' lang='lat' dir='ltr'>in</span> <span class='ocrx_word' id='word_1_40' title='bbox 1200 837 1531 907; x_wconf 78' lang='lat' dir='ltr'>operatione</span> <span class='ocrx_word' id='word_1_41' title='bbox 1575 840 1680 893; x_wconf 90' lang='lat' dir='ltr'>hos</span> <span class='ocrx_word' id='word_1_42' title='bbox 1723 856 1843 895; x_wconf 90' lang='lat' dir='ltr'>esse</span> 
     </span>
    </p>
   </div>
   <div class='ocr_carea' id='block_1_7' title="bbox 139 923 1838 997">
    <p class='ocr_par' dir='ltr' id='par_1_7' title="bbox 139 923 1838 997">
     <span class='ocr_line' id='line_1_7' title="bbox 139 923 1838 997; baseline 0.004 -20"><span class='ocrx_word' id='word_1_43' title='bbox 139 923 516 977; x_wconf 85' lang='lat' dir='ltr'>manifestum</span> <span class='ocrx_word' id='word_1_44' title='bbox 546 928 652 992; x_wconf 83' lang='lat' dir='ltr'>est,</span> <span class='ocrx_word' id='word_1_45' title='bbox 684 928 740 977; x_wconf 91' lang='lat' dir='ltr'>et</span> <span class='ocrx_word' id='word_1_46' title='bbox 764 924 907 977; x_wconf 88' lang='lat' dir='ltr'>nihil</span> <span class='ocrx_word' id='word_1_47' title='bbox 937 925 1008 979; x_wconf 90' lang='lat' dir='ltr'>ad</span> <span class='ocrx_word' id='word_1_48' title='bbox 1039 941 1135 979; x_wconf 91' lang='lat' dir='ltr'>eos</span> <span class='ocrx_word' id='word_1_49' title='bbox 1178 926 1513 997; x_wconf 85' lang='lat' dir='ltr'>adjuvamur</span> <span class='ocrx_word' id='word_1_50' title='bbox 1539 930 1838 983; x_wconf 80' lang='lat' dir='ltr'>memoria.</span> 
     </span>
    </p>
   </div>
   <div class='ocr_carea' id='block_1_8' title="bbox 137 1011 1841 1087">
    <p class='ocr_par' dir='ltr' id='par_1_8' title="bbox 137 1011 1841 1087">
     <span class='ocr_line' id='line_1_8' title="bbox 137 1011 1841 1087; baseline 0.004 -23"><span class='ocrx_word' id='word_1_51' title='bbox 137 1012 307 1076; x_wconf 86' lang='lat' dir='ltr'>Quod</span> <span class='ocrx_word' id='word_1_52' title='bbox 338 1011 384 1065; x_wconf 90' lang='lat' dir='ltr'>si</span> <span class='ocrx_word' id='word_1_53' title='bbox 415 1012 485 1067; x_wconf 91' lang='lat' dir='ltr'>de</span> <span class='ocrx_word' id='word_1_54' title='bbox 516 1011 605 1065; x_wconf 89' lang='lat' dir='ltr'>his</span> <span class='ocrx_word' id='word_1_55' title='bbox 630 1012 911 1067; x_wconf 88' lang='lat' dir='ltr'>incertum</span> <span class='ocrx_word' id='word_1_56' title='bbox 951 1018 1054 1079; x_wconf 91' lang='lat' dir='ltr'>est,</span> <span class='ocrx_word' id='word_1_57' title='bbox 1088 1016 1280 1069; x_wconf 90' lang='lat' dir='ltr'>utrum</span> <span class='ocrx_word' id='word_1_58' title='bbox 1307 1016 1596 1087; x_wconf 89' lang='lat' dir='ltr'>operantis</span> <span class='ocrx_word' id='word_1_59' title='bbox 1633 1016 1841 1072; x_wconf 65' lang='lat' dir='ltr'>animae</span> 
     </span>
    </p>
   </div>
   <div class='ocr_carea' id='block_1_9' title="bbox 134 1100 1837 1175">
    <p class='ocr_par' dir='ltr' id='par_1_9' title="bbox 134 1100 1837 1175">
     <span class='ocr_line' id='line_1_9' title="bbox 134 1100 1837 1175; baseline 0.003 -21"><span class='ocrx_word' id='word_1_60' title='bbox 134 1100 297 1164; x_wconf 86' lang='lat' dir='ltr'>sint;</span> <span class='ocrx_word' id='word_1_61' title='bbox 354 1101 423 1155; x_wconf 94' lang='lat' dir='ltr'>de</span> <span class='ocrx_word' id='word_1_62' title='bbox 464 1100 586 1155; x_wconf 85' lang='lat' dir='ltr'>istis</span> <span class='ocrx_word' id='word_1_63' title='bbox 624 1105 775 1155; x_wconf 90' lang='lat' dir='ltr'>certe</span> <span class='ocrx_word' id='word_1_64' title='bbox 826 1118 970 1172; x_wconf 90' lang='lat' dir='ltr'>quos</span> <span class='ocrx_word' id='word_1_65' title='bbox 1025 1102 1311 1173; x_wconf 90' lang='lat' dir='ltr'>reciproco</span> <span class='ocrx_word' id='word_1_66' title='bbox 1359 1104 1565 1174; x_wconf 88' lang='lat' dir='ltr'>spiritu</span> <span class='ocrx_word' id='word_1_67' title='bbox 1593 1104 1837 1175; x_wconf 83' lang='lat' dir='ltr'>agimus,</span> 
     </span>
    </p>
   </div>
   <div class='ocr_carea' id='block_1_10' title="bbox 138 1189 1839 1261">
    <p class='ocr_par' dir='ltr' id='par_1_10' title="bbox 138 1189 1839 1261">
     <span class='ocr_line' id='line_1_10' title="bbox 138 1189 1839 1261; baseline 0.003 -19"><span class='ocrx_word' id='word_1_68' title='bbox 138 1189 292 1243; x_wconf 83' lang='lat' dir='ltr'>nulli</span> <span class='ocrx_word' id='word_1_69' title='bbox 318 1189 556 1244; x_wconf 91' lang='lat' dir='ltr'>dubium</span> <span class='ocrx_word' id='word_1_70' title='bbox 580 1193 684 1259; x_wconf 90' lang='lat' dir='ltr'>est,</span> <span class='ocrx_word' id='word_1_71' title='bbox 699 1189 840 1259; x_wconf 91' lang='lat' dir='ltr'>quin</span> <span class='ocrx_word' id='word_1_72' title='bbox 866 1194 922 1244; x_wconf 92' lang='lat' dir='ltr'>et</span> <span class='ocrx_word' id='word_1_73' title='bbox 950 1191 1601 1261; x_wconf 88' lang='lat' dir='ltr'>temporumintervallis</span> <span class='ocrx_word' id='word_1_74' title='bbox 1614 1194 1839 1248; x_wconf 89' lang='lat' dir='ltr'>numeri</span> 
     </span>
    </p>
   </div>
   <div class='ocr_carea' id='block_1_11' title="bbox 130 1278 1838 1350">
    <p class='ocr_par' dir='ltr' id='par_1_11' title="bbox 130 1278 1838 1350">
     <span class='ocr_line' id='line_1_11' title="bbox 130 1278 1838 1350; baseline 0.002 -19"><span class='ocrx_word' id='word_1_75' title='bbox 130 1278 274 1344; x_wconf 88' lang='lat' dir='ltr'>sint,</span> <span class='ocrx_word' id='word_1_76' title='bbox 322 1283 379 1333; x_wconf 91' lang='lat' dir='ltr'>et</span> <span class='ocrx_word' id='word_1_77' title='bbox 425 1295 520 1332; x_wconf 89' lang='lat' dir='ltr'>eos</span> <span class='ocrx_word' id='word_1_78' title='bbox 564 1278 643 1332; x_wconf 91' lang='lat' dir='ltr'>sic</span> <span class='ocrx_word' id='word_1_79' title='bbox 685 1278 877 1333; x_wconf 91' lang='lat' dir='ltr'>anima</span> <span class='ocrx_word' id='word_1_80' title='bbox 925 1285 1210 1350; x_wconf 84' lang='lat' dir='ltr'>operetur,</span> <span class='ocrx_word' id='word_1_81' title='bbox 1254 1286 1316 1335; x_wconf 90' lang='lat' dir='ltr'>ut</span> <span class='ocrx_word' id='word_1_82' title='bbox 1344 1281 1516 1335; x_wconf 89' lang='lat' dir='ltr'>etiam</span> <span class='ocrx_word' id='word_1_83' title='bbox 1551 1282 1838 1336; x_wconf 84' lang='lat' dir='ltr'>voluntate</span> 
     </span>
    </p>
   </div>
   <div class='ocr_carea' id='block_1_12' title="bbox 129 1366 1839 1439">
    <p class='ocr_par' dir='ltr' id='par_1_12' title="bbox 129 1366 1839 1439">
     <span class='ocr_line' id='line_1_12' title="bbox 129 1366 1839 1439; baseline 0.003 -19"><span class='ocrx_word' id='word_1_84' title='bbox 129 1366 394 1421; x_wconf 88' lang='lat' dir='ltr'>adhibita</span> <span class='ocrx_word' id='word_1_85' title='bbox 427 1366 623 1420; x_wconf 90' lang='lat' dir='ltr'>multis</span> <span class='ocrx_word' id='word_1_86' title='bbox 659 1366 840 1421; x_wconf 90' lang='lat' dir='ltr'>modis</span> <span class='ocrx_word' id='word_1_87' title='bbox 888 1368 1097 1421; x_wconf 81' lang='lat' dir='ltr'>variari</span> <span class='ocrx_word' id='word_1_88' title='bbox 1126 1373 1340 1439; x_wconf 84' lang='lat' dir='ltr'>queant</span> <span class='ocrx_word' id='word_1_89' title='bbox 1367 1384 1379 1420; x_wconf 87' lang='lat'><strong>:</strong></span> <span class='ocrx_word' id='word_1_90' title='bbox 1429 1385 1532 1423; x_wconf 91' lang='lat' dir='ltr'>nec</span> <span class='ocrx_word' id='word_1_91' title='bbox 1552 1374 1745 1423; x_wconf 90' lang='lat' dir='ltr'>tamen</span> <span class='ocrx_word' id='word_1_92' title='bbox 1774 1376 1839 1425; x_wconf 87' lang='lat' dir='ltr'>ut</span> 
     </span>
    </p>
   </div>
   <div class='ocr_carea' id='block_1_13' title="bbox 130 1456 1837 1526">
    <p class='ocr_par' dir='ltr' id='par_1_13' title="bbox 130 1456 1837 1526">
     <span class='ocr_line' id='line_1_13' title="bbox 130 1456 1837 1526; baseline 0.002 -18"><span class='ocrx_word' id='word_1_93' title='bbox 130 1460 403 1525; x_wconf 85' lang='lat' dir='ltr'>agantur,</span> <span class='ocrx_word' id='word_1_94' title='bbox 435 1456 553 1509; x_wconf 90' lang='lat' dir='ltr'>ulla</span> <span class='ocrx_word' id='word_1_95' title='bbox 581 1471 725 1526; x_wconf 91' lang='lat' dir='ltr'>opus</span> <span class='ocrx_word' id='word_1_96' title='bbox 756 1459 841 1508; x_wconf 92' lang='lat' dir='ltr'>est</span> <span class='ocrx_word' id='word_1_97' title='bbox 870 1456 1170 1510; x_wconf 89' lang='lat' dir='ltr'>memoria.</span> <span class='ocrx_word' id='word_1_98' title='bbox 1210 1460 1275 1511; x_wconf 91' lang='lat' dir='ltr'>D.</span> <span class='ocrx_word' id='word_1_99' title='bbox 1306 1456 1540 1511; x_wconf 82' lang='lat' dir='ltr'>Videtur</span> <span class='ocrx_word' id='word_1_100' title='bbox 1558 1457 1700 1511; x_wconf 92' lang='lat' dir='ltr'>mihi</span> <span class='ocrx_word' id='word_1_101' title='bbox 1729 1458 1837 1511; x_wconf 91' lang='lat' dir='ltr'>hoc</span> 
     </span>
    </p>
   </div>
   <div class='ocr_carea' id='block_1_14' title="bbox 129 1543 1837 1614">
    <p class='ocr_par' dir='ltr' id='par_1_14' title="bbox 129 1543 1837 1614">
     <span class='ocr_line' id='line_1_14' title="bbox 129 1543 1837 1614; baseline 0.001 -17"><span class='ocrx_word' id='word_1_102' title='bbox 129 1559 318 1613; x_wconf 90' lang='lat' dir='ltr'>genus</span> <span class='ocrx_word' id='word_1_103' title='bbox 358 1543 479 1597; x_wconf 86' lang='lat' dir='ltr'>sine</span> <span class='ocrx_word' id='word_1_104' title='bbox 508 1543 692 1597; x_wconf 87' lang='lat' dir='ltr'>tribus</span> <span class='ocrx_word' id='word_1_105' title='bbox 721 1543 938 1597; x_wconf 69' lang='lat' dir='ltr'>caeteris</span> <span class='ocrx_word' id='word_1_106' title='bbox 969 1560 1088 1597; x_wconf 88' lang='lat' dir='ltr'>esse</span> <span class='ocrx_word' id='word_1_107' title='bbox 1138 1561 1321 1614; x_wconf 88' lang='lat' dir='ltr'>posse.</span> <span class='ocrx_word' id='word_1_108' title='bbox 1357 1544 1626 1607; x_wconf 86' lang='lat' dir='ltr'>Quamvis</span> <span class='ocrx_word' id='word_1_109' title='bbox 1682 1545 1837 1600; x_wconf 90' lang='lat' dir='ltr'>enim</span> 
     </span>
    </p>
   </div>
   <div class='ocr_carea' id='block_1_15' title="bbox 126 1632 1833 1703">
    <p class='ocr_par' dir='ltr' id='par_1_15' title="bbox 126 1632 1833 1703">
     <span class='ocr_line' id='line_1_15' title="bbox 126 1632 1833 1703; baseline 0.001 -18"><span class='ocrx_word' id='word_1_110' title='bbox 126 1648 243 1702; x_wconf 88' lang='lat' dir='ltr'>pro</span> <span class='ocrx_word' id='word_1_111' title='bbox 271 1632 684 1702; x_wconf 85' lang='lat' dir='ltr'>temperatione</span> <span class='ocrx_word' id='word_1_112' title='bbox 714 1648 1015 1701; x_wconf 88' lang='lat' dir='ltr'>corporum</span> <span class='ocrx_word' id='word_1_113' title='bbox 1060 1632 1245 1686; x_wconf 89' lang='lat' dir='ltr'>varios</span> <span class='ocrx_word' id='word_1_114' title='bbox 1290 1648 1567 1686; x_wconf 90' lang='lat' dir='ltr'>venarum</span> <span class='ocrx_word' id='word_1_115' title='bbox 1616 1634 1833 1703; x_wconf 86' lang='lat' dir='ltr'>pulsus,</span> 
     </span>
    </p>
   </div>
   <div class='ocr_carea' id='block_1_16' title="bbox 127 1720 1833 1791">
    <p class='ocr_par' dir='ltr' id='par_1_16' title="bbox 127 1720 1833 1791">
     <span class='ocr_line' id='line_1_16' title="bbox 127 1720 1833 1791; baseline 0.002 -18"><span class='ocrx_word' id='word_1_116' title='bbox 127 1724 190 1773; x_wconf 92' lang='lat' dir='ltr'>et</span> <span class='ocrx_word' id='word_1_117' title='bbox 223 1720 617 1790; x_wconf 91' lang='lat' dir='ltr'>respirationis</span> <span class='ocrx_word' id='word_1_118' title='bbox 648 1720 950 1774; x_wconf 88' lang='lat' dir='ltr'>intervalla</span> <span class='ocrx_word' id='word_1_119' title='bbox 980 1720 1105 1775; x_wconf 86' lang='lat' dir='ltr'>ﬁeri</span> <span class='ocrx_word' id='word_1_120' title='bbox 1137 1737 1249 1775; x_wconf 93' lang='lat' dir='ltr'>non</span> <span class='ocrx_word' id='word_1_121' title='bbox 1281 1721 1572 1791; x_wconf 89' lang='lat' dir='ltr'>ambigam</span> <span class='ocrx_word' id='word_1_122' title='bbox 1599 1738 1612 1789; x_wconf 93' lang='lat'><strong>;</strong></span> <span class='ocrx_word' id='word_1_123' title='bbox 1640 1726 1833 1777; x_wconf 91' lang='lat' dir='ltr'>tamen</span> 
     </span>
    </p>
   </div>
   <div class='ocr_carea' id='block_1_17' title="bbox 128 1808 1836 1879">
    <p class='ocr_par' dir='ltr' id='par_1_17' title="bbox 128 1808 1836 1879">
     <span class='ocr_line' id='line_1_17' title="bbox 128 1808 1836 1879; baseline 0.002 -17"><span class='ocrx_word' id='word_1_124' title='bbox 128 1813 410 1879; x_wconf 88' lang='lat' dir='ltr'>operante</span> <span class='ocrx_word' id='word_1_125' title='bbox 440 1808 633 1862; x_wconf 89' lang='lat' dir='ltr'>anima</span> <span class='ocrx_word' id='word_1_126' title='bbox 662 1808 807 1875; x_wconf 86' lang='lat' dir='ltr'>ﬁeri,</span> <span class='ocrx_word' id='word_1_127' title='bbox 838 1825 1049 1879; x_wconf 89' lang='lat' dir='ltr'>negare</span> <span class='ocrx_word' id='word_1_128' title='bbox 1077 1809 1205 1879; x_wconf 91' lang='lat' dir='ltr'>quis</span> <span class='ocrx_word' id='word_1_129' title='bbox 1236 1810 1482 1864; x_wconf 82' lang='lat' dir='ltr'>audeat?</span> <span class='ocrx_word' id='word_1_130' title='bbox 1503 1808 1611 1874; x_wconf 88' lang='lat' dir='ltr'>Qui</span> <span class='ocrx_word' id='word_1_131' title='bbox 1640 1826 1836 1865; x_wconf 86' lang='lat' dir='ltr'>cursus</span> 
     </span>
    </p>
   </div>
   <div class='ocr_carea' id='block_1_18' title="bbox 125 1896 1835 1968">
    <p class='ocr_par' dir='ltr' id='par_1_18' title="bbox 125 1896 1835 1968">
     <span class='ocr_line' id='line_1_18' title="bbox 125 1896 1835 1968; baseline 0.002 -19"><span class='ocrx_word' id='word_1_132' title='bbox 125 1900 189 1950; x_wconf 89' lang='lat' dir='ltr'>et</span> <span class='ocrx_word' id='word_1_133' title='bbox 221 1897 269 1949; x_wconf 91' lang='lat' dir='ltr'>si</span> <span class='ocrx_word' id='word_1_134' title='bbox 308 1914 405 1968; x_wconf 89' lang='lat' dir='ltr'>pro</span> <span class='ocrx_word' id='word_1_135' title='bbox 436 1896 761 1951; x_wconf 80' lang='lat' dir='ltr'>diversitate</span> <span class='ocrx_word' id='word_1_136' title='bbox 791 1913 1096 1967; x_wconf 88' lang='lat' dir='ltr'>corporum</span> <span class='ocrx_word' id='word_1_137' title='bbox 1127 1896 1253 1951; x_wconf 91' lang='lat' dir='ltr'>aliis</span> <span class='ocrx_word' id='word_1_138' title='bbox 1288 1898 1529 1952; x_wconf 91' lang='lat' dir='ltr'>celerior</span> <span class='ocrx_word' id='word_1_139' title='bbox 1574 1902 1678 1964; x_wconf 92' lang='lat' dir='ltr'>est,</span> <span class='ocrx_word' id='word_1_140' title='bbox 1710 1899 1835 1953; x_wconf 90' lang='lat' dir='ltr'>aliis</span> 
     </span>
    </p>
   </div>
   <div class='ocr_carea' id='block_1_19' title="bbox 124 1984 1834 2056">
    <p class='ocr_par' dir='ltr' id='par_1_19' title="bbox 124 1984 1834 2056">
     <span class='ocr_line' id='line_1_19' title="bbox 124 1984 1834 2056; baseline 0.003 -19"><span class='ocrx_word' id='word_1_141' title='bbox 124 1984 350 2038; x_wconf 86' lang='lat' dir='ltr'>tardior</span> <span class='ocrx_word' id='word_1_142' title='bbox 376 2002 389 2051; x_wconf 92' lang='lat'><strong>;</strong></span> <span class='ocrx_word' id='word_1_143' title='bbox 411 1985 523 2039; x_wconf 89' lang='lat' dir='ltr'>nisi</span> <span class='ocrx_word' id='word_1_144' title='bbox 552 1990 747 2040; x_wconf 91' lang='lat' dir='ltr'>tamen</span> <span class='ocrx_word' id='word_1_145' title='bbox 776 1986 924 2039; x_wconf 89' lang='lat' dir='ltr'>adsit</span> <span class='ocrx_word' id='word_1_146' title='bbox 974 1986 1167 2039; x_wconf 89' lang='lat' dir='ltr'>anima</span> <span class='ocrx_word' id='word_1_147' title='bbox 1197 2003 1325 2056; x_wconf 67' lang='lat' dir='ltr'>quae</span> <span class='ocrx_word' id='word_1_148' title='bbox 1356 1986 1416 2041; x_wconf 92' lang='lat' dir='ltr'>id</span> <span class='ocrx_word' id='word_1_149' title='bbox 1462 1991 1608 2056; x_wconf 87' lang='lat' dir='ltr'>agat,</span> <span class='ocrx_word' id='word_1_150' title='bbox 1641 1988 1834 2043; x_wconf 91' lang='lat' dir='ltr'>nullus</span> 
     </span>
    </p>
   </div>
   <div class='ocr_carea' id='block_1_20' title="bbox 125 2073 1833 2146">
    <p class='ocr_par' dir='ltr' id='par_1_20' title="bbox 125 2073 1833 2146">
     <span class='ocr_line' id='line_1_20' title="bbox 125 2073 1833 2146; baseline 0.002 -19"><span class='ocrx_word' id='word_1_151' title='bbox 125 2077 240 2127; x_wconf 88' lang='lat' dir='ltr'>est.</span> <span class='ocrx_word' id='word_1_152' title='bbox 290 2075 366 2128; x_wconf 86' lang='lat' dir='ltr'>M.</span> <span class='ocrx_word' id='word_1_153' title='bbox 413 2073 719 2128; x_wconf 90' lang='lat' dir='ltr'>Considera</span> <span class='ocrx_word' id='word_1_154' title='bbox 748 2073 925 2144; x_wconf 89' lang='lat' dir='ltr'>igitur</span> <span class='ocrx_word' id='word_1_155' title='bbox 983 2079 1040 2128; x_wconf 93' lang='lat' dir='ltr'>et</span> <span class='ocrx_word' id='word_1_156' title='bbox 1085 2080 1354 2145; x_wconf 88' lang='lat' dir='ltr'>quartum</span> <span class='ocrx_word' id='word_1_157' title='bbox 1387 2091 1589 2146; x_wconf 90' lang='lat' dir='ltr'>genus,</span> <span class='ocrx_word' id='word_1_158' title='bbox 1633 2091 1833 2130; x_wconf 90' lang='lat' dir='ltr'>eorum</span> 
     </span>
    </p>
   </div>
   <div class='ocr_carea' id='block_1_21' title="bbox 126 2160 1834 2233">
    <p class='ocr_par' dir='ltr' id='par_1_21' title="bbox 126 2160 1834 2233">
     <span class='ocr_line' id='line_1_21' title="bbox 126 2160 1834 2233; baseline 0.002 -17"><span class='ocrx_word' id='word_1_159' title='bbox 126 2160 352 2217; x_wconf 90' lang='lat' dir='ltr'>scilicet</span> <span class='ocrx_word' id='word_1_160' title='bbox 372 2178 747 2217; x_wconf 90' lang='lat' dir='ltr'>numerorum</span> <span class='ocrx_word' id='word_1_161' title='bbox 778 2163 877 2233; x_wconf 88' lang='lat' dir='ltr'>qui</span> <span class='ocrx_word' id='word_1_162' title='bbox 906 2168 1040 2217; x_wconf 90' lang='lat' dir='ltr'>sunt</span> <span class='ocrx_word' id='word_1_163' title='bbox 1069 2164 1130 2217; x_wconf 92' lang='lat' dir='ltr'>in</span> <span class='ocrx_word' id='word_1_164' title='bbox 1158 2164 1437 2218; x_wconf 91' lang='lat' dir='ltr'>memoria</span> <span class='ocrx_word' id='word_1_165' title='bbox 1461 2181 1474 2218; x_wconf 90' lang='lat'><strong>:</strong></span> <span class='ocrx_word' id='word_1_166' title='bbox 1504 2182 1637 2220; x_wconf 88' lang='lat' dir='ltr'>nam</span> <span class='ocrx_word' id='word_1_167' title='bbox 1662 2166 1711 2220; x_wconf 90' lang='lat' dir='ltr'>si</span> <span class='ocrx_word' id='word_1_168' title='bbox 1739 2182 1834 2220; x_wconf 92' lang='lat' dir='ltr'>eos</span> 
     </span>
    </p>
   </div>
   <div class='ocr_carea' id='block_1_22' title="bbox 126 2250 1835 2325">
    <p class='ocr_par' dir='ltr' id='par_1_22' title="bbox 126 2250 1835 2325">
     <span class='ocr_line' id='line_1_22' title="bbox 126 2250 1835 2325; baseline 0.002 -20"><span class='ocrx_word' id='word_1_169' title='bbox 126 2251 529 2306; x_wconf 84' lang='lat' dir='ltr'>recordatione</span> <span class='ocrx_word' id='word_1_170' title='bbox 559 2250 972 2322; x_wconf 90' lang='lat' dir='ltr'>depromimus,</span> <span class='ocrx_word' id='word_1_171' title='bbox 1002 2255 1057 2305; x_wconf 91' lang='lat' dir='ltr'>et</span> <span class='ocrx_word' id='word_1_172' title='bbox 1085 2268 1214 2305; x_wconf 92' lang='lat' dir='ltr'>cum</span> <span class='ocrx_word' id='word_1_173' title='bbox 1236 2252 1297 2305; x_wconf 90' lang='lat' dir='ltr'>in</span> <span class='ocrx_word' id='word_1_174' title='bbox 1311 2253 1451 2307; x_wconf 90' lang='lat' dir='ltr'>alias</span> <span class='ocrx_word' id='word_1_175' title='bbox 1463 2254 1835 2325; x_wconf 89' lang='lat' dir='ltr'>cogitationes</span> 
     </span>
    </p>
   </div>
   <div class='ocr_carea' id='block_1_23' title="bbox 124 2339 1835 2410">
    <p class='ocr_par' dir='ltr' id='par_1_23' title="bbox 124 2339 1835 2410">
     <span class='ocr_line' id='line_1_23' title="bbox 124 2339 1835 2410; baseline 0.002 -16"><span class='ocrx_word' id='word_1_176' title='bbox 124 2339 466 2405; x_wconf 86' lang='lat' dir='ltr'>deferimur,</span> <span class='ocrx_word' id='word_1_177' title='bbox 500 2340 602 2394; x_wconf 91' lang='lat' dir='ltr'>hos</span> <span class='ocrx_word' id='word_1_178' title='bbox 632 2356 860 2393; x_wconf 92' lang='lat' dir='ltr'>rursum</span> <span class='ocrx_word' id='word_1_179' title='bbox 890 2339 1269 2410; x_wconf 89' lang='lat' dir='ltr'>relinquimus</span> <span class='ocrx_word' id='word_1_180' title='bbox 1306 2342 1463 2396; x_wconf 89' lang='lat' dir='ltr'>velut</span> <span class='ocrx_word' id='word_1_181' title='bbox 1509 2343 1567 2396; x_wconf 92' lang='lat' dir='ltr'>in</span> <span class='ocrx_word' id='word_1_182' title='bbox 1598 2344 1716 2397; x_wconf 89' lang='lat' dir='ltr'>suis</span> <span class='ocrx_word' id='word_1_183' title='bbox 1754 2360 1835 2397; x_wconf 90' lang='lat' dir='ltr'>se-</span> 
     </span>
    </p>
   </div>
   <div class='ocr_carea' id='block_1_24' title="bbox 127 2428 1834 2500">
    <p class='ocr_par' dir='ltr' id='par_1_24' title="bbox 127 2428 1834 2500">
     <span class='ocr_line' id='line_1_24' title="bbox 127 2428 1834 2500; baseline 0.002 -17"><span class='ocrx_word' id='word_1_184' title='bbox 127 2429 306 2483; x_wconf 87' lang='lat' dir='ltr'>cretis</span> <span class='ocrx_word' id='word_1_185' title='bbox 334 2429 678 2495; x_wconf 89' lang='lat' dir='ltr'>reconditos,</span> <span class='ocrx_word' id='word_1_186' title='bbox 711 2445 849 2494; x_wconf 91' lang='lat' dir='ltr'>non,</span> <span class='ocrx_word' id='word_1_187' title='bbox 883 2428 1107 2500; x_wconf 90' lang='lat' dir='ltr'>opinor.</span> <span class='ocrx_word' id='word_1_188' title='bbox 1152 2430 1433 2484; x_wconf 91' lang='lat' dir='ltr'>occultum</span> <span class='ocrx_word' id='word_1_189' title='bbox 1475 2435 1560 2485; x_wconf 89' lang='lat' dir='ltr'>est</span> <span class='ocrx_word' id='word_1_190' title='bbox 1588 2448 1685 2486; x_wconf 89' lang='lat' dir='ltr'>eos</span> <span class='ocrx_word' id='word_1_191' title='bbox 1713 2448 1834 2486; x_wconf 91' lang='lat' dir='ltr'>esse</span> 
     </span>
    </p>
   </div>
   <div class='ocr_carea' id='block_1_25' title="bbox 128 2517 1833 2589">
    <p class='ocr_par' dir='ltr' id='par_1_25' title="bbox 128 2517 1833 2589">
     <span class='ocr_line' id='line_1_25' title="bbox 128 2517 1833 2589; baseline 0.002 -18"><span class='ocrx_word' id='word_1_192' title='bbox 128 2534 303 2589; x_wconf 87' lang='lat' dir='ltr'>posse</span> <span class='ocrx_word' id='word_1_193' title='bbox 332 2517 453 2571; x_wconf 92' lang='lat' dir='ltr'>sine</span> <span class='ocrx_word' id='word_1_194' title='bbox 486 2517 725 2571; x_wconf 78' lang='lat' dir='ltr'>caeteris.</span> <span class='ocrx_word' id='word_1_195' title='bbox 760 2520 825 2572; x_wconf 92' lang='lat' dir='ltr'>D.</span> <span class='ocrx_word' id='word_1_196' title='bbox 860 2518 983 2571; x_wconf 89' lang='lat' dir='ltr'>Non</span> <span class='ocrx_word' id='word_1_197' title='bbox 1014 2517 1214 2571; x_wconf 89' lang='lat' dir='ltr'>dubito</span> <span class='ocrx_word' id='word_1_198' title='bbox 1244 2534 1341 2571; x_wconf 89' lang='lat' dir='ltr'>eos</span> <span class='ocrx_word' id='word_1_199' title='bbox 1371 2534 1491 2572; x_wconf 89' lang='lat' dir='ltr'>esse</span> <span class='ocrx_word' id='word_1_200' title='bbox 1518 2519 1639 2573; x_wconf 90' lang='lat' dir='ltr'>sine</span> <span class='ocrx_word' id='word_1_201' title='bbox 1668 2523 1833 2574; x_wconf 83' lang='lat' dir='ltr'>caete-</span> 
     </span>
    </p>
   </div>
   <div class='ocr_carea' id='block_1_26' title="bbox 129 2605 1835 2676">
    <p class='ocr_par' dir='ltr' id='par_1_26' title="bbox 129 2605 1835 2676">
     <span class='ocr_line' id='line_1_26' title="bbox 129 2605 1835 2676; baseline 0.002 -17"><span class='ocrx_word' id='word_1_202' title='bbox 129 2606 246 2673; x_wconf 89' lang='lat' dir='ltr'>ris;</span> <span class='ocrx_word' id='word_1_203' title='bbox 283 2605 382 2659; x_wconf 90' lang='lat' dir='ltr'>sed</span> <span class='ocrx_word' id='word_1_204' title='bbox 409 2610 603 2660; x_wconf 89' lang='lat' dir='ltr'>tamen</span> <span class='ocrx_word' id='word_1_205' title='bbox 633 2605 743 2660; x_wconf 90' lang='lat' dir='ltr'>nisi</span> <span class='ocrx_word' id='word_1_206' title='bbox 772 2606 975 2674; x_wconf 87' lang='lat' dir='ltr'>auditi,</span> <span class='ocrx_word' id='word_1_207' title='bbox 1008 2606 1096 2659; x_wconf 87' lang='lat' dir='ltr'>vel</span> <span class='ocrx_word' id='word_1_208' title='bbox 1146 2605 1401 2676; x_wconf 90' lang='lat' dir='ltr'>cogitati,</span> <span class='ocrx_word' id='word_1_209' title='bbox 1454 2624 1569 2662; x_wconf 92' lang='lat' dir='ltr'>non</span> <span class='ocrx_word' id='word_1_210' title='bbox 1597 2609 1835 2663; x_wconf 88' lang='lat' dir='ltr'>manda-</span> 
     </span>
    </p>
   </div>
   <div class='ocr_carea' id='block_1_27' title="bbox 128 2693 1833 2765">
    <p class='ocr_par' dir='ltr' id='par_1_27' title="bbox 128 2693 1833 2765">
     <span class='ocr_line' id='line_1_27' title="bbox 128 2693 1833 2765; baseline 0.001 -16"><span class='ocrx_word' id='word_1_211' title='bbox 128 2698 337 2749; x_wconf 89' lang='lat' dir='ltr'>rentur</span> <span class='ocrx_word' id='word_1_212' title='bbox 390 2694 719 2748; x_wconf 78' lang='lat' dir='ltr'>memorize:</span> <span class='ocrx_word' id='word_1_213' title='bbox 777 2697 832 2748; x_wconf 91' lang='lat' dir='ltr'>et</span> <span class='ocrx_word' id='word_1_214' title='bbox 880 2693 1008 2748; x_wconf 93' lang='lat' dir='ltr'>ideo</span> <span class='ocrx_word' id='word_1_215' title='bbox 1068 2710 1397 2765; x_wconf 87' lang='lat' dir='ltr'>quanquam</span> <span class='ocrx_word' id='word_1_216' title='bbox 1426 2695 1538 2749; x_wconf 85' lang='lat' dir='ltr'>illis</span> <span class='ocrx_word' id='word_1_217' title='bbox 1569 2696 1833 2751; x_wconf 91' lang='lat' dir='ltr'>desinen-</span> 
     </span>
    </p>
   </div>
   <div class='ocr_carea' id='block_1_28' title="bbox 131 2782 1835 2854">
    <p class='ocr_par' dir='ltr' id='par_1_28' title="bbox 131 2782 1835 2854">
     <span class='ocr_line' id='line_1_28' title="bbox 131 2782 1835 2854; baseline 0 -17"><span class='ocrx_word' id='word_1_218' title='bbox 131 2783 293 2837; x_wconf 86' lang='lat' dir='ltr'>tibus</span> <span class='ocrx_word' id='word_1_219' title='bbox 345 2787 638 2850; x_wconf 91' lang='lat' dir='ltr'>maneant,</span> <span class='ocrx_word' id='word_1_220' title='bbox 693 2782 895 2837; x_wconf 91' lang='lat' dir='ltr'>iisdem</span> <span class='ocrx_word' id='word_1_221' title='bbox 931 2786 1123 2836; x_wconf 91' lang='lat' dir='ltr'>tamen</span> <span class='ocrx_word' id='word_1_222' title='bbox 1151 2783 1603 2851; x_wconf 66' lang='lat' dir='ltr'>przrcedentibus</span> <span class='ocrx_word' id='word_1_223' title='bbox 1630 2783 1835 2854; x_wconf 88' lang='lat' dir='ltr'>impri-</span> 
     </span>
    </p>
   </div>
   <div class='ocr_carea' id='block_1_29' title="bbox 135 2876 398 2926">
    <p class='ocr_par' dir='ltr' id='par_1_29' title="bbox 135 2876 398 2926">
     <span class='ocr_line' id='line_1_29' title="bbox 135 2876 398 2926; baseline -0.004 0"><span class='ocrx_word' id='word_1_224' title='bbox 135 2876 398 2926; x_wconf 90' lang='lat' dir='ltr'>muntur.</span> 
     </span>
    </p>
   </div>
   <div class='ocr_carea' id='block_1_30' title="bbox 132 2960 1836 3029">
    <p class='ocr_par' dir='ltr' id='par_1_30' title="bbox 132 2960 1836 3029">
     <span class='ocr_line' id='line_1_30' title="bbox 132 2960 1836 3029; baseline -0.001 -15"><span class='ocrx_word' id='word_1_225' title='bbox 132 2960 366 3015; x_wconf 87' lang='lat' dir='ltr'>CAPUT</span> <span class='ocrx_word' id='word_1_226' title='bbox 400 2961 485 3014; x_wconf 83' lang='lat' dir='ltr'>IV.</span> <span class='ocrx_word' id='word_1_227' title='bbox 508 2989 579 2999; x_wconf 94' lang='lat'>—</span> <span class='ocrx_word' id='word_1_228' title='bbox 610 2961 867 3029; x_wconf 80' lang='lat' dir='ltr'>Quintum</span> <span class='ocrx_word' id='word_1_229' title='bbox 892 2973 1059 3025; x_wconf 89' lang='lat' dir='ltr'>genus</span> <span class='ocrx_word' id='word_1_230' title='bbox 1104 2973 1447 3013; x_wconf 74' lang='lat' dir='ltr'>numerorum</span> <span class='ocrx_word' id='word_1_231' title='bbox 1491 2961 1551 3013; x_wconf 83' lang='lat' dir='ltr'>in</span> <span class='ocrx_word' id='word_1_232' title='bbox 1581 2961 1701 3028; x_wconf 89' lang='lat' dir='ltr'>ipso</span> <span class='ocrx_word' id='word_1_233' title='bbox 1726 2976 1836 3013; x_wconf 84' lang='lat' dir='ltr'>na-</span> 
     </span>
    </p>
   </div>
   <div class='ocr_carea' id='block_1_31' title="bbox 210 3048 1835 3119">
    <p class='ocr_par' dir='ltr' id='par_1_31' title="bbox 210 3048 1835 3119">
     <span class='ocr_line' id='line_1_31' title="bbox 210 3048 1835 3119; baseline -0.001 -16"><span class='ocrx_word' id='word_1_234' title='bbox 210 3050 380 3103; x_wconf 80' lang='lat' dir='ltr'>turali</span> <span class='ocrx_word' id='word_1_235' title='bbox 392 3048 608 3119; x_wconf 85' lang='lat' dir='ltr'>judicio</span> <span class='ocrx_word' id='word_1_236' title='bbox 634 3048 920 3103; x_wconf 79' lang='lat' dir='ltr'>sentiendi.</span> <span class='ocrx_word' id='word_1_237' title='bbox 952 3050 1040 3102; x_wconf 75' lang='lat' dir='ltr'>Ea:</span> <span class='ocrx_word' id='word_1_238' title='bbox 1082 3049 1321 3116; x_wconf 85' lang='lat' dir='ltr'>quinque</span> <span class='ocrx_word' id='word_1_239' title='bbox 1348 3050 1624 3102; x_wconf 74' lang='lat' dir='ltr'>recensitis</span> <span class='ocrx_word' id='word_1_240' title='bbox 1651 3063 1835 3102; x_wconf 84' lang='lat' dir='ltr'>nume-</span> 
     </span>
    </p>
   </div>
   <div class='ocr_carea' id='block_1_32' title="bbox 205 3136 1335 3204">
    <p class='ocr_par' dir='ltr' id='par_1_32' title="bbox 205 3136 1335 3204">
     <span class='ocr_line' id='line_1_32' title="bbox 205 3136 1335 3204; baseline -0.004 -13"><span class='ocrx_word' id='word_1_241' title='bbox 205 3153 390 3191; x_wconf 70' lang='lat' dir='ltr'>rorum</span> <span class='ocrx_word' id='word_1_242' title='bbox 417 3136 699 3204; x_wconf 71' lang='lat' dir='ltr'>generibus</span> <span class='ocrx_word' id='word_1_243' title='bbox 731 3136 1004 3204; x_wconf 87' lang='lat' dir='ltr'>quodnam</span> <span class='ocrx_word' id='word_1_244' title='bbox 1032 3136 1335 3189; x_wconf 84' lang='lat' dir='ltr'>antecellat.</span> 
     </span>
    </p>
   </div>
   <div class='ocr_carea' id='block_1_33' title="bbox 211 3223 1833 3294">
    <p class='ocr_par' dir='ltr' id='par_1_33' title="bbox 211 3223 1833 3294">
     <span class='ocr_line' id='line_1_33' title="bbox 211 3223 1833 3294; baseline -0.002 -14"><span class='ocrx_word' id='word_1_245' title='bbox 211 3230 261 3281; x_wconf 86' lang='lat'>5.</span> <span class='ocrx_word' id='word_1_246' title='bbox 295 3227 379 3279; x_wconf 86' lang='grc' dir='ltr'><em>Μ.</em></span> <span class='ocrx_word' id='word_1_247' title='bbox 435 3226 560 3280; x_wconf 90' lang='lat' dir='ltr'>Non</span> <span class='ocrx_word' id='word_1_248' title='bbox 606 3224 806 3280; x_wconf 91' lang='lat' dir='ltr'>resisto</span> <span class='ocrx_word' id='word_1_249' title='bbox 856 3224 985 3286; x_wconf 84' lang='lat' dir='ltr'>tibi,</span> <span class='ocrx_word' id='word_1_250' title='bbox 1030 3228 1086 3277; x_wconf 91' lang='lat' dir='ltr'>et</span> <span class='ocrx_word' id='word_1_251' title='bbox 1129 3223 1335 3277; x_wconf 86' lang='lat' dir='ltr'>vellem</span> <span class='ocrx_word' id='word_1_252' title='bbox 1376 3223 1497 3293; x_wconf 89' lang='lat' dir='ltr'>jam</span> <span class='ocrx_word' id='word_1_253' title='bbox 1554 3239 1833 3294; x_wconf 61' lang='lat' dir='ltr'>quaerere,</span> 
     </span>
    </p>
   </div>
   <div class='ocr_carea' id='block_1_34' title="bbox 139 3310 1836 3385">
    <p class='ocr_par' dir='ltr' id='par_1_34' title="bbox 139 3310 1836 3385">
     <span class='ocr_line' id='line_1_34' title="bbox 139 3310 1836 3385; baseline -0.003 -16"><span class='ocrx_word' id='word_1_254' title='bbox 139 3314 299 3385; x_wconf 90' lang='lat' dir='ltr'>quod</span> <span class='ocrx_word' id='word_1_255' title='bbox 323 3315 553 3369; x_wconf 90' lang='lat' dir='ltr'>tandem</span> <span class='ocrx_word' id='word_1_256' title='bbox 582 3314 789 3369; x_wconf 92' lang='lat' dir='ltr'>horum</span> <span class='ocrx_word' id='word_1_257' title='bbox 842 3317 1087 3385; x_wconf 87' lang='lat' dir='ltr'>quatuor</span> <span class='ocrx_word' id='word_1_258' title='bbox 1128 3327 1402 3383; x_wconf 88' lang='lat' dir='ltr'>generum</span> <span class='ocrx_word' id='word_1_259' title='bbox 1434 3310 1836 3382; x_wconf 62' lang='lat' dir='ltr'>praestantissi-</span> 
     </span>
    </p>
   </div>
   <div class='ocr_carea' id='block_1_35' title="bbox 140 3398 1834 3471">
    <p class='ocr_par' dir='ltr' id='par_1_35' title="bbox 140 3398 1834 3471">
     <span class='ocr_line' id='line_1_35' title="bbox 140 3398 1834 3471; baseline -0.002 -18"><span class='ocrx_word' id='word_1_260' title='bbox 140 3414 304 3454; x_wconf 91' lang='lat' dir='ltr'>mum</span> <span class='ocrx_word' id='word_1_261' title='bbox 350 3400 615 3471; x_wconf 90' lang='lat' dir='ltr'>judices:</span> <span class='ocrx_word' id='word_1_262' title='bbox 662 3400 773 3454; x_wconf 89' lang='lat' dir='ltr'>nisi</span> <span class='ocrx_word' id='word_1_263' title='bbox 818 3399 1127 3454; x_wconf 88' lang='lat' dir='ltr'>arbitrarer</span> <span class='ocrx_word' id='word_1_264' title='bbox 1166 3400 1303 3453; x_wconf 91' lang='lat' dir='ltr'>dum</span> <span class='ocrx_word' id='word_1_265' title='bbox 1351 3398 1452 3454; x_wconf 92' lang='lat' dir='ltr'>illa</span> <span class='ocrx_word' id='word_1_266' title='bbox 1506 3402 1834 3463; x_wconf 90' lang='lat' dir='ltr'>tractamus,</span> 
     </span>
    </p>
   </div>
   <div class='ocr_carea' id='block_1_36' title="bbox 141 3486 1840 3561">
    <p class='ocr_par' dir='ltr' id='par_1_36' title="bbox 141 3486 1840 3561">
     <span class='ocr_line' id='line_1_36' title="bbox 141 3486 1840 3561; baseline -0.001 -19"><span class='ocrx_word' id='word_1_267' title='bbox 141 3489 334 3545; x_wconf 89' lang='lat' dir='ltr'>nescio</span> <span class='ocrx_word' id='word_1_268' title='bbox 374 3490 525 3544; x_wconf 91' lang='lat' dir='ltr'>unde</span> <span class='ocrx_word' id='word_1_269' title='bbox 555 3489 887 3561; x_wconf 89' lang='lat' dir='ltr'>apparuisse</span> <span class='ocrx_word' id='word_1_270' title='bbox 916 3488 1083 3543; x_wconf 92' lang='lat' dir='ltr'>nobis</span> <span class='ocrx_word' id='word_1_271' title='bbox 1122 3488 1385 3559; x_wconf 90' lang='lat' dir='ltr'>quintum</span> <span class='ocrx_word' id='word_1_272' title='bbox 1432 3503 1632 3558; x_wconf 86' lang='lat' dir='ltr'>genus,</span> <span class='ocrx_word' id='word_1_273' title='bbox 1684 3486 1840 3558; x_wconf 92' lang='lat' dir='ltr'>quod</span> 
     </span>
    </p>
   </div>
   <div class='ocr_carea' id='block_1_37' title="bbox 142 3576 1841 3648">
    <p class='ocr_par' dir='ltr' id='par_1_37' title="bbox 142 3576 1841 3648">
     <span class='ocr_line' id='line_1_37' title="bbox 142 3576 1841 3648; baseline -0.002 -16"><span class='ocrx_word' id='word_1_274' title='bbox 142 3583 229 3633; x_wconf 90' lang='lat' dir='ltr'>est</span> <span class='ocrx_word' id='word_1_275' title='bbox 258 3578 319 3632; x_wconf 88' lang='lat' dir='ltr'>in</span> <span class='ocrx_word' id='word_1_276' title='bbox 347 3578 473 3648; x_wconf 91' lang='lat' dir='ltr'>ipso</span> <span class='ocrx_word' id='word_1_277' title='bbox 501 3578 750 3632; x_wconf 87' lang='lat' dir='ltr'>naturali</span> <span class='ocrx_word' id='word_1_278' title='bbox 765 3576 983 3648; x_wconf 91' lang='lat' dir='ltr'>judicio</span> <span class='ocrx_word' id='word_1_279' title='bbox 997 3576 1299 3642; x_wconf 88' lang='lat' dir='ltr'>sentiendi,</span> <span class='ocrx_word' id='word_1_280' title='bbox 1330 3591 1459 3629; x_wconf 90' lang='lat' dir='ltr'>cum</span> <span class='ocrx_word' id='word_1_281' title='bbox 1490 3576 1841 3630; x_wconf 90' lang='lat' dir='ltr'>delectamur</span> 
     </span>
    </p>
   </div>
   <div class='ocr_carea' id='block_1_38' title="bbox 143 3662 1841 3738">
    <p class='ocr_par' dir='ltr' id='par_1_38' title="bbox 143 3662 1841 3738">
     <span class='ocr_line' id='line_1_38' title="bbox 143 3662 1841 3738; baseline -0.003 -17"><span class='ocrx_word' id='word_1_282' title='bbox 143 3666 431 3738; x_wconf 87' lang='lat' dir='ltr'>parilitate</span> <span class='ocrx_word' id='word_1_283' title='bbox 460 3682 858 3732; x_wconf 90' lang='lat' dir='ltr'>numerorum,</span> <span class='ocrx_word' id='word_1_284' title='bbox 891 3666 980 3719; x_wconf 86' lang='lat' dir='ltr'>vel</span> <span class='ocrx_word' id='word_1_285' title='bbox 1006 3681 1136 3719; x_wconf 93' lang='lat' dir='ltr'>cum</span> <span class='ocrx_word' id='word_1_286' title='bbox 1166 3664 1225 3718; x_wconf 92' lang='lat' dir='ltr'>in</span> <span class='ocrx_word' id='word_1_287' title='bbox 1254 3664 1335 3718; x_wconf 91' lang='lat' dir='ltr'>eis</span> <span class='ocrx_word' id='word_1_288' title='bbox 1356 3668 1640 3735; x_wconf 91' lang='lat' dir='ltr'>peccatur,</span> <span class='ocrx_word' id='word_1_289' title='bbox 1667 3662 1841 3717; x_wconf 81' lang='lat' dir='ltr'>offen-</span> 
     </span>
    </p>
   </div>
   <div class='ocr_carea' id='block_1_39' title="bbox 144 3751 1839 3823">
    <p class='ocr_par' dir='ltr' id='par_1_39' title="bbox 144 3751 1839 3823">
     <span class='ocr_line' id='line_1_39' title="bbox 144 3751 1839 3823; baseline -0.004 -13"><span class='ocrx_word' id='word_1_290' title='bbox 144 3756 356 3810; x_wconf 89' lang='lat' dir='ltr'>dimur.</span> <span class='ocrx_word' id='word_1_291' title='bbox 384 3757 508 3809; x_wconf 90' lang='lat' dir='ltr'>Non</span> <span class='ocrx_word' id='word_1_292' title='bbox 537 3754 692 3809; x_wconf 92' lang='lat' dir='ltr'>enim</span> <span class='ocrx_word' id='word_1_293' title='bbox 717 3759 1021 3809; x_wconf 89' lang='lat' dir='ltr'>contemno</span> <span class='ocrx_word' id='word_1_294' title='bbox 1048 3752 1203 3823; x_wconf 91' lang='lat' dir='ltr'>quod</span> <span class='ocrx_word' id='word_1_295' title='bbox 1234 3752 1338 3807; x_wconf 89' lang='lat' dir='ltr'>tibi</span> <span class='ocrx_word' id='word_1_296' title='bbox 1368 3751 1555 3807; x_wconf 88' lang='lat' dir='ltr'>visum</span> <span class='ocrx_word' id='word_1_297' title='bbox 1587 3756 1693 3819; x_wconf 90' lang='lat' dir='ltr'>est,</span> <span class='ocrx_word' id='word_1_298' title='bbox 1717 3751 1839 3804; x_wconf 92' lang='lat' dir='ltr'>sine</span> 
     </span>
    </p>
   </div>
   <div class='ocr_carea' id='block_1_40' title="bbox 144 3841 1837 3916">
    <p class='ocr_par' dir='ltr' id='par_1_40' title="bbox 144 3841 1837 3916">
     <span class='ocr_line' id='line_1_40' title="bbox 144 3841 1837 3916; baseline -0.004 -17"><span class='ocrx_word' id='word_1_299' title='bbox 144 3844 492 3916; x_wconf 91' lang='lat' dir='ltr'>quibusdam</span> <span class='ocrx_word' id='word_1_300' title='bbox 523 3843 780 3898; x_wconf 91' lang='lat' dir='ltr'>numeris</span> <span class='ocrx_word' id='word_1_301' title='bbox 824 3843 887 3897; x_wconf 92' lang='lat' dir='ltr'>in</span> <span class='ocrx_word' id='word_1_302' title='bbox 931 3858 996 3896; x_wconf 94' lang='lat' dir='ltr'>eo</span> <span class='ocrx_word' id='word_1_303' title='bbox 1062 3841 1389 3908; x_wconf 89' lang='lat' dir='ltr'>latentibus,</span> <span class='ocrx_word' id='word_1_304' title='bbox 1446 3841 1555 3895; x_wconf 92' lang='lat' dir='ltr'>hoc</span> <span class='ocrx_word' id='word_1_305' title='bbox 1610 3856 1837 3893; x_wconf 91' lang='lat' dir='ltr'>sensum</span> 
     </span>
    </p>
   </div>
   <div class='ocr_carea' id='block_1_41' title="bbox 143 3927 1839 4001">
    <p class='ocr_par' dir='ltr' id='par_1_41' title="bbox 143 3927 1839 4001">
     <span class='ocr_line' id='line_1_41' title="bbox 143 3927 1839 4001; baseline -0.003 -15"><span class='ocrx_word' id='word_1_306' title='bbox 143 3936 407 3986; x_wconf 88' lang='lat' dir='ltr'>nostrum</span> <span class='ocrx_word' id='word_1_307' title='bbox 453 3932 609 3985; x_wconf 90' lang='lat' dir='ltr'>nullo</span> <span class='ocrx_word' id='word_1_308' title='bbox 656 3931 828 3985; x_wconf 93' lang='lat' dir='ltr'>modo</span> <span class='ocrx_word' id='word_1_309' title='bbox 883 3945 1049 4001; x_wconf 88' lang='lat' dir='ltr'>agere</span> <span class='ocrx_word' id='word_1_310' title='bbox 1114 3929 1387 4000; x_wconf 90' lang='lat' dir='ltr'>potuisse.</span> <span class='ocrx_word' id='word_1_311' title='bbox 1443 3931 1532 3983; x_wconf 86' lang='lat' dir='ltr'>An</span> <span class='ocrx_word' id='word_1_312' title='bbox 1578 3928 1723 3982; x_wconf 91' lang='lat' dir='ltr'>forte</span> <span class='ocrx_word' id='word_1_313' title='bbox 1771 3927 1839 3981; x_wconf 89' lang='lat' dir='ltr'>ad</span> 
     </span>
    </p>
   </div>
   <div class='ocr_carea' id='block_1_42' title="bbox 144 4016 1839 4090">
    <p class='ocr_par' dir='ltr' id='par_1_42' title="bbox 144 4016 1839 4090">
     <span class='ocr_line' id='line_1_42' title="bbox 144 4016 1839 4090; baseline -0.002 -17"><span class='ocrx_word' id='word_1_314' title='bbox 144 4021 388 4075; x_wconf 89' lang='lat' dir='ltr'>istorum</span> <span class='ocrx_word' id='word_1_315' title='bbox 417 4024 665 4090; x_wconf 88' lang='lat' dir='ltr'>quatuor</span> <span class='ocrx_word' id='word_1_316' title='bbox 693 4019 923 4090; x_wconf 89' lang='lat' dir='ltr'>aliquod</span> <span class='ocrx_word' id='word_1_317' title='bbox 956 4035 1137 4089; x_wconf 87' lang='lat' dir='ltr'>genus</span> <span class='ocrx_word' id='word_1_318' title='bbox 1164 4019 1310 4073; x_wconf 89' lang='lat' dir='ltr'>hanc</span> <span class='ocrx_word' id='word_1_319' title='bbox 1324 4021 1545 4072; x_wconf 90' lang='lat' dir='ltr'>tantam</span> <span class='ocrx_word' id='word_1_320' title='bbox 1572 4016 1688 4070; x_wconf 92' lang='lat' dir='ltr'>vim</span> <span class='ocrx_word' id='word_1_321' title='bbox 1709 4031 1839 4086; x_wconf 90' lang='lat' dir='ltr'>per-</span> 
     </span>
    </p>
   </div>
   <div class='ocr_carea' id='block_1_43' title="bbox 144 4104 1843 4178">
    <p class='ocr_par' dir='ltr' id='par_1_43' title="bbox 144 4104 1843 4178">
     <span class='ocr_line' id='line_1_43' title="bbox 144 4104 1843 4178; baseline -0.003 -16"><span class='ocrx_word' id='word_1_322' title='bbox 144 4109 331 4163; x_wconf 88' lang='lat' dir='ltr'>tinere</span> <span class='ocrx_word' id='word_1_323' title='bbox 378 4107 671 4162; x_wconf 89' lang='lat' dir='ltr'>arbitraris</span> <span class='ocrx_word' id='word_1_324' title='bbox 699 4109 728 4162; x_wconf 86' lang='lat'><strong>?</strong></span> <span class='ocrx_word' id='word_1_325' title='bbox 759 4111 823 4162; x_wconf 94' lang='lat' dir='ltr'>D.</span> <span class='ocrx_word' id='word_1_326' title='bbox 856 4108 971 4178; x_wconf 86' lang='lat' dir='ltr'>Ego</span> <span class='ocrx_word' id='word_1_327' title='bbox 1001 4122 1133 4160; x_wconf 90' lang='lat' dir='ltr'>vero</span> <span class='ocrx_word' id='word_1_328' title='bbox 1186 4107 1255 4160; x_wconf 92' lang='lat' dir='ltr'>ab</span> <span class='ocrx_word' id='word_1_329' title='bbox 1295 4106 1408 4159; x_wconf 92' lang='lat' dir='ltr'>illis</span> <span class='ocrx_word' id='word_1_330' title='bbox 1437 4105 1705 4159; x_wconf 91' lang='lat' dir='ltr'>omnibus</span> <span class='ocrx_word' id='word_1_331' title='bbox 1734 4104 1843 4158; x_wconf 82' lang='lat' dir='ltr'>hoc</span> 
     </span>
    </p>
   </div>
   <div class='ocr_carea' id='block_1_44' title="bbox 146 4192 1839 4268">
    <p class='ocr_par' dir='ltr' id='par_1_44' title="bbox 146 4192 1839 4268">
     <span class='ocr_line' id='line_1_44' title="bbox 146 4192 1839 4268; baseline -0.004 -17"><span class='ocrx_word' id='word_1_332' title='bbox 146 4213 333 4268; x_wconf 89' lang='lat' dir='ltr'>genus</span> <span class='ocrx_word' id='word_1_333' title='bbox 352 4196 828 4265; x_wconf 80' lang='lat' dir='ltr'>distinguendum</span> <span class='ocrx_word' id='word_1_334' title='bbox 843 4198 1007 4266; x_wconf 89' lang='lat' dir='ltr'>puto.</span> <span class='ocrx_word' id='word_1_335' title='bbox 1027 4193 1321 4264; x_wconf 86' lang='lat' dir='ltr'>Siquidem</span> <span class='ocrx_word' id='word_1_336' title='bbox 1342 4192 1497 4247; x_wconf 91' lang='lat' dir='ltr'>aliud</span> <span class='ocrx_word' id='word_1_337' title='bbox 1521 4196 1603 4245; x_wconf 90' lang='lat' dir='ltr'>est</span> <span class='ocrx_word' id='word_1_338' title='bbox 1618 4207 1839 4257; x_wconf 88' lang='lat' dir='ltr'>sonare,</span> 
     </span>
    </p>
   </div>
   <div class='ocr_carea' id='block_1_45' title="bbox 146 4279 1842 4357">
    <p class='ocr_par' dir='ltr' id='par_1_45' title="bbox 146 4279 1842 4357">
     <span class='ocr_line' id='line_1_45' title="bbox 146 4279 1842 4357; baseline -0.005 -16"><span class='ocrx_word' id='word_1_339' title='bbox 146 4286 305 4357; x_wconf 89' lang='lat' dir='ltr'>quod</span> <span class='ocrx_word' id='word_1_340' title='bbox 332 4285 559 4356; x_wconf 90' lang='lat' dir='ltr'>corpori</span> <span class='ocrx_word' id='word_1_341' title='bbox 581 4284 876 4350; x_wconf 88' lang='lat' dir='ltr'>tribuitur,</span> <span class='ocrx_word' id='word_1_342' title='bbox 909 4282 1062 4337; x_wconf 88' lang='lat' dir='ltr'>aliud</span> <span class='ocrx_word' id='word_1_343' title='bbox 1092 4282 1310 4347; x_wconf 91' lang='lat' dir='ltr'>audire,</span> <span class='ocrx_word' id='word_1_344' title='bbox 1337 4280 1491 4351; x_wconf 90' lang='lat' dir='ltr'>quod</span> <span class='ocrx_word' id='word_1_345' title='bbox 1519 4279 1580 4333; x_wconf 91' lang='lat' dir='ltr'>in</span> <span class='ocrx_word' id='word_1_346' title='bbox 1606 4295 1842 4349; x_wconf 89' lang='lat' dir='ltr'>corpore</span> 
     </span>
    </p>
   </div>
   <div class='ocr_carea' id='block_1_46' title="bbox 145 4366 1843 4444">
    <p class='ocr_par' dir='ltr' id='par_1_46' title="bbox 145 4366 1843 4444">
     <span class='ocr_line' id='line_1_46' title="bbox 145 4366 1843 4444; baseline -0.006 -15"><span class='ocrx_word' id='word_1_347' title='bbox 145 4374 344 4429; x_wconf 89' lang='lat' dir='ltr'>anima</span> <span class='ocrx_word' id='word_1_348' title='bbox 389 4374 459 4429; x_wconf 93' lang='lat' dir='ltr'>de</span> <span class='ocrx_word' id='word_1_349' title='bbox 513 4374 661 4428; x_wconf 91' lang='lat' dir='ltr'>sonis</span> <span class='ocrx_word' id='word_1_350' title='bbox 698 4373 932 4444; x_wconf 87' lang='lat' dir='ltr'>patitur,</span> <span class='ocrx_word' id='word_1_351' title='bbox 981 4370 1138 4425; x_wconf 91' lang='lat' dir='ltr'>aliud</span> <span class='ocrx_word' id='word_1_352' title='bbox 1167 4367 1393 4440; x_wconf 89' lang='lat' dir='ltr'>operari</span> <span class='ocrx_word' id='word_1_353' title='bbox 1441 4382 1710 4421; x_wconf 91' lang='lat' dir='ltr'>numeros</span> <span class='ocrx_word' id='word_1_354' title='bbox 1754 4366 1843 4420; x_wconf 90' lang='lat' dir='ltr'>vel</span> 
     </span>
    </p>
   </div>
   <div class='ocr_carea' id='block_1_47' title="bbox 147 4454 1844 4534">
    <p class='ocr_par' dir='ltr' id='par_1_47' title="bbox 147 4454 1844 4534">
     <span class='ocr_line' id='line_1_47' title="bbox 147 4454 1844 4534; baseline -0.006 -16"><span class='ocrx_word' id='word_1_355' title='bbox 147 4462 481 4534; x_wconf 89' lang='lat' dir='ltr'>productius</span> <span class='ocrx_word' id='word_1_356' title='bbox 504 4463 593 4517; x_wconf 89' lang='lat' dir='ltr'>vel</span> <span class='ocrx_word' id='word_1_357' title='bbox 624 4460 961 4532; x_wconf 88' lang='lat' dir='ltr'>correptius,</span> <span class='ocrx_word' id='word_1_358' title='bbox 994 4458 1149 4513; x_wconf 91' lang='lat' dir='ltr'>aliud</span> <span class='ocrx_word' id='word_1_359' title='bbox 1177 4458 1285 4512; x_wconf 90' lang='lat' dir='ltr'>ista</span> <span class='ocrx_word' id='word_1_360' title='bbox 1312 4455 1664 4523; x_wconf 88' lang='lat' dir='ltr'>meminisse,</span> <span class='ocrx_word' id='word_1_361' title='bbox 1690 4454 1844 4509; x_wconf 88' lang='lat' dir='ltr'>aliud</span> 
     </span>
    </p>
   </div>
   <div class='ocr_carea' id='block_1_48' title="bbox 146 4542 1846 4615">
    <p class='ocr_par' dir='ltr' id='par_1_48' title="bbox 146 4542 1846 4615">
     <span class='ocr_line' id='line_1_48' title="bbox 146 4542 1846 4615; baseline -0.006 -9"><span class='ocrx_word' id='word_1_362' title='bbox 146 4552 217 4606; x_wconf 91' lang='lat' dir='ltr'>de</span> <span class='ocrx_word' id='word_1_363' title='bbox 251 4551 340 4605; x_wconf 91' lang='lat' dir='ltr'>his</span> <span class='ocrx_word' id='word_1_364' title='bbox 369 4551 634 4605; x_wconf 90' lang='lat' dir='ltr'>omnibus</span> <span class='ocrx_word' id='word_1_365' title='bbox 666 4551 753 4604; x_wconf 90' lang='lat' dir='ltr'>vel</span> <span class='ocrx_word' id='word_1_366' title='bbox 800 4547 1108 4603; x_wconf 89' lang='lat' dir='ltr'>annuendo</span> <span class='ocrx_word' id='word_1_367' title='bbox 1158 4547 1247 4601; x_wconf 91' lang='lat' dir='ltr'>vel</span> <span class='ocrx_word' id='word_1_368' title='bbox 1293 4545 1652 4601; x_wconf 90' lang='lat' dir='ltr'>abhorrendo</span> <span class='ocrx_word' id='word_1_369' title='bbox 1683 4542 1846 4615; x_wconf 89' lang='lat' dir='ltr'>quasi</span> 
     </span>
    </p>
   </div>
   <div class='ocr_carea' id='block_1_49' title="bbox 146 4631 1405 4708">
    <p class='ocr_par' dir='ltr' id='par_1_49' title="bbox 146 4631 1405 4708">
     <span class='ocr_line' id='line_1_49' title="bbox 146 4631 1405 4708; baseline -0.006 -16"><span class='ocrx_word' id='word_1_370' title='bbox 146 4637 403 4708; x_wconf 90' lang='lat' dir='ltr'>quodam</span> <span class='ocrx_word' id='word_1_371' title='bbox 428 4636 676 4691; x_wconf 89' lang='lat' dir='ltr'>naturali</span> <span class='ocrx_word' id='word_1_372' title='bbox 700 4636 829 4705; x_wconf 89' lang='lat' dir='ltr'>jure</span> <span class='ocrx_word' id='word_1_373' title='bbox 858 4634 1009 4688; x_wconf 90' lang='lat' dir='ltr'>ferre</span> <span class='ocrx_word' id='word_1_374' title='bbox 1040 4631 1405 4687; x_wconf 89' lang='lat' dir='ltr'>sententiam.</span> 
     </span>
    </p>
   </div>
   <div class='ocr_carea' id='block_1_50' title="bbox 219 4718 1848 4795">
    <p class='ocr_par' dir='ltr' id='par_1_50' title="bbox 219 4718 1848 4795">
     <span class='ocr_line' id='line_1_50' title="bbox 219 4718 1848 4795; baseline -0.004 -16"><span class='ocrx_word' id='word_1_375' title='bbox 219 4730 277 4779; x_wconf 88' lang='grc'>6.</span> <span class='ocrx_word' id='word_1_376' title='bbox 308 4726 392 4779; x_wconf 83' lang='grc' dir='ltr'>Μ.</span> <span class='ocrx_word' id='word_1_377' title='bbox 451 4726 593 4795; x_wconf 85' lang='lat' dir='ltr'>Age,</span> <span class='ocrx_word' id='word_1_378' title='bbox 642 4740 798 4778; x_wconf 91' lang='lat' dir='ltr'>nunc</span> <span class='ocrx_word' id='word_1_379' title='bbox 827 4722 917 4777; x_wconf 93' lang='lat' dir='ltr'>dic</span> <span class='ocrx_word' id='word_1_380' title='bbox 958 4722 1098 4777; x_wconf 88' lang='lat' dir='ltr'>mihi</span> <span class='ocrx_word' id='word_1_381' title='bbox 1140 4720 1396 4792; x_wconf 87' lang='lat' dir='ltr'>quinque</span> <span class='ocrx_word' id='word_1_382' title='bbox 1443 4720 1651 4774; x_wconf 90' lang='lat' dir='ltr'>horum</span> <span class='ocrx_word' id='word_1_383' title='bbox 1694 4718 1848 4788; x_wconf 90' lang='lat' dir='ltr'>quod</span> 
     </span>
    </p>
   </div>
   <div class='ocr_carea' id='block_1_51' title="bbox 147 4805 1843 4880">
    <p class='ocr_par' dir='ltr' id='par_1_51' title="bbox 147 4805 1843 4880">
     <span class='ocr_line' id='line_1_51' title="bbox 147 4805 1843 4880; baseline -0.004 -13"><span class='ocrx_word' id='word_1_384' title='bbox 147 4812 397 4868; x_wconf 84' lang='lat' dir='ltr'>maxime</span> <span class='ocrx_word' id='word_1_385' title='bbox 446 4813 698 4867; x_wconf 78' lang='lat' dir='ltr'>excellat.</span> <span class='ocrx_word' id='word_1_386' title='bbox 758 4814 823 4866; x_wconf 90' lang='lat' dir='ltr'>D.</span> <span class='ocrx_word' id='word_1_387' title='bbox 872 4812 985 4865; x_wconf 84' lang='lat' dir='ltr'>Hoc</span> <span class='ocrx_word' id='word_1_388' title='bbox 1028 4810 1297 4880; x_wconf 90' lang='lat' dir='ltr'>quintum</span> <span class='ocrx_word' id='word_1_389' title='bbox 1334 4811 1494 4878; x_wconf 91' lang='lat' dir='ltr'>puto.</span> <span class='ocrx_word' id='word_1_390' title='bbox 1542 4805 1625 4863; x_wconf 82' lang='grc' dir='ltr'>Μ.</span> <span class='ocrx_word' id='word_1_391' title='bbox 1674 4808 1843 4861; x_wconf 82' lang='lat' dir='ltr'>Recte</span> 
     </span>
    </p>
   </div>
   <div class='ocr_carea' id='block_1_52' title="bbox 146 4894 1844 4974">
    <p class='ocr_par' dir='ltr' id='par_1_52' title="bbox 146 4894 1844 4974">
     <span class='ocr_line' id='line_1_52' title="bbox 146 4894 1844 4974; baseline -0.006 -16"><span class='ocrx_word' id='word_1_392' title='bbox 146 4907 353 4974; x_wconf 87' lang='lat' dir='ltr'>putas:</span> <span class='ocrx_word' id='word_1_393' title='bbox 386 4918 504 4956; x_wconf 91' lang='lat' dir='ltr'>non</span> <span class='ocrx_word' id='word_1_394' title='bbox 536 4901 692 4955; x_wconf 87' lang='lat' dir='ltr'>enim</span> <span class='ocrx_word' id='word_1_395' title='bbox 721 4900 790 4955; x_wconf 92' lang='lat' dir='ltr'>de</span> <span class='ocrx_word' id='word_1_396' title='bbox 819 4899 931 4953; x_wconf 90' lang='lat' dir='ltr'>illis</span> <span class='ocrx_word' id='word_1_397' title='bbox 960 4902 1172 4970; x_wconf 90' lang='lat' dir='ltr'>posset,</span> <span class='ocrx_word' id='word_1_398' title='bbox 1204 4896 1316 4951; x_wconf 89' lang='lat' dir='ltr'>nisi</span> <span class='ocrx_word' id='word_1_399' title='bbox 1345 4896 1659 4960; x_wconf 82' lang='lat' dir='ltr'>excelleret,</span> <span class='ocrx_word' id='word_1_400' title='bbox 1684 4894 1844 4965; x_wconf 90' lang='lat' dir='ltr'>judi-</span> 
     </span>
    </p>
   </div>
   <div class='ocr_carea' id='block_1_53' title="bbox 149 4980 1850 5059">
    <p class='ocr_par' dir='ltr' id='par_1_53' title="bbox 149 4980 1850 5059">
     <span class='ocr_line' id='line_1_53' title="bbox 149 4980 1850 5059; baseline -0.006 -13"><span class='ocrx_word' id='word_1_401' title='bbox 149 5008 303 5045; x_wconf 90' lang='lat' dir='ltr'>care.</span> <span class='ocrx_word' id='word_1_402' title='bbox 352 4991 460 5046; x_wconf 90' lang='lat' dir='ltr'>Sed</span> <span class='ocrx_word' id='word_1_403' title='bbox 524 5006 724 5044; x_wconf 90' lang='lat' dir='ltr'>rursus</span> <span class='ocrx_word' id='word_1_404' title='bbox 774 5004 993 5059; x_wconf 67' lang='lat' dir='ltr'>quaero,</span> <span class='ocrx_word' id='word_1_405' title='bbox 1034 4990 1371 5042; x_wconf 60' lang='lat' dir='ltr'>ceterorum</span> <span class='ocrx_word' id='word_1_406' title='bbox 1418 4986 1663 5054; x_wconf 89' lang='lat' dir='ltr'>quatuor</span> <span class='ocrx_word' id='word_1_407' title='bbox 1696 4980 1850 5053; x_wconf 92' lang='lat' dir='ltr'>quod</span> 
     </span>
    </p>
   </div>
   <div class='ocr_carea' id='block_1_54' title="bbox 149 5070 1852 5151">
    <p class='ocr_par' dir='ltr' id='par_1_54' title="bbox 149 5070 1852 5151">
     <span class='ocr_line' id='line_1_54' title="bbox 149 5070 1852 5151; baseline -0.008 -16"><span class='ocrx_word' id='word_1_408' title='bbox 149 5079 400 5135; x_wconf 84' lang='lat' dir='ltr'>maxime</span> <span class='ocrx_word' id='word_1_409' title='bbox 430 5079 658 5151; x_wconf 90' lang='lat' dir='ltr'>probes.</span> <span class='ocrx_word' id='word_1_410' title='bbox 696 5080 761 5132; x_wconf 91' lang='lat' dir='ltr'>D.</span> <span class='ocrx_word' id='word_1_411' title='bbox 797 5076 945 5131; x_wconf 90' lang='lat' dir='ltr'>Illud</span> <span class='ocrx_word' id='word_1_412' title='bbox 973 5074 1230 5145; x_wconf 88' lang='lat' dir='ltr'>profecto</span> <span class='ocrx_word' id='word_1_413' title='bbox 1262 5072 1415 5143; x_wconf 91' lang='lat' dir='ltr'>quod</span> <span class='ocrx_word' id='word_1_414' title='bbox 1446 5075 1535 5125; x_wconf 91' lang='lat' dir='ltr'>est</span> <span class='ocrx_word' id='word_1_415' title='bbox 1561 5070 1620 5123; x_wconf 90' lang='lat' dir='ltr'>in</span> <span class='ocrx_word' id='word_1_416' title='bbox 1648 5086 1852 5123; x_wconf 87' lang='lat' dir='ltr'>memo-</span> 
     </span>
    </p>
   </div>
   <div class='ocr_carea' id='block_1_55' title="bbox 149 5164 1850 5240">
    <p class='ocr_par' dir='ltr' id='par_1_55' title="bbox 149 5164 1850 5240">
     <span class='ocr_line' id='line_1_55' title="bbox 149 5164 1850 5240; baseline -0.006 -18"><span class='ocrx_word' id='word_1_417' title='bbox 149 5169 238 5223; x_wconf 87' lang='lat' dir='ltr'>ria</span> <span class='ocrx_word' id='word_1_418' title='bbox 266 5189 282 5235; x_wconf 90' lang='lat'><strong>;</strong></span> <span class='ocrx_word' id='word_1_419' title='bbox 312 5168 449 5240; x_wconf 89' lang='lat' dir='ltr'>quia</span> <span class='ocrx_word' id='word_1_420' title='bbox 477 5167 643 5222; x_wconf 91' lang='lat' dir='ltr'>video</span> <span class='ocrx_word' id='word_1_421' title='bbox 673 5165 753 5220; x_wconf 92' lang='lat' dir='ltr'>ibi</span> <span class='ocrx_word' id='word_1_422' title='bbox 783 5164 1169 5219; x_wconf 86' lang='lat' dir='ltr'>diuturniores</span> <span class='ocrx_word' id='word_1_423' title='bbox 1197 5176 1319 5217; x_wconf 89' lang='lat' dir='ltr'>esse</span> <span class='ocrx_word' id='word_1_424' title='bbox 1354 5175 1643 5225; x_wconf 90' lang='lat' dir='ltr'>numeros,</span> <span class='ocrx_word' id='word_1_425' title='bbox 1677 5174 1850 5229; x_wconf 89' lang='lat' dir='ltr'>quam</span> 
     </span>
    </p>
   </div>
   <div class='ocr_carea' id='block_1_56' title="bbox 151 5248 1848 5323">
    <p class='ocr_par' dir='ltr' id='par_1_56' title="bbox 151 5248 1848 5323">
     <span class='ocr_line' id='line_1_56' title="bbox 151 5248 1848 5323; baseline -0.005 -16"><span class='ocrx_word' id='word_1_426' title='bbox 151 5272 288 5310; x_wconf 89' lang='lat' dir='ltr'>cum</span> <span class='ocrx_word' id='word_1_427' title='bbox 326 5258 553 5323; x_wconf 88' lang='lat' dir='ltr'>sonant,</span> <span class='ocrx_word' id='word_1_428' title='bbox 583 5254 671 5308; x_wconf 91' lang='lat' dir='ltr'>vel</span> <span class='ocrx_word' id='word_1_429' title='bbox 703 5268 834 5307; x_wconf 93' lang='lat' dir='ltr'>cum</span> <span class='ocrx_word' id='word_1_430' title='bbox 866 5250 1194 5315; x_wconf 88' lang='lat' dir='ltr'>audiuntur,</span> <span class='ocrx_word' id='word_1_431' title='bbox 1254 5248 1342 5303; x_wconf 88' lang='lat' dir='ltr'>vel</span> <span class='ocrx_word' id='word_1_432' title='bbox 1397 5262 1528 5301; x_wconf 91' lang='lat' dir='ltr'>cum</span> <span class='ocrx_word' id='word_1_433' title='bbox 1580 5250 1848 5316; x_wconf 91' lang='lat' dir='ltr'>aguntur.</span> 
     </span>
    </p>
   </div>
   <div class='ocr_carea' id='block_1_57' title="bbox 152 5333 1853 5414">
    <p class='ocr_par' dir='ltr' id='par_1_57' title="bbox 152 5333 1853 5414">
     <span class='ocr_line' id='line_1_57' title="bbox 152 5333 1853 5414; baseline -0.005 -17"><span class='ocrx_word' id='word_1_434' title='bbox 152 5346 239 5399; x_wconf 85' lang='grc' dir='ltr'>Μ.</span> <span class='ocrx_word' id='word_1_435' title='bbox 275 5344 570 5413; x_wconf 79' lang='lat' dir='ltr'>Praeponis</span> <span class='ocrx_word' id='word_1_436' title='bbox 603 5359 740 5414; x_wconf 91' lang='lat' dir='ltr'>ergo</span> <span class='ocrx_word' id='word_1_437' title='bbox 798 5341 972 5396; x_wconf 89' lang='lat' dir='ltr'>factos</span> <span class='ocrx_word' id='word_1_438' title='bbox 1011 5336 1388 5393; x_wconf 85' lang='lat' dir='ltr'>facientibus:</span> <span class='ocrx_word' id='word_1_439' title='bbox 1420 5350 1555 5389; x_wconf 89' lang='lat' dir='ltr'>nam</span> <span class='ocrx_word' id='word_1_440' title='bbox 1587 5334 1725 5389; x_wconf 91' lang='lat' dir='ltr'>istos</span> <span class='ocrx_word' id='word_1_441' title='bbox 1753 5333 1853 5406; x_wconf 92' lang='lat' dir='ltr'>qui</span> 
     </span>
    </p>
   </div>
   <div class='ocr_carea' id='block_1_58' title="bbox 156 5422 1853 5498">
    <p class='ocr_par' dir='ltr' id='par_1_58' title="bbox 156 5422 1853 5498">
     <span class='ocr_line' id='line_1_58' title="bbox 156 5422 1853 5498; baseline -0.007 -12"><span class='ocrx_word' id='word_1_442' title='bbox 156 5435 293 5486; x_wconf 89' lang='lat' dir='ltr'>sunt</span> <span class='ocrx_word' id='word_1_443' title='bbox 320 5431 381 5485; x_wconf 91' lang='lat' dir='ltr'>in</span> <span class='ocrx_word' id='word_1_444' title='bbox 416 5431 714 5498; x_wconf 87' lang='lat' dir='ltr'>memoria,</span> <span class='ocrx_word' id='word_1_445' title='bbox 770 5429 841 5484; x_wconf 89' lang='lat' dir='ltr'>ab</span> <span class='ocrx_word' id='word_1_446' title='bbox 870 5428 984 5483; x_wconf 88' lang='lat' dir='ltr'>illis</span> <span class='ocrx_word' id='word_1_447' title='bbox 1026 5425 1150 5480; x_wconf 91' lang='lat' dir='ltr'>aliis</span> <span class='ocrx_word' id='word_1_448' title='bbox 1193 5422 1451 5496; x_wconf 89' lang='lat' dir='ltr'>imprimi</span> <span class='ocrx_word' id='word_1_449' title='bbox 1508 5422 1678 5494; x_wconf 92' lang='lat' dir='ltr'>paulo</span> <span class='ocrx_word' id='word_1_450' title='bbox 1725 5423 1853 5475; x_wconf 88' lang='lat' dir='ltr'>ante</span> 
     </span>
    </p>
   </div>
   <div class='ocr_carea' id='block_1_59' title="bbox 156 5510 1853 5591">
    <p class='ocr_par' dir='ltr' id='par_1_59' title="bbox 156 5510 1853 5591">
     <span class='ocr_line' id='line_1_59' title="bbox 156 5510 1853 5591; baseline -0.005 -17"><span class='ocrx_word' id='word_1_451' title='bbox 156 5520 371 5574; x_wconf 84' lang='lat' dir='ltr'>dixisti.</span> <span class='ocrx_word' id='word_1_452' title='bbox 404 5522 465 5575; x_wconf 91' lang='lat' dir='ltr'>D.</span> <span class='ocrx_word' id='word_1_453' title='bbox 500 5520 723 5575; x_wconf 87' lang='lat' dir='ltr'>Nollem</span> <span class='ocrx_word' id='word_1_454' title='bbox 752 5532 1116 5591; x_wconf 65' lang='lat' dir='ltr'>praeponere:</span> <span class='ocrx_word' id='word_1_455' title='bbox 1175 5514 1274 5570; x_wconf 92' lang='lat' dir='ltr'>sed</span> <span class='ocrx_word' id='word_1_456' title='bbox 1324 5528 1522 5568; x_wconf 88' lang='lat' dir='ltr'>rursus</span> <span class='ocrx_word' id='word_1_457' title='bbox 1569 5510 1853 5585; x_wconf 92' lang='lat' dir='ltr'>quomodo</span> 
     </span>
    </p>
   </div>
   <div class='ocr_carea' id='block_1_60' title="bbox 158 5597 1855 5680">
    <p class='ocr_par' dir='ltr' id='par_1_60' title="bbox 158 5597 1855 5680">
     <span class='ocr_line' id='line_1_60' title="bbox 158 5597 1855 5680; baseline -0.006 -19"><span class='ocrx_word' id='word_1_458' title='bbox 158 5623 276 5662; x_wconf 92' lang='lat' dir='ltr'>non</span> <span class='ocrx_word' id='word_1_459' title='bbox 305 5624 642 5680; x_wconf 60' lang='lat' dir='ltr'>praeponam</span> <span class='ocrx_word' id='word_1_460' title='bbox 670 5607 1032 5664; x_wconf 90' lang='lat' dir='ltr'>diuturniora</span> <span class='ocrx_word' id='word_1_461' title='bbox 1060 5604 1253 5660; x_wconf 89' lang='lat' dir='ltr'>minus</span> <span class='ocrx_word' id='word_1_462' title='bbox 1282 5600 1586 5667; x_wconf 89' lang='lat' dir='ltr'>diuturnis,</span> <span class='ocrx_word' id='word_1_463' title='bbox 1619 5614 1736 5654; x_wconf 91' lang='lat' dir='ltr'>non</span> <span class='ocrx_word' id='word_1_464' title='bbox 1772 5597 1855 5652; x_wconf 88' lang='lat' dir='ltr'>vi-</span> 
     </span>
    </p>
   </div>
   <div class='ocr_carea' id='block_1_61' title="bbox 1627 366 2174 447">
    <p class='ocr_par' dir='ltr' id='par_1_61' title="bbox 1627 366 2174 447">
     <span class='ocr_line' id='line_1_61' title="bbox 1627 366 2174 447; baseline 0.005 -26"><span class='ocrx_word' id='word_1_465' title='bbox 1627 366 1838 447; x_wconf 72' lang='lat' dir='ltr'>LIBER</span> <span class='ocrx_word' id='word_1_466' title='bbox 1878 366 2174 427; x_wconf 82' lang='lat' dir='ltr'>SEXTUS.</span> 
     </span>
    </p>
   </div>
   <div class='ocr_carea' id='block_1_62' title="bbox 3513 384 3647 437">
    <p class='ocr_par' dir='ltr' id='par_1_62' title="bbox 3513 384 3647 437">
     <span class='ocr_line' id='line_1_62' title="bbox 3513 384 3647 437; baseline 0.03 -4"><span class='ocrx_word' id='word_1_467' title='bbox 3513 384 3647 437; x_wconf 83' lang='grc'>1166</span> 
     </span>
    </p>
   </div>
   <div class='ocr_carea' id='block_1_63' title="bbox 1958 491 3650 559">
    <p class='ocr_par' dir='ltr' id='par_1_63' title="bbox 1958 491 3650 559">
     <span class='ocr_line' id='line_1_63' title="bbox 1958 491 3650 559; baseline 0.008 -14"><span class='ocrx_word' id='word_1_468' title='bbox 1958 491 2085 546; x_wconf 91' lang='lat' dir='ltr'>deo.</span> <span class='ocrx_word' id='word_1_469' title='bbox 2108 494 2193 547; x_wconf 85' lang='grc' dir='ltr'>Μ.</span> <span class='ocrx_word' id='word_1_470' title='bbox 2220 493 2343 547; x_wconf 88' lang='lat' dir='ltr'>Non</span> <span class='ocrx_word' id='word_1_471' title='bbox 2374 495 2429 547; x_wconf 85' lang='lat' dir='ltr'>te</span> <span class='ocrx_word' id='word_1_472' title='bbox 2454 492 2597 548; x_wconf 89' lang='lat' dir='ltr'>istuc</span> <span class='ocrx_word' id='word_1_473' title='bbox 2628 499 2870 550; x_wconf 92' lang='lat' dir='ltr'>moveat.</span> <span class='ocrx_word' id='word_1_474' title='bbox 2905 497 3028 551; x_wconf 88' lang='lat' dir='ltr'>Non</span> <span class='ocrx_word' id='word_1_475' title='bbox 3062 497 3214 553; x_wconf 86' lang='lat' dir='ltr'>enim</span> <span class='ocrx_word' id='word_1_476' title='bbox 3265 499 3409 556; x_wconf 90' lang='lat' dir='ltr'>sicut</span> <span class='ocrx_word' id='word_1_477' title='bbox 3437 506 3650 559; x_wconf 58' lang='lat' dir='ltr'>aeterna</span> 
     </span>
    </p>
   </div>
   <div class='ocr_carea' id='block_1_64' title="bbox 1956 580 3648 661">
    <p class='ocr_par' dir='ltr' id='par_1_64' title="bbox 1956 580 3648 661">
     <span class='ocr_line' id='line_1_64' title="bbox 1956 580 3648 661; baseline 0.007 -28"><span class='ocrx_word' id='word_1_478' title='bbox 1956 581 2391 650; x_wconf 89' lang='lat' dir='ltr'>temporalibus,</span> <span class='ocrx_word' id='word_1_479' title='bbox 2423 580 2503 635; x_wconf 91' lang='lat' dir='ltr'>ita</span> <span class='ocrx_word' id='word_1_480' title='bbox 2540 596 2606 635; x_wconf 91' lang='lat' dir='ltr'>ea</span> <span class='ocrx_word' id='word_1_481' title='bbox 2647 599 2775 653; x_wconf 67' lang='lat' dir='ltr'>quae</span> <span class='ocrx_word' id='word_1_482' title='bbox 2806 584 3018 639; x_wconf 89' lang='lat' dir='ltr'>diutius</span> <span class='ocrx_word' id='word_1_483' title='bbox 3050 586 3369 655; x_wconf 89' lang='lat' dir='ltr'>abolentur,</span> <span class='ocrx_word' id='word_1_484' title='bbox 3420 590 3487 643; x_wconf 90' lang='lat' dir='ltr'>iis</span> <span class='ocrx_word' id='word_1_485' title='bbox 3519 607 3648 661; x_wconf 65' lang='lat' dir='ltr'>quae</span> 
     </span>
    </p>
   </div>
   <div class='ocr_carea' id='block_1_65' title="bbox 1955 666 3649 742">
    <p class='ocr_par' dir='ltr' id='par_1_65' title="bbox 1955 666 3649 742">
     <span class='ocr_line' id='line_1_65' title="bbox 1955 666 3649 742; baseline 0.008 -23"><span class='ocrx_word' id='word_1_486' title='bbox 1955 666 2217 722; x_wconf 91' lang='lat' dir='ltr'>breviore</span> <span class='ocrx_word' id='word_1_487' title='bbox 2248 672 2505 739; x_wconf 88' lang='lat' dir='ltr'>tempore</span> <span class='ocrx_word' id='word_1_488' title='bbox 2546 674 2864 738; x_wconf 88' lang='lat' dir='ltr'>transeunt,</span> <span class='ocrx_word' id='word_1_489' title='bbox 2903 673 3261 742; x_wconf 61' lang='lat' dir='ltr'>praeferenda</span> <span class='ocrx_word' id='word_1_490' title='bbox 3299 682 3448 731; x_wconf 88' lang='lat' dir='ltr'>sunt.</span> <span class='ocrx_word' id='word_1_491' title='bbox 3504 679 3649 742; x_wconf 91' lang='lat' dir='ltr'>Quia</span> 
     </span>
    </p>
   </div>
   <div class='ocr_carea' id='block_1_66' title="bbox 1956 755 3646 835">
    <p class='ocr_par' dir='ltr' id='par_1_66' title="bbox 1956 755 3646 835">
     <span class='ocr_line' id='line_1_66' title="bbox 1956 755 3646 835; baseline 0.008 -28"><span class='ocrx_word' id='word_1_492' title='bbox 1956 758 2012 807; x_wconf 91' lang='lat' dir='ltr'>et</span> <span class='ocrx_word' id='word_1_493' title='bbox 2035 755 2244 809; x_wconf 89' lang='lat' dir='ltr'>sanitas</span> <span class='ocrx_word' id='word_1_494' title='bbox 2272 756 2444 810; x_wconf 90' lang='lat' dir='ltr'>unius</span> <span class='ocrx_word' id='word_1_495' title='bbox 2490 756 2603 811; x_wconf 91' lang='lat' dir='ltr'>diei</span> <span class='ocrx_word' id='word_1_496' title='bbox 2632 759 2885 828; x_wconf 92' lang='lat' dir='ltr'>profecto</span> <span class='ocrx_word' id='word_1_497' title='bbox 2912 770 2996 815; x_wconf 89' lang='lat' dir='ltr'>est</span> <span class='ocrx_word' id='word_1_498' title='bbox 3022 763 3243 831; x_wconf 91' lang='lat' dir='ltr'>melior,</span> <span class='ocrx_word' id='word_1_499' title='bbox 3278 782 3450 835; x_wconf 91' lang='lat' dir='ltr'>quam</span> <span class='ocrx_word' id='word_1_500' title='bbox 3496 768 3646 821; x_wconf 92' lang='lat' dir='ltr'>mul-</span> 
     </span>
    </p>
   </div>
   <div class='ocr_carea' id='block_1_67' title="bbox 1953 844 3647 924">
    <p class='ocr_par' dir='ltr' id='par_1_67' title="bbox 1953 844 3647 924">
     <span class='ocr_line' id='line_1_67' title="bbox 1953 844 3647 924; baseline 0.008 -29"><span class='ocrx_word' id='word_1_501' title='bbox 1953 845 2147 898; x_wconf 90' lang='lat' dir='ltr'>torum</span> <span class='ocrx_word' id='word_1_502' title='bbox 2202 844 2423 898; x_wconf 89' lang='lat' dir='ltr'>dierum</span> <span class='ocrx_word' id='word_1_503' title='bbox 2466 845 2845 905; x_wconf 89' lang='lat' dir='ltr'>imbecillitas.</span> <span class='ocrx_word' id='word_1_504' title='bbox 2895 850 2963 903; x_wconf 89' lang='lat' dir='ltr'>Et</span> <span class='ocrx_word' id='word_1_505' title='bbox 3005 850 3050 903; x_wconf 91' lang='lat' dir='ltr'>si</span> <span class='ocrx_word' id='word_1_506' title='bbox 3098 852 3344 921; x_wconf 87' lang='lat' dir='ltr'>optanda</span> <span class='ocrx_word' id='word_1_507' title='bbox 3385 855 3647 924; x_wconf 88' lang='lat' dir='ltr'>optandis</span> 
     </span>
    </p>
   </div>
   <div class='ocr_carea' id='block_1_68' title="bbox 1952 934 3646 1012">
    <p class='ocr_par' dir='ltr' id='par_1_68' title="bbox 1952 934 3646 1012">
     <span class='ocr_line' id='line_1_68' title="bbox 1952 934 3646 1012; baseline 0.008 -29"><span class='ocrx_word' id='word_1_508' title='bbox 1952 945 2367 1002; x_wconf 88' lang='lat' dir='ltr'>comparemus,</span> <span class='ocrx_word' id='word_1_509' title='bbox 2394 934 2600 988; x_wconf 90' lang='lat' dir='ltr'>melior</span> <span class='ocrx_word' id='word_1_510' title='bbox 2628 940 2715 989; x_wconf 89' lang='lat' dir='ltr'>est</span> <span class='ocrx_word' id='word_1_511' title='bbox 2755 937 2924 991; x_wconf 91' lang='lat' dir='ltr'>unius</span> <span class='ocrx_word' id='word_1_512' title='bbox 2953 937 3066 992; x_wconf 91' lang='lat' dir='ltr'>diei</span> <span class='ocrx_word' id='word_1_513' title='bbox 3094 939 3281 1005; x_wconf 91' lang='lat' dir='ltr'>lectio,</span> <span class='ocrx_word' id='word_1_514' title='bbox 3314 957 3486 1011; x_wconf 90' lang='lat' dir='ltr'>quam</span> <span class='ocrx_word' id='word_1_515' title='bbox 3515 944 3646 1012; x_wconf 89' lang='lat' dir='ltr'>plu-</span> 
     </span>
    </p>
   </div>
   <div class='ocr_carea' id='block_1_69' title="bbox 1954 1018 3644 1101">
    <p class='ocr_par' dir='ltr' id='par_1_69' title="bbox 1954 1018 3644 1101">
     <span class='ocr_line' id='line_1_69' title="bbox 1954 1018 3644 1101; baseline 0.008 -29"><span class='ocrx_word' id='word_1_516' title='bbox 1954 1018 2100 1073; x_wconf 88' lang='lat' dir='ltr'>rium</span> <span class='ocrx_word' id='word_1_517' title='bbox 2150 1021 2403 1092; x_wconf 88' lang='lat' dir='ltr'>scriptio,</span> <span class='ocrx_word' id='word_1_518' title='bbox 2446 1022 2493 1075; x_wconf 91' lang='lat' dir='ltr'>si</span> <span class='ocrx_word' id='word_1_519' title='bbox 2544 1024 2744 1077; x_wconf 91' lang='lat' dir='ltr'>eadem</span> <span class='ocrx_word' id='word_1_520' title='bbox 2796 1040 2888 1079; x_wconf 90' lang='lat' dir='ltr'>res</span> <span class='ocrx_word' id='word_1_521' title='bbox 2934 1042 3051 1080; x_wconf 90' lang='lat' dir='ltr'>uno</span> <span class='ocrx_word' id='word_1_522' title='bbox 3100 1026 3213 1081; x_wconf 91' lang='lat' dir='ltr'>diei</span> <span class='ocrx_word' id='word_1_523' title='bbox 3238 1029 3483 1099; x_wconf 88' lang='lat' dir='ltr'>legatur,</span> <span class='ocrx_word' id='word_1_524' title='bbox 3515 1047 3644 1101; x_wconf 86' lang='lat' dir='ltr'>quae</span> 
     </span>
    </p>
   </div>
   <div class='ocr_carea' id='block_1_70' title="bbox 1950 1105 3643 1184">
    <p class='ocr_par' dir='ltr' id='par_1_70' title="bbox 1950 1105 3643 1184">
     <span class='ocr_line' id='line_1_70' title="bbox 1950 1105 3643 1184; baseline 0.009 -27"><span class='ocrx_word' id='word_1_525' title='bbox 1950 1105 2212 1174; x_wconf 88' lang='lat' dir='ltr'>pluribus</span> <span class='ocrx_word' id='word_1_526' title='bbox 2242 1108 2525 1162; x_wconf 91' lang='lat' dir='ltr'>scribitur.</span> <span class='ocrx_word' id='word_1_527' title='bbox 2554 1110 2637 1163; x_wconf 90' lang='lat' dir='ltr'>Ita</span> <span class='ocrx_word' id='word_1_528' title='bbox 2664 1111 2890 1165; x_wconf 90' lang='lat' dir='ltr'>numeri</span> <span class='ocrx_word' id='word_1_529' title='bbox 2918 1113 3017 1183; x_wconf 90' lang='lat' dir='ltr'>qui</span> <span class='ocrx_word' id='word_1_530' title='bbox 3060 1119 3190 1169; x_wconf 89' lang='lat' dir='ltr'>sunt</span> <span class='ocrx_word' id='word_1_531' title='bbox 3238 1114 3300 1168; x_wconf 89' lang='lat' dir='ltr'>in</span> <span class='ocrx_word' id='word_1_532' title='bbox 3342 1118 3643 1184; x_wconf 88' lang='lat' dir='ltr'>memoria,</span> 
     </span>
    </p>
   </div>
   <div class='ocr_carea' id='block_1_71' title="bbox 1950 1194 3641 1275">
    <p class='ocr_par' dir='ltr' id='par_1_71' title="bbox 1950 1194 3641 1275">
     <span class='ocr_line' id='line_1_71' title="bbox 1950 1194 3641 1275; baseline 0.008 -27"><span class='ocrx_word' id='word_1_533' title='bbox 1950 1194 2053 1248; x_wconf 91' lang='lat' dir='ltr'>etsi</span> <span class='ocrx_word' id='word_1_534' title='bbox 2088 1196 2300 1250; x_wconf 90' lang='lat' dir='ltr'>diutius</span> <span class='ocrx_word' id='word_1_535' title='bbox 2324 1202 2557 1252; x_wconf 91' lang='lat' dir='ltr'>manent</span> <span class='ocrx_word' id='word_1_536' title='bbox 2588 1215 2762 1269; x_wconf 90' lang='lat' dir='ltr'>quam</span> <span class='ocrx_word' id='word_1_537' title='bbox 2792 1200 2877 1253; x_wconf 91' lang='lat' dir='ltr'>illi</span> <span class='ocrx_word' id='word_1_538' title='bbox 2907 1218 2940 1253; x_wconf 93' lang='lat' dir='ltr'>a</span> <span class='ocrx_word' id='word_1_539' title='bbox 2967 1202 3171 1270; x_wconf 91' lang='lat' dir='ltr'>quibus</span> <span class='ocrx_word' id='word_1_540' title='bbox 3210 1203 3641 1275; x_wconf 86' lang='lat' dir='ltr'>imprimuntur,</span> 
     </span>
    </p>
   </div>
   <div class='ocr_carea' id='block_1_72' title="bbox 1951 1289 3641 1363">
    <p class='ocr_par' dir='ltr' id='par_1_72' title="bbox 1951 1289 3641 1363">
     <span class='ocr_line' id='line_1_72' title="bbox 1951 1289 3641 1363; baseline 0.01 -28"><span class='ocrx_word' id='word_1_541' title='bbox 1951 1298 2065 1336; x_wconf 91' lang='lat' dir='ltr'>non</span> <span class='ocrx_word' id='word_1_542' title='bbox 2099 1298 2195 1337; x_wconf 91' lang='lat' dir='ltr'>eos</span> <span class='ocrx_word' id='word_1_543' title='bbox 2238 1289 2430 1338; x_wconf 88' lang='lat' dir='ltr'>tamen</span> <span class='ocrx_word' id='word_1_544' title='bbox 2478 1291 2825 1356; x_wconf 87' lang='lat' dir='ltr'>anteponere</span> <span class='ocrx_word' id='word_1_545' title='bbox 2857 1294 3084 1357; x_wconf 88' lang='lat' dir='ltr'>oportet</span> <span class='ocrx_word' id='word_1_546' title='bbox 3113 1290 3193 1343; x_wconf 90' lang='lat' dir='ltr'>eis</span> <span class='ocrx_word' id='word_1_547' title='bbox 3225 1308 3369 1361; x_wconf 91' lang='lat' dir='ltr'>quos</span> <span class='ocrx_word' id='word_1_548' title='bbox 3400 1294 3641 1363; x_wconf 83' lang='lat' dir='ltr'>agimus.</span> 
     </span>
    </p>
   </div>
   <div class='ocr_carea' id='block_1_73' title="bbox 1949 1371 3642 1451">
    <p class='ocr_par' dir='ltr' id='par_1_73' title="bbox 1949 1371 3642 1451">
     <span class='ocr_line' id='line_1_73' title="bbox 1949 1371 3642 1451; baseline 0.008 -28"><span class='ocrx_word' id='word_1_549' title='bbox 1949 1386 2063 1424; x_wconf 90' lang='lat' dir='ltr'>non</span> <span class='ocrx_word' id='word_1_550' title='bbox 2093 1371 2153 1424; x_wconf 90' lang='lat' dir='ltr'>in</span> <span class='ocrx_word' id='word_1_551' title='bbox 2183 1388 2443 1442; x_wconf 88' lang='lat' dir='ltr'>corpore,</span> <span class='ocrx_word' id='word_1_552' title='bbox 2477 1374 2573 1427; x_wconf 91' lang='lat' dir='ltr'>sed</span> <span class='ocrx_word' id='word_1_553' title='bbox 2603 1374 2662 1426; x_wconf 90' lang='lat' dir='ltr'>in</span> <span class='ocrx_word' id='word_1_554' title='bbox 2694 1375 2918 1429; x_wconf 91' lang='lat' dir='ltr'>anima:</span> <span class='ocrx_word' id='word_1_555' title='bbox 2957 1377 3185 1447; x_wconf 89' lang='lat' dir='ltr'>utrique</span> <span class='ocrx_word' id='word_1_556' title='bbox 3214 1380 3367 1433; x_wconf 90' lang='lat' dir='ltr'>enim</span> <span class='ocrx_word' id='word_1_557' title='bbox 3404 1390 3642 1451; x_wconf 84' lang='lat' dir='ltr'>praeter-</span> 
     </span>
    </p>
   </div>
   <div class='ocr_carea' id='block_1_74' title="bbox 1947 1458 3645 1538">
    <p class='ocr_par' dir='ltr' id='par_1_74' title="bbox 1947 1458 3645 1538">
     <span class='ocr_line' id='line_1_74' title="bbox 1947 1458 3645 1538; baseline 0.008 -29"><span class='ocrx_word' id='word_1_558' title='bbox 1947 1461 2107 1523; x_wconf 90' lang='lat' dir='ltr'>eunt,</span> <span class='ocrx_word' id='word_1_559' title='bbox 2156 1458 2250 1511; x_wconf 88' lang='lat' dir='ltr'>alii</span> <span class='ocrx_word' id='word_1_560' title='bbox 2307 1458 2639 1527; x_wconf 90' lang='lat' dir='ltr'>cessatione,</span> <span class='ocrx_word' id='word_1_561' title='bbox 2700 1460 2796 1513; x_wconf 89' lang='lat' dir='ltr'>alii</span> <span class='ocrx_word' id='word_1_562' title='bbox 2842 1461 3145 1516; x_wconf 91' lang='lat' dir='ltr'>oblivione.</span> <span class='ocrx_word' id='word_1_563' title='bbox 3201 1464 3311 1518; x_wconf 92' lang='lat' dir='ltr'>Sed</span> <span class='ocrx_word' id='word_1_564' title='bbox 3368 1467 3453 1520; x_wconf 91' lang='lat' dir='ltr'>illi</span> <span class='ocrx_word' id='word_1_565' title='bbox 3504 1486 3645 1538; x_wconf 90' lang='lat' dir='ltr'>quos</span> 
     </span>
    </p>
   </div>
   <div class='ocr_carea' id='block_1_75' title="bbox 1947 1546 3641 1615">
    <p class='ocr_par' dir='ltr' id='par_1_75' title="bbox 1947 1546 3641 1615">
     <span class='ocr_line' id='line_1_75' title="bbox 1947 1546 3641 1615; baseline 0.008 -17"><span class='ocrx_word' id='word_1_566' title='bbox 1947 1560 2274 1615; x_wconf 88' lang='lat' dir='ltr'>operamur,</span> <span class='ocrx_word' id='word_1_567' title='bbox 2302 1546 2476 1600; x_wconf 92' lang='lat' dir='ltr'>etiam</span> <span class='ocrx_word' id='word_1_568' title='bbox 2531 1547 2790 1601; x_wconf 90' lang='lat' dir='ltr'>nondum</span> <span class='ocrx_word' id='word_1_569' title='bbox 2821 1550 3170 1605; x_wconf 89' lang='lat' dir='ltr'>cessantibus</span> <span class='ocrx_word' id='word_1_570' title='bbox 3208 1553 3377 1607; x_wconf 93' lang='lat' dir='ltr'>nobis</span> <span class='ocrx_word' id='word_1_571' title='bbox 3420 1572 3641 1610; x_wconf 87' lang='lat' dir='ltr'>succes-</span> 
     </span>
    </p>
   </div>
   <div class='ocr_carea' id='block_1_76' title="bbox 1945 1632 3646 1711">
    <p class='ocr_par' dir='ltr' id='par_1_76' title="bbox 1945 1632 3646 1711">
     <span class='ocr_line' id='line_1_76' title="bbox 1945 1632 3646 1711; baseline 0.007 -25"><span class='ocrx_word' id='word_1_572' title='bbox 1945 1632 2106 1687; x_wconf 92' lang='lat' dir='ltr'>sione</span> <span class='ocrx_word' id='word_1_573' title='bbox 2138 1634 2500 1705; x_wconf 89' lang='lat' dir='ltr'>sequentium</span> <span class='ocrx_word' id='word_1_574' title='bbox 2529 1635 2796 1690; x_wconf 90' lang='lat' dir='ltr'>videntur</span> <span class='ocrx_word' id='word_1_575' title='bbox 2824 1638 3055 1704; x_wconf 86' lang='lat' dir='ltr'>auferri,</span> <span class='ocrx_word' id='word_1_576' title='bbox 3090 1640 3227 1693; x_wconf 91' lang='lat' dir='ltr'>dum</span> <span class='ocrx_word' id='word_1_577' title='bbox 3256 1642 3431 1711; x_wconf 88' lang='lat' dir='ltr'>primi</span> <span class='ocrx_word' id='word_1_578' title='bbox 3452 1660 3646 1698; x_wconf 88' lang='lat' dir='ltr'>secun-</span> 
     </span>
    </p>
   </div>
   <div class='ocr_carea' id='block_1_77' title="bbox 1945 1720 3642 1801">
    <p class='ocr_par' dir='ltr' id='par_1_77' title="bbox 1945 1720 3642 1801">
     <span class='ocr_line' id='line_1_77' title="bbox 1945 1720 3642 1801; baseline 0.006 -26"><span class='ocrx_word' id='word_1_579' title='bbox 1945 1720 2051 1787; x_wconf 91' lang='lat' dir='ltr'>dis,</span> <span class='ocrx_word' id='word_1_580' title='bbox 2086 1725 2141 1775; x_wconf 92' lang='lat' dir='ltr'>et</span> <span class='ocrx_word' id='word_1_581' title='bbox 2167 1722 2402 1777; x_wconf 92' lang='lat' dir='ltr'>secundi</span> <span class='ocrx_word' id='word_1_582' title='bbox 2438 1724 2640 1790; x_wconf 89' lang='lat' dir='ltr'>tertiis,</span> <span class='ocrx_word' id='word_1_583' title='bbox 2673 1729 2845 1795; x_wconf 91' lang='lat' dir='ltr'>atque</span> <span class='ocrx_word' id='word_1_584' title='bbox 2875 1726 2955 1779; x_wconf 89' lang='lat' dir='ltr'>ita</span> <span class='ocrx_word' id='word_1_585' title='bbox 2985 1727 3256 1799; x_wconf 88' lang='lat' dir='ltr'>deinceps</span> <span class='ocrx_word' id='word_1_586' title='bbox 3284 1730 3505 1799; x_wconf 89' lang='lat' dir='ltr'>priores</span> <span class='ocrx_word' id='word_1_587' title='bbox 3535 1749 3642 1801; x_wconf 85' lang='lat' dir='ltr'>po-</span> 
     </span>
    </p>
   </div>
   <div class='ocr_carea' id='block_1_78' title="bbox 1944 1808 3644 1885">
    <p class='ocr_par' dir='ltr' id='par_1_78' title="bbox 1944 1808 3644 1885">
     <span class='ocr_line' id='line_1_78' title="bbox 1944 1808 3644 1885; baseline 0.008 -23"><span class='ocrx_word' id='word_1_588' title='bbox 1944 1808 2278 1863; x_wconf 90' lang='lat' dir='ltr'>sterioribus</span> <span class='ocrx_word' id='word_1_589' title='bbox 2340 1813 2739 1880; x_wconf 63' lang='lat' dir='ltr'>praetereundo</span> <span class='ocrx_word' id='word_1_590' title='bbox 2808 1814 3127 1869; x_wconf 90' lang='lat' dir='ltr'>concedunt</span> <span class='ocrx_word' id='word_1_591' title='bbox 3183 1817 3393 1885; x_wconf 92' lang='lat' dir='ltr'>locum,</span> <span class='ocrx_word' id='word_1_592' title='bbox 3464 1820 3644 1875; x_wconf 89' lang='lat' dir='ltr'>donec</span> 
     </span>
    </p>
   </div>
   <div class='ocr_carea' id='block_1_79' title="bbox 1943 1896 3642 1977">
    <p class='ocr_par' dir='ltr' id='par_1_79' title="bbox 1943 1896 3642 1977">
     <span class='ocr_line' id='line_1_79' title="bbox 1943 1896 3642 1977; baseline 0.006 -26"><span class='ocrx_word' id='word_1_593' title='bbox 1943 1896 2179 1952; x_wconf 90' lang='lat' dir='ltr'>ultimos</span> <span class='ocrx_word' id='word_1_594' title='bbox 2206 1898 2454 1969; x_wconf 91' lang='lat' dir='ltr'>perimat</span> <span class='ocrx_word' id='word_1_595' title='bbox 2490 1900 2614 1969; x_wconf 90' lang='lat' dir='ltr'>ipsa</span> <span class='ocrx_word' id='word_1_596' title='bbox 2652 1901 2911 1954; x_wconf 90' lang='lat' dir='ltr'>cessatio.</span> <span class='ocrx_word' id='word_1_597' title='bbox 2945 1902 3241 1957; x_wconf 88' lang='lat' dir='ltr'>Oblivione</span> <span class='ocrx_word' id='word_1_598' title='bbox 3281 1922 3412 1959; x_wconf 90' lang='lat' dir='ltr'>vero</span> <span class='ocrx_word' id='word_1_599' title='bbox 3447 1908 3642 1977; x_wconf 90' lang='lat' dir='ltr'>plures</span> 
     </span>
    </p>
   </div>
   <div class='ocr_carea' id='block_1_80' title="bbox 1945 1985 3640 2060">
    <p class='ocr_par' dir='ltr' id='par_1_80' title="bbox 1945 1985 3640 2060">
     <span class='ocr_line' id='line_1_80' title="bbox 1945 1985 3640 2060; baseline 0.007 -22"><span class='ocrx_word' id='word_1_600' title='bbox 1945 1985 2115 2041; x_wconf 91' lang='lat' dir='ltr'>simul</span> <span class='ocrx_word' id='word_1_601' title='bbox 2145 1988 2396 2053; x_wconf 89' lang='lat' dir='ltr'>numeri,</span> <span class='ocrx_word' id='word_1_602' title='bbox 2429 1988 2687 2058; x_wconf 91' lang='lat' dir='ltr'>quamvis</span> <span class='ocrx_word' id='word_1_603' title='bbox 2706 1989 3005 2058; x_wconf 88' lang='lat' dir='ltr'>paulatim,</span> <span class='ocrx_word' id='word_1_604' title='bbox 3032 1991 3437 2060; x_wconf 84' lang='lat' dir='ltr'>absterguntur</span> <span class='ocrx_word' id='word_1_605' title='bbox 3468 2012 3480 2049; x_wconf 92' lang='lat'>:</span> <span class='ocrx_word' id='word_1_606' title='bbox 3506 2012 3640 2049; x_wconf 92' lang='lat' dir='ltr'>nam</span> 
     </span>
    </p>
   </div>
   <div class='ocr_carea' id='block_1_81' title="bbox 1944 2074 3644 2154">
    <p class='ocr_par' dir='ltr' id='par_1_81' title="bbox 1944 2074 3644 2154">
     <span class='ocr_line' id='line_1_81' title="bbox 1944 2074 3644 2154; baseline 0.006 -26"><span class='ocrx_word' id='word_1_607' title='bbox 1944 2091 2050 2128; x_wconf 90' lang='lat' dir='ltr'>nec</span> <span class='ocrx_word' id='word_1_608' title='bbox 2077 2074 2187 2145; x_wconf 90' lang='lat' dir='ltr'>ipsi</span> <span class='ocrx_word' id='word_1_609' title='bbox 2218 2076 2553 2146; x_wconf 90' lang='lat' dir='ltr'>aliquandiu</span> <span class='ocrx_word' id='word_1_610' title='bbox 2598 2082 2834 2131; x_wconf 89' lang='lat' dir='ltr'>manent</span> <span class='ocrx_word' id='word_1_611' title='bbox 2863 2078 3093 2149; x_wconf 89' lang='lat' dir='ltr'>integri.</span> <span class='ocrx_word' id='word_1_612' title='bbox 3126 2080 3287 2144; x_wconf 87' lang='lat' dir='ltr'>Quod</span> <span class='ocrx_word' id='word_1_613' title='bbox 3318 2084 3471 2137; x_wconf 90' lang='lat' dir='ltr'>enim</span> <span class='ocrx_word' id='word_1_614' title='bbox 3512 2090 3644 2154; x_wconf 91' lang='lat' dir='ltr'>post</span> 
     </span>
    </p>
   </div>
   <div class='ocr_carea' id='block_1_82' title="bbox 1946 2165 3641 2238">
    <p class='ocr_par' dir='ltr' id='par_1_82' title="bbox 1946 2165 3641 2238">
     <span class='ocr_line' id='line_1_82' title="bbox 1946 2165 3641 2238; baseline 0.006 -21"><span class='ocrx_word' id='word_1_615' title='bbox 1946 2165 2357 2232; x_wconf 89' lang='lat' dir='ltr'>annum,verbi</span> <span class='ocrx_word' id='word_1_616' title='bbox 2388 2166 2587 2235; x_wconf 85' lang='lat' dir='ltr'>gratia,</span> <span class='ocrx_word' id='word_1_617' title='bbox 2614 2165 2673 2218; x_wconf 93' lang='lat' dir='ltr'>in</span> <span class='ocrx_word' id='word_1_618' title='bbox 2694 2167 2972 2220; x_wconf 89' lang='lat' dir='ltr'>memoria</span> <span class='ocrx_word' id='word_1_619' title='bbox 2992 2183 3110 2221; x_wconf 89' lang='lat' dir='ltr'>non</span> <span class='ocrx_word' id='word_1_620' title='bbox 3130 2168 3444 2238; x_wconf 90' lang='lat' dir='ltr'>invenitur,</span> <span class='ocrx_word' id='word_1_621' title='bbox 3468 2172 3641 2228; x_wconf 90' lang='lat' dir='ltr'>etiam</span> 
     </span>
    </p>
   </div>
   <div class='ocr_carea' id='block_1_83' title="bbox 1944 2252 3645 2323">
    <p class='ocr_par' dir='ltr' id='par_1_83' title="bbox 1944 2252 3645 2323">
     <span class='ocr_line' id='line_1_83' title="bbox 1944 2252 3645 2323; baseline 0.006 -18"><span class='ocrx_word' id='word_1_622' title='bbox 1944 2257 2075 2323; x_wconf 91' lang='lat' dir='ltr'>post</span> <span class='ocrx_word' id='word_1_623' title='bbox 2101 2269 2283 2306; x_wconf 90' lang='lat' dir='ltr'>unum</span> <span class='ocrx_word' id='word_1_624' title='bbox 2313 2252 2465 2308; x_wconf 91' lang='lat' dir='ltr'>diem</span> <span class='ocrx_word' id='word_1_625' title='bbox 2486 2254 2608 2323; x_wconf 88' lang='lat' dir='ltr'>jam</span> <span class='ocrx_word' id='word_1_626' title='bbox 2638 2253 2830 2308; x_wconf 90' lang='lat' dir='ltr'>minus</span> <span class='ocrx_word' id='word_1_627' title='bbox 2861 2259 2979 2308; x_wconf 91' lang='lat' dir='ltr'>est:</span> <span class='ocrx_word' id='word_1_628' title='bbox 3013 2255 3109 2308; x_wconf 90' lang='lat' dir='ltr'>sed</span> <span class='ocrx_word' id='word_1_629' title='bbox 3140 2271 3257 2309; x_wconf 91' lang='lat' dir='ltr'>non</span> <span class='ocrx_word' id='word_1_630' title='bbox 3273 2259 3516 2312; x_wconf 87' lang='lat' dir='ltr'>sentitur</span> <span class='ocrx_word' id='word_1_631' title='bbox 3536 2261 3645 2315; x_wconf 90' lang='lat' dir='ltr'>ista</span> 
     </span>
    </p>
   </div>
   <div class='ocr_carea' id='block_1_84' title="bbox 1944 2339 3641 2416">
    <p class='ocr_par' dir='ltr' id='par_1_84' title="bbox 1944 2339 3641 2416">
     <span class='ocr_line' id='line_1_84' title="bbox 1944 2339 3641 2416; baseline 0.004 -22"><span class='ocrx_word' id='word_1_632' title='bbox 1944 2339 2287 2395; x_wconf 89' lang='lat' dir='ltr'>diminutio:</span> <span class='ocrx_word' id='word_1_633' title='bbox 2321 2357 2439 2395; x_wconf 91' lang='lat' dir='ltr'>non</span> <span class='ocrx_word' id='word_1_634' title='bbox 2468 2346 2659 2395; x_wconf 90' lang='lat' dir='ltr'>tamen</span> <span class='ocrx_word' id='word_1_635' title='bbox 2690 2342 2828 2396; x_wconf 91' lang='lat' dir='ltr'>falso</span> <span class='ocrx_word' id='word_1_636' title='bbox 2850 2358 2917 2395; x_wconf 88' lang='lat' dir='ltr'>ex</span> <span class='ocrx_word' id='word_1_637' title='bbox 2948 2358 3014 2395; x_wconf 94' lang='lat' dir='ltr'>eo</span> <span class='ocrx_word' id='word_1_638' title='bbox 3027 2343 3345 2413; x_wconf 89' lang='lat' dir='ltr'>conjicitur,</span> <span class='ocrx_word' id='word_1_639' title='bbox 3372 2346 3506 2416; x_wconf 89' lang='lat' dir='ltr'>quia</span> <span class='ocrx_word' id='word_1_640' title='bbox 3525 2365 3641 2402; x_wconf 92' lang='lat' dir='ltr'>non</span> 
     </span>
    </p>
   </div>
   <div class='ocr_carea' id='block_1_85' title="bbox 1944 2427 3643 2501">
    <p class='ocr_par' dir='ltr' id='par_1_85' title="bbox 1944 2427 3643 2501">
     <span class='ocr_line' id='line_1_85' title="bbox 1944 2427 3643 2501; baseline 0.005 -20"><span class='ocrx_word' id='word_1_641' title='bbox 1944 2427 2147 2498; x_wconf 90' lang='lat' dir='ltr'>utique</span> <span class='ocrx_word' id='word_1_642' title='bbox 2174 2428 2362 2498; x_wconf 88' lang='lat' dir='ltr'>pridie</span> <span class='ocrx_word' id='word_1_643' title='bbox 2389 2445 2563 2499; x_wconf 90' lang='lat' dir='ltr'>quam</span> <span class='ocrx_word' id='word_1_644' title='bbox 2594 2430 2948 2498; x_wconf 88' lang='lat' dir='ltr'>compleatur</span> <span class='ocrx_word' id='word_1_645' title='bbox 2978 2445 3163 2483; x_wconf 90' lang='lat' dir='ltr'>annus</span> <span class='ocrx_word' id='word_1_646' title='bbox 3196 2438 3428 2501; x_wconf 91' lang='lat' dir='ltr'>repente</span> <span class='ocrx_word' id='word_1_647' title='bbox 3458 2438 3643 2489; x_wconf 89' lang='lat' dir='ltr'>totum</span> 
     </span>
    </p>
   </div>
   <div class='ocr_carea' id='block_1_86' title="bbox 1946 2517 3644 2593">
    <p class='ocr_par' dir='ltr' id='par_1_86' title="bbox 1946 2517 3644 2593">
     <span class='ocr_line' id='line_1_86' title="bbox 1946 2517 3644 2593; baseline 0.005 -24"><span class='ocrx_word' id='word_1_648' title='bbox 1946 2517 2167 2570; x_wconf 90' lang='lat' dir='ltr'>evolat:</span> <span class='ocrx_word' id='word_1_649' title='bbox 2197 2517 2349 2571; x_wconf 91' lang='lat' dir='ltr'>unde</span> <span class='ocrx_word' id='word_1_650' title='bbox 2376 2517 2623 2588; x_wconf 90' lang='lat' dir='ltr'>intelligi</span> <span class='ocrx_word' id='word_1_651' title='bbox 2656 2518 2845 2585; x_wconf 91' lang='lat' dir='ltr'>datur,</span> <span class='ocrx_word' id='word_1_652' title='bbox 2886 2517 2956 2571; x_wconf 91' lang='lat' dir='ltr'>ab</span> <span class='ocrx_word' id='word_1_653' title='bbox 2988 2518 3087 2572; x_wconf 92' lang='lat' dir='ltr'>illo</span> <span class='ocrx_word' id='word_1_654' title='bbox 3121 2522 3378 2589; x_wconf 92' lang='lat' dir='ltr'>tempore</span> <span class='ocrx_word' id='word_1_655' title='bbox 3409 2538 3523 2593; x_wconf 92' lang='lat' dir='ltr'>quo</span> <span class='ocrx_word' id='word_1_656' title='bbox 3553 2524 3644 2577; x_wconf 90' lang='lat' dir='ltr'>in-</span> 
     </span>
    </p>
   </div>
   <div class='ocr_carea' id='block_1_87' title="bbox 1944 2604 3643 2681">
    <p class='ocr_par' dir='ltr' id='par_1_87' title="bbox 1944 2604 3643 2681">
     <span class='ocr_line' id='line_1_87' title="bbox 1944 2604 3643 2681; baseline 0.004 -22"><span class='ocrx_word' id='word_1_657' title='bbox 1944 2604 2128 2659; x_wconf 73' lang='lat' dir='ltr'>haeret</span> <span class='ocrx_word' id='word_1_658' title='bbox 2154 2606 2468 2672; x_wconf 72' lang='lat' dir='ltr'>memoriae,</span> <span class='ocrx_word' id='word_1_659' title='bbox 2501 2606 2751 2675; x_wconf 89' lang='lat' dir='ltr'>incipere</span> <span class='ocrx_word' id='word_1_660' title='bbox 2788 2605 2927 2661; x_wconf 91' lang='lat' dir='ltr'>labi.</span> <span class='ocrx_word' id='word_1_661' title='bbox 2978 2606 3121 2660; x_wconf 90' lang='lat' dir='ltr'>Hinc</span> <span class='ocrx_word' id='word_1_662' title='bbox 3167 2612 3251 2663; x_wconf 91' lang='lat' dir='ltr'>est</span> <span class='ocrx_word' id='word_1_663' title='bbox 3297 2609 3440 2664; x_wconf 92' lang='lat' dir='ltr'>illud</span> <span class='ocrx_word' id='word_1_664' title='bbox 3488 2613 3643 2681; x_wconf 89' lang='lat' dir='ltr'>quod</span> 
     </span>
    </p>
   </div>
   <div class='ocr_carea' id='block_1_88' title="bbox 1946 2693 3641 2768">
    <p class='ocr_par' dir='ltr' id='par_1_88' title="bbox 1946 2693 3641 2768">
     <span class='ocr_line' id='line_1_88' title="bbox 1946 2693 3641 2768; baseline 0.004 -22"><span class='ocrx_word' id='word_1_665' title='bbox 1946 2694 2285 2764; x_wconf 90' lang='lat' dir='ltr'>plerumque</span> <span class='ocrx_word' id='word_1_666' title='bbox 2335 2693 2596 2758; x_wconf 91' lang='lat' dir='ltr'>dicimus,</span> <span class='ocrx_word' id='word_1_667' title='bbox 2642 2694 2914 2747; x_wconf 88' lang='lat' dir='ltr'>Tenuiter</span> <span class='ocrx_word' id='word_1_668' title='bbox 2942 2694 3203 2761; x_wconf 91' lang='lat' dir='ltr'>memini,</span> <span class='ocrx_word' id='word_1_669' title='bbox 3249 2712 3379 2750; x_wconf 93' lang='lat' dir='ltr'>cum</span> <span class='ocrx_word' id='word_1_670' title='bbox 3428 2699 3641 2768; x_wconf 90' lang='lat' dir='ltr'>aliquid</span> 
     </span>
    </p>
   </div>
   <div class='ocr_carea' id='block_1_89' title="bbox 1947 2781 3642 2856">
    <p class='ocr_par' dir='ltr' id='par_1_89' title="bbox 1947 2781 3642 2856">
     <span class='ocr_line' id='line_1_89' title="bbox 1947 2781 3642 2856; baseline 0.004 -21"><span class='ocrx_word' id='word_1_671' title='bbox 1947 2786 2074 2851; x_wconf 89' lang='lat' dir='ltr'>post</span> <span class='ocrx_word' id='word_1_672' title='bbox 2098 2787 2327 2851; x_wconf 89' lang='lat' dir='ltr'>tempus</span> <span class='ocrx_word' id='word_1_673' title='bbox 2356 2781 2710 2835; x_wconf 88' lang='lat' dir='ltr'>recordando</span> <span class='ocrx_word' id='word_1_674' title='bbox 2740 2781 3067 2852; x_wconf 90' lang='lat' dir='ltr'>repetimus,</span> <span class='ocrx_word' id='word_1_675' title='bbox 3118 2786 3427 2854; x_wconf 90' lang='lat' dir='ltr'>antequam</span> <span class='ocrx_word' id='word_1_676' title='bbox 3471 2787 3642 2856; x_wconf 91' lang='lat' dir='ltr'>plane</span> 
     </span>
    </p>
   </div>
   <div class='ocr_carea' id='block_1_90' title="bbox 1948 2869 3643 2939">
    <p class='ocr_par' dir='ltr' id='par_1_90' title="bbox 1948 2869 3643 2939">
     <span class='ocr_line' id='line_1_90' title="bbox 1948 2869 3643 2939; baseline 0.004 -16"><span class='ocrx_word' id='word_1_677' title='bbox 1948 2874 2133 2924; x_wconf 90' lang='lat' dir='ltr'>totum</span> <span class='ocrx_word' id='word_1_678' title='bbox 2158 2869 2395 2923; x_wconf 80' lang='lat' dir='ltr'>excidat.</span> <span class='ocrx_word' id='word_1_679' title='bbox 2430 2869 2787 2939; x_wconf 90' lang='lat' dir='ltr'>Quapropter</span> <span class='ocrx_word' id='word_1_680' title='bbox 2811 2873 3121 2939; x_wconf 91' lang='lat' dir='ltr'>utrumque</span> <span class='ocrx_word' id='word_1_681' title='bbox 3142 2870 3249 2924; x_wconf 91' lang='lat' dir='ltr'>hoc</span> <span class='ocrx_word' id='word_1_682' title='bbox 3268 2887 3643 2929; x_wconf 90' lang='lat' dir='ltr'>numerorum</span> 
     </span>
    </p>
   </div>
   <div class='ocr_carea' id='block_1_91' title="bbox 1947 2958 3639 3032">
    <p class='ocr_par' dir='ltr' id='par_1_91' title="bbox 1947 2958 3639 3032">
     <span class='ocr_line' id='line_1_91' title="bbox 1947 2958 3639 3032; baseline 0.003 -21"><span class='ocrx_word' id='word_1_683' title='bbox 1947 2974 2128 3028; x_wconf 91' lang='lat' dir='ltr'>genus</span> <span class='ocrx_word' id='word_1_684' title='bbox 2158 2958 2397 3011; x_wconf 91' lang='lat' dir='ltr'>mortale</span> <span class='ocrx_word' id='word_1_685' title='bbox 2429 2962 2532 3012; x_wconf 91' lang='lat' dir='ltr'>est.</span> <span class='ocrx_word' id='word_1_686' title='bbox 2569 2960 2971 3012; x_wconf 89' lang='lat' dir='ltr'>Verumtamen</span> <span class='ocrx_word' id='word_1_687' title='bbox 3001 2958 3271 3013; x_wconf 89' lang='lat' dir='ltr'>facientes</span> <span class='ocrx_word' id='word_1_688' title='bbox 3309 2960 3467 3016; x_wconf 90' lang='lat' dir='ltr'>factis</span> <span class='ocrx_word' id='word_1_689' title='bbox 3507 2963 3639 3032; x_wconf 90' lang='lat' dir='ltr'>jure</span> 
     </span>
    </p>
   </div>
   <div class='ocr_carea' id='block_1_92' title="bbox 1947 3045 3089 3116">
    <p class='ocr_par' dir='ltr' id='par_1_92' title="bbox 1947 3045 3089 3116">
     <span class='ocr_line' id='line_1_92' title="bbox 1947 3045 3089 3116; baseline 0.001 -16"><span class='ocrx_word' id='word_1_690' title='bbox 1947 3049 2391 3116; x_wconf 90' lang='lat' dir='ltr'>anteponuntur.</span> <span class='ocrx_word' id='word_1_691' title='bbox 2421 3049 2486 3100; x_wconf 91' lang='lat' dir='ltr'>D.</span> <span class='ocrx_word' id='word_1_692' title='bbox 2518 3045 2771 3116; x_wconf 85' lang='lat' dir='ltr'>Accipio,</span> <span class='ocrx_word' id='word_1_693' title='bbox 2805 3049 2861 3099; x_wconf 92' lang='lat' dir='ltr'>et</span> <span class='ocrx_word' id='word_1_694' title='bbox 2890 3046 3089 3116; x_wconf 88' lang='lat' dir='ltr'>probo.</span> 
     </span>
    </p>
   </div>
   <div class='ocr_carea' id='block_1_93' title="bbox 2015 3133 3637 3207">
    <p class='ocr_par' dir='ltr' id='par_1_93' title="bbox 2015 3133 3637 3207">
     <span class='ocr_line' id='line_1_93' title="bbox 2015 3133 3637 3207; baseline 0.003 -20"><span class='ocrx_word' id='word_1_695' title='bbox 2015 3138 2070 3187; x_wconf 85' lang='grc'>’7.</span> <span class='ocrx_word' id='word_1_696' title='bbox 2102 3135 2169 3187; x_wconf 87' lang='grc' dir='ltr'><em>Μ</em></span> <span class='ocrx_word' id='word_1_697' title='bbox 2180 3174 2193 3189; x_wconf 93' lang='grc'><strong>.</strong></span> <span class='ocrx_word' id='word_1_698' title='bbox 2229 3135 2356 3187; x_wconf 78' lang='lat' dir='ltr'>1am</span> <span class='ocrx_word' id='word_1_699' title='bbox 2385 3148 2520 3203; x_wconf 93' lang='lat' dir='ltr'>ergo</span> <span class='ocrx_word' id='word_1_700' title='bbox 2549 3133 2658 3187; x_wconf 90' lang='lat' dir='ltr'>tria</span> <span class='ocrx_word' id='word_1_701' title='bbox 2684 3133 2909 3204; x_wconf 87' lang='lat' dir='ltr'>reliqua</span> <span class='ocrx_word' id='word_1_702' title='bbox 2938 3134 3178 3202; x_wconf 91' lang='lat' dir='ltr'>intuere,</span> <span class='ocrx_word' id='word_1_703' title='bbox 3210 3139 3477 3191; x_wconf 90' lang='lat' dir='ltr'>eteorum</span> <span class='ocrx_word' id='word_1_704' title='bbox 3493 3153 3637 3207; x_wconf 91' lang='lat' dir='ltr'>quo-</span> 
     </span>
    </p>
   </div>
   <div class='ocr_carea' id='block_1_94' title="bbox 1949 3222 3639 3295">
    <p class='ocr_par' dir='ltr' id='par_1_94' title="bbox 1949 3222 3639 3295">
     <span class='ocr_line' id='line_1_94' title="bbox 1949 3222 3639 3295; baseline 0.002 -20"><span class='ocrx_word' id='word_1_705' title='bbox 1949 3237 2061 3293; x_wconf 92' lang='lat' dir='ltr'>que</span> <span class='ocrx_word' id='word_1_706' title='bbox 2092 3222 2246 3292; x_wconf 93' lang='lat' dir='ltr'>quod</span> <span class='ocrx_word' id='word_1_707' title='bbox 2276 3222 2349 3275; x_wconf 91' lang='lat' dir='ltr'>sit</span> <span class='ocrx_word' id='word_1_708' title='bbox 2376 3222 2657 3292; x_wconf 84' lang='lat' dir='ltr'>Optimum</span> <span class='ocrx_word' id='word_1_709' title='bbox 2687 3227 2744 3275; x_wconf 88' lang='lat' dir='ltr'>et</span> <span class='ocrx_word' id='word_1_710' title='bbox 2769 3223 2990 3277; x_wconf 68' lang='lat' dir='ltr'>caeteris</span> <span class='ocrx_word' id='word_1_711' title='bbox 3020 3224 3465 3295; x_wconf 62' lang='lat' dir='ltr'>praeferendum,</span> <span class='ocrx_word' id='word_1_712' title='bbox 3491 3225 3639 3280; x_wconf 89' lang='lat' dir='ltr'>edis-</span> 
     </span>
    </p>
   </div>
   <div class='ocr_carea' id='block_1_95' title="bbox 1950 3310 3643 3384">
    <p class='ocr_par' dir='ltr' id='par_1_95' title="bbox 1950 3310 3643 3384">
     <span class='ocr_line' id='line_1_95' title="bbox 1950 3310 3643 3384; baseline 0.002 -20"><span class='ocrx_word' id='word_1_713' title='bbox 1950 3326 2092 3364; x_wconf 89' lang='lat' dir='ltr'>sere.</span> <span class='ocrx_word' id='word_1_714' title='bbox 2123 3314 2189 3365; x_wconf 92' lang='lat' dir='ltr'>D.</span> <span class='ocrx_word' id='word_1_715' title='bbox 2224 3311 2349 3364; x_wconf 90' lang='lat' dir='ltr'>Non</span> <span class='ocrx_word' id='word_1_716' title='bbox 2401 3314 2483 3364; x_wconf 90' lang='lat' dir='ltr'>est</span> <span class='ocrx_word' id='word_1_717' title='bbox 2512 3310 2619 3364; x_wconf 90' lang='lat' dir='ltr'>hoc</span> <span class='ocrx_word' id='word_1_718' title='bbox 2653 3310 2835 3364; x_wconf 90' lang='lat' dir='ltr'>facile.</span> <span class='ocrx_word' id='word_1_719' title='bbox 2880 3312 3023 3365; x_wconf 89' lang='lat' dir='ltr'>Nam</span> <span class='ocrx_word' id='word_1_720' title='bbox 3072 3327 3137 3365; x_wconf 80' lang='lat' dir='ltr'>ex</span> <span class='ocrx_word' id='word_1_721' title='bbox 3167 3312 3266 3366; x_wconf 91' lang='lat' dir='ltr'>illa</span> <span class='ocrx_word' id='word_1_722' title='bbox 3302 3315 3501 3383; x_wconf 86' lang='lat' dir='ltr'>regula</span> <span class='ocrx_word' id='word_1_723' title='bbox 3528 3330 3643 3384; x_wconf 89' lang='lat' dir='ltr'>qua</span> 
     </span>
    </p>
   </div>
   <div class='ocr_carea' id='block_1_96' title="bbox 1948 3398 3639 3471">
    <p class='ocr_par' dir='ltr' id='par_1_96' title="bbox 1948 3398 3639 3471">
     <span class='ocr_line' id='line_1_96' title="bbox 1948 3398 3639 3471; baseline 0.001 -18"><span class='ocrx_word' id='word_1_724' title='bbox 1948 3399 2107 3453; x_wconf 87' lang='lat' dir='ltr'>factis</span> <span class='ocrx_word' id='word_1_725' title='bbox 2158 3398 2427 3452; x_wconf 88' lang='lat' dir='ltr'>facientes</span> <span class='ocrx_word' id='word_1_726' title='bbox 2458 3403 2684 3469; x_wconf 90' lang='lat' dir='ltr'>oportet</span> <span class='ocrx_word' id='word_1_727' title='bbox 2728 3400 3033 3463; x_wconf 85' lang='lat' dir='ltr'>anteferre,</span> <span class='ocrx_word' id='word_1_728' title='bbox 3082 3416 3259 3471; x_wconf 91' lang='lat' dir='ltr'>cogor</span> <span class='ocrx_word' id='word_1_729' title='bbox 3300 3401 3639 3455; x_wconf 90' lang='lat' dir='ltr'>sonantibus</span> 
     </span>
    </p>
   </div>
   <div class='ocr_carea' id='block_1_97' title="bbox 1948 3486 3640 3556">
    <p class='ocr_par' dir='ltr' id='par_1_97' title="bbox 1948 3486 3640 3556">
     <span class='ocr_line' id='line_1_97' title="bbox 1948 3486 3640 3556; baseline 0.001 -15"><span class='ocrx_word' id='word_1_730' title='bbox 1948 3486 2203 3541; x_wconf 91' lang='lat' dir='ltr'>numeris</span> <span class='ocrx_word' id='word_1_731' title='bbox 2231 3487 2483 3556; x_wconf 90' lang='lat' dir='ltr'>palmam</span> <span class='ocrx_word' id='word_1_732' title='bbox 2506 3486 2641 3541; x_wconf 89' lang='lat' dir='ltr'>dare</span> <span class='ocrx_word' id='word_1_733' title='bbox 2666 3487 2797 3541; x_wconf 91' lang='lat' dir='ltr'>:hos</span> <span class='ocrx_word' id='word_1_734' title='bbox 2830 3486 2984 3541; x_wconf 90' lang='lat' dir='ltr'>enim</span> <span class='ocrx_word' id='word_1_735' title='bbox 3014 3488 3291 3541; x_wconf 89' lang='lat' dir='ltr'>sentimus</span> <span class='ocrx_word' id='word_1_736' title='bbox 3323 3489 3640 3553; x_wconf 90' lang='lat' dir='ltr'>audientes,</span> 
     </span>
    </p>
   </div>
   <div class='ocr_carea' id='block_1_98' title="bbox 1950 3573 3644 3645">
    <p class='ocr_par' dir='ltr' id='par_1_98' title="bbox 1950 3573 3644 3645">
     <span class='ocr_line' id='line_1_98' title="bbox 1950 3573 3644 3645; baseline 0.001 -17"><span class='ocrx_word' id='word_1_737' title='bbox 1950 3579 2163 3628; x_wconf 88' lang='lat' dir='ltr'>etcum</span> <span class='ocrx_word' id='word_1_738' title='bbox 2196 3574 2300 3627; x_wconf 92' lang='lat' dir='ltr'>hos</span> <span class='ocrx_word' id='word_1_739' title='bbox 2350 3573 2646 3640; x_wconf 88' lang='lat' dir='ltr'>sentimus,</span> <span class='ocrx_word' id='word_1_740' title='bbox 2680 3574 2785 3627; x_wconf 91' lang='lat' dir='ltr'>hos</span> <span class='ocrx_word' id='word_1_741' title='bbox 2810 3574 3081 3643; x_wconf 90' lang='lat' dir='ltr'>patimur.</span> <span class='ocrx_word' id='word_1_742' title='bbox 3120 3574 3186 3627; x_wconf 83' lang='lat' dir='ltr'>Hi</span> <span class='ocrx_word' id='word_1_743' title='bbox 3231 3591 3368 3645; x_wconf 90' lang='lat' dir='ltr'>ergo</span> <span class='ocrx_word' id='word_1_744' title='bbox 3427 3575 3644 3630; x_wconf 89' lang='lat' dir='ltr'>faciunt</span> 
     </span>
    </p>
   </div>
   <div class='ocr_carea' id='block_1_99' title="bbox 1950 3659 3633 3731">
    <p class='ocr_par' dir='ltr' id='par_1_99' title="bbox 1950 3659 3633 3731">
     <span class='ocr_line' id='line_1_99' title="bbox 1950 3659 3633 3731; baseline 0.001 -16"><span class='ocrx_word' id='word_1_745' title='bbox 1950 3678 2045 3715; x_wconf 89' lang='lat' dir='ltr'>eos</span> <span class='ocrx_word' id='word_1_746' title='bbox 2075 3660 2173 3731; x_wconf 89' lang='lat' dir='ltr'>qui</span> <span class='ocrx_word' id='word_1_747' title='bbox 2193 3664 2326 3714; x_wconf 90' lang='lat' dir='ltr'>sunt</span> <span class='ocrx_word' id='word_1_748' title='bbox 2351 3659 2412 3714; x_wconf 90' lang='lat' dir='ltr'>in</span> <span class='ocrx_word' id='word_1_749' title='bbox 2437 3660 2663 3714; x_wconf 91' lang='lat' dir='ltr'>aurium</span> <span class='ocrx_word' id='word_1_750' title='bbox 2684 3660 2945 3730; x_wconf 87' lang='lat' dir='ltr'>passione</span> <span class='ocrx_word' id='word_1_751' title='bbox 2965 3677 3095 3715; x_wconf 92' lang='lat' dir='ltr'>cum</span> <span class='ocrx_word' id='word_1_752' title='bbox 3111 3661 3378 3716; x_wconf 90' lang='lat' dir='ltr'>audimus</span> <span class='ocrx_word' id='word_1_753' title='bbox 3402 3678 3416 3716; x_wconf 89' lang='lat'><strong>:</strong></span> <span class='ocrx_word' id='word_1_754' title='bbox 3448 3663 3510 3717; x_wconf 92' lang='lat' dir='ltr'>hi</span> <span class='ocrx_word' id='word_1_755' title='bbox 3532 3680 3633 3717; x_wconf 91' lang='lat' dir='ltr'>au-</span> 
     </span>
    </p>
   </div>
   <div class='ocr_carea' id='block_1_100' title="bbox 1949 3748 3643 3819">
    <p class='ocr_par' dir='ltr' id='par_1_100' title="bbox 1949 3748 3643 3819">
     <span class='ocr_line' id='line_1_100' title="bbox 1949 3748 3643 3819; baseline 0.001 -15"><span class='ocrx_word' id='word_1_756' title='bbox 1949 3754 2067 3804; x_wconf 89' lang='lat' dir='ltr'>tem</span> <span class='ocrx_word' id='word_1_757' title='bbox 2096 3764 2293 3802; x_wconf 90' lang='lat' dir='ltr'>rursus</span> <span class='ocrx_word' id='word_1_758' title='bbox 2341 3764 2486 3819; x_wconf 93' lang='lat' dir='ltr'>quos</span> <span class='ocrx_word' id='word_1_759' title='bbox 2514 3748 2814 3803; x_wconf 90' lang='lat' dir='ltr'>sentiendo</span> <span class='ocrx_word' id='word_1_760' title='bbox 2844 3748 3144 3816; x_wconf 87' lang='lat' dir='ltr'>habemus,</span> <span class='ocrx_word' id='word_1_761' title='bbox 3177 3750 3394 3805; x_wconf 88' lang='lat' dir='ltr'>faciunt</span> <span class='ocrx_word' id='word_1_762' title='bbox 3414 3750 3554 3806; x_wconf 90' lang='lat' dir='ltr'>alios</span> <span class='ocrx_word' id='word_1_763' title='bbox 3582 3751 3643 3805; x_wconf 91' lang='lat' dir='ltr'>in</span> 
     </span>
    </p>
   </div>
   <div class='ocr_carea' id='block_1_101' title="bbox 1950 3834 3644 3907">
    <p class='ocr_par' dir='ltr' id='par_1_101' title="bbox 1950 3834 3644 3907">
     <span class='ocr_line' id='line_1_101' title="bbox 1950 3834 3644 3907; baseline 0.004 -18"><span class='ocrx_word' id='word_1_764' title='bbox 1950 3834 2253 3899; x_wconf 89' lang='lat' dir='ltr'>memoria,</span> <span class='ocrx_word' id='word_1_765' title='bbox 2300 3836 2507 3906; x_wconf 87' lang='lat' dir='ltr'>quibus</span> <span class='ocrx_word' id='word_1_766' title='bbox 2552 3853 2585 3889; x_wconf 90' lang='lat' dir='ltr'>a</span> <span class='ocrx_word' id='word_1_767' title='bbox 2630 3854 2689 3891; x_wconf 89' lang='lat' dir='ltr'>se</span> <span class='ocrx_word' id='word_1_768' title='bbox 2719 3836 2879 3891; x_wconf 90' lang='lat' dir='ltr'>factis</span> <span class='ocrx_word' id='word_1_769' title='bbox 2909 3842 3059 3891; x_wconf 91' lang='lat' dir='ltr'>recte</span> <span class='ocrx_word' id='word_1_770' title='bbox 3089 3838 3492 3907; x_wconf 58' lang='lat' dir='ltr'>praeferuntur.</span> <span class='ocrx_word' id='word_1_771' title='bbox 3535 3840 3644 3895; x_wconf 87' lang='lat' dir='ltr'>Sed</span> 
     </span>
    </p>
   </div>
   <div class='ocr_carea' id='block_1_102' title="bbox 1950 3923 3645 3994">
    <p class='ocr_par' dir='ltr' id='par_1_102' title="bbox 1950 3923 3645 3994">
     <span class='ocr_line' id='line_1_102' title="bbox 1950 3923 3645 3994; baseline 0.003 -16"><span class='ocrx_word' id='word_1_772' title='bbox 1950 3924 2043 3978; x_wconf 92' lang='lat' dir='ltr'>hic</span> <span class='ocrx_word' id='word_1_773' title='bbox 2080 3923 2216 3994; x_wconf 91' lang='lat' dir='ltr'>quia</span> <span class='ocrx_word' id='word_1_774' title='bbox 2239 3928 2295 3977; x_wconf 91' lang='lat' dir='ltr'>et</span> <span class='ocrx_word' id='word_1_775' title='bbox 2326 3925 2534 3979; x_wconf 83' lang='lat' dir='ltr'>sentire</span> <span class='ocrx_word' id='word_1_776' title='bbox 2566 3928 2621 3979; x_wconf 88' lang='lat' dir='ltr'>et</span> <span class='ocrx_word' id='word_1_777' title='bbox 2648 3925 2974 3979; x_wconf 89' lang='lat' dir='ltr'>meminisse</span> <span class='ocrx_word' id='word_1_778' title='bbox 3000 3926 3207 3981; x_wconf 64' lang='lat' dir='ltr'>animae</span> <span class='ocrx_word' id='word_1_779' title='bbox 3238 3932 3341 3994; x_wconf 91' lang='lat' dir='ltr'>est,</span> <span class='ocrx_word' id='word_1_780' title='bbox 3375 3944 3491 3983; x_wconf 89' lang='lat' dir='ltr'>non</span> <span class='ocrx_word' id='word_1_781' title='bbox 3520 3944 3645 3982; x_wconf 91' lang='lat' dir='ltr'>mo-</span> 
     </span>
    </p>
   </div>
   <div class='ocr_carea' id='block_1_103' title="bbox 1949 4011 3647 4086">
    <p class='ocr_par' dir='ltr' id='par_1_103' title="bbox 1949 4011 3647 4086">
     <span class='ocr_line' id='line_1_103' title="bbox 1949 4011 3647 4086; baseline 0.003 -20"><span class='ocrx_word' id='word_1_782' title='bbox 1949 4029 2105 4079; x_wconf 88' lang='lat' dir='ltr'>veor,</span> <span class='ocrx_word' id='word_1_783' title='bbox 2130 4011 2178 4066; x_wconf 92' lang='lat' dir='ltr'>si</span> <span class='ocrx_word' id='word_1_784' title='bbox 2205 4013 2419 4083; x_wconf 91' lang='lat' dir='ltr'>aliquid</span> <span class='ocrx_word' id='word_1_785' title='bbox 2449 4014 2601 4084; x_wconf 91' lang='lat' dir='ltr'>quod</span> <span class='ocrx_word' id='word_1_786' title='bbox 2624 4014 2682 4067; x_wconf 91' lang='lat' dir='ltr'>in</span> <span class='ocrx_word' id='word_1_787' title='bbox 2701 4013 2888 4068; x_wconf 90' lang='lat' dir='ltr'>anima</span> <span class='ocrx_word' id='word_1_788' title='bbox 2919 4014 3004 4081; x_wconf 84' lang='lat' dir='ltr'>ﬁt,</span> <span class='ocrx_word' id='word_1_789' title='bbox 3036 4015 3207 4070; x_wconf 90' lang='lat' dir='ltr'>alicui</span> <span class='ocrx_word' id='word_1_790' title='bbox 3236 4017 3389 4086; x_wconf 88' lang='lat' dir='ltr'>quod</span> <span class='ocrx_word' id='word_1_791' title='bbox 3418 4018 3555 4071; x_wconf 91' lang='lat' dir='ltr'>item</span> <span class='ocrx_word' id='word_1_792' title='bbox 3587 4017 3647 4071; x_wconf 92' lang='lat' dir='ltr'>in</span> 
     </span>
    </p>
   </div>
   <div class='ocr_carea' id='block_1_104' title="bbox 1952 4100 3645 4174">
    <p class='ocr_par' dir='ltr' id='par_1_104' title="bbox 1952 4100 3645 4174">
     <span class='ocr_line' id='line_1_104' title="bbox 1952 4100 3645 4174; baseline 0.002 -19"><span class='ocrx_word' id='word_1_793' title='bbox 1952 4117 2019 4155; x_wconf 90' lang='lat' dir='ltr'>ea</span> <span class='ocrx_word' id='word_1_794' title='bbox 2046 4100 2113 4154; x_wconf 86' lang='lat' dir='ltr'>ﬁt</span> <span class='ocrx_word' id='word_1_795' title='bbox 2141 4105 2503 4173; x_wconf 89' lang='lat' dir='ltr'>anteponam.</span> <span class='ocrx_word' id='word_1_796' title='bbox 2539 4102 2683 4156; x_wconf 91' lang='lat' dir='ltr'>Illud</span> <span class='ocrx_word' id='word_1_797' title='bbox 2728 4118 2823 4156; x_wconf 94' lang='lat' dir='ltr'>me</span> <span class='ocrx_word' id='word_1_798' title='bbox 2852 4103 3177 4171; x_wconf 88' lang='lat' dir='ltr'>conturbat,</span> <span class='ocrx_word' id='word_1_799' title='bbox 3221 4105 3510 4174; x_wconf 92' lang='lat' dir='ltr'>quomodo</span> <span class='ocrx_word' id='word_1_800' title='bbox 3555 4122 3645 4158; x_wconf 92' lang='lat' dir='ltr'>so-</span> 
     </span>
    </p>
   </div>
   <div class='ocr_carea' id='block_1_105' title="bbox 1953 4189 3646 4261">
    <p class='ocr_par' dir='ltr' id='par_1_105' title="bbox 1953 4189 3646 4261">
     <span class='ocr_line' id='line_1_105' title="bbox 1953 4189 3646 4261; baseline 0.002 -20"><span class='ocrx_word' id='word_1_801' title='bbox 1953 4192 2152 4242; x_wconf 87' lang='lat' dir='ltr'>nantes</span> <span class='ocrx_word' id='word_1_802' title='bbox 2182 4190 2425 4255; x_wconf 89' lang='lat' dir='ltr'>numeri,</span> <span class='ocrx_word' id='word_1_803' title='bbox 2475 4189 2574 4259; x_wconf 90' lang='lat' dir='ltr'>qui</span> <span class='ocrx_word' id='word_1_804' title='bbox 2604 4194 2755 4243; x_wconf 91' lang='lat' dir='ltr'>certe</span> <span class='ocrx_word' id='word_1_805' title='bbox 2795 4190 3056 4260; x_wconf 88' lang='lat' dir='ltr'>corporei</span> <span class='ocrx_word' id='word_1_806' title='bbox 3100 4194 3253 4256; x_wconf 90' lang='lat' dir='ltr'>sunt,</span> <span class='ocrx_word' id='word_1_807' title='bbox 3296 4193 3382 4244; x_wconf 90' lang='lat' dir='ltr'>vel</span> <span class='ocrx_word' id='word_1_808' title='bbox 3416 4207 3646 4261; x_wconf 89' lang='lat' dir='ltr'>quoquo</span> 
     </span>
    </p>
   </div>
   <div class='ocr_carea' id='block_1_106' title="bbox 1953 4275 3646 4348">
    <p class='ocr_par' dir='ltr' id='par_1_106' title="bbox 1953 4275 3646 4348">
     <span class='ocr_line' id='line_1_106' title="bbox 1953 4275 3646 4348; baseline 0.001 -19"><span class='ocrx_word' id='word_1_809' title='bbox 1953 4276 2124 4329; x_wconf 94' lang='lat' dir='ltr'>modo</span> <span class='ocrx_word' id='word_1_810' title='bbox 2154 4275 2215 4329; x_wconf 91' lang='lat' dir='ltr'>in</span> <span class='ocrx_word' id='word_1_811' title='bbox 2245 4292 2501 4346; x_wconf 91' lang='lat' dir='ltr'>corpore,</span> <span class='ocrx_word' id='word_1_812' title='bbox 2530 4275 2711 4345; x_wconf 89' lang='lat' dir='ltr'>magis</span> <span class='ocrx_word' id='word_1_813' title='bbox 2743 4276 3012 4331; x_wconf 81' lang='lat' dir='ltr'>laudandi</span> <span class='ocrx_word' id='word_1_814' title='bbox 3043 4277 3158 4331; x_wconf 88' lang='lat' dir='ltr'>sint</span> <span class='ocrx_word' id='word_1_815' title='bbox 3186 4294 3359 4347; x_wconf 90' lang='lat' dir='ltr'>quam</span> <span class='ocrx_word' id='word_1_816' title='bbox 3390 4278 3493 4344; x_wconf 87' lang='lat' dir='ltr'>illi,</span> <span class='ocrx_word' id='word_1_817' title='bbox 3524 4278 3646 4348; x_wconf 90' lang='lat' dir='ltr'>qui,</span> 
     </span>
    </p>
   </div>
   <div class='ocr_carea' id='block_1_107' title="bbox 1954 4363 3649 4436">
    <p class='ocr_par' dir='ltr' id='par_1_107' title="bbox 1954 4363 3649 4436">
     <span class='ocr_line' id='line_1_107' title="bbox 1954 4363 3649 4436; baseline 0.001 -19"><span class='ocrx_word' id='word_1_818' title='bbox 1954 4379 2083 4417; x_wconf 92' lang='lat' dir='ltr'>cum</span> <span class='ocrx_word' id='word_1_819' title='bbox 2115 4364 2412 4429; x_wconf 89' lang='lat' dir='ltr'>sentimus,</span> <span class='ocrx_word' id='word_1_820' title='bbox 2444 4363 2505 4415; x_wconf 91' lang='lat' dir='ltr'>in</span> <span class='ocrx_word' id='word_1_821' title='bbox 2536 4363 2729 4416; x_wconf 91' lang='lat' dir='ltr'>anima</span> <span class='ocrx_word' id='word_1_822' title='bbox 2750 4380 2871 4418; x_wconf 90' lang='lat' dir='ltr'>esse</span> <span class='ocrx_word' id='word_1_823' title='bbox 2904 4366 3285 4436; x_wconf 89' lang='lat' dir='ltr'>reperiuntur.</span> <span class='ocrx_word' id='word_1_824' title='bbox 3316 4365 3423 4419; x_wconf 92' lang='lat' dir='ltr'>Sed</span> <span class='ocrx_word' id='word_1_825' title='bbox 3453 4381 3649 4419; x_wconf 90' lang='lat' dir='ltr'>rursus</span> 
     </span>
    </p>
   </div>
   <div class='ocr_carea' id='block_1_108' title="bbox 1954 4451 3649 4523">
    <p class='ocr_par' dir='ltr' id='par_1_108' title="bbox 1954 4451 3649 4523">
     <span class='ocr_line' id='line_1_108' title="bbox 1954 4451 3649 4523; baseline 0 -17"><span class='ocrx_word' id='word_1_826' title='bbox 1954 4451 2255 4506; x_wconf 90' lang='lat' dir='ltr'>conturbat</span> <span class='ocrx_word' id='word_1_827' title='bbox 2280 4451 2571 4522; x_wconf 90' lang='lat' dir='ltr'>quomodo</span> <span class='ocrx_word' id='word_1_828' title='bbox 2601 4467 2720 4505; x_wconf 90' lang='lat' dir='ltr'>non</span> <span class='ocrx_word' id='word_1_829' title='bbox 2748 4452 2932 4523; x_wconf 87' lang='lat' dir='ltr'>magis</span> <span class='ocrx_word' id='word_1_830' title='bbox 2961 4452 3235 4507; x_wconf 91' lang='lat' dir='ltr'>laudandi</span> <span class='ocrx_word' id='word_1_831' title='bbox 3267 4452 3397 4517; x_wconf 91' lang='lat' dir='ltr'>sint,</span> <span class='ocrx_word' id='word_1_832' title='bbox 3432 4469 3561 4506; x_wconf 91' lang='lat' dir='ltr'>cum</span> <span class='ocrx_word' id='word_1_833' title='bbox 3588 4453 3649 4506; x_wconf 93' lang='lat' dir='ltr'>hi</span> 
     </span>
    </p>
   </div>
   <div class='ocr_carea' id='block_1_109' title="bbox 1954 4538 3650 4610">
    <p class='ocr_par' dir='ltr' id='par_1_109' title="bbox 1954 4538 3650 4610">
     <span class='ocr_line' id='line_1_109' title="bbox 1954 4538 3650 4610; baseline 0.001 -16"><span class='ocrx_word' id='word_1_834' title='bbox 1954 4539 2190 4605; x_wconf 89' lang='lat' dir='ltr'>faciant,</span> <span class='ocrx_word' id='word_1_835' title='bbox 2226 4538 2311 4593; x_wconf 91' lang='lat' dir='ltr'>illi</span> <span class='ocrx_word' id='word_1_836' title='bbox 2341 4539 2411 4593; x_wconf 90' lang='lat' dir='ltr'>ab</span> <span class='ocrx_word' id='word_1_837' title='bbox 2434 4538 2523 4593; x_wconf 92' lang='lat' dir='ltr'>his</span> <span class='ocrx_word' id='word_1_838' title='bbox 2544 4539 2702 4593; x_wconf 86' lang='lat' dir='ltr'>fiant.</span> <span class='ocrx_word' id='word_1_839' title='bbox 2735 4542 2814 4594; x_wconf 82' lang='grc' dir='ltr'><strong><em>Μ.</em></strong></span> <span class='ocrx_word' id='word_1_840' title='bbox 2839 4540 3041 4594; x_wconf 84' lang='lat' dir='ltr'>Mirare</span> <span class='ocrx_word' id='word_1_841' title='bbox 3074 4539 3267 4610; x_wconf 90' lang='lat' dir='ltr'>potius</span> <span class='ocrx_word' id='word_1_842' title='bbox 3296 4540 3445 4610; x_wconf 90' lang='lat' dir='ltr'>quod</span> <span class='ocrx_word' id='word_1_843' title='bbox 3466 4541 3650 4596; x_wconf 90' lang='lat' dir='ltr'>facere</span> 
     </span>
    </p>
   </div>
   <div class='ocr_carea' id='block_1_110' title="bbox 1956 4626 3652 4698">
    <p class='ocr_par' dir='ltr' id='par_1_110' title="bbox 1956 4626 3652 4698">
     <span class='ocr_line' id='line_1_110' title="bbox 1956 4626 3652 4698; baseline 0 -16"><span class='ocrx_word' id='word_1_844' title='bbox 1956 4626 2172 4698; x_wconf 90' lang='lat' dir='ltr'>aliquid</span> <span class='ocrx_word' id='word_1_845' title='bbox 2204 4626 2264 4680; x_wconf 88' lang='lat' dir='ltr'>in</span> <span class='ocrx_word' id='word_1_846' title='bbox 2310 4626 2503 4681; x_wconf 90' lang='lat' dir='ltr'>anima</span> <span class='ocrx_word' id='word_1_847' title='bbox 2543 4644 2748 4697; x_wconf 90' lang='lat' dir='ltr'>corpus</span> <span class='ocrx_word' id='word_1_848' title='bbox 2795 4631 3000 4698; x_wconf 88' lang='lat' dir='ltr'>potest.</span> <span class='ocrx_word' id='word_1_849' title='bbox 3052 4629 3168 4681; x_wconf 84' lang='lat' dir='ltr'>Hoc</span> <span class='ocrx_word' id='word_1_850' title='bbox 3215 4627 3368 4681; x_wconf 90' lang='lat' dir='ltr'>enim</span> <span class='ocrx_word' id='word_1_851' title='bbox 3415 4628 3652 4683; x_wconf 87' lang='lat' dir='ltr'>fortasse</span> 
     </span>
    </p>
   </div>
   <div class='ocr_carea' id='block_1_111' title="bbox 1956 4712 3653 4786">
    <p class='ocr_par' dir='ltr' id='par_1_111' title="bbox 1956 4712 3653 4786">
     <span class='ocr_line' id='line_1_111' title="bbox 1956 4712 3653 4786; baseline 0.001 -18"><span class='ocrx_word' id='word_1_852' title='bbox 1956 4731 2074 4769; x_wconf 92' lang='lat' dir='ltr'>non</span> <span class='ocrx_word' id='word_1_853' title='bbox 2100 4717 2311 4784; x_wconf 89' lang='lat' dir='ltr'>posset,</span> <span class='ocrx_word' id='word_1_854' title='bbox 2344 4712 2390 4766; x_wconf 94' lang='lat' dir='ltr'>si</span> <span class='ocrx_word' id='word_1_855' title='bbox 2435 4730 2552 4767; x_wconf 93' lang='lat' dir='ltr'>non</span> <span class='ocrx_word' id='word_1_856' title='bbox 2594 4718 2823 4783; x_wconf 88' lang='lat' dir='ltr'>peccato</span> <span class='ocrx_word' id='word_1_857' title='bbox 2856 4712 3044 4782; x_wconf 91' lang='lat' dir='ltr'>primo</span> <span class='ocrx_word' id='word_1_858' title='bbox 3090 4729 3296 4784; x_wconf 89' lang='lat' dir='ltr'>corpus</span> <span class='ocrx_word' id='word_1_859' title='bbox 3327 4714 3464 4769; x_wconf 90' lang='lat' dir='ltr'>illud</span> <span class='ocrx_word' id='word_1_860' title='bbox 3498 4716 3653 4786; x_wconf 91' lang='lat' dir='ltr'>quod</span> 
     </span>
    </p>
   </div>
   <div class='ocr_carea' id='block_1_112' title="bbox 1957 4800 3652 4873">
    <p class='ocr_par' dir='ltr' id='par_1_112' title="bbox 1957 4800 3652 4873">
     <span class='ocr_line' id='line_1_112' title="bbox 1957 4800 3652 4873; baseline 0.001 -18"><span class='ocrx_word' id='word_1_861' title='bbox 1957 4802 2115 4856; x_wconf 88' lang='lat' dir='ltr'>nulla</span> <span class='ocrx_word' id='word_1_862' title='bbox 2141 4801 2403 4855; x_wconf 90' lang='lat' dir='ltr'>molestia</span> <span class='ocrx_word' id='word_1_863' title='bbox 2432 4805 2487 4854; x_wconf 91' lang='lat' dir='ltr'>et</span> <span class='ocrx_word' id='word_1_864' title='bbox 2510 4816 2737 4854; x_wconf 91' lang='lat' dir='ltr'>summa</span> <span class='ocrx_word' id='word_1_865' title='bbox 2764 4800 3035 4855; x_wconf 89' lang='lat' dir='ltr'>facilitate</span> <span class='ocrx_word' id='word_1_866' title='bbox 3065 4801 3356 4856; x_wconf 88' lang='lat' dir='ltr'>animabat</span> <span class='ocrx_word' id='word_1_867' title='bbox 3377 4806 3433 4855; x_wconf 90' lang='lat' dir='ltr'>et</span> <span class='ocrx_word' id='word_1_868' title='bbox 3447 4803 3652 4873; x_wconf 88' lang='lat' dir='ltr'>guber-</span> 
     </span>
    </p>
   </div>
   <div class='ocr_carea' id='block_1_113' title="bbox 1957 4888 3655 4962">
    <p class='ocr_par' dir='ltr' id='par_1_113' title="bbox 1957 4888 3655 4962">
     <span class='ocr_line' id='line_1_113' title="bbox 1957 4888 3655 4962; baseline 0.001 -18"><span class='ocrx_word' id='word_1_869' title='bbox 1957 4889 2149 4955; x_wconf 89' lang='lat' dir='ltr'>nabat,</span> <span class='ocrx_word' id='word_1_870' title='bbox 2182 4889 2244 4942; x_wconf 92' lang='lat' dir='ltr'>in</span> <span class='ocrx_word' id='word_1_871' title='bbox 2276 4888 2523 4943; x_wconf 89' lang='lat' dir='ltr'>deterius</span> <span class='ocrx_word' id='word_1_872' title='bbox 2544 4892 2986 4955; x_wconf 91' lang='lat' dir='ltr'>commutatum,</span> <span class='ocrx_word' id='word_1_873' title='bbox 3020 4894 3077 4943; x_wconf 89' lang='lat' dir='ltr'>et</span> <span class='ocrx_word' id='word_1_874' title='bbox 3106 4890 3459 4960; x_wconf 90' lang='lat' dir='ltr'>corruptioni</span> <span class='ocrx_word' id='word_1_875' title='bbox 3479 4892 3655 4962; x_wconf 89' lang='lat' dir='ltr'>subja-</span> 
     </span>
    </p>
   </div>
   <div class='ocr_carea' id='block_1_114' title="bbox 1960 4975 3656 5050">
    <p class='ocr_par' dir='ltr' id='par_1_114' title="bbox 1960 4975 3656 5050">
     <span class='ocr_line' id='line_1_114' title="bbox 1960 4975 3656 5050; baseline 0.001 -19"><span class='ocrx_word' id='word_1_876' title='bbox 1960 4982 2113 5031; x_wconf 88' lang='lat' dir='ltr'>ceret</span> <span class='ocrx_word' id='word_1_877' title='bbox 2140 4980 2197 5031; x_wconf 93' lang='lat' dir='ltr'>et</span> <span class='ocrx_word' id='word_1_878' title='bbox 2215 4976 2418 5031; x_wconf 88' lang='lat' dir='ltr'>morti:</span> <span class='ocrx_word' id='word_1_879' title='bbox 2441 4975 2595 5046; x_wconf 91' lang='lat' dir='ltr'>quod</span> <span class='ocrx_word' id='word_1_880' title='bbox 2624 4980 2816 5029; x_wconf 90' lang='lat' dir='ltr'>tamen</span> <span class='ocrx_word' id='word_1_881' title='bbox 2845 4976 3018 5030; x_wconf 88' lang='lat' dir='ltr'>habet</span> <span class='ocrx_word' id='word_1_882' title='bbox 3042 4976 3128 5030; x_wconf 92' lang='lat' dir='ltr'>sui</span> <span class='ocrx_word' id='word_1_883' title='bbox 3150 4978 3375 5047; x_wconf 89' lang='lat' dir='ltr'>generis</span> <span class='ocrx_word' id='word_1_884' title='bbox 3406 4979 3656 5050; x_wconf 87' lang='lat' dir='ltr'>pulchri-</span> 
     </span>
    </p>
   </div>
   <div class='ocr_carea' id='block_1_115' title="bbox 1959 5062 3655 5134">
    <p class='ocr_par' dir='ltr' id='par_1_115' title="bbox 1959 5062 3655 5134">
     <span class='ocr_line' id='line_1_115' title="bbox 1959 5062 3655 5134; baseline 0.001 -14"><span class='ocrx_word' id='word_1_885' title='bbox 1959 5065 2243 5131; x_wconf 90' lang='lat' dir='ltr'>tudinem,</span> <span class='ocrx_word' id='word_1_886' title='bbox 2271 5069 2327 5121; x_wconf 91' lang='lat' dir='ltr'>et</span> <span class='ocrx_word' id='word_1_887' title='bbox 2356 5080 2422 5118; x_wconf 92' lang='lat' dir='ltr'>eo</span> <span class='ocrx_word' id='word_1_888' title='bbox 2452 5065 2574 5134; x_wconf 90' lang='lat' dir='ltr'>ipso</span> <span class='ocrx_word' id='word_1_889' title='bbox 2603 5062 2941 5134; x_wconf 89' lang='lat' dir='ltr'>dignitatem</span> <span class='ocrx_word' id='word_1_890' title='bbox 2972 5065 3179 5119; x_wconf 67' lang='lat' dir='ltr'>anima:</span> <span class='ocrx_word' id='word_1_891' title='bbox 3210 5066 3345 5121; x_wconf 90' lang='lat' dir='ltr'>satis</span> <span class='ocrx_word' id='word_1_892' title='bbox 3366 5083 3655 5121; x_wconf 90' lang='lat' dir='ltr'>commen-</span> 
     </span>
    </p>
   </div>
   <div class='ocr_carea' id='block_1_116' title="bbox 1962 5152 3659 5225">
    <p class='ocr_par' dir='ltr' id='par_1_116' title="bbox 1962 5152 3659 5225">
     <span class='ocr_line' id='line_1_116' title="bbox 1962 5152 3659 5225; baseline -0.001 -16"><span class='ocrx_word' id='word_1_893' title='bbox 1962 5154 2074 5220; x_wconf 90' lang='lat' dir='ltr'>dat,</span> <span class='ocrx_word' id='word_1_894' title='bbox 2110 5154 2270 5225; x_wconf 89' lang='lat' dir='ltr'>cujus</span> <span class='ocrx_word' id='word_1_895' title='bbox 2297 5168 2405 5207; x_wconf 92' lang='lat' dir='ltr'>nec</span> <span class='ocrx_word' id='word_1_896' title='bbox 2434 5153 2622 5223; x_wconf 91' lang='lat' dir='ltr'>plaga,</span> <span class='ocrx_word' id='word_1_897' title='bbox 2655 5167 2760 5206; x_wconf 89' lang='lat' dir='ltr'>nec</span> <span class='ocrx_word' id='word_1_898' title='bbox 2774 5152 3007 5208; x_wconf 89' lang='lat' dir='ltr'>morbus</span> <span class='ocrx_word' id='word_1_899' title='bbox 3028 5154 3151 5209; x_wconf 91' lang='lat' dir='ltr'>sine</span> <span class='ocrx_word' id='word_1_900' title='bbox 3177 5154 3394 5209; x_wconf 90' lang='lat' dir='ltr'>honore</span> <span class='ocrx_word' id='word_1_901' title='bbox 3419 5154 3659 5224; x_wconf 86' lang='lat' dir='ltr'>alicujus</span> 
     </span>
    </p>
   </div>
   <div class='ocr_carea' id='block_1_117' title="bbox 1962 5241 3659 5315">
    <p class='ocr_par' dir='ltr' id='par_1_117' title="bbox 1962 5241 3659 5315">
     <span class='ocr_line' id='line_1_117' title="bbox 1962 5241 3659 5315; baseline -0.002 -17"><span class='ocrx_word' id='word_1_902' title='bbox 1962 5243 2180 5299; x_wconf 91' lang='lat' dir='ltr'>decoris</span> <span class='ocrx_word' id='word_1_903' title='bbox 2193 5242 2406 5297; x_wconf 89' lang='lat' dir='ltr'>meruit</span> <span class='ocrx_word' id='word_1_904' title='bbox 2421 5258 2560 5296; x_wconf 89' lang='lat' dir='ltr'>esse.</span> <span class='ocrx_word' id='word_1_905' title='bbox 2596 5241 2778 5305; x_wconf 88' lang='lat' dir='ltr'>Quam</span> <span class='ocrx_word' id='word_1_906' title='bbox 2802 5242 3033 5315; x_wconf 89' lang='lat' dir='ltr'>plagam</span> <span class='ocrx_word' id='word_1_907' title='bbox 3064 5259 3285 5297; x_wconf 89' lang='lat' dir='ltr'>summa</span> <span class='ocrx_word' id='word_1_908' title='bbox 3312 5243 3410 5296; x_wconf 92' lang='lat' dir='ltr'>Dei</span> <span class='ocrx_word' id='word_1_909' title='bbox 3423 5242 3659 5312; x_wconf 91' lang='lat' dir='ltr'>Sapien-</span> 
     </span>
    </p>
   </div>
   <div class='ocr_carea' id='block_1_118' title="bbox 1962 5330 3662 5402">
    <p class='ocr_par' dir='ltr' id='par_1_118' title="bbox 1962 5330 3662 5402">
     <span class='ocr_line' id='line_1_118' title="bbox 1962 5330 3662 5402; baseline -0.001 -16"><span class='ocrx_word' id='word_1_910' title='bbox 1962 5332 2063 5398; x_wconf 89' lang='lat' dir='ltr'>tia,</span> <span class='ocrx_word' id='word_1_911' title='bbox 2099 5330 2349 5385; x_wconf 88' lang='lat' dir='ltr'>mirabili</span> <span class='ocrx_word' id='word_1_912' title='bbox 2378 5334 2434 5384; x_wconf 87' lang='lat' dir='ltr'>et</span> <span class='ocrx_word' id='word_1_913' title='bbox 2461 5330 2739 5385; x_wconf 82' lang='lat' dir='ltr'>ineffabili</span> <span class='ocrx_word' id='word_1_914' title='bbox 2773 5337 3127 5387; x_wconf 90' lang='lat' dir='ltr'>sacramento</span> <span class='ocrx_word' id='word_1_915' title='bbox 3157 5332 3389 5402; x_wconf 88' lang='lat' dir='ltr'>dignata</span> <span class='ocrx_word' id='word_1_916' title='bbox 3404 5334 3487 5384; x_wconf 93' lang='lat' dir='ltr'>est</span> <span class='ocrx_word' id='word_1_917' title='bbox 3510 5346 3662 5385; x_wconf 90' lang='lat' dir='ltr'>assu-</span> 
     </span>
    </p>
   </div>
   <div class='ocr_carea' id='block_1_119' title="bbox 1964 5420 3663 5494">
    <p class='ocr_par' dir='ltr' id='par_1_119' title="bbox 1964 5420 3663 5494">
     <span class='ocr_line' id='line_1_119' title="bbox 1964 5420 3663 5494; baseline -0.001 -17"><span class='ocrx_word' id='word_1_918' title='bbox 1964 5438 2144 5489; x_wconf 90' lang='lat' dir='ltr'>mere,</span> <span class='ocrx_word' id='word_1_919' title='bbox 2177 5437 2308 5475; x_wconf 92' lang='lat' dir='ltr'>cum</span> <span class='ocrx_word' id='word_1_920' title='bbox 2336 5420 2631 5475; x_wconf 90' lang='lat' dir='ltr'>hominem</span> <span class='ocrx_word' id='word_1_921' title='bbox 2645 5420 2767 5476; x_wconf 86' lang='lat' dir='ltr'>sine</span> <span class='ocrx_word' id='word_1_922' title='bbox 2791 5428 3176 5494; x_wconf 88' lang='lat' dir='ltr'>peccato,non</span> <span class='ocrx_word' id='word_1_923' title='bbox 3206 5420 3327 5474; x_wconf 90' lang='lat' dir='ltr'>sine</span> <span class='ocrx_word' id='word_1_924' title='bbox 3350 5421 3663 5491; x_wconf 91' lang='lat' dir='ltr'>peccatoris</span> 
     </span>
    </p>
   </div>
   <div class='ocr_carea' id='block_1_120' title="bbox 1967 5508 3664 5581">
    <p class='ocr_par' dir='ltr' id='par_1_120' title="bbox 1967 5508 3664 5581">
     <span class='ocr_line' id='line_1_120' title="bbox 1967 5508 3664 5581; baseline -0.002 -16"><span class='ocrx_word' id='word_1_925' title='bbox 1967 5510 2293 5565; x_wconf 88' lang='lat' dir='ltr'>conditione</span> <span class='ocrx_word' id='word_1_926' title='bbox 2345 5509 2613 5581; x_wconf 87' lang='lat' dir='ltr'>suscepit.</span> <span class='ocrx_word' id='word_1_927' title='bbox 2656 5511 2799 5565; x_wconf 84' lang='lat' dir='ltr'>Nam</span> <span class='ocrx_word' id='word_1_928' title='bbox 2830 5513 2885 5565; x_wconf 89' lang='lat' dir='ltr'>et</span> <span class='ocrx_word' id='word_1_929' title='bbox 2914 5511 3069 5565; x_wconf 91' lang='lat' dir='ltr'>nasci</span> <span class='ocrx_word' id='word_1_930' title='bbox 3096 5508 3441 5571; x_wconf 82' lang='lat' dir='ltr'>humanitus,</span> <span class='ocrx_word' id='word_1_931' title='bbox 3471 5513 3529 5563; x_wconf 89' lang='lat' dir='ltr'>et</span> <span class='ocrx_word' id='word_1_932' title='bbox 3545 5508 3664 5578; x_wconf 91' lang='lat' dir='ltr'>pati</span> 
     </span>
    </p>
   </div>
   <div class='ocr_carea' id='block_1_121' title="bbox 1970 5595 3664 5663">
    <p class='ocr_par' dir='ltr' id='par_1_121' title="bbox 1970 5595 3664 5663">
     <span class='ocr_line' id='line_1_121' title="bbox 1970 5595 3664 5663; baseline -0.001 -12"><span class='ocrx_word' id='word_1_933' title='bbox 1970 5600 2026 5651; x_wconf 90' lang='lat' dir='ltr'>et</span> <span class='ocrx_word' id='word_1_934' title='bbox 2054 5596 2202 5651; x_wconf 90' lang='lat' dir='ltr'>mori</span> <span class='ocrx_word' id='word_1_935' title='bbox 2233 5596 2433 5651; x_wconf 89' lang='lat' dir='ltr'>voluit.</span> <span class='ocrx_word' id='word_1_936' title='bbox 2468 5595 2618 5650; x_wconf 88' lang='lat' dir='ltr'>Nihil</span> <span class='ocrx_word' id='word_1_937' title='bbox 2649 5597 2854 5651; x_wconf 89' lang='lat' dir='ltr'>horum</span> <span class='ocrx_word' id='word_1_938' title='bbox 2885 5596 3111 5663; x_wconf 89' lang='lat' dir='ltr'>merito,</span> <span class='ocrx_word' id='word_1_939' title='bbox 3141 5596 3236 5649; x_wconf 82' lang='lat' dir='ltr'>sed</span> <span class='ocrx_word' id='word_1_940' title='bbox 3267 5596 3664 5651; x_wconf 83' lang='lat' dir='ltr'>excellentissi-</span> 
     </span>
    </p>
   </div>
  </div>
