4098 6182
435 337 566 387 1167

430 473 524 510 ma
552 455 804 510 bonitate
829 472 842 520 ;
869 459 929 509 ut
949 471 1046 508 nos
1065 469 1392 508 caveremus
1424 451 1607 521 magis
1629 450 1977 522 superbiam,
2010 467 2123 520 qua

429 543 762 614 dignissime
792 543 852 595 in
885 544 991 596 ista
1016 543 1342 606 cecidimus,
1376 557 1548 610 quam
1581 540 1953 593 contumelias
1984 556 2126 609 quas

431 633 702 702 indignus
729 633 973 700 excepit;
994 631 1253 684 etanimo
1283 645 1448 699 aequo
1472 634 1717 682 mortem
1741 628 1990 682 debitam
2011 628 2125 680 sol-

430 721 771 788 veremus,si
800 724 1036 789 propter
1061 735 1164 772 nos
1186 718 1377 789 potuit
1407 718 1580 771 etiam
1611 717 1928 771 indebitam
1957 715 2124 770 susti-

431 826 602 873 nere;
637 814 691 862 et
720 807 997 877 quidquid
1045 808 1313 861 secretius
1358 811 1529 876 atque
1580 805 1877 876 purgatius
1929 805 1989 858 in
2029 804 2129 858 tali

431 901 783 950 sacramento
822 913 854 948 a
910 895 1117 949 sanctis
1169 901 1224 948 et
1268 895 1601 948 melioribus
1651 893 1895 963 intelligi
1925 897 2124 963 potest.

431 988 574 1055 Ergo
605 984 855 1038 animam
881 984 938 1037 in
965 1000 1133 1038 carne
1163 984 1391 1038 mortali
1418 987 1772 1053 operantem,
1805 981 2128 1052 passionem

429 1089 732 1143 corporum
757 1071 967 1126 sentire
1001 1089 1118 1126 non
1151 1072 1363 1125 mirum
1401 1078 1506 1126 est.
1542 1073 1652 1125 Nec
1695 1071 1831 1141 quia
1869 1070 1993 1139 ipsa
2047 1073 2130 1122 est

428 1178 664 1232 corpore
697 1160 920 1225 melior,
954 1159 1159 1213 melius
1191 1159 1508 1229 putandum
1539 1163 1624 1213 est
1656 1174 1826 1212 omne
1867 1156 2019 1227 quod
2068 1156 2128 1210 in

428 1267 495 1304 ea
523 1250 605 1316 ﬁt,
639 1265 812 1320 quam
846 1264 1016 1301 omne
1048 1248 1199 1318 quod
1235 1248 1302 1301 ﬁt
1329 1248 1388 1301 in
1433 1263 1688 1316 corpore.
1747 1246 1926 1299 Credo
1972 1244 2126 1298 enim

428 1338 532 1392 tibi
557 1337 735 1391 videri
781 1352 977 1389 verum
1009 1335 1146 1389 falso
1196 1351 1315 1388 esse
1360 1335 1834 1405 praeponendum.
1869 1338 1940 1389 D.
1992 1333 2126 1396 Quis

429 1425 815 1479 dubitaverit?
846 1425 927 1477 Μ.
966 1425 1115 1476 Num
1145 1439 1276 1476 vero
1303 1428 1386 1476 est
1433 1423 1604 1477 arbor
1648 1439 1818 1492 quam
1867 1422 2126 1475 videmus

430 1516 490 1567 in
521 1514 736 1567 somnis
755 1512 781 1564 ?
809 1515 872 1565 D.
893 1512 1058 1565 Nullo
1075 1512 1264 1565 modo.
1282 1513 1366 1565 Μ.
1391 1515 1462 1564 At
1489 1513 1610 1578 ejus
1641 1512 1821 1564 forma
1842 1510 1902 1564 in
1933 1511 2126 1564 anima

429 1605 510 1668 ﬁt,
567 1602 736 1671 hujus
766 1605 976 1665 autem,
1029 1616 1201 1670 quam
1256 1615 1408 1652 nunc
1452 1600 1728 1664 videmus,
1779 1598 1839 1651 in
1889 1614 2124 1668 corpore

428 1693 572 1744 facta
602 1695 702 1744 est.
737 1689 920 1752 Quare
943 1704 1073 1740 cum
1105 1692 1160 1741 et
1190 1703 1387 1740 verum
1408 1687 1570 1752 falso,
1594 1691 1649 1740 et
1670 1687 1859 1740 anima
1889 1702 2125 1754 corpore

428 1779 630 1832 melior
660 1777 749 1842 sit,
783 1793 980 1830 verum
1011 1776 1073 1829 in
1101 1792 1337 1845 corpore
1378 1776 1580 1828 melius
1609 1781 1694 1828 est
1725 1791 1896 1845 quam
1919 1775 2123 1828 falsum

427 1867 486 1920 in
517 1866 728 1920 anima.
763 1865 872 1918 Sed
887 1864 1064 1918 uthoc
1093 1863 1152 1917 in
1183 1868 1462 1933 quantum
1484 1878 1840 1928 verum,non
1853 1863 1913 1915 in
1942 1879 2123 1933 quan-

426 1961 549 2009 tum
583 1954 641 2008 in
669 1969 904 2024 corpore
928 1953 1012 2019 ﬁt,
1036 1953 1237 2005 melius
1256 1956 1338 2005 est
1366 1969 1378 2018 ;
1404 1952 1483 2004 ita
1501 1951 1640 2005 illud
1660 1951 1719 2004 in
1735 1951 2127 2022 quantumfal-

431 2061 577 2110 sum,
611 2059 729 2096 non
757 2042 816 2095 in
846 2045 1127 2112 quantum
1158 2041 1218 2093 in
1247 2040 1440 2094 anima
1469 2041 1548 2101 ﬁt,
1578 2041 1818 2093 fortasse
1847 2045 1933 2093 est
1969 2041 2124 2094 dete-

427 2134 564 2186 rius.
602 2130 871 2200 Nisiquid
890 2130 1063 2183 habes
1080 2130 1148 2183 ad
1181 2129 1318 2182 haec.
1337 2132 1402 2184 D.
1430 2128 1886 2198 Nihilequidem.
1910 2129 1995 2182 Μ.
2013 2131 2125 2182 Au-

429 2221 485 2274 di
500 2219 654 2272 aliud
669 2217 822 2288 quod
836 2218 926 2283 sit,
946 2222 1006 2269 ut
1026 2221 1184 2286 puto,
1200 2215 1439 2268 vicinius
1458 2231 1629 2285 quam
1647 2216 1851 2270 melius
1873 2217 1910 2269 ¹.
1929 2217 2122 2286 Neque

428 2308 581 2360 enim
612 2305 867 2373 negabis,
901 2306 1052 2374 quod
1085 2303 1245 2357 decet
1274 2320 1393 2356 esse
1425 2303 1649 2370 melius,
1679 2320 1853 2372 quam
1888 2304 1944 2358 id
1971 2305 2124 2374 quod

430 2412 545 2448 non
574 2395 754 2448 decet.
789 2396 853 2446 1).
889 2395 1009 2445 lmo
1055 2392 1256 2445 fateor.
1301 2394 1380 2445 Μ.
1413 2394 1484 2445 At
1514 2392 1573 2444 in
1595 2407 1708 2461 qua
1737 2396 1888 2445 veste
1919 2392 2122 2445 decens

431 2487 514 2534 est
546 2481 769 2546 mulier,
801 2479 1973 2549 ineademvirumindecentemesseposse,
1995 2481 2122 2550 quis

429 2569 728 2638 ambigat?
762 2571 823 2621 D.
857 2569 922 2620 Et
952 2567 1056 2620 hoc
1087 2567 1452 2620 manifestum
1475 2571 1574 2620 est.
1612 2569 1692 2620 M.
1729 2567 1876 2630 Quid
1905 2567 1952 2620 si
1984 2583 2119 2636 ergo

427 2659 608 2711 forma
637 2658 742 2709 ista
773 2672 1144 2708 numerorum
1179 2656 1337 2708 decet
1367 2655 1426 2708 in
1454 2656 1626 2721 sonis,
1659 2656 1756 2726 qui
1797 2656 2124 2710 allabuntur

427 2746 682 2811 auribus,
717 2749 771 2797 et
802 2743 1034 2797 dedecet
1064 2743 1125 2796 in
1157 2743 1368 2810 anima,
1401 2760 1530 2796 cum
1580 2761 1676 2797 eos
1715 2745 2009 2798 sentiendo
2059 2761 2121 2798 ac

425 2834 693 2904 patiendo
738 2834 927 2893 habet,
988 2848 1128 2885 num
1187 2848 1534 2901 magnopere
1602 2833 1929 2886 mirandum
1986 2834 2121 2886 est?

424 2927 487 2977 D.
525 2925 642 2976 Non
671 2922 892 2992 opinor.
926 2922 1011 2974 Μ.
1043 2921 1188 2983 Quid
1223 2937 1358 2991 ergo
1393 2921 1718 2974 dubitamus
1745 2927 2008 2975 sonantes
2023 2939 2122 2975 nu-

425 3028 612 3065 meros
641 3015 812 3080 atque
866 3025 1169 3079 corporcos
1211 3025 1551 3079 praeponere
1602 3009 1671 3061 iis
1720 3009 1819 3080 qui
1869 3011 1939 3064 ab
1983 3011 2120 3081 ipsis

427 3101 592 3162 ﬁunt,
625 3097 883 3167 quamvis
913 3097 972 3150 in
1023 3097 1214 3149 anima
1252 3096 1414 3161 ﬁant,
1453 3114 1581 3167 quae
1613 3114 1849 3168 corpore
1893 3103 1978 3152 est
2005 3115 2120 3152 me-

424 3186 580 3239 lior?
601 3185 737 3254 quia
766 3200 1036 3238 numeros
1066 3184 1342 3250 numeris,
1394 3185 1704 3239 efﬁcientes
1742 3187 1903 3239 factis
1928 3184 1971 3252 ²,
2005 3203 2119 3240 non

425 3289 628 3342 corpus
658 3271 864 3326 animm
904 3271 1309 3341 praeponimus.
1345 3274 1594 3342 Corpora
1626 3273 1779 3327 enim
1811 3279 1968 3327 tanto
1999 3291 2118 3328 me-

422 3362 568 3415 liora
585 3366 735 3427 sunt,
765 3366 978 3430 quanto
993 3360 1385 3414 numerosiora
1399 3360 1607 3414 talibus
1620 3362 1896 3417 numeris.
1913 3363 2119 3416 Anima

423 3467 556 3504 vero
589 3450 708 3503 istis
739 3466 867 3520 quae
899 3465 1002 3518 per
1029 3465 1234 3518 corpus
1260 3449 1454 3519 acipit,
1500 3451 1744 3504 carendo
1791 3451 1855 3503 ﬁt
1892 3452 2114 3519 melior,

424 3554 555 3592 eum
576 3554 698 3592 sese
724 3536 926 3591 avertit
955 3555 988 3589 a
1023 3537 1344 3590 carnalibus
1379 3537 1658 3600 sensibus,
1692 3542 1748 3590 et
1793 3537 1998 3590 divinis
2029 3555 2115 3592 sa-

423 3627 653 3696 pientiae
667 3626 922 3680 numeris
945 3624 1400 3696 reformatur(a).
1430 3627 1512 3679 Ita
1541 3626 1755 3696 quippe
1786 3625 1847 3678 in
1873 3625 2117 3696 Scriptu-

423 3717 501 3769 ris
531 3716 738 3769 sanctis
768 3715 1004 3768 dicitur:
1041 3717 1335 3770 Circumivi
1363 3731 1472 3780 ego,
1499 3721 1557 3768 ut
1581 3717 1772 3768 scirem
1799 3720 1848 3768 et
1868 3716 2116 3770 conside-

423 3819 601 3856 rarem
631 3808 679 3855 et
709 3818 998 3869 quaererem
1027 3805 1354 3870 sapientiam
1374 3808 1423 3855 et
1467 3819 1745 3856 numerum
1785 3805 1977 3871 (Ecclc.
2018 3823 2110 3872 vu,

422 3892 531 3957 26).
563 3889 723 3952 Quod
746 3889 900 3941 nullo
934 3889 1100 3942 modo
1127 3889 1524 3943 arbitrandum
1556 3895 1638 3943 est
1679 3893 1748 3944 de
1776 3891 1864 3944 his
1919 3908 2116 3945 nume-

424 3977 500 4029 ris
529 3975 765 4042 dictum,
789 3976 995 4046 quibus
1009 3976 1181 4030 etiam
1204 3977 1490 4047 flagitiosa
1518 3977 1737 4031 theatra
1764 3985 2110 4048 personant:

423 4065 518 4118 sed
548 4065 616 4119 de
644 4064 776 4131 illis,
795 4065 984 4130 credo,
1009 4081 1150 4135 quos
1181 4081 1297 4119 non
1325 4082 1357 4118 a
1386 4081 1624 4136 corpore
1655 4067 1858 4137 accipit
1901 4069 2110 4135 anima,

423 4154 521 4206 sed
543 4157 800 4224 acceptos
835 4169 864 4205 a
896 4169 1118 4206 summo
1160 4155 1272 4206 Deo
1301 4153 1422 4224 ipsa
1456 4154 1647 4224 potius
1689 4155 1970 4226 imprimit
1989 4174 2113 4211 cor-

420 4240 568 4309 pori.
601 4240 762 4303 Quod
785 4241 951 4310 quale
982 4239 1072 4309 sit,
1098 4257 1211 4294 non
1243 4242 1347 4295 hoc
1378 4243 1498 4296 loco
1512 4246 1596 4295 est
1612 4243 2110 4298 considerandum.

421 4365 644 4417 CAPUT
667 4365 726 4416 V.
750 4393 816 4401 —-
839 4364 1041 4417 Anima
1079 4380 1149 4416 an
1172 4380 1205 4416 a
1222 4379 1438 4432 corpore
1472 4367 1744 4434 patiatur,
1769 4370 1820 4420 et
1852 4368 2113 4434 quo-modo

1151 4456 1366 4506 sentiat.

491 4582 543 4632 8.
577 4578 981 4631 Verumtamen
1027 4592 1096 4630 ne
1160 4576 1301 4630 illud
1347 4581 1628 4645 occurrat,
1673 4576 1889 4631 arboris
1937 4578 2109 4633 vitam

422 4666 715 4719 meliorem
749 4682 869 4718 esse
899 4681 1071 4736 quam
1114 4669 1392 4730 nostram,
1426 4665 1700 4735 quoniam
1752 4681 1866 4718 non
1908 4665 2113 4733 accipit

420 4753 763 4808 sentiendoa
791 4770 1022 4823 corpore
1073 4769 1344 4807 numeros
1393 4753 1601 4821 (nullus
1641 4753 1796 4806 enim
1827 4753 1880 4806 ei
1913 4769 2111 4807 sensus

417 4845 520 4912 est)
553 4859 566 4908 ;
601 4841 904 4912 diligenter
931 4841 1404 4895 considerandum
1419 4846 1504 4894 est
1526 4845 1721 4893 utrum
1751 4857 1947 4893 revera
1968 4841 2110 4894 nihil

417 4931 490 4984 sit
521 4931 674 4984 aliud
702 4930 852 5000 quod
877 4930 1082 4984 dicitur
1103 4931 1318 4996 audire,
1352 4928 1460 4983 nisi
1489 4929 1703 4999 aliquid
1733 4946 1766 4982 a
1786 4945 2022 5000 corpore
2051 4930 2111 4982 in

414 5019 605 5072 anima
636 5019 775 5071 ﬁeri.
807 5018 908 5072 Sed
947 5017 1363 5088 perabsurdum
1391 5021 1474 5071 est
1526 5016 1851 5070 fabricatori
1884 5017 2108 5086 corpori

414 5107 710 5160 materiam
741 5123 972 5176 quoquo
1002 5107 1167 5160 modo
1203 5105 1454 5160 animam
1489 5105 1751 5159 subdere.
1804 5106 2110 5176 Nunquam

413 5196 565 5248 enim
599 5196 792 5248 anima
819 5201 903 5249 est
940 5211 1174 5264 corpore
1215 5195 1499 5261 deterior;
1547 5198 1602 5248 et
1635 5195 1824 5248 omnis
1871 5194 2113 5248 materia

412 5285 745 5338 fabricatore
775 5285 1040 5338 deterior.
1109 5284 1274 5337 Nullo
1333 5284 1502 5338 modo
1555 5283 1734 5353 igitur
1790 5283 1979 5337 anima
2027 5283 2108 5336 fa-

477 5441 486 5471 ¹
525 5436 692 5484 Editi:
729 5438 787 5484 τί
815 5438 949 5498 puto
976 5436 1218 5483 vicinius.
1242 5436 1423 5497 Neque
1455 5437 1595 5484 enim
1640 5434 1875 5495 negabis;
1915 5434 2109 5483 omisso

408 5519 565 5569 quam
590 5505 796 5562 melius,
824 5506 962 5567 quod
990 5519 1050 5553 ex
1084 5505 1200 5551 Mss.
1233 5505 1574 5553 restituimus.

510 5578 663 5623 Juxta
697 5577 788 5623 Ms.
820 5577 894 5624 A:
927 5579 992 5624 EI
1011 5575 1268 5637 [(ιινίριιίρς
1290 5573 1464 5636 fartis.
1517 5576 1582 5621 Μ.

1741 327 1836 381 DE
1874 326 2156 391 MUSICA,
2199 325 2252 380 S.
2296 324 2675 380 AUGUSTINI

3814 332 3953 383 1168

2237 448 2507 503 bricatori
2569 448 2794 518 corpori
2841 453 2926 502 est
2981 449 3236 519 subjecta
3283 450 3570 504 materies.
3631 453 3792 506 Esset
3859 470 3955 506 au-

2240 541 2377 603 tem,
2412 538 2458 590 si
2496 537 2718 607 aliquos
2781 537 2841 590 in
2890 553 2957 590 ea
3012 553 3287 592 numeros
3337 555 3544 610 corpus
3582 546 3951 610 operaretur.

2238 628 2365 680 Non
2381 643 2539 696 ergo,
2567 642 2698 680 cum
2730 626 3016 690 audimus,
3051 627 3199 679 ﬁunt
3218 627 3278 680 in
3308 627 3501 680 anima
3529 629 3756 682 numeri
3779 629 3857 682 ab
3891 630 3958 682 iis

2239 731 2382 785 quos
2407 715 2466 768 in
2497 715 2650 768 sonis
2683 715 3198 784 cognoscimus.An
3225 715 3438 785 aliquid
3460 717 3652 770 renuis
3673 718 3783 771 ?D.
3806 719 3956 781 Quid

2238 807 2324 856 est
2350 819 2486 874 ergo
2517 803 2669 874 quod
2694 803 2754 855 in
2784 803 3051 857 audiente
3080 803 3363 874 contingit
3389 805 3419 857 ?
3446 806 3532 858 Μ.
3562 805 3866 876 Quidquid
3899 808 3960 859 il-

2238 892 2335 945 lud
2365 892 2439 945 sit
2467 892 2621 961 quod
2651 891 2887 945 fortasse
2916 891 3178 946 invenire
3216 898 3316 946 aut
3347 893 3629 963 explicare
3664 910 3788 947 non
3819 909 3957 964 pos-

2239 996 2456 1049 sumus,
2488 995 2626 1032 num
2659 979 2727 1033 ad
2757 979 2862 1033 hoc
2889 979 3121 1046 valebit,
3152 983 3216 1034 ut
3245 980 3502 1034 animam
3540 997 3782 1052 corpore
3833 999 3959 1036 me-

2237 1068 2439 1121 liorem
2459 1084 2578 1122 esse
2610 1067 2982 1122 dubitemus?
3022 1071 3136 1122 Aut
3163 1085 3296 1122 cum
3343 1069 3452 1123 hoc
3481 1069 3751 1133 fatemur,
3791 1077 3958 1141 pote-

2237 1156 2492 1210 rimusne
2523 1155 2784 1226 operanti
2814 1156 3041 1226 corpori
3072 1161 3130 1210 et
3156 1173 3429 1211 numeros
3461 1157 3794 1228 imponenti
3828 1176 3958 1214 eam

2237 1245 2508 1310 subdere;
2540 1249 2604 1298 ut
2644 1244 2784 1298 illud
2835 1245 2908 1298 sit
2950 1244 3252 1311 fabricans,
3295 1245 3420 1299 haec
3449 1250 3644 1299 autem
3675 1249 3958 1300 materies

2237 1333 2306 1386 de
2329 1349 2444 1402 qua
2471 1337 2526 1386 et
2553 1333 2614 1385 in
2639 1349 2752 1403 qua
2781 1349 3155 1388 numerosum
3179 1333 3392 1404 aliquid
3420 1333 3770 1388 fabricetur?
3786 1335 3956 1398 Quod

2235 1420 2281 1473 si
2306 1421 2611 1486 credimus,
2653 1421 2996 1476 deteriorem
3028 1422 3187 1476 illam
3216 1422 3512 1476 credamus
3553 1439 3790 1476 necesse
3847 1430 3954 1477 est.

2235 1510 2356 1573 Quo
2395 1509 2533 1580 quid
2569 1509 2853 1565 miserius.
2885 1511 3022 1580 quid
3063 1510 3452 1565 detestabilius
3501 1511 3653 1566 credi
3703 1512 3960 1581 potest?

2235 1599 2369 1661 Qum
2409 1615 2540 1652 cum
2570 1599 2649 1652 ita
2679 1598 2814 1666 sint,
2845 1600 3098 1652 conabor
3126 1599 3449 1669 equidem‘,
3475 1604 3759 1670 quantum
3798 1602 3960 1654 Deus

2236 1683 2503 1752 adjuvare
2532 1684 2884 1754 dignabitur,
2909 1685 3180 1755 quidnam
3201 1685 3283 1739 ibi
3312 1686 3488 1739 lateat
3515 1685 3851 1755 conjectare
3876 1693 3959 1738 at-

2235 1787 2343 1842 que
2375 1772 2673 1826 disserere.
2706 1772 2812 1825 Sed
2843 1772 2890 1825 si
2915 1773 3024 1826 hoc
3051 1778 3284 1844 prOpter
3339 1773 3635 1844 utriusque
3662 1779 3775 1827 aut
3809 1775 3960 1828 alte-

2233 1859 2352 1912 rius
2383 1866 2642 1913 nostrum
2674 1859 3066 1914 inﬁrmitatem
3098 1863 3289 1914 minus
3334 1877 3440 1931 pro
3481 1862 3782 1916 voluntate
3818 1880 3954 1916 suc-

2233 1947 2484 2014 cesserit,
2515 1949 2600 2000 vel
2615 1947 2838 2018 nosipsi
2860 1948 2999 2002 alias
3017 1949 3333 2003 sereniores
3354 1950 3410 2003 id
3432 1949 3956 2020 investigabimus,

2232 2035 2874 2106 velintelligentioribus
2895 2036 3290 2107 investiganda
3301 2037 3644 2102 deferemus,
3664 2040 3754 2092 vel
3773 2056 3957 2110 aequo

2233 2123 2426 2177 animo
2454 2125 2630 2178 latere
2659 2125 2944 2194 patiemur
2969 2141 2982 2178 :
3013 2141 3126 2178 non
3149 2131 3344 2180 tamen
3375 2126 3500 2180 ideo
3530 2125 3638 2180 ista
3685 2129 3956 2181 certiora

2234 2210 2302 2264 de
2333 2211 2598 2265 manibus
2627 2213 2900 2267 debemus
2929 2213 3209 2268 amittere'
3240 2217 3304 2268 D.
3351 2214 3577 2268 Tenebo
3629 2215 3792 2268 istud
3860 2217 3956 2270 in—

2236 2316 2571 2354 concussum
2626 2300 2674 2354 si
2702 2305 2929 2372 potero,
2959 2310 3015 2356 et
3044 2307 3239 2356 tamen
3274 2303 3548 2357 latebram
3597 2303 3775 2357 istam
3833 2322 3956 2360 non

2234 2405 2355 2441 esse
2381 2388 2879 2458 impenetrabilem
2909 2390 3075 2444 nobis
3098 2391 3291 2445 velim.

2304 2481 2354 2529 9.
2389 2479 2460 2530 M.
2487 2477 2606 2530 Cito
2633 2477 2816 2531 dicam
2847 2478 2982 2548 quid
3015 2479 3196 2533 sentio
3223 2497 3235 2533 :
3262 2486 3325 2533 tu
3370 2496 3499 2534 vero
3531 2487 3631 2535 aut
3673 2499 3953 2552 sequere.

2233 2569 2330 2616 aut
2361 2564 2534 2618 etiam
2559 2566 2837 2635 praecede,
2861 2566 2906 2619 si
2939 2567 3170 2637 valebis,
3205 2569 3303 2622 ubi
3325 2583 3415 2622 me
3445 2571 3703 2623 cunctari
3736 2577 3800 2623 et
3831 2572 3952 2624 hae-

2231 2651 2400 2705 sitare
2431 2653 2916 2709 animadverteris.
2952 2656 3066 2725 Ego
3087 2656 3241 2710 enim
3264 2655 3334 2710 ab
3365 2657 3558 2710 anima
3590 2659 3699 2710 hoc
3720 2675 3948 2730 corpus

2232 2740 2474 2794 animari
2502 2757 2616 2795 non
2663 2748 2822 2812 puto,
2869 2744 2978 2796 nisi
3015 2745 3329 2798 intentione
3377 2745 3653 2799 facientis.
3712 2748 3835 2800 Nec
3875 2750 3952 2800 ab

2227 2828 2841 2900 istoquidquamillam
2874 2832 2991 2901 pati
3018 2833 3283 2896 arbitror,
3311 2835 3405 2886 sed
3435 2833 3617 2887 facere
3651 2834 3720 2888 de
3757 2835 3861 2888 illo
3893 2844 3953 2889 et

2230 2916 2289 2970 in
2319 2917 2418 2970 illo
2445 2924 2719 2990 tanquam
2745 2921 2999 2988 subjecto
3047 2921 3318 2974 divinitus
3366 2921 3747 2975 dominationi
3785 2940 3905 2976 suae
3932 2942 3944 2975 :

2229 3005 2536 3076 aliquando
2568 3013 2760 3061 tamen
2789 3025 2917 3061 cum
2951 3007 3238 3074 facilitate,
3275 3009 3581 3079 aliquando
3612 3026 3750 3063 cum
3785 3011 3947 3063 difﬁ-

2230 3096 2435 3148 cultate
2467 3096 2712 3166 operari,
2747 3101 2964 3166 quanto
2985 3113 3089 3166 pro
3119 3098 3245 3167 ejus
3270 3097 3487 3151 meritis
3505 3099 3692 3169 magis
3714 3099 3948 3154 minus-

2228 3199 2293 3236 ve
2320 3183 2402 3237 illi
2421 3184 2571 3238 cedit
2598 3189 2802 3238 natura
2832 3201 3126 3255 corporea.
3158 3185 3486 3256 Corporalia
3499 3203 3637 3256 ergo
3650 3204 3949 3258 quaecum-

2229 3287 2341 3341 que
2371 3273 2503 3326 huic
2529 3273 2754 3343 corpori
2785 3273 3128 3342 ingeruntur
3155 3278 3253 3328 aut
3279 3272 3632 3342 objiciuntur
3663 3278 3948 3331 extrinse-

2229 3375 2348 3425 cus,
2380 3377 2496 3414 non
2526 3361 2586 3414 in
2599 3362 2810 3429 anima,
2835 3362 2933 3415 sed
2957 3362 3017 3416 in
3046 3362 3171 3433 ipso
3195 3379 3430 3431 corpore
3462 3364 3683 3434 aliquid
3699 3365 3941 3431 faciunt,

2228 3449 2380 3518 quod
2407 3449 2568 3519 operi
2592 3450 2715 3519 ejus
2737 3455 2835 3504 aut
2864 3450 3210 3518 adversetur,
3260 3456 3358 3505 aut
3405 3458 3702 3521 congruat.
3776 3455 3943 3507 Ideo—

2229 3552 2340 3606 que
2366 3553 2495 3590 cum
2524 3538 2794 3592 renititur
2831 3539 3174 3604 adversanti,
3227 3544 3284 3593 et
3330 3540 3632 3593 materiam
3669 3541 3782 3595 sibi
3817 3545 3938 3596 sul»—

2219 3625 2427 3694 jectam
2458 3626 2518 3678 in
2547 3626 2734 3696 operis
2777 3626 2866 3680 sui
2909 3628 3027 3680 vias
3058 3627 3364 3682 difﬁculter
3414 3628 3710 3698 impingit,
3759 3631 3827 3685 ﬁt
3859 3641 3938 3685 at-

2224 3709 2435 3762 tentior
2485 3726 2552 3763 ex
2584 3709 2916 3764 difﬁcultate
2951 3710 3008 3764 in
3056 3712 3384 3779 actionem;
3427 3729 3557 3783 qua:
3611 3714 3929 3769 difﬁcultas

2225 3803 2460 3867 propter
2497 3799 2888 3865 attentionem,
2922 3816 3052 3854 cum
3084 3817 3212 3854 eam
3243 3817 3361 3854 non
3391 3801 3552 3868 latet,
3603 3805 3829 3857 sentire
3859 3805 3932 3858 di-

2224 3885 2390 3952 citur,
2419 3890 2474 3939 et
2504 3886 2609 3939 hoc
2637 3892 2868 3940 vocatur
2897 3887 3063 3941 dolor
3079 3889 3371 3944 autlabor.
3402 3890 3544 3944 Cum
3567 3896 3776 3945 autem
3811 3911 3932 3946 cou-

2224 3975 2380 4044 gruit
2407 3975 2559 4046 quod
2589 3975 2854 4042 infertur,
2912 3980 3011 4031 aut
3037 3977 3278 4047 adjacet,
3312 3977 3472 4031 facile
3513 3983 3709 4034 totum
3745 3982 3806 4035 id
3861 3985 3932 4034 vel

2225 4078 2293 4116 ex
2313 4079 2380 4116 eo
2407 4068 2688 4134 quantum
2705 4081 2848 4135 opus
2865 4069 2968 4131 est,
2999 4065 3058 4118 in
3089 4065 3179 4120 sui
3208 4065 3397 4136 Operis
3419 4066 3630 4120 itinera
3661 4071 3929 4124 traducit.

2227 4153 2290 4204 Et
2321 4151 2428 4205 ista
2479 4152 2600 4221 ejus
2629 4153 2775 4206 actio
2805 4170 2918 4224 qua
2948 4169 3116 4207 suum
3167 4169 3376 4224 corpus
3421 4156 3805 4211 convenienti
3854 4175 3934 4211 er-

2221 4240 2499 4295 trinsecus
2518 4242 2743 4307 corpori
2765 4242 3050 4312 adjungit,
3084 4242 3359 4313 quoniam
3389 4249 3631 4313 propter
3667 4247 3930 4315 quiddam

2223 4329 2602 4383 adventitium
2635 4330 2908 4385 attentius
2947 4330 3156 4402 agitur,
3188 4347 3307 4386 non
3338 4333 3516 4398 latet;
3568 4334 3674 4387 sed
3706 4345 3924 4406 propter

2221 4417 2678 4472 convenientiam
2691 4435 2840 4480 cum,
2881 4419 3173 4474 voluntate
3199 4420 3463 4474 sentitur.
3481 4424 3551 4474 At
3577 4437 3715 4475 cum
3731 4423 3928 4477 desunt

2223 4521 2289 4559 ea
2319 4507 2528 4576 quibus
2557 4507 2819 4576 corporis
2847 4507 3192 4562 detrimenta
3223 4508 3460 4571 reﬁciat,
3485 4516 3714 4579 egestas
3747 4530 3928 4565 coastL
4001 4549 4003 4563 ;

2221 4594 2448 4664 quitur;
2478 4599 2534 4647 et
2565 4595 2669 4648 hac
2700 4595 2938 4648 actionis
2980 4595 3314 4650 difﬁcultate
3355 4613 3485 4650 cum
3527 4597 3590 4651 ﬁt
3636 4603 3923 4654 attentior.

2220 4687 2274 4735 et
2294 4682 2422 4735 talis
2472 4683 2592 4751 ejus
2633 4683 2890 4756 operatio
2922 4701 3038 4738 non
3070 4701 3196 4738 eam
3237 4686 3392 4750 latet,
3434 4686 3618 4739 fames
3658 4693 3766 4741 aut
3798 4692 3920 4742 sitis.
3995 4739 3997 4756 Ι

2220 4775 2318 4823 aut
2341 4771 2452 4824 tale
2485 4771 2705 4841 aliquid
2729 4774 3066 4842 appellatur.
3103 4775 3242 4827 Cum
3269 4779 3460 4828 autem
3485 4783 3811 4845 supersunt
3851 4778 3918 4828 ir-

2219 4864 2395 4928 gesta,
2426 4865 2482 4912 et
2507 4876 2571 4913 ex
2601 4876 2790 4914 eorem
2811 4877 2981 4914 onere
3004 4863 3253 4916 nascitur
3280 4862 3584 4916 difﬁcultas
3618 4867 3915 4934 operandz.

2217 4963 2402 5017 neque
2432 4948 2540 5001 hoc
2569 4949 2690 5002 sine
2724 4949 3032 5004 attentione
3055 4949 3151 5016 ﬁt;
3199 4955 3256 5003 et
3285 4967 3418 5005 cum
3449 4951 3576 5004 talis
3611 4954 3767 5006 actio
3823 4970 3918 5005 no:

2219 5035 2379 5103 latet,
2411 5036 2662 5090 cruditas
2688 5037 2960 5091 sentitur:
3002 5043 3216 5092 attente
3247 5040 3422 5093 etiam
3471 5046 3755 5110 operatur
3801 5058 3914 5094 cum

2220 5123 2375 5194 ejicit
2403 5124 3226 5194 superfluum,sileniter,cum
3254 5129 3545 5196 voluptate
3572 5146 3585 5194 ;
3625 5131 3676 5183 si
3709 5147 3914 5201 aspere.

2220 5228 2350 5265 cum
2380 5212 2594 5266 dolore.
2633 5214 2943 5267 Morbidam
2993 5232 3222 5286 quoque
3267 5218 3780 5286 perturbationem
3811 5236 3916 5273 cor-

2217 5301 2376 5370 poris
2406 5307 2616 5355 attente
2647 5303 2785 5372 agit,
2837 5319 3164 5358 succurrere
3196 5309 3470 5375 appetens
3510 5305 3731 5360 labenti
3765 5313 3918 5378 atque
3979 5333 3981 5339 ι

2217 5389 2499 5443 diffluenti
2523 5408 2536 5456 ;
2565 5395 2621 5444 et
2652 5392 2756 5444 hac
2785 5392 3009 5447 actione
3029 5393 3372 5448 nonlatente
3404 5394 3644 5448 morbos
3676 5403 3735 5450 et
3749 5414 3916 5467 aegro-

2220 5476 2460 5530 tationes
2484 5479 2693 5531 sentire
2723 5479 2955 5537 dicitur.

2282 5576 2295 5607 ¹
2333 5575 2490 5623 Juxta
2539 5577 2660 5625 Mss.
2690 5576 2749 5632 A,
2777 5577 3014 5627 conabor
3045 5582 3223 5628 etiam.
3323 5579 3391 5626 Μ.
