4080 6178
1682 205 1889 261 LIBER

290 330 367 379 10.
403 327 469 380 Et
494 342 564 378 ne
606 326 844 395 longum
872 325 1095 391 faciam,
1122 326 1347 381 videtur
1377 330 1518 383 mihi
1553 330 1744 384 anima
1773 346 1904 384 cum

208 414 383 469 sentit
407 414 467 467 in
494 430 753 484 corpore,
784 431 901 467 non
931 414 999 467 ab
1030 415 1128 469 illo
1160 417 1373 485 aliquid
1396 419 1533 487 pati,
1564 420 1662 473 sed
1692 420 1752 472 in
1782 419 1905 489 ejus

207 502 571 573 passionibus
599 504 870 556 attentius
899 519 1088 572 agere,
1122 508 1177 557 et
1210 506 1313 558 has
1339 507 1591 561 actiones
1622 508 1736 561 sive
1767 507 1903 560 faci-

209 592 289 644 les
320 595 558 662 prOpter
596 590 1073 657 convenientiam,
1120 591 1235 645 sive
1268 592 1524 647 difﬁciles
1552 600 1787 665 propter
1815 595 1901 648 in-

206 679 681 744 convenientiam,
730 696 843 733 non
896 696 1022 732 eam
1065 681 1239 733 latere
1292 697 1305 733 :
1355 686 1409 734 et
1456 682 1561 735 hoc
1606 687 1790 736 totum
1820 688 1906 736 est

208 768 367 838 quod
396 768 604 821 sentire
647 768 873 821 dicitur.
906 768 1011 821 Sed
1039 768 1141 821 iste
1170 785 1386 834 sensus,
1420 770 1517 840 qui
1561 771 1733 824 etiam
1767 772 1903 825 dum

210 857 350 910 nihil
382 857 680 923 sentimus,
705 855 851 909 inest
880 860 1092 922 tamen,
1114 856 1565 911 instrumentum
1589 866 1671 912 est
1700 876 1903 928 corpo-

204 946 303 1010 ris,
337 946 485 1015 quod
522 962 588 997 ea
616 945 1032 1014 temperatione
1083 946 1271 1015 agitur
1308 947 1377 999 ab
1406 947 1616 1011 anima,
1652 952 1715 1000 ut
1744 948 1802 1000 in
1833 963 1900 1000 eo

204 1033 277 1086 sit
305 1034 375 1085 ad
408 1034 697 1103 passiones
726 1032 979 1102 corporis
1006 1049 1135 1086 cum
1178 1035 1487 1088 attentione
1518 1035 1768 1103 agendas
1800 1051 1901 1104 pa-

204 1122 399 1183 ratior,
430 1122 638 1175 similia
659 1121 939 1174 similibus
967 1126 1027 1174 ut
1048 1123 1341 1192 adjungat,
1365 1124 1716 1193 repellatque
1743 1123 1897 1193 quod

204 1210 440 1263 noxium
467 1214 567 1263 est.
593 1210 726 1279 Agit
750 1225 945 1279 porro,
967 1215 1030 1263 ut
1052 1211 1276 1280 opinor,
1302 1212 1652 1265 luminosum
1685 1211 1902 1281 aliquid

204 1298 263 1350 in
310 1297 509 1362 oculis,
561 1298 780 1351 aerium
820 1298 1247 1352 serenissimum
1288 1306 1344 1353 et
1374 1300 1816 1353 mobilissimum
1847 1299 1902 1351 in

204 1386 458 1451 auribus,
490 1385 870 1456 caliginosum
899 1387 959 1439 in
991 1387 1246 1453 naribus,
1279 1388 1341 1440 in
1370 1404 1466 1440 ore
1496 1387 1818 1451 humidum,
1844 1386 1903 1439 in

202 1478 359 1528 tactu
388 1478 682 1528 terrenum
712 1478 770 1527 et
797 1475 959 1544 quasi
983 1476 1347 1530 lutulentum.
1374 1476 1480 1529 Sed
1506 1476 1620 1529 sive
1652 1476 1756 1529 hac
1787 1474 1901 1527 sive

202 1563 314 1616 alia
361 1562 764 1617 distributione
806 1563 913 1617 ista
958 1564 1361 1633 conjiciantur;
1399 1564 1520 1634 agit
1557 1565 1676 1617 haec
1711 1563 1904 1617 anima

200 1668 329 1705 cum
364 1652 577 1721 quiete,
612 1652 659 1705 si
689 1668 755 1705 ea
784 1668 913 1722 quin
944 1652 1139 1705 insunt
1181 1653 1239 1705 in
1284 1652 1502 1705 unitate
1534 1651 1897 1717 valetudinis,

202 1740 368 1809 quasi
398 1740 664 1793 familiari
690 1741 938 1810 quadam
968 1740 1339 1793 consensione
1369 1746 1659 1794 cesserunt
1690 1742 1730 1793 ¹.
1760 1742 1901 1792 Cum

199 1833 393 1882 autem
426 1829 766 1882 adhibentur
795 1844 860 1881 ea
891 1844 1020 1897 quae
1054 1829 1351 1892 nonnulla,
1383 1833 1446 1881 ut
1471 1829 1551 1882 ita
1583 1828 1791 1895 dicam,
1822 1828 1901 1881 a1-

199 1917 423 1970 teritate
456 1933 659 1986 corpus
707 1917 989 1982 afficiunt;
1024 1917 1230 1970 exserit
1259 1917 1593 1970 attentiores
1624 1916 1898 1985 actiones,

201 2006 319 2059 suis
348 2005 666 2075 quibusque
698 2005 835 2058 locis
866 2010 1034 2075 atque
1075 2004 1468 2058 instrumentis
1497 2004 1899 2058 accommoda-

200 2098 287 2146 tas
320 2110 332 2147 :
368 2098 503 2146 tunc
529 2093 740 2158 videre,
768 2094 854 2146 vel
886 2093 1105 2159 audire,
1135 2094 1218 2145 vel
1243 2092 1505 2160 olfacere,
1538 2093 1620 2145 vel
1647 2097 1897 2162 gustare,

199 2183 287 2235 vel
319 2182 601 2252 tangendo
636 2180 845 2235 sentire
893 2180 1128 2245 dicitur;
1162 2180 1370 2250 quibus
1399 2180 1716 2233 actionibus
1766 2196 1898 2233 cou-

201 2286 348 2340 grua
400 2270 643 2323 libenter
701 2268 955 2336 associat,
1016 2273 1071 2321 et
1122 2268 1361 2321 moleste
1417 2267 1643 2321 obsistit
1698 2267 1902 2320 incon-

201 2358 378 2427 gruis.
414 2360 523 2411 Has
551 2357 906 2427 operationes
935 2356 1292 2427 passionibus
1319 2354 1573 2425 corporis
1604 2359 1745 2424 puto
1778 2356 1899 2407 ani-

201 2464 357 2500 mam
415 2446 681 2500 exhibere
732 2462 861 2499 cum
915 2445 1109 2511 sentit,
1169 2461 1287 2498 non
1344 2444 1571 2498 easdem
1608 2444 1900 2514 passiones

204 2536 476 2601 recipere.
1035 2535 1043 2541 ”

280 2628 360 2677 11.
401 2624 757 2693 Quapropter
786 2638 915 2676 cum
966 2623 1035 2675 de
1067 2636 1337 2675 sonorum
1375 2621 1631 2675 numeris
1661 2621 1719 2674 in
1752 2638 1898 2690 prae-

200 2711 384 2765 sentia
409 2716 716 2781 quaeratur,
745 2715 801 2764 et
822 2726 1018 2764 sensus
1049 2710 1274 2763 aurium
1298 2714 1527 2763 vocetur
1556 2710 1615 2762 in
1637 2708 1896 2773 dubium,

198 2817 317 2853 non
346 2804 567 2869 oportet
608 2816 712 2868 per
758 2804 963 2853 cmtera
1009 2797 1221 2851 diutius
1270 2797 1517 2867 evagari.
1568 2797 1898 2850 Referamus

198 2888 395 2957 itaque
446 2904 541 2940 nos
571 2887 643 2940 ad
698 2886 754 2940 id
798 2887 867 2940 de
899 2903 1012 2956 quo
1045 2886 1253 2955 agitur,
1299 2890 1355 2939 et
1382 2886 1674 2939 videamus
1705 2889 1897 2967 utrum

201 2992 376 3029 sonus
424 2975 482 3028 in
514 2975 748 3029 auribus
795 2975 1011 3045 aliquid
1059 2975 1244 3028 faciat.
1292 2975 1380 3026 An
1427 2978 1490 3026 tu
1529 2973 1585 3027 id
1617 2971 1899 3041 negabis?

201 3066 277 3118 I).
313 3064 462 3117 Nihil
504 3063 715 3117 minus.
765 3066 839 3118 M.
888 3062 1073 3126 Quid?
1122 3062 1348 3115 easdem
1382 3078 1546 3114 aures
1583 3060 1897 3114 animatum

204 3153 529 3207 membrum
554 3168 674 3206 esse
696 3168 890 3205 nonne
914 3150 1216 3205 concedis?
1240 3152 1311 3203 D.
1340 3150 1621 3204 Concedo.
1653 3151 1724 3203 Μ.
1758 3151 1898 3201 Cum

203 3258 339 3311 ergo
369 3241 425 3295 id
456 3241 609 3310 quod
635 3240 695 3294 in
726 3257 793 3294 eo
825 3240 1083 3293 membro
1111 3238 1294 3291 simile
1326 3243 1409 3291 est
1436 3239 1574 3303 aeri,
1605 3242 1900 3291 moveatur

202 3345 335 3382 aere
360 3345 652 3397 percusso;
701 3327 952 3381 animam
984 3327 1141 3380 illam
1173 3343 1301 3397 qua:
1330 3330 1461 3379 ante
1491 3326 1661 3379 istum
1692 3341 1898 3379 sonum

200 3414 357 3467 vitali
385 3418 546 3467 motu
575 3413 635 3466 in
666 3413 892 3466 silentio
919 3428 1122 3483 corpus
1154 3412 1379 3465 aurium
1406 3412 1723 3481 vegetabat,
1758 3426 1896 3463 num

202 3508 473 3575 putamus
504 3508 604 3556 aut
644 3518 861 3557 cessare
912 3518 1078 3571 posse
1110 3502 1179 3555 ab
1229 3517 1401 3571 opere
1442 3500 1713 3554 movendi
1743 3500 1899 3569 quod

201 3592 437 3657 animat,
473 3595 572 3643 aut
602 3591 799 3644 eodem
840 3590 1009 3643 modo
1042 3605 1267 3642 movere
1299 3592 1650 3642 commotum
1681 3588 1898 3640 extrin-

202 3696 362 3733 secus
401 3695 590 3732 aerem
636 3679 786 3732 auris
832 3695 971 3744 sum,
1013 3694 1127 3748 quo
1174 3677 1438 3731 movebat
1468 3680 1773 3746 antequam
1805 3677 1899 3729 ille

201 3768 538 3823 illaberetur
567 3768 778 3821 sonus?
810 3769 883 3821 D.
918 3768 1038 3820 Non
1074 3766 1298 3819 videtur
1326 3765 1435 3818 nisi
1466 3765 1647 3818 aliter.
1680 3766 1747 3819 M.
1785 3766 1899 3817 Hoc

203 3873 339 3927 ergo
366 3856 530 3909 aliter
553 3871 781 3909 movere
808 3860 850 3925 ²,
885 3871 1070 3909 nonne
1101 3854 1395 3908 fatendum
1428 3859 1509 3907 est
1540 3854 1724 3907 facere
1757 3870 1897 3919 esse,

203 3963 321 3999 non
349 3946 507 4015 pati?
531 3946 605 4000 D.
640 3946 724 3998 Ita
750 3949 852 3998 est.
886 3947 959 3999 M.
996 3944 1118 3997 Non
1145 3943 1320 4013 igitur
1345 3942 1585 3997 absurde
1614 3942 1900 3997 credimus

205 4037 393 4086 motus
423 4049 555 4087 suos
585 4032 857 4096 animam,
890 4032 975 4085 vel
1007 4031 1277 4096 actiones,
1310 4032 1394 4083 vel
1428 4030 1901 4099 operationes,vel

203 4122 249 4175 si
298 4137 412 4191 quo
460 4120 570 4175 alio
620 4120 854 4174 nomine
901 4120 1257 4173 commodius
1299 4118 1608 4189 significari
1640 4122 1898 4188 possunt,

214 4228 333 4264 non
363 4212 536 4263 latere
560 4226 689 4263 cum
718 4209 901 4263 sentit.

282 4301 364 4352 12.
402 4300 498 4351 Hm
546 4304 739 4351 autem
780 4296 1158 4367 operationes,
1191 4296 1275 4348 vel
1307 4293 1755 4364 prazcedentibus
1784 4309 1903 4346 cor-

206 4402 412 4456 porum
433 4386 795 4456 passionibus
825 4384 1199 4449 adhibentur;
1219 4388 1280 4435 ut
1309 4387 1441 4435 sunt
1469 4398 1596 4434 cum
1629 4380 1740 4433 illa:
1775 4397 1904 4434 ocu-

207 4476 396 4528 lorum
426 4478 752 4527 nostrorum
802 4474 989 4527 lucem
1042 4474 1240 4526 formas
1271 4470 1657 4539 interpellant,
1704 4472 1801 4521 aut
1844 4469 1904 4521 in

204 4579 372 4615 aures
403 4562 593 4616 inﬂuit
622 4579 814 4630 sonus,
846 4569 946 4615 aut
983 4561 1218 4614 naribus
1263 4558 1670 4621 exhalationes,
1714 4558 1902 4627 palato

206 4668 462 4721 sapores,
495 4655 703 4704 caetero
734 4649 959 4719 corpori
989 4648 1259 4719 quaelibet
1280 4646 1463 4700 solida
1489 4650 1543 4699 et
1568 4646 1906 4715 corpulenta

208 4739 586 4793 admoventur
614 4738 975 4800 extrinsecus,
1012 4738 1097 4790 vel
1138 4738 1199 4789 in
1227 4736 1351 4805 ipso
1383 4750 1625 4804 corpore
1669 4734 1737 4788 de
1782 4735 1904 4786 loco

204 4827 267 4880 in
296 4827 485 4879 locum
509 4826 720 4896 migrat
739 4825 956 4897 aliquid
988 4826 1101 4877 sive
1131 4825 1355 4889 transit,
1386 4824 1472 4876 vel
1500 4828 1684 4877 totum
1716 4822 1907 4892 ipsum

206 4932 411 4986 corpus
432 4931 533 4968 suo
560 4915 813 4968 alienove
835 4914 1087 4984 pondere
1110 4916 1370 4965 movetur
1404 4927 1416 4963 :
1446 4910 1534 4963 ba:
1564 4916 1695 4963 sunt
1720 4926 1910 4980 opera-

208 5005 391 5059 tiones
425 5020 566 5074 quas
595 5002 829 5056 adhibet
848 5002 1039 5055 anima
1061 4998 1513 5072 prmcedentibus
1543 4998 1905 5068 passionibus

207 5093 494 5162 corporis;
529 5108 656 5162 qua:
690 5092 972 5145 delectant
1018 5106 1143 5144 eam
1178 5087 1572 5151 associantem,
1610 5087 1908 5139 offendunt

134 5224 139 5229 .
214 5182 595 5236 resistentem.
644 5180 784 5235 Cum
819 5185 1012 5233 autem
1053 5180 1122 5231 ab
1154 5178 1369 5232 eisdem
1416 5174 1533 5226 suis
1564 5174 1911 5245 operationi-

278 5293 289 5323 ¹
336 5290 437 5338 Sic.
480 5290 600 5337 Mss.
639 5301 822 5336 omnes
852 5289 1041 5347 praeter
1070 5285 1399 5337 Vaticanum,
1440 5282 1668 5342 quicum
1699 5281 1812 5329 Am.
1855 5280 1918 5327 Et

216 5353 301 5401 Er.
336 5352 509 5409 habet,
546 5346 875 5399 cohmscrinf.
909 5348 973 5395 At
998 5348 1142 5409 ιον..
1167 5346 1539 5409 ερηρρςερνέηζ.

276 5416 297 5447 2
328 5415 382 5463 In
417 5407 570 5462 editis
605 5428 615 5460 :
649 5416 763 5462 Non
789 5410 1003 5459 videtur
1017 5407 1155 5457 mihi
1175 5408 1361 5457 aliter.
1384 5409 1449 5456 Μ.
1481 5407 1594 5455 Hoc
1615 5418 1733 5465 ergo
1752 5415 1915 5465 genus

213 5480 233 5527 t
241 5476 411 5527 aliter
426 5474 795 5525 moverc.Atiu
813 5472 1116 5521 melioribus
1130 5469 1409 5519 Mss.lectio
1431 5472 1610 5517 nostra
1621 5466 1916 5517 exhibetur.

214 209 349 259 1169

1948 203 2239 261 SEXTUS.

3582 212 3713 262 H70

2014 330 2119 383 bus
2148 328 2360 401 aliquid
2392 330 2627 400 patitur,
2673 348 2703 383 a
2742 333 2927 401 seipsa
2955 333 3190 403 patitur,
3222 352 3334 388 non
3371 353 3403 388 a
3442 352 3706 405 corpore;

2015 418 2111 471 sed
2139 418 2308 487 plane
2338 434 2468 471 cum
2498 436 2556 471 se
2602 421 2995 474 accommodat
3023 423 3246 491 corpori
3280 440 3291 476 :
3327 428 3379 477 et
3409 422 3534 477 ideo
3561 426 3709 493 apud

2016 506 2259 576 seipsam
2291 506 2481 560 minus
2511 512 2615 572 est,
2648 507 2782 577 quia
2822 525 3024 578 corpus
3056 526 3282 579 semper
3320 511 3507 563 minus
3536 528 3707 582 quam

2015 592 2137 663 ipsa
2164 598 2268 648 est.

2090 686 2171 735 t3.
2206 682 2486 736 Conversa
2524 698 2657 753 ergo
2690 700 2721 736 a
2755 684 2993 737 Domino
3024 702 3125 738 suo
3167 686 3235 739 ad
3262 702 3486 739 servum
3519 704 3706 751 suum,

2014 770 2331 823 necessario
2364 770 2553 824 deficit
2585 788 2597 823 :
2626 788 2894 825 conversa
2925 772 3061 824 item
3093 790 3122 825 a
3155 790 3312 826 servo
3344 792 3444 826 suo
3491 776 3559 827 ad
3596 778 3709 828 l)o-

2015 858 2234 911 minum
2286 875 2472 924 suum,
2520 861 2837 912 necessario
2881 861 3129 929 proficit,
3174 866 3227 915 ct
3276 863 3492 929 praebet
3523 863 3707 915 eidem

2014 963 2173 1000 servo
2222 947 2553 1001 facillimam
2584 948 2779 1013 vitam,
2818 954 2872 1000 et
2901 954 3202 1018 propterea
3234 949 3471 1002 minime
3500 968 3706 1021 opero-

2014 1052 2133 1087 sam
2166 1040 2221 1087 et
2251 1036 2623 1104 negotiosam,
2655 1038 2723 1091 ad
2758 1054 2929 1107 quam
2968 1043 3205 1107 propter
3234 1055 3518 1091 summam
3552 1040 3709 1108 quie-

2015 1126 2129 1175 tem
2179 1124 2334 1176 nulla
2381 1124 2790 1194 detorqueatur
2838 1126 3106 1191 attentio;
3160 1125 3302 1178 sicut
3344 1132 3431 1179 est
3484 1127 3705 1179 affectio

2013 1210 2265 1280 corporis
2293 1228 2421 1280 qum
2452 1212 2661 1265 sanitas
2693 1212 2898 1265 dicitur
2927 1230 2938 1265 :
2973 1214 3129 1265 nulla
3151 1214 3363 1283 quippe
3391 1214 3706 1267 attentione

2014 1304 2204 1351 nostra
2234 1314 2374 1367 opus
2406 1300 2595 1362 habet,
2635 1316 2747 1351 non
2790 1300 2924 1367 quia
2951 1300 3090 1352 nihil
3118 1306 3252 1353 tunc
3282 1302 3398 1370 agit
3426 1301 3617 1354 anima
3648 1303 3706 1354 in

2011 1404 2269 1456 corpore,
2302 1389 2399 1441 sed
2427 1388 2563 1457 quia
2593 1387 2737 1441 nihil
2764 1388 2983 1441 facilius
3014 1390 3149 1459 agit.
3183 1392 3321 1443 Nam
3354 1392 3413 1443 in
3443 1393 3706 1445 omnibus

2013 1474 2283 1544 operibus
2330 1475 2535 1528 nostris
2584 1480 2741 1528 tanto
2794 1476 3106 1545 quidquam
3156 1477 3446 1542 attentius,
3494 1485 3706 1548 quanto

2011 1561 2297 1616 difﬁcilius
2343 1579 2666 1632 operamur.
2709 1564 2838 1615 Haec
2868 1570 3057 1615 autem
3098 1564 3305 1616 sanitas
3334 1568 3467 1617 tunc
3501 1566 3706 1619 firmis-

2011 1650 2157 1703 sima
2198 1652 2304 1703 erit
2334 1656 2501 1721 atque
2549 1650 2883 1719 certissima,
2930 1667 3059 1704 cum
3104 1651 3361 1720 pristinze
3392 1652 3706 1720 stabilitati,

2011 1744 2163 1792 certo
2206 1756 2307 1791 suo
2348 1744 2607 1808 tempore
2657 1744 2826 1809 atque
2876 1740 3095 1802 ordine,
3139 1740 3244 1791 hoc
3290 1756 3495 1808 corpus
3538 1741 3711 1794 fuerit

2011 1826 2338 1879 restitutum
2368 1826 2466 1896 (α),
2493 1844 2620 1896 quae
2653 1826 2991 1880 resurrectio
3015 1827 3135 1895 ejus
3167 1831 3471 1896 antequam
3500 1829 3709 1896 plenis-

2012 1916 2154 1969 sime
2194 1914 2567 1984 intelligatur,
2620 1914 2923 1967 salubriter
2972 1915 3238 1967 creditur.
3286 1916 3519 1983 Oportet
3552 1916 3707 1969 enim

2011 2004 2262 2057 animam
2312 2008 2369 2056 et
2407 2004 2527 2071 regi
2570 2020 2603 2056 a
2642 2003 2955 2072 superiore,
3008 2008 3061 2055 et
3105 2019 3303 2073 regere
3353 2003 3704 2057 inferiorem.

2010 2092 2282 2161 Superior
2314 2092 2410 2144 illa
2448 2094 2601 2144 solus
2646 2094 2789 2145 Deus
2819 2097 2923 2153 est,
2969 2090 3205 2143 inferius
3245 2092 3341 2144 illa
3364 2093 3548 2145 solum
3580 2109 3704 2144 cor-

2010 2198 2138 2251 pus,
2158 2180 2203 2232 si
2226 2180 2293 2232 ad
2318 2196 2546 2232 omnem
2581 2184 2637 2232 et
2668 2184 2842 2232 totam
2878 2178 3127 2232 animam
3159 2179 3441 2234 intendas.
3482 2181 3551 2233 Ut
3572 2197 3706 2249 ergo

2012 2273 2129 2322 tota
2161 2284 2281 2321 esse
2314 2267 2433 2320 sine
2475 2267 2739 2334 Domino,
2789 2268 2866 2319 sic
2912 2268 3184 2320 excellere
3226 2268 3346 2320 sine
3397 2284 3557 2321 servo
3589 2285 3707 2321 non

2011 2362 2215 2427 potest.
2255 2358 2321 2409 Ut
2350 2360 2538 2408 autem
2578 2355 2854 2408 Dominus
2885 2356 3004 2425 ejus
3039 2355 3219 2424 magis
3250 2361 3333 2408 est
3363 2372 3530 2425 quam
3562 2355 3703 2425 ipsa,

2014 2446 2089 2499 ita
2112 2462 2306 2498 servus
2326 2444 2541 2498 minus.
2578 2444 2762 2507 Quare
2786 2443 3003 2497 intenta
3032 2442 3087 2496 in
3113 2444 3418 2497 Dominum
3441 2444 3710 2513 intelligit

2012 2538 2227 2587 aeterna
2274 2534 2416 2602 ejus,
2467 2537 2522 2585 et
2554 2532 2735 2602 magis
2766 2538 2868 2598 est,
2922 2532 3216 2602 magisque
3249 2536 3332 2585 est
3376 2532 3545 2585 etiam
3586 2532 3707 2601 ipse

2013 2638 2207 2675 servus
2251 2621 2309 2673 in
2342 2638 2442 2673 suo
2474 2636 2683 2690 genere
2714 2636 2817 2689 per
2853 2620 3031 2672 illam.
3068 2621 3331 2688 Neglecto
3365 2624 3553 2673 autem
3599 2621 3705 2673 Do-

2011 2710 2167 2764 mino
2210 2709 2427 2761 intenta
2472 2708 2530 2759 in
2581 2723 2806 2759 servum
2846 2706 3057 2758 carnali
3089 2724 3201 2776 qua
3240 2707 3464 2759 ducitur
3493 2724 3706 2759 concu—

2009 2798 2286 2869 piscentia
2337 2799 2370 2857 ¹,
2413 2795 2585 2849 sentit
2630 2800 2819 2848 motus
2869 2812 2999 2847 suos
3045 2812 3186 2863 quos
3238 2794 3315 2847 illi
3360 2795 3607 2859 exhibet,
3650 2801 3707 2848 et

2010 2888 2201 2942 minus
2241 2893 2323 2939 est
2356 2903 2367 2938 :
2411 2899 2514 2938 nec
2537 2889 2729 2938 tamen
2774 2887 2991 2936 tantum
3026 2883 3234 2947 minus,
3268 2887 3545 2952 quantum
3584 2882 3703 2950 ipse

2009 2992 2219 3039 servus,
2256 2974 2430 3027 etiam
2456 2989 2583 3026 cum
2612 2971 2852 3024 maxime
2883 2970 3043 3024 estin
3076 2976 3279 3023 natura
3306 2970 3557 3039 prOpria.
3590 2972 3703 3022 Hoc

2010 3069 2201 3117 autem
2253 3061 2457 3116 delicto
2505 3059 2756 3113 dominae
2794 3058 2979 3112 multo
3024 3058 3212 3111 minus
3245 3064 3529 3129 estquam
3562 3063 3698 3124 erat,

2010 3169 2140 3207 cum
2172 3152 2271 3205 illa
2302 3155 2434 3203 ante
2465 3149 2733 3204 delictum
2765 3147 2947 3217 magis
2976 3152 3121 3200 esset
3152 3145 3193 3199 ⁵.

2085 3242 2167 3295 14,
2224 3239 2496 3303 Quocirca
2542 3235 2771 3290 mortali
2812 3236 2930 3305 jam
2964 3240 3021 3288 ct
3062 3234 3271 3304 fragili,
3320 3251 3449 3288 cum
3498 3251 3705 3305 magna

2010 3330 2345 3383 difficultate
2377 3331 2547 3396 atque
2574 3324 2885 3378 attentione
2910 3324 3258 3377 dominatur.
3284 3324 3423 3377 Hinc
3444 3324 3525 3376 illi
3548 3339 3706 3376 error

2009 3417 2271 3484 incurrit,
2304 3420 2367 3469 ut
2396 3416 2743 3485 voluptatem
2775 3413 3049 3482 corporis,
3090 3412 3224 3481 quia
3255 3414 3375 3483 ejus
3405 3411 3705 3465 attentioni

2009 3506 2160 3560 cedit
2188 3504 2470 3569 materies,
2498 3502 2680 3573 pluris
2710 3501 2953 3554 aestimet
2982 3517 3154 3570 quam
3178 3500 3358 3569 ipsam
3381 3500 3700 3561 sanitatem,

2010 3596 2099 3649 cui
2131 3592 2442 3647 attentione
2474 3592 2629 3643 nulla
2657 3606 2801 3658 opus
2828 3594 2931 3641 est.
2958 3589 3068 3641 Nec
3090 3588 3319 3649 mirum,
3357 3587 3401 3639 si
3434 3586 3707 3640 aerumnis

2010 3684 2355 3753 implicatur,
2400 3694 2740 3751 praeponens
2780 3692 2973 3730 curam
3006 3675 3309 3728 securitati.
3347 3674 3705 3729 Convertenti

2010 3787 2067 3823 se
2102 3774 2289 3821 autem
2322 3768 2391 3820 ad
2425 3766 2749 3830 Dominum,
2780 3764 2961 3832 major
2990 3778 3123 3815 cura
3154 3762 3356 3825 oritur,
3386 3777 3457 3813 ne
3484 3765 3702 3812 averta-

2011 3862 2131 3923 tur;
2156 3857 2334 3910 donec
2359 3854 2670 3908 carnalium
2694 3852 3057 3921 negotiorum
3088 3849 3405 3919 requiescat
3433 3848 3702 3918 impetus,

2012 3946 2315 3999 effrenatus
2359 3942 2769 3996 consuetudine
2816 3940 3107 4003 diuturna,
3136 3944 3191 3991 et
3218 3937 3583 3991 tumultuosis
3610 3952 3702 3989 re-

2012 4033 2436 4089 cordationibus
2484 4029 2841 4084 conversioni
2872 4029 2994 4097 ejus
3023 4044 3142 4080 sese
3174 4028 3430 4080 inserens
3470 4043 3482 4079 :
3516 4025 3595 4078 ita
3625 4042 3705 4077 se-

2013 4124 2157 4178 datis
2186 4122 2434 4176 motibus
2465 4120 2578 4173 suis
2618 4118 2824 4187 quibus
2866 4117 2925 4169 in
2957 4115 3233 4169 exteriora
3266 4113 3702 4183 provehebatur,

2012 4211 2130 4281 agit
2158 4210 2338 4263 otium
2368 4209 2705 4261 intrinsecus
2735 4206 2999 4267 liberum,
3026 4203 3175 4274 quod
3210 4202 3561 4271 signiﬁcatur
3587 4201 3707 4252 sab-

2012 4301 2177 4363 bato;
2211 4298 2289 4350 sic
2320 4296 2609 4366 cognoscit
2632 4296 2817 4347 solum
2840 4295 3017 4347 Deum
3041 4308 3160 4345 esse
3188 4289 3492 4342 Dominum
3514 4304 3702 4353 suum,

2015 4388 2104 4440 cui
2150 4385 2252 4438 uni
2300 4400 2522 4437 summa
2560 4383 2815 4436 libertate
2866 4380 3123 4434 servitur.
3179 4379 3301 4430 Non
3349 4380 3538 4429 autem
3580 4376 3706 4428 illos

2014 4474 2265 4529 carnales
2296 4478 2505 4538 motus,
2558 4477 2619 4524 ut
2648 4486 2777 4524 cum
2807 4469 2945 4523 libet
2984 4466 3209 4525 exserit,
3252 4465 3329 4517 ita
3358 4464 3529 4517 etiam
3575 4480 3704 4517 cum

2014 4564 2150 4617 libet
2181 4561 2509 4631 exstinguit.
2544 4562 2667 4613 Non
2696 4558 2848 4613 enim
2876 4558 3019 4611 sicut
3049 4558 3337 4624 peccatum
3368 4553 3425 4604 in
3456 4552 3576 4620 ejus
3602 4569 3705 4622 po-

2014 4654 2217 4705 testate
2246 4654 2352 4713 est,
2385 4649 2461 4701 ita
2494 4648 2666 4701 etiam
2695 4662 2864 4716 poena
2888 4642 3123 4714 peccati.
3162 4640 3348 4709 Magni
3380 4640 3593 4709 quippe
3620 4656 3708 4692 res

2014 4744 2097 4794 est
2140 4738 2263 4808 ipsa
2300 4737 2511 4803 anima,
2542 4752 2645 4790 nec
2691 4735 2759 4789 ad
2809 4730 3213 4803 opprimendos
3258 4728 3491 4783 lascivos
3522 4733 3709 4783 motus

2016 4846 2149 4883 suos
2194 4828 2400 4881 idonea
2444 4826 2549 4878 sibi
2581 4826 2853 4879 remanet.
2903 4818 3193 4873 Valentior
3221 4819 3376 4871 enim
3404 4823 3621 4888 peccat,
3653 4821 3711 4871 et

2017 4919 2143 4986 post
2186 4918 2477 4985 peccatum
2540 4911 2729 4964 divina
2768 4909 2893 4977 lege
2941 4908 3083 4960 facta
3126 4904 3487 4972 imbecillior,
3519 4904 3709 4957 minus

2017 5007 2221 5072 potens
2272 5005 2355 5054 est
2402 4999 2622 5052 auferre
2654 4996 2804 5065 quod
2845 4994 2993 5047 fecit.
3030 4994 3229 5057 Infelix
3258 5007 3350 5058 ego
3381 4993 3553 5057 homo,
3588 4992 3709 5057 quis

2088 5093 2099 5123 ¹
2148 5091 2231 5137 Er.
2275 5089 2448 5141 habet,
2494 5086 2802 5139 carnalem;
2838 5084 2978 5138 Lov.,
3010 5080 3279 5137 carnalis,-
3311 5080 3447 5139 Am.,
3472 5077 3709 5141 carnali.

2021 5152 2285 5215 quomodo
2311 5151 2465 5215 etiam
2497 5146 2768 5215 octo__Mss.
2806 5159 2964 5215 supra
2992 5144 3321 5213 Vaticanum.
3354 5142 3610 5215 quinnus
3636 5140 3709 5185 sic

2022 5202 2355 5277 prosequitur
2386 5227 2401 5277 εν
2428 5210 2650 5260 Carnali
2687 5222 2791 5277 qua
2819 5202 3041 5277 ducitur
3072 5202 3518 5267 concupiscentia.
3575 5202 3711 5259 [car-

2024 5269 2281 5347 ﬁtﬁt-“qlia?
2304 5273 2503 5347 dicitur
2537 5269 3008 5347 concupiscentiaﬂ

2086 5324 2215 5385 9ίὲἷᾲ
2247 5336 2525 5393 legendum
2557 5324 2762 5381 videtur
2787 5332 2940 5393 juxta
2976 5324 3094 5379 Mss.
3140 5331 3205 5377 At
3240 5327 3353 5393 Am.
3390 5326 3473 5373 Er.
3509 5329 3561 5373 et
3586 5324 3707 5371 Lov.

2026 5383 2221 5449 habent
2249 5383 2419 5449 {Cum
2447 5397 2540 5446 ille
2567 5400 2695 5445 ante
2715 5383 2965 5447 delicium
2996 5394 3165 5453 magis
3189 5392 3343 5438 esset.

2090 5463 2162 5523 (α)
2194 5461 2307 5509 \‘id.
2337 5461 2559 5509 Retract.
2591 5458 2679 5506 lib.
2718 5462 2764 5516 1,
2794 5472 2906 5519 cap.
2944 5459 3021 5513 11,
3052 5468 3105 5502 n.
3133 5455 3177 5500 3.
