  <div class='ocr_page' id='page_1' title='image "/cluster/home/n/w/nwhite01/storage/ocr_20150623/32/hvd.32044096580550/605.png"; bbox 0 0 4080 6178; ppageno 0'>
   <div class='ocr_carea' id='block_1_1' title="bbox 460 201 584 251">
    <p class='ocr_par' dir='ltr' id='par_1_1' title="bbox 460 201 584 251">
     <span class='ocr_line' id='line_1_1' title="bbox 460 201 584 251; baseline 0 -1"><span class='ocrx_word' id='word_1_1' title='bbox 460 201 584 251; x_wconf 86' lang='grc'><strong>1171</strong></span> 
     </span>
    </p>
   </div>
   <div class='ocr_carea' id='block_1_2' title="bbox 449 309 2146 382">
    <p class='ocr_par' dir='ltr' id='par_1_2' title="bbox 449 309 2146 382">
     <span class='ocr_line' id='line_1_2' title="bbox 449 309 2146 382; baseline -0.004 -13"><span class='ocrx_word' id='word_1_2' title='bbox 449 330 532 369; x_wconf 83' lang='lat' dir='ltr'><strong>me</strong></span> <span class='ocrx_word' id='word_1_3' title='bbox 570 315 821 368; x_wconf 72' lang='lat' dir='ltr'><em>liberabit</em></span> <span class='ocrx_word' id='word_1_4' title='bbox 849 314 915 367; x_wconf 88' lang='lat' dir='ltr'><strong>de</strong></span> <span class='ocrx_word' id='word_1_5' title='bbox 951 327 1170 382; x_wconf 81' lang='lat' dir='ltr'><strong>corpore</strong></span> <span class='ocrx_word' id='word_1_6' title='bbox 1216 313 1401 366; x_wconf 76' lang='lat' dir='ltr'><strong>mortis</strong></span> <span class='ocrx_word' id='word_1_7' title='bbox 1441 311 1647 378; x_wconf 83' lang='lat' dir='ltr'><strong>hujus?</strong></span> <span class='ocrx_word' id='word_1_8' title='bbox 1676 309 1872 364; x_wconf 77' lang='lat' dir='ltr'><strong>Gratia</strong></span> <span class='ocrx_word' id='word_1_9' title='bbox 1899 310 2006 363; x_wconf 74' lang='lat' dir='ltr'><strong>Dei</strong></span> <span class='ocrx_word' id='word_1_10' title='bbox 2045 323 2146 378; x_wconf 84' lang='lat' dir='ltr'><strong>per</strong></span> 
     </span>
    </p>
   </div>
   <div class='ocr_carea' id='block_1_3' title="bbox 450 396 2140 467">
    <p class='ocr_par' dir='ltr' id='par_1_3' title="bbox 450 396 2140 467">
     <span class='ocr_line' id='line_1_3' title="bbox 450 396 2140 467; baseline -0.004 -9"><span class='ocrx_word' id='word_1_11' title='bbox 450 405 630 458; x_wconf 82' lang='lat' dir='ltr'><strong>Jesum</strong></span> <span class='ocrx_word' id='word_1_12' title='bbox 659 404 931 458; x_wconf 81' lang='lat' dir='ltr'><strong>Christum</strong></span> <span class='ocrx_word' id='word_1_13' title='bbox 970 402 1266 456; x_wconf 80' lang='lat' dir='ltr'><strong>Dominum</strong></span> <span class='ocrx_word' id='word_1_14' title='bbox 1293 403 1537 454; x_wconf 82' lang='lat' dir='ltr'><strong>nostrum</strong></span> <span class='ocrx_word' id='word_1_15' title='bbox 1568 398 1741 466; x_wconf 84' lang='lat' dir='ltr'><strong>(Rom.</strong></span> <span class='ocrx_word' id='word_1_16' title='bbox 1773 413 1864 462; x_wconf 84' lang='lat' dir='ltr'><strong>vn,</strong></span> <span class='ocrx_word' id='word_1_17' title='bbox 1893 400 1982 462; x_wconf 69' lang='lat'><strong>24,</strong></span> <span class='ocrx_word' id='word_1_18' title='bbox 2028 396 2140 467; x_wconf 82' lang='lat'><strong>25).</strong></span> 
     </span>
    </p>
   </div>
   <div class='ocr_carea' id='block_1_4' title="bbox 455 482 2147 560">
    <p class='ocr_par' dir='ltr' id='par_1_4' title="bbox 455 482 2147 560">
     <span class='ocr_line' id='line_1_4' title="bbox 455 482 2147 560; baseline -0.005 -15"><span class='ocrx_word' id='word_1_19' title='bbox 455 492 638 545; x_wconf 84' lang='lat' dir='ltr'><strong>Motus</strong></span> <span class='ocrx_word' id='word_1_20' title='bbox 669 490 845 560; x_wconf 84' lang='lat' dir='ltr'><strong>igitur</strong></span> <span class='ocrx_word' id='word_1_21' title='bbox 883 482 1094 543; x_wconf 74' lang='lat' dir='ltr'><strong>animas</strong></span> <span class='ocrx_word' id='word_1_22' title='bbox 1119 503 1348 542; x_wconf 89' lang='lat' dir='ltr'><strong>servans</strong></span> <span class='ocrx_word' id='word_1_23' title='bbox 1385 487 1668 556; x_wconf 81' lang='lat' dir='ltr'><strong>impetum</strong></span> <span class='ocrx_word' id='word_1_24' title='bbox 1699 499 1887 551; x_wconf 90' lang='lat' dir='ltr'><strong>suum,</strong></span> <span class='ocrx_word' id='word_1_25' title='bbox 1919 490 1975 538; x_wconf 91' lang='lat' dir='ltr'><strong>et</strong></span> <span class='ocrx_word' id='word_1_26' title='bbox 2003 498 2147 537; x_wconf 88' lang='lat' dir='ltr'><strong>non-</strong></span> 
     </span>
    </p>
   </div>
   <div class='ocr_carea' id='block_1_5' title="bbox 456 571 2148 642">
    <p class='ocr_par' dir='ltr' id='par_1_5' title="bbox 456 571 2148 642">
     <span class='ocr_line' id='line_1_5' title="bbox 456 571 2148 642; baseline -0.005 -9"><span class='ocrx_word' id='word_1_27' title='bbox 456 580 594 634; x_wconf 94' lang='lat' dir='ltr'><strong>dum</strong></span> <span class='ocrx_word' id='word_1_28' title='bbox 628 579 956 642; x_wconf 76' lang='lat' dir='ltr'><strong>exstinctus,</strong></span> <span class='ocrx_word' id='word_1_29' title='bbox 998 577 1060 630; x_wconf 90' lang='lat' dir='ltr'><strong>in</strong></span> <span class='ocrx_word' id='word_1_30' title='bbox 1089 575 1364 630; x_wconf 85' lang='lat' dir='ltr'><strong>memoria</strong></span> <span class='ocrx_word' id='word_1_31' title='bbox 1395 590 1516 628; x_wconf 90' lang='lat' dir='ltr'><strong>esse</strong></span> <span class='ocrx_word' id='word_1_32' title='bbox 1547 572 1755 628; x_wconf 88' lang='lat' dir='ltr'><strong>dicitur</strong></span> <span class='ocrx_word' id='word_1_33' title='bbox 1788 589 1800 626; x_wconf 91' lang='lat'><strong>:</strong></span> <span class='ocrx_word' id='word_1_34' title='bbox 1833 577 1888 626; x_wconf 90' lang='lat' dir='ltr'><strong>et</strong></span> <span class='ocrx_word' id='word_1_35' title='bbox 1929 589 2060 626; x_wconf 93' lang='lat' dir='ltr'><strong>cum</strong></span> <span class='ocrx_word' id='word_1_36' title='bbox 2087 571 2148 625; x_wconf 90' lang='lat' dir='ltr'><strong>in</strong></span> 
     </span>
    </p>
   </div>
   <div class='ocr_carea' id='block_1_6' title="bbox 455 658 2150 732">
    <p class='ocr_par' dir='ltr' id='par_1_6' title="bbox 455 658 2150 732">
     <span class='ocr_line' id='line_1_6' title="bbox 455 658 2150 732; baseline -0.006 -11"><span class='ocrx_word' id='word_1_37' title='bbox 455 667 612 721; x_wconf 83' lang='lat' dir='ltr'><strong>aliud</strong></span> <span class='ocrx_word' id='word_1_38' title='bbox 631 665 953 722; x_wconf 83' lang='lat' dir='ltr'><strong>intenditur</strong></span> <span class='ocrx_word' id='word_1_39' title='bbox 971 664 1216 728; x_wconf 88' lang='lat' dir='ltr'><strong>animus,</strong></span> <span class='ocrx_word' id='word_1_40' title='bbox 1249 661 1412 732; x_wconf 90' lang='lat' dir='ltr'><strong>quasi</strong></span> <span class='ocrx_word' id='word_1_41' title='bbox 1437 677 1554 715; x_wconf 94' lang='lat' dir='ltr'><strong>non</strong></span> <span class='ocrx_word' id='word_1_42' title='bbox 1576 661 1724 714; x_wconf 89' lang='lat' dir='ltr'><strong>inest</strong></span> <span class='ocrx_word' id='word_1_43' title='bbox 1752 659 1942 713; x_wconf 90' lang='lat' dir='ltr'><strong>animo</strong></span> <span class='ocrx_word' id='word_1_44' title='bbox 1963 658 2150 730; x_wconf 90' lang='lat' dir='ltr'><strong>pristi-</strong></span> 
     </span>
    </p>
   </div>
   <div class='ocr_carea' id='block_1_7' title="bbox 458 747 2151 823">
    <p class='ocr_par' dir='ltr' id='par_1_7' title="bbox 458 747 2151 823">
     <span class='ocr_line' id='line_1_7' title="bbox 458 747 2151 823; baseline -0.005 -14"><span class='ocrx_word' id='word_1_45' title='bbox 458 772 565 808; x_wconf 92' lang='lat' dir='ltr'><strong>nus</strong></span> <span class='ocrx_word' id='word_1_46' title='bbox 595 760 806 823; x_wconf 88' lang='lat' dir='ltr'><strong>motus,</strong></span> <span class='ocrx_word' id='word_1_47' title='bbox 839 759 894 807; x_wconf 91' lang='lat' dir='ltr'><strong>et</strong></span> <span class='ocrx_word' id='word_1_48' title='bbox 914 768 1110 806; x_wconf 84' lang='lat' dir='ltr'>revera</span> <span class='ocrx_word' id='word_1_49' title='bbox 1134 750 1323 804; x_wconf 92' lang='lat' dir='ltr'><strong>minor</strong></span> <span class='ocrx_word' id='word_1_50' title='bbox 1344 750 1429 816; x_wconf 85' lang='lat' dir='ltr'><strong>tit,</strong></span> <span class='ocrx_word' id='word_1_51' title='bbox 1457 748 1568 804; x_wconf 90' lang='lat' dir='ltr'><strong>nisi</strong></span> <span class='ocrx_word' id='word_1_52' title='bbox 1588 754 1897 819; x_wconf 86' lang='lat' dir='ltr'><strong>antequam</strong></span> <span class='ocrx_word' id='word_1_53' title='bbox 1925 747 2151 802; x_wconf 90' lang='lat' dir='ltr'><strong>interci-</strong></span> 
     </span>
    </p>
   </div>
   <div class='ocr_carea' id='block_1_8' title="bbox 456 840 1512 914">
    <p class='ocr_par' dir='ltr' id='par_1_8' title="bbox 456 840 1512 914">
     <span class='ocr_line' id='line_1_8' title="bbox 456 840 1512 914; baseline -0.006 -16"><span class='ocrx_word' id='word_1_54' title='bbox 456 845 571 911; x_wconf 90' lang='lat' dir='ltr'><strong>dat,</strong></span> <span class='ocrx_word' id='word_1_55' title='bbox 602 843 849 914; x_wconf 90' lang='lat' dir='ltr'><strong>quadam</strong></span> <span class='ocrx_word' id='word_1_56' title='bbox 875 840 1158 895; x_wconf 86' lang='lat' dir='ltr'><strong>vicinitate</strong></span> <span class='ocrx_word' id='word_1_57' title='bbox 1190 843 1512 893; x_wconf 83' lang='lat' dir='ltr'><strong>renovetur.</strong></span> 
     </span>
    </p>
   </div>
   <div class='ocr_carea' id='block_1_9' title="bbox 533 923 2152 990">
    <p class='ocr_par' dir='ltr' id='par_1_9' title="bbox 533 923 2152 990">
     <span class='ocr_line' id='line_1_9' title="bbox 533 923 2152 990; baseline -0.006 -5"><span class='ocrx_word' id='word_1_58' title='bbox 533 935 615 985; x_wconf 80' lang='grc'><strong>15.</strong></span> <span class='ocrx_word' id='word_1_59' title='bbox 667 930 773 984; x_wconf 91' lang='lat' dir='ltr'><strong>Sed</strong></span> <span class='ocrx_word' id='word_1_60' title='bbox 803 929 977 983; x_wconf 85' lang='lat' dir='ltr'><strong>velim</strong></span> <span class='ocrx_word' id='word_1_61' title='bbox 1029 929 1193 990; x_wconf 88' lang='lat' dir='ltr'><strong>scire,</strong></span> <span class='ocrx_word' id='word_1_62' title='bbox 1226 932 1420 981; x_wconf 90' lang='lat' dir='ltr'><strong>utrum</strong></span> <span class='ocrx_word' id='word_1_63' title='bbox 1469 931 1526 980; x_wconf 90' lang='lat' dir='ltr'><strong>te</strong></span> <span class='ocrx_word' id='word_1_64' title='bbox 1568 927 1837 981; x_wconf 90' lang='lat' dir='ltr'><strong>adversus</strong></span> <span class='ocrx_word' id='word_1_65' title='bbox 1865 925 1974 979; x_wconf 90' lang='lat' dir='ltr'><strong>ista</strong></span> <span class='ocrx_word' id='word_1_66' title='bbox 2007 923 2152 977; x_wconf 88' lang='lat' dir='ltr'><strong>nihil</strong></span> 
     </span>
    </p>
   </div>
   <div class='ocr_carea' id='block_1_10' title="bbox 453 1013 2150 1079">
    <p class='ocr_par' dir='ltr' id='par_1_10' title="bbox 453 1013 2150 1079">
     <span class='ocr_line' id='line_1_10' title="bbox 453 1013 2150 1079; baseline -0.004 -8"><span class='ocrx_word' id='word_1_67' title='bbox 453 1023 698 1072; x_wconf 81' lang='lat' dir='ltr'><strong>moveat.</strong></span> <span class='ocrx_word' id='word_1_68' title='bbox 744 1019 817 1071; x_wconf 91' lang='lat' dir='ltr'><strong>D.</strong></span> <span class='ocrx_word' id='word_1_69' title='bbox 852 1016 1233 1070; x_wconf 89' lang='lat' dir='ltr'><strong>Probabiliter</strong></span> <span class='ocrx_word' id='word_1_70' title='bbox 1265 1013 1410 1068; x_wconf 89' lang='lat' dir='ltr'><strong>mihi</strong></span> <span class='ocrx_word' id='word_1_71' title='bbox 1441 1013 1628 1068; x_wconf 90' lang='lat' dir='ltr'><strong>dicere</strong></span> <span class='ocrx_word' id='word_1_72' title='bbox 1659 1013 1884 1079; x_wconf 90' lang='lat' dir='ltr'><strong>videris,</strong></span> <span class='ocrx_word' id='word_1_73' title='bbox 1918 1028 2021 1066; x_wconf 91' lang='lat' dir='ltr'><strong>nec</strong></span> <span class='ocrx_word' id='word_1_74' title='bbox 2049 1027 2150 1064; x_wconf 88' lang='lat' dir='ltr'><strong>au-</strong></span> 
     </span>
    </p>
   </div>
   <div class='ocr_carea' id='block_1_11' title="bbox 455 1101 2153 1172">
    <p class='ocr_par' dir='ltr' id='par_1_11' title="bbox 455 1101 2153 1172">
     <span class='ocr_line' id='line_1_11' title="bbox 455 1101 2153 1172; baseline -0.004 -13"><span class='ocrx_word' id='word_1_75' title='bbox 455 1106 563 1159; x_wconf 88' lang='lat' dir='ltr'><strong>sim</strong></span> <span class='ocrx_word' id='word_1_76' title='bbox 609 1105 889 1158; x_wconf 87' lang='lat' dir='ltr'><strong>resistere.</strong></span> <span class='ocrx_word' id='word_1_77' title='bbox 939 1104 1024 1157; x_wconf 83' lang='grc' dir='ltr'><strong>Μ.</strong></span> <span class='ocrx_word' id='word_1_78' title='bbox 1076 1105 1217 1158; x_wconf 89' lang='lat' dir='ltr'><strong>Cum</strong></span> <span class='ocrx_word' id='word_1_79' title='bbox 1264 1102 1442 1172; x_wconf 81' lang='lat' dir='ltr'><strong>igitur</strong></span> <span class='ocrx_word' id='word_1_80' title='bbox 1468 1102 1658 1172; x_wconf 89' lang='lat' dir='ltr'><strong>ipsum</strong></span> <span class='ocrx_word' id='word_1_81' title='bbox 1687 1101 1897 1155; x_wconf 88' lang='lat' dir='ltr'><strong>sentire</strong></span> <span class='ocrx_word' id='word_1_82' title='bbox 1926 1114 2153 1153; x_wconf 89' lang='lat' dir='ltr'><strong>movere</strong></span> 
     </span>
    </p>
   </div>
   <div class='ocr_carea' id='block_1_12' title="bbox 456 1189 2149 1262">
    <p class='ocr_par' dir='ltr' id='par_1_12' title="bbox 456 1189 2149 1262">
     <span class='ocr_line' id='line_1_12' title="bbox 456 1189 2149 1262; baseline -0.004 -15"><span class='ocrx_word' id='word_1_83' title='bbox 456 1193 530 1248; x_wconf 89' lang='lat' dir='ltr'><strong>sit</strong></span> <span class='ocrx_word' id='word_1_84' title='bbox 558 1209 764 1262; x_wconf 89' lang='lat' dir='ltr'><strong>corpus</strong></span> <span class='ocrx_word' id='word_1_85' title='bbox 796 1193 1060 1246; x_wconf 89' lang='lat' dir='ltr'><strong>adversus</strong></span> <span class='ocrx_word' id='word_1_86' title='bbox 1091 1192 1253 1245; x_wconf 92' lang='lat' dir='ltr'><strong>illum</strong></span> <span class='ocrx_word' id='word_1_87' title='bbox 1278 1195 1499 1244; x_wconf 89' lang='lat' dir='ltr'><strong>motum</strong></span> <span class='ocrx_word' id='word_1_88' title='bbox 1531 1190 1630 1261; x_wconf 90' lang='lat' dir='ltr'><strong>qui</strong></span> <span class='ocrx_word' id='word_1_89' title='bbox 1654 1189 1714 1243; x_wconf 92' lang='lat' dir='ltr'><strong>in</strong></span> <span class='ocrx_word' id='word_1_90' title='bbox 1745 1206 1811 1243; x_wconf 93' lang='lat' dir='ltr'><strong>eo</strong></span> <span class='ocrx_word' id='word_1_91' title='bbox 1838 1190 2018 1242; x_wconf 89' lang='lat' dir='ltr'><strong>factus</strong></span> <span class='ocrx_word' id='word_1_92' title='bbox 2048 1192 2149 1253; x_wconf 91' lang='lat' dir='ltr'><strong>est,</strong></span> 
     </span>
    </p>
   </div>
   <div class='ocr_carea' id='block_1_13' title="bbox 458 1278 2158 1335">
    <p class='ocr_par' dir='ltr' id='par_1_13' title="bbox 458 1278 2158 1335">
     <span class='ocr_line' id='line_1_13' title="bbox 458 1278 2158 1335; baseline -0.004 0"><span class='ocrx_word' id='word_1_93' title='bbox 458 1297 646 1335; x_wconf 91' lang='lat' dir='ltr'><strong>nonne</strong></span> <span class='ocrx_word' id='word_1_94' title='bbox 689 1280 976 1334; x_wconf 87' lang='lat' dir='ltr'><strong>existimas</strong></span> <span class='ocrx_word' id='word_1_95' title='bbox 1016 1279 1145 1334; x_wconf 88' lang='lat' dir='ltr'><strong>ideo</strong></span> <span class='ocrx_word' id='word_1_96' title='bbox 1185 1295 1288 1332; x_wconf 91' lang='lat' dir='ltr'><strong>nos</strong></span> <span class='ocrx_word' id='word_1_97' title='bbox 1327 1295 1445 1332; x_wconf 92' lang='lat' dir='ltr'><strong>non</strong></span> <span class='ocrx_word' id='word_1_98' title='bbox 1494 1278 1702 1332; x_wconf 89' lang='lat' dir='ltr'><strong>sentire</strong></span> <span class='ocrx_word' id='word_1_99' title='bbox 1751 1293 1882 1331; x_wconf 92' lang='lat' dir='ltr'><strong>cum</strong></span> <span class='ocrx_word' id='word_1_100' title='bbox 1927 1292 2054 1330; x_wconf 90' lang='lat' dir='ltr'><strong>ossa</strong></span> <span class='ocrx_word' id='word_1_101' title='bbox 2103 1280 2158 1328; x_wconf 89' lang='lat' dir='ltr'><strong>et</strong></span> 
     </span>
    </p>
   </div>
   <div class='ocr_carea' id='block_1_14' title="bbox 457 1363 2158 1439">
    <p class='ocr_par' dir='ltr' id='par_1_14' title="bbox 457 1363 2158 1439">
     <span class='ocr_line' id='line_1_14' title="bbox 457 1363 2158 1439; baseline -0.004 -16"><span class='ocrx_word' id='word_1_102' title='bbox 457 1385 676 1439; x_wconf 90' lang='lat' dir='ltr'><strong>ungues</strong></span> <span class='ocrx_word' id='word_1_103' title='bbox 721 1374 778 1423; x_wconf 88' lang='lat' dir='ltr'><strong>et</strong></span> <span class='ocrx_word' id='word_1_104' title='bbox 817 1368 1009 1439; x_wconf 86' lang='lat' dir='ltr'><strong>capilli</strong></span> <span class='ocrx_word' id='word_1_105' title='bbox 1057 1372 1339 1433; x_wconf 85' lang='lat' dir='ltr'><strong>secantur,</strong></span> <span class='ocrx_word' id='word_1_106' title='bbox 1385 1382 1501 1421; x_wconf 90' lang='lat' dir='ltr'><strong>non</strong></span> <span class='ocrx_word' id='word_1_107' title='bbox 1548 1366 1685 1437; x_wconf 85' lang='lat' dir='ltr'><strong>quia</strong></span> <span class='ocrx_word' id='word_1_108' title='bbox 1731 1365 1838 1420; x_wconf 89' lang='lat' dir='ltr'><strong>ista</strong></span> <span class='ocrx_word' id='word_1_109' title='bbox 1883 1365 1944 1418; x_wconf 94' lang='lat' dir='ltr'><strong>in</strong></span> <span class='ocrx_word' id='word_1_110' title='bbox 1991 1363 2158 1418; x_wconf 91' lang='lat' dir='ltr'><strong>nobis</strong></span> 
     </span>
    </p>
   </div>
   <div class='ocr_carea' id='block_1_15' title="bbox 461 1453 2218 1521">
    <p class='ocr_par' dir='ltr' id='par_1_15' title="bbox 461 1453 2218 1521">
     <span class='ocr_line' id='line_1_15' title="bbox 461 1453 2218 1521; baseline -0.001 -11"><span class='ocrx_word' id='word_1_111' title='bbox 461 1457 696 1510; x_wconf 90' lang='lat' dir='ltr'><strong>omnino</strong></span> <span class='ocrx_word' id='word_1_112' title='bbox 724 1472 841 1510; x_wconf 92' lang='lat' dir='ltr'><strong>non</strong></span> <span class='ocrx_word' id='word_1_113' title='bbox 860 1455 1077 1521; x_wconf 87' lang='lat' dir='ltr'><strong>vivunt,</strong></span> <span class='ocrx_word' id='word_1_114' title='bbox 1101 1471 1218 1508; x_wconf 92' lang='lat' dir='ltr'><strong>non</strong></span> <span class='ocrx_word' id='word_1_115' title='bbox 1235 1453 1392 1508; x_wconf 91' lang='lat' dir='ltr'><strong>enim</strong></span> <span class='ocrx_word' id='word_1_116' title='bbox 1409 1455 1573 1508; x_wconf 89' lang='lat' dir='ltr'><strong>aliter</strong></span> <span class='ocrx_word' id='word_1_117' title='bbox 1602 1459 1698 1508; x_wconf 91' lang='lat' dir='ltr'><strong>aut</strong></span> <span class='ocrx_word' id='word_1_118' title='bbox 1726 1453 2158 1507; x_wconf 88' lang='lat' dir='ltr'><strong>continerentur</strong></span> <span class='ocrx_word' id='word_1_119' title='bbox 2206 1496 2218 1508; x_wconf 84' lang='lat'><strong>.</strong></span> 
     </span>
    </p>
   </div>
   <div class='ocr_carea' id='block_1_16' title="bbox 463 1542 2158 1610">
    <p class='ocr_par' dir='ltr' id='par_1_16' title="bbox 463 1542 2158 1610">
     <span class='ocr_line' id='line_1_16' title="bbox 463 1542 2158 1610; baseline -0.002 -12"><span class='ocrx_word' id='word_1_120' title='bbox 463 1550 563 1599; x_wconf 88' lang='lat' dir='ltr'><strong>aut</strong></span> <span class='ocrx_word' id='word_1_121' title='bbox 593 1544 952 1598; x_wconf 89' lang='lat' dir='ltr'><strong>nutrirentur</strong></span> <span class='ocrx_word' id='word_1_122' title='bbox 995 1549 1095 1597; x_wconf 90' lang='lat' dir='ltr'><strong>aut</strong></span> <span class='ocrx_word' id='word_1_123' title='bbox 1134 1546 1469 1610; x_wconf 89' lang='lat' dir='ltr'><strong>crescerent,</strong></span> <span class='ocrx_word' id='word_1_124' title='bbox 1502 1547 1602 1597; x_wconf 92' lang='lat' dir='ltr'><strong>aut</strong></span> <span class='ocrx_word' id='word_1_125' title='bbox 1637 1543 1808 1596; x_wconf 88' lang='lat' dir='ltr'><strong>etiam</strong></span> <span class='ocrx_word' id='word_1_126' title='bbox 1853 1542 1966 1595; x_wconf 90' lang='lat' dir='ltr'><strong>vim</strong></span> <span class='ocrx_word' id='word_1_127' title='bbox 1996 1557 2158 1595; x_wconf 90' lang='lat' dir='ltr'><strong>suam</strong></span> 
     </span>
    </p>
   </div>
   <div class='ocr_carea' id='block_1_17' title="bbox 461 1629 2156 1702">
    <p class='ocr_par' dir='ltr' id='par_1_17' title="bbox 461 1629 2156 1702">
     <span class='ocr_line' id='line_1_17' title="bbox 461 1629 2156 1702; baseline -0.002 -16"><span class='ocrx_word' id='word_1_128' title='bbox 461 1632 523 1686; x_wconf 91' lang='lat' dir='ltr'><strong>in</strong></span> <span class='ocrx_word' id='word_1_129' title='bbox 553 1632 796 1686; x_wconf 90' lang='lat' dir='ltr'><strong>serenda</strong></span> <span class='ocrx_word' id='word_1_130' title='bbox 827 1632 986 1702; x_wconf 86' lang='lat' dir='ltr'><strong>prole</strong></span> <span class='ocrx_word' id='word_1_131' title='bbox 1015 1636 1430 1698; x_wconf 85' lang='lat' dir='ltr'><strong>monstrarent;</strong></span> <span class='ocrx_word' id='word_1_132' title='bbox 1466 1632 1562 1686; x_wconf 92' lang='lat' dir='ltr'><strong>sed</strong></span> <span class='ocrx_word' id='word_1_133' title='bbox 1592 1631 1726 1702; x_wconf 87' lang='lat' dir='ltr'><strong>quia</strong></span> <span class='ocrx_word' id='word_1_134' title='bbox 1755 1633 1947 1684; x_wconf 89' lang='lat' dir='ltr'><strong>minus</strong></span> <span class='ocrx_word' id='word_1_135' title='bbox 1975 1629 2156 1684; x_wconf 90' lang='lat' dir='ltr'><strong>libero</strong></span> 
     </span>
    </p>
   </div>
   <div class='ocr_carea' id='block_1_18' title="bbox 463 1720 2160 1793">
    <p class='ocr_par' dir='ltr' id='par_1_18' title="bbox 463 1720 2160 1793">
     <span class='ocr_line' id='line_1_18' title="bbox 463 1720 2160 1793; baseline -0.002 -16"><span class='ocrx_word' id='word_1_136' title='bbox 463 1737 594 1777; x_wconf 86' lang='lat' dir='ltr'><strong>aere</strong></span> <span class='ocrx_word' id='word_1_137' title='bbox 624 1726 1020 1793; x_wconf 88' lang='lat' dir='ltr'><strong>penetrantur,</strong></span> <span class='ocrx_word' id='word_1_138' title='bbox 1065 1720 1263 1775; x_wconf 91' lang='lat' dir='ltr'><strong>mobili</strong></span> <span class='ocrx_word' id='word_1_139' title='bbox 1311 1721 1523 1774; x_wconf 88' lang='lat' dir='ltr'><strong>scilicet</strong></span> <span class='ocrx_word' id='word_1_140' title='bbox 1546 1722 1850 1784; x_wconf 88' lang='lat' dir='ltr'><strong>elemento,</strong></span> <span class='ocrx_word' id='word_1_141' title='bbox 1885 1736 2060 1791; x_wconf 86' lang='lat' dir='ltr'><strong>quam</strong></span> <span class='ocrx_word' id='word_1_142' title='bbox 2097 1723 2160 1774; x_wconf 87' lang='lat' dir='ltr'><strong>ut</strong></span> 
     </span>
    </p>
   </div>
   <div class='ocr_carea' id='block_1_19' title="bbox 464 1808 2158 1880">
    <p class='ocr_par' dir='ltr' id='par_1_19' title="bbox 464 1808 2158 1880">
     <span class='ocr_line' id='line_1_19' title="bbox 464 1808 2158 1880; baseline -0.002 -16"><span class='ocrx_word' id='word_1_143' title='bbox 464 1815 651 1865; x_wconf 87' lang='lat' dir='ltr'><strong>motus</strong></span> <span class='ocrx_word' id='word_1_144' title='bbox 677 1810 756 1864; x_wconf 85' lang='lat' dir='ltr'><strong>ibi</strong></span> <span class='ocrx_word' id='word_1_145' title='bbox 786 1809 967 1880; x_wconf 89' lang='lat' dir='ltr'><strong>possit</strong></span> <span class='ocrx_word' id='word_1_146' title='bbox 984 1810 1054 1863; x_wconf 91' lang='lat' dir='ltr'><strong>ab</strong></span> <span class='ocrx_word' id='word_1_147' title='bbox 1077 1810 1267 1863; x_wconf 89' lang='lat' dir='ltr'><strong>anima</strong></span> <span class='ocrx_word' id='word_1_148' title='bbox 1288 1808 1413 1863; x_wconf 90' lang='lat' dir='ltr'><strong>ﬁeri</strong></span> <span class='ocrx_word' id='word_1_149' title='bbox 1434 1814 1553 1863; x_wconf 88' lang='lat' dir='ltr'><strong>tam</strong></span> <span class='ocrx_word' id='word_1_150' title='bbox 1569 1810 1737 1874; x_wconf 91' lang='lat' dir='ltr'><strong>celer,</strong></span> <span class='ocrx_word' id='word_1_151' title='bbox 1761 1824 1935 1879; x_wconf 90' lang='lat' dir='ltr'><strong>quam</strong></span> <span class='ocrx_word' id='word_1_152' title='bbox 1960 1812 2042 1862; x_wconf 89' lang='lat' dir='ltr'><strong>est</strong></span> <span class='ocrx_word' id='word_1_153' title='bbox 2063 1808 2158 1861; x_wconf 93' lang='lat' dir='ltr'><strong>ille</strong></span> 
     </span>
    </p>
   </div>
   <div class='ocr_carea' id='block_1_20' title="bbox 462 1896 2159 1968">
    <p class='ocr_par' dir='ltr' id='par_1_20' title="bbox 462 1896 2159 1968">
     <span class='ocr_line' id='line_1_20' title="bbox 462 1896 2159 1968; baseline -0.002 -15"><span class='ocrx_word' id='word_1_154' title='bbox 462 1900 729 1954; x_wconf 89' lang='lat' dir='ltr'><strong>adversus</strong></span> <span class='ocrx_word' id='word_1_155' title='bbox 760 1915 934 1968; x_wconf 91' lang='lat' dir='ltr'><strong>quem</strong></span> <span class='ocrx_word' id='word_1_156' title='bbox 963 1897 1029 1951; x_wconf 83' lang='lat' dir='ltr'><strong>ﬁt</strong></span> <span class='ocrx_word' id='word_1_157' title='bbox 1057 1913 1187 1952; x_wconf 90' lang='lat' dir='ltr'><strong>cum</strong></span> <span class='ocrx_word' id='word_1_158' title='bbox 1217 1897 1426 1952; x_wconf 91' lang='lat' dir='ltr'><strong>sentire</strong></span> <span class='ocrx_word' id='word_1_159' title='bbox 1455 1897 1680 1952; x_wconf 88' lang='lat' dir='ltr'><strong>dicitur.</strong></span> <span class='ocrx_word' id='word_1_160' title='bbox 1714 1898 1863 1951; x_wconf 86' lang='lat' dir='ltr'><strong>Talis</strong></span> <span class='ocrx_word' id='word_1_161' title='bbox 1896 1896 2159 1968; x_wconf 56' lang='lat' dir='ltr'><strong>quadam</strong></span> 
     </span>
    </p>
   </div>
   <div class='ocr_carea' id='block_1_21' title="bbox 465 1984 2160 2057">
    <p class='ocr_par' dir='ltr' id='par_1_21' title="bbox 465 1984 2160 2057">
     <span class='ocr_line' id='line_1_21' title="bbox 465 1984 2160 2057; baseline -0.002 -15"><span class='ocrx_word' id='word_1_162' title='bbox 465 1988 576 2042; x_wconf 89' lang='lat' dir='ltr'><strong>vita</strong></span> <span class='ocrx_word' id='word_1_163' title='bbox 603 2003 734 2040; x_wconf 92' lang='lat' dir='ltr'><strong>cum</strong></span> <span class='ocrx_word' id='word_1_164' title='bbox 764 1986 824 2039; x_wconf 91' lang='lat' dir='ltr'><strong>in</strong></span> <span class='ocrx_word' id='word_1_165' title='bbox 852 1987 1152 2040; x_wconf 86' lang='lat' dir='ltr'><strong>arboribus</strong></span> <span class='ocrx_word' id='word_1_166' title='bbox 1182 1992 1351 2057; x_wconf 91' lang='lat' dir='ltr'><strong>atque</strong></span> <span class='ocrx_word' id='word_1_167' title='bbox 1383 1987 1650 2057; x_wconf 86' lang='lat' dir='ltr'><strong>stirpibus</strong></span> <span class='ocrx_word' id='word_1_168' title='bbox 1674 1985 1892 2040; x_wconf 80' lang='lat' dir='ltr'><strong>caeteris</strong></span> <span class='ocrx_word' id='word_1_169' title='bbox 1920 2001 2040 2038; x_wconf 90' lang='lat' dir='ltr'><strong>esse</strong></span> <span class='ocrx_word' id='word_1_170' title='bbox 2070 1984 2160 2038; x_wconf 92' lang='lat' dir='ltr'><strong>in-</strong></span> 
     </span>
    </p>
   </div>
   <div class='ocr_carea' id='block_1_22' title="bbox 464 2075 2162 2146">
    <p class='ocr_par' dir='ltr' id='par_1_22' title="bbox 464 2075 2162 2146">
     <span class='ocr_line' id='line_1_22' title="bbox 464 2075 2162 2146; baseline -0.002 -16"><span class='ocrx_word' id='word_1_171' title='bbox 464 2075 777 2146; x_wconf 90' lang='lat' dir='ltr'><strong>telligatur,</strong></span> <span class='ocrx_word' id='word_1_172' title='bbox 808 2075 966 2128; x_wconf 92' lang='lat' dir='ltr'><strong>nullo</strong></span> <span class='ocrx_word' id='word_1_173' title='bbox 989 2075 1158 2129; x_wconf 92' lang='lat' dir='ltr'><strong>modo</strong></span> <span class='ocrx_word' id='word_1_174' title='bbox 1187 2091 1314 2130; x_wconf 89' lang='lat' dir='ltr'><strong>eam</strong></span> <span class='ocrx_word' id='word_1_175' title='bbox 1342 2091 1455 2128; x_wconf 93' lang='lat' dir='ltr'><strong>non</strong></span> <span class='ocrx_word' id='word_1_176' title='bbox 1482 2076 1666 2129; x_wconf 90' lang='lat' dir='ltr'><strong>solum</strong></span> <span class='ocrx_word' id='word_1_177' title='bbox 1687 2079 1897 2128; x_wconf 77' lang='lat' dir='ltr'><strong>nostrae</strong></span> <span class='ocrx_word' id='word_1_178' title='bbox 1924 2090 2052 2144; x_wconf 66' lang='lat' dir='ltr'><strong>qua:</strong></span> <span class='ocrx_word' id='word_1_179' title='bbox 2075 2089 2162 2126; x_wconf 91' lang='lat' dir='ltr'><strong>ra-</strong></span> 
     </span>
    </p>
   </div>
   <div class='ocr_carea' id='block_1_23' title="bbox 461 2163 2161 2234">
    <p class='ocr_par' dir='ltr' id='par_1_23' title="bbox 461 2163 2161 2234">
     <span class='ocr_line' id='line_1_23' title="bbox 461 2163 2161 2234; baseline -0.001 -16"><span class='ocrx_word' id='word_1_180' title='bbox 461 2165 622 2218; x_wconf 89' lang='lat' dir='ltr'><strong>tione</strong></span> <span class='ocrx_word' id='word_1_181' title='bbox 653 2163 827 2218; x_wconf 90' lang='lat' dir='ltr'><strong>etiam</strong></span> <span class='ocrx_word' id='word_1_182' title='bbox 865 2165 1181 2234; x_wconf 83' lang='lat' dir='ltr'><strong>praepollet,</strong></span> <span class='ocrx_word' id='word_1_183' title='bbox 1231 2164 1329 2218; x_wconf 91' lang='lat' dir='ltr'><strong>sed</strong></span> <span class='ocrx_word' id='word_1_184' title='bbox 1371 2180 1442 2218; x_wconf 91' lang='lat' dir='ltr'><strong>ne</strong></span> <span class='ocrx_word' id='word_1_185' title='bbox 1473 2163 1582 2233; x_wconf 90' lang='lat' dir='ltr'><strong>ipsi</strong></span> <span class='ocrx_word' id='word_1_186' title='bbox 1626 2163 1862 2234; x_wconf 90' lang='lat' dir='ltr'><strong>quidem</strong></span> <span class='ocrx_word' id='word_1_187' title='bbox 1892 2163 2161 2218; x_wconf 69' lang='lat' dir='ltr'><strong>belluina:</strong></span> 
     </span>
    </p>
   </div>
   <div class='ocr_carea' id='block_1_24' title="bbox 463 2249 2160 2320">
    <p class='ocr_par' dir='ltr' id='par_1_24' title="bbox 463 2249 2160 2320">
     <span class='ocr_line' id='line_1_24' title="bbox 463 2249 2160 2320; baseline 0 -16"><span class='ocrx_word' id='word_1_188' title='bbox 463 2249 626 2305; x_wconf 89' lang='lat' dir='ltr'><strong>decet</strong></span> <span class='ocrx_word' id='word_1_189' title='bbox 671 2265 1028 2320; x_wconf 57' lang='lat' dir='ltr'><strong>praeponere.</strong></span> <span class='ocrx_word' id='word_1_190' title='bbox 1069 2250 1240 2304; x_wconf 83' lang='lat' dir='ltr'><strong>Aliud</strong></span> <span class='ocrx_word' id='word_1_191' title='bbox 1269 2257 1354 2305; x_wconf 91' lang='lat' dir='ltr'><strong>est</strong></span> <span class='ocrx_word' id='word_1_192' title='bbox 1382 2251 1538 2305; x_wconf 92' lang='lat' dir='ltr'><strong>enim</strong></span> <span class='ocrx_word' id='word_1_193' title='bbox 1576 2268 1799 2305; x_wconf 89' lang='lat' dir='ltr'><strong>summa</strong></span> <span class='ocrx_word' id='word_1_194' title='bbox 1829 2251 2160 2320; x_wconf 86' lang='lat' dir='ltr'><strong>stoliditate,</strong></span> 
     </span>
    </p>
   </div>
   <div class='ocr_carea' id='block_1_25' title="bbox 464 2339 2162 2410">
    <p class='ocr_par' dir='ltr' id='par_1_25' title="bbox 464 2339 2162 2410">
     <span class='ocr_line' id='line_1_25' title="bbox 464 2339 2162 2410; baseline 0.002 -19"><span class='ocrx_word' id='word_1_195' title='bbox 464 2339 620 2392; x_wconf 89' lang='lat' dir='ltr'><strong>aliud</strong></span> <span class='ocrx_word' id='word_1_196' title='bbox 651 2354 875 2392; x_wconf 89' lang='lat' dir='ltr'><strong>summa</strong></span> <span class='ocrx_word' id='word_1_197' title='bbox 909 2339 1145 2393; x_wconf 88' lang='lat' dir='ltr'><strong>sanitate</strong></span> <span class='ocrx_word' id='word_1_198' title='bbox 1191 2339 1444 2410; x_wconf 88' lang='lat' dir='ltr'><strong>corporis</strong></span> <span class='ocrx_word' id='word_1_199' title='bbox 1475 2339 1619 2393; x_wconf 87' lang='lat' dir='ltr'><strong>nihil</strong></span> <span class='ocrx_word' id='word_1_200' title='bbox 1649 2341 1878 2395; x_wconf 91' lang='lat' dir='ltr'><strong>sentire.</strong></span> <span class='ocrx_word' id='word_1_201' title='bbox 1911 2342 2053 2394; x_wconf 89' lang='lat' dir='ltr'><strong>Nam</strong></span> <span class='ocrx_word' id='word_1_202' title='bbox 2100 2340 2162 2394; x_wconf 90' lang='lat' dir='ltr'><strong>in</strong></span> 
     </span>
    </p>
   </div>
   <div class='ocr_carea' id='block_1_26' title="bbox 470 2425 2160 2498">
    <p class='ocr_par' dir='ltr' id='par_1_26' title="bbox 470 2425 2160 2498">
     <span class='ocr_line' id='line_1_26' title="bbox 470 2425 2160 2498; baseline 0.001 -20"><span class='ocrx_word' id='word_1_203' title='bbox 470 2425 651 2479; x_wconf 90' lang='lat' dir='ltr'><strong>altero</strong></span> <span class='ocrx_word' id='word_1_204' title='bbox 699 2427 1080 2480; x_wconf 86' lang='lat' dir='ltr'><strong>instrumenta</strong></span> <span class='ocrx_word' id='word_1_205' title='bbox 1126 2426 1348 2490; x_wconf 86' lang='lat' dir='ltr'><strong>desunt,</strong></span> <span class='ocrx_word' id='word_1_206' title='bbox 1401 2442 1530 2496; x_wconf 78' lang='lat' dir='ltr'><strong>quae</strong></span> <span class='ocrx_word' id='word_1_207' title='bbox 1574 2426 1843 2481; x_wconf 90' lang='lat' dir='ltr'><strong>adversus</strong></span> <span class='ocrx_word' id='word_1_208' title='bbox 1871 2427 2160 2498; x_wconf 89' lang='lat' dir='ltr'><strong>passiones</strong></span> 
     </span>
    </p>
   </div>
   <div class='ocr_carea' id='block_1_27' title="bbox 468 2511 2160 2586">
    <p class='ocr_par' dir='ltr' id='par_1_27' title="bbox 468 2511 2160 2586">
     <span class='ocr_line' id='line_1_27' title="bbox 468 2511 2160 2586; baseline 0.003 -21"><span class='ocrx_word' id='word_1_209' title='bbox 468 2511 726 2582; x_wconf 89' lang='lat' dir='ltr'><strong>corporis</strong></span> <span class='ocrx_word' id='word_1_210' title='bbox 740 2517 1095 2580; x_wconf 86' lang='lat' dir='ltr'><strong>moveantur,</strong></span> <span class='ocrx_word' id='word_1_211' title='bbox 1115 2513 1176 2567; x_wconf 90' lang='lat' dir='ltr'><strong>in</strong></span> <span class='ocrx_word' id='word_1_212' title='bbox 1197 2515 1375 2569; x_wconf 91' lang='lat' dir='ltr'><strong>altero</strong></span> <span class='ocrx_word' id='word_1_213' title='bbox 1394 2514 1533 2586; x_wconf 55' lang='lat' dir='ltr'><strong>ipsa</strong></span> <span class='ocrx_word' id='word_1_214' title='bbox 1545 2515 1856 2586; x_wconf 87' lang='lat' dir='ltr'><strong>passiones.</strong></span> <span class='ocrx_word' id='word_1_215' title='bbox 1875 2517 1950 2569; x_wconf 92' lang='lat' dir='ltr'><strong>D.</strong></span> <span class='ocrx_word' id='word_1_216' title='bbox 1975 2516 2160 2571; x_wconf 89' lang='lat' dir='ltr'><strong>Probo</strong></span> 
     </span>
    </p>
   </div>
   <div class='ocr_carea' id='block_1_28' title="bbox 471 2600 855 2655">
    <p class='ocr_par' dir='ltr' id='par_1_28' title="bbox 471 2600 855 2655">
     <span class='ocr_line' id='line_1_28' title="bbox 471 2600 855 2655; baseline 0.003 -2"><span class='ocrx_word' id='word_1_217' title='bbox 471 2604 528 2654; x_wconf 93' lang='lat' dir='ltr'><strong>et</strong></span> <span class='ocrx_word' id='word_1_218' title='bbox 555 2600 855 2655; x_wconf 88' lang='lat' dir='ltr'><strong>assentior.</strong></span> 
     </span>
    </p>
   </div>
   <div class='ocr_carea' id='block_1_29' title="bbox 468 2687 2163 2758">
    <p class='ocr_par' dir='ltr' id='par_1_29' title="bbox 468 2687 2163 2758">
     <span class='ocr_line' id='line_1_29' title="bbox 468 2687 2163 2758; baseline 0.002 -16"><span class='ocrx_word' id='word_1_219' title='bbox 468 2687 693 2743; x_wconf 85' lang='lat' dir='ltr'><strong>CAPUT</strong></span> <span class='ocrx_word' id='word_1_220' title='bbox 721 2688 811 2742; x_wconf 88' lang='lat' dir='ltr'><strong>VI.</strong></span> <span class='ocrx_word' id='word_1_221' title='bbox 842 2717 910 2728; x_wconf 92' lang='lat'><strong>—</strong></span> <span class='ocrx_word' id='word_1_222' title='bbox 940 2690 1086 2743; x_wconf 81' lang='lat' dir='ltr'><strong>Inter</strong></span> <span class='ocrx_word' id='word_1_223' title='bbox 1113 2704 1310 2756; x_wconf 80' lang='lat' dir='ltr'><strong>genera</strong></span> <span class='ocrx_word' id='word_1_224' title='bbox 1339 2704 1681 2746; x_wconf 85' lang='lat' dir='ltr'><strong>numerorum</strong></span> <span class='ocrx_word' id='word_1_225' title='bbox 1709 2691 1860 2758; x_wconf 85' lang='lat' dir='ltr'><strong>ordo,</strong></span> <span class='ocrx_word' id='word_1_226' title='bbox 1891 2695 1943 2746; x_wconf 86' lang='lat' dir='ltr'><strong>et</strong></span> <span class='ocrx_word' id='word_1_227' title='bbox 1982 2706 2163 2746; x_wconf 87' lang='lat' dir='ltr'><strong>eorum</strong></span> 
     </span>
    </p>
   </div>
   <div class='ocr_carea' id='block_1_30' title="bbox 1196 2780 1435 2832">
    <p class='ocr_par' dir='ltr' id='par_1_30' title="bbox 1196 2780 1435 2832">
     <span class='ocr_line' id='line_1_30' title="bbox 1196 2780 1435 2832; baseline 0.008 -2"><span class='ocrx_word' id='word_1_228' title='bbox 1196 2780 1435 2832; x_wconf 81' lang='lat' dir='ltr'><strong>nomina.</strong></span> 
     </span>
    </p>
   </div>
   <div class='ocr_carea' id='block_1_31' title="bbox 543 2863 2161 2938">
    <p class='ocr_par' dir='ltr' id='par_1_31' title="bbox 543 2863 2161 2938">
     <span class='ocr_line' id='line_1_31' title="bbox 543 2863 2161 2938; baseline 0.004 -22"><span class='ocrx_word' id='word_1_229' title='bbox 543 2864 627 2916; x_wconf 88' lang='grc'><strong>16.</strong></span> <span class='ocrx_word' id='word_1_230' title='bbox 676 2864 752 2919; x_wconf 84' lang='lat' dir='ltr'><strong>M.</strong></span> <span class='ocrx_word' id='word_1_231' title='bbox 804 2863 948 2918; x_wconf 83' lang='lat' dir='ltr'><strong>Redi</strong></span> <span class='ocrx_word' id='word_1_232' title='bbox 993 2879 1129 2935; x_wconf 90' lang='lat' dir='ltr'><strong>ergo</strong></span> <span class='ocrx_word' id='word_1_233' title='bbox 1177 2880 1403 2920; x_wconf 90' lang='lat' dir='ltr'><strong>mecum</strong></span> <span class='ocrx_word' id='word_1_234' title='bbox 1449 2866 1522 2921; x_wconf 87' lang='lat' dir='ltr'><strong>ad</strong></span> <span class='ocrx_word' id='word_1_235' title='bbox 1567 2866 1946 2938; x_wconf 92' lang='lat' dir='ltr'><strong>propositum,</strong></span> <span class='ocrx_word' id='word_1_236' title='bbox 1987 2871 2161 2938; x_wconf 87' lang='lat' dir='ltr'><strong>atque</strong></span> 
     </span>
    </p>
   </div>
   <div class='ocr_carea' id='block_1_32' title="bbox 468 2953 2160 3028">
    <p class='ocr_par' dir='ltr' id='par_1_32' title="bbox 468 2953 2160 3028">
     <span class='ocr_line' id='line_1_32' title="bbox 468 2953 2160 3028; baseline 0.004 -22"><span class='ocrx_word' id='word_1_237' title='bbox 468 2953 750 3023; x_wconf 91' lang='lat' dir='ltr'><strong>responde</strong></span> <span class='ocrx_word' id='word_1_238' title='bbox 779 2954 850 3008; x_wconf 93' lang='lat' dir='ltr'><strong>de</strong></span> <span class='ocrx_word' id='word_1_239' title='bbox 878 2954 1062 3008; x_wconf 91' lang='lat' dir='ltr'><strong>tribus</strong></span> <span class='ocrx_word' id='word_1_240' title='bbox 1105 2955 1219 3009; x_wconf 89' lang='lat' dir='ltr'><strong>illis</strong></span> <span class='ocrx_word' id='word_1_241' title='bbox 1252 2956 1558 3026; x_wconf 80' lang='lat' dir='ltr'><strong>generibus</strong></span> <span class='ocrx_word' id='word_1_242' title='bbox 1587 2972 1980 3024; x_wconf 91' lang='lat' dir='ltr'><strong>numerorum,</strong></span> <span class='ocrx_word' id='word_1_243' title='bbox 2013 2974 2160 3028; x_wconf 89' lang='lat' dir='ltr'><strong>quo-</strong></span> 
     </span>
    </p>
   </div>
   <div class='ocr_carea' id='block_1_33' title="bbox 468 3041 2160 3113">
    <p class='ocr_par' dir='ltr' id='par_1_33' title="bbox 468 3041 2160 3113">
     <span class='ocr_line' id='line_1_33' title="bbox 468 3041 2160 3113; baseline 0.004 -19"><span class='ocrx_word' id='word_1_244' title='bbox 468 3057 600 3094; x_wconf 92' lang='lat' dir='ltr'><strong>rum</strong></span> <span class='ocrx_word' id='word_1_245' title='bbox 648 3041 890 3096; x_wconf 88' lang='lat' dir='ltr'><strong>alterum</strong></span> <span class='ocrx_word' id='word_1_246' title='bbox 926 3041 988 3096; x_wconf 89' lang='lat' dir='ltr'><strong>in</strong></span> <span class='ocrx_word' id='word_1_247' title='bbox 1032 3044 1310 3098; x_wconf 89' lang='lat' dir='ltr'><strong>memoria</strong></span> <span class='ocrx_word' id='word_1_248' title='bbox 1339 3049 1443 3111; x_wconf 91' lang='lat' dir='ltr'><strong>est,</strong></span> <span class='ocrx_word' id='word_1_249' title='bbox 1476 3045 1720 3100; x_wconf 85' lang='lat' dir='ltr'><strong>alterum</strong></span> <span class='ocrx_word' id='word_1_250' title='bbox 1750 3046 1810 3100; x_wconf 92' lang='lat' dir='ltr'><strong>in</strong></span> <span class='ocrx_word' id='word_1_251' title='bbox 1841 3045 2160 3113; x_wconf 87' lang='lat' dir='ltr'><strong>sentiendo,</strong></span> 
     </span>
    </p>
   </div>
   <div class='ocr_carea' id='block_1_34' title="bbox 470 3127 2157 3200">
    <p class='ocr_par' dir='ltr' id='par_1_34' title="bbox 470 3127 2157 3200">
     <span class='ocr_line' id='line_1_34' title="bbox 470 3127 2157 3200; baseline 0.005 -20"><span class='ocrx_word' id='word_1_252' title='bbox 470 3127 714 3181; x_wconf 90' lang='lat' dir='ltr'><strong>alterum</strong></span> <span class='ocrx_word' id='word_1_253' title='bbox 751 3127 812 3181; x_wconf 94' lang='lat' dir='ltr'><strong>in</strong></span> <span class='ocrx_word' id='word_1_254' title='bbox 861 3145 1018 3194; x_wconf 87' lang='lat' dir='ltr'><strong>sono,</strong></span> <span class='ocrx_word' id='word_1_255' title='bbox 1076 3131 1365 3200; x_wconf 89' lang='lat' dir='ltr'><strong>quodnam</strong></span> <span class='ocrx_word' id='word_1_256' title='bbox 1411 3133 1515 3186; x_wconf 85' lang='lat' dir='ltr'><strong>tibi</strong></span> <span class='ocrx_word' id='word_1_257' title='bbox 1561 3133 1819 3188; x_wconf 89' lang='lat' dir='ltr'><strong>videatur</strong></span> <span class='ocrx_word' id='word_1_258' title='bbox 1865 3134 2157 3189; x_wconf 86' lang='lat' dir='ltr'><strong>excellere.</strong></span> 
     </span>
    </p>
   </div>
   <div class='ocr_carea' id='block_1_35' title="bbox 468 3216 2164 3291">
    <p class='ocr_par' dir='ltr' id='par_1_35' title="bbox 468 3216 2164 3291">
     <span class='ocr_line' id='line_1_35' title="bbox 468 3216 2164 3291; baseline 0.004 -22"><span class='ocrx_word' id='word_1_259' title='bbox 468 3216 543 3271; x_wconf 88' lang='lat' dir='ltr'><strong>D.</strong></span> <span class='ocrx_word' id='word_1_260' title='bbox 577 3216 793 3270; x_wconf 91' lang='lat' dir='ltr'><strong>Sonum</strong></span> <span class='ocrx_word' id='word_1_261' title='bbox 825 3217 1048 3271; x_wconf 90' lang='lat' dir='ltr'><strong>duobus</strong></span> <span class='ocrx_word' id='word_1_262' title='bbox 1077 3218 1188 3272; x_wconf 92' lang='lat' dir='ltr'><strong>illis</strong></span> <span class='ocrx_word' id='word_1_263' title='bbox 1217 3224 1496 3290; x_wconf 86' lang='lat' dir='ltr'><strong>postpono</strong></span> <span class='ocrx_word' id='word_1_264' title='bbox 1542 3237 1672 3291; x_wconf 75' lang='lat' dir='ltr'><strong>quae</strong></span> <span class='ocrx_word' id='word_1_265' title='bbox 1710 3221 1770 3275; x_wconf 93' lang='lat' dir='ltr'><strong>in</strong></span> <span class='ocrx_word' id='word_1_266' title='bbox 1810 3222 2001 3276; x_wconf 88' lang='lat' dir='ltr'><strong>anima</strong></span> <span class='ocrx_word' id='word_1_267' title='bbox 2029 3227 2164 3276; x_wconf 91' lang='lat' dir='ltr'><strong>sunt</strong></span> 
     </span>
    </p>
   </div>
   <div class='ocr_carea' id='block_1_36' title="bbox 472 3304 2162 3378">
    <p class='ocr_par' dir='ltr' id='par_1_36' title="bbox 472 3304 2162 3378">
     <span class='ocr_line' id='line_1_36' title="bbox 472 3304 2162 3378; baseline 0.003 -20"><span class='ocrx_word' id='word_1_268' title='bbox 472 3307 528 3358; x_wconf 91' lang='lat' dir='ltr'><strong>et</strong></span> <span class='ocrx_word' id='word_1_269' title='bbox 568 3304 766 3358; x_wconf 89' lang='lat' dir='ltr'><strong>vivunt</strong></span> <span class='ocrx_word' id='word_1_270' title='bbox 803 3305 1228 3375; x_wconf 88' lang='lat' dir='ltr'><strong>quodammodo</strong></span> <span class='ocrx_word' id='word_1_271' title='bbox 1281 3324 1293 3360; x_wconf 92' lang='lat'><strong>:</strong></span> <span class='ocrx_word' id='word_1_272' title='bbox 1345 3309 1446 3363; x_wconf 90' lang='lat' dir='ltr'><strong>sed</strong></span> <span class='ocrx_word' id='word_1_273' title='bbox 1476 3309 1682 3362; x_wconf 89' lang='lat' dir='ltr'><strong>horum</strong></span> <span class='ocrx_word' id='word_1_274' title='bbox 1712 3309 1960 3363; x_wconf 92' lang='lat' dir='ltr'><strong>duorum</strong></span> <span class='ocrx_word' id='word_1_275' title='bbox 2009 3310 2162 3378; x_wconf 90' lang='lat' dir='ltr'><strong>quod</strong></span> 
     </span>
    </p>
   </div>
   <div class='ocr_carea' id='block_1_37' title="bbox 470 3391 2161 3469">
    <p class='ocr_par' dir='ltr' id='par_1_37' title="bbox 470 3391 2161 3469">
     <span class='ocr_line' id='line_1_37' title="bbox 470 3391 2161 3469; baseline 0.004 -24"><span class='ocrx_word' id='word_1_276' title='bbox 470 3391 835 3462; x_wconf 79' lang='lat' dir='ltr'><strong>praestantius</strong></span> <span class='ocrx_word' id='word_1_277' title='bbox 865 3393 1138 3464; x_wconf 90' lang='lat' dir='ltr'><strong>judicem,</strong></span> <span class='ocrx_word' id='word_1_278' title='bbox 1186 3394 1440 3449; x_wconf 88' lang='lat' dir='ltr'><strong>incertus</strong></span> <span class='ocrx_word' id='word_1_279' title='bbox 1479 3412 1627 3463; x_wconf 90' lang='lat' dir='ltr'><strong>sum,</strong></span> <span class='ocrx_word' id='word_1_280' title='bbox 1667 3396 1777 3450; x_wconf 86' lang='lat' dir='ltr'><strong>nisi</strong></span> <span class='ocrx_word' id='word_1_281' title='bbox 1822 3397 1965 3451; x_wconf 89' lang='lat' dir='ltr'><strong>forte</strong></span> <span class='ocrx_word' id='word_1_282' title='bbox 2017 3415 2161 3469; x_wconf 86' lang='lat' dir='ltr'><strong>quo-</strong></span> 
     </span>
    </p>
   </div>
   <div class='ocr_carea' id='block_1_38' title="bbox 470 3481 2161 3556">
    <p class='ocr_par' dir='ltr' id='par_1_38' title="bbox 470 3481 2161 3556">
     <span class='ocr_line' id='line_1_38' title="bbox 470 3481 2161 3556; baseline 0.004 -22"><span class='ocrx_word' id='word_1_283' title='bbox 470 3481 628 3535; x_wconf 90' lang='lat' dir='ltr'><strong>niam</strong></span> <span class='ocrx_word' id='word_1_284' title='bbox 657 3481 787 3535; x_wconf 91' lang='lat' dir='ltr'><strong>illos</strong></span> <span class='ocrx_word' id='word_1_285' title='bbox 824 3482 926 3552; x_wconf 90' lang='lat' dir='ltr'><strong>qui</strong></span> <span class='ocrx_word' id='word_1_286' title='bbox 971 3487 1106 3536; x_wconf 88' lang='lat' dir='ltr'><strong>sunt</strong></span> <span class='ocrx_word' id='word_1_287' title='bbox 1134 3482 1195 3536; x_wconf 93' lang='lat' dir='ltr'><strong>in</strong></span> <span class='ocrx_word' id='word_1_288' title='bbox 1224 3484 1467 3550; x_wconf 88' lang='lat' dir='ltr'><strong>actione,</strong></span> <span class='ocrx_word' id='word_1_289' title='bbox 1499 3501 1618 3538; x_wconf 92' lang='lat' dir='ltr'><strong>non</strong></span> <span class='ocrx_word' id='word_1_290' title='bbox 1647 3485 1717 3539; x_wconf 92' lang='lat' dir='ltr'><strong>oh</strong></span> <span class='ocrx_word' id='word_1_291' title='bbox 1747 3484 1905 3540; x_wconf 89' lang='lat' dir='ltr'><strong>aliud</strong></span> <span class='ocrx_word' id='word_1_292' title='bbox 1934 3502 2161 3556; x_wconf 61' lang='lat' dir='ltr'><strong>praepo-</strong></span> 
     </span>
    </p>
   </div>
   <div class='ocr_carea' id='block_1_39' title="bbox 470 3569 2164 3644">
    <p class='ocr_par' dir='ltr' id='par_1_39' title="bbox 470 3569 2164 3644">
     <span class='ocr_line' id='line_1_39' title="bbox 470 3569 2164 3644; baseline 0.003 -21"><span class='ocrx_word' id='word_1_293' title='bbox 470 3570 686 3624; x_wconf 90' lang='lat' dir='ltr'><strong>nendos</strong></span> <span class='ocrx_word' id='word_1_294' title='bbox 705 3569 774 3623; x_wconf 88' lang='lat' dir='ltr'><strong>iis</strong></span> <span class='ocrx_word' id='word_1_295' title='bbox 805 3570 905 3641; x_wconf 90' lang='lat' dir='ltr'><strong>qui</strong></span> <span class='ocrx_word' id='word_1_296' title='bbox 935 3575 1069 3625; x_wconf 87' lang='lat' dir='ltr'><strong>sunt</strong></span> <span class='ocrx_word' id='word_1_297' title='bbox 1101 3571 1159 3625; x_wconf 92' lang='lat' dir='ltr'><strong>in</strong></span> <span class='ocrx_word' id='word_1_298' title='bbox 1189 3571 1469 3626; x_wconf 90' lang='lat' dir='ltr'><strong>memoria</strong></span> <span class='ocrx_word' id='word_1_299' title='bbox 1494 3571 1839 3642; x_wconf 83' lang='lat' dir='ltr'><strong>dixeramus,</strong></span> <span class='ocrx_word' id='word_1_300' title='bbox 1871 3574 1984 3628; x_wconf 90' lang='lat' dir='ltr'><strong>nisi</strong></span> <span class='ocrx_word' id='word_1_301' title='bbox 2009 3575 2164 3644; x_wconf 92' lang='lat' dir='ltr'><strong>quod</strong></span> 
     </span>
    </p>
   </div>
   <div class='ocr_carea' id='block_1_40' title="bbox 469 3657 2164 3737">
    <p class='ocr_par' dir='ltr' id='par_1_40' title="bbox 469 3657 2164 3737">
     <span class='ocr_line' id='line_1_40' title="bbox 469 3657 2164 3737; baseline 0.003 -26"><span class='ocrx_word' id='word_1_302' title='bbox 469 3657 554 3711; x_wconf 91' lang='lat' dir='ltr'><strong>illi</strong></span> <span class='ocrx_word' id='word_1_303' title='bbox 580 3657 850 3737; x_wconf 88' lang='lat' dir='ltr'><strong>facientes</strong></span> <span class='ocrx_word' id='word_1_304' title='bbox 875 3663 1027 3723; x_wconf 87' lang='lat' dir='ltr'><strong>sunt,</strong></span> <span class='ocrx_word' id='word_1_305' title='bbox 1055 3660 1148 3713; x_wconf 91' lang='lat' dir='ltr'><strong>isti</strong></span> <span class='ocrx_word' id='word_1_306' title='bbox 1170 3660 1240 3714; x_wconf 91' lang='lat' dir='ltr'><strong>ah</strong></span> <span class='ocrx_word' id='word_1_307' title='bbox 1267 3660 1354 3714; x_wconf 88' lang='lat' dir='ltr'><strong>his</strong></span> <span class='ocrx_word' id='word_1_308' title='bbox 1375 3660 1506 3715; x_wconf 91' lang='lat' dir='ltr'><strong>facti</strong></span> <span class='ocrx_word' id='word_1_309' title='bbox 1530 3678 1542 3728; x_wconf 92' lang='lat'><strong>;</strong></span> <span class='ocrx_word' id='word_1_310' title='bbox 1566 3661 1767 3716; x_wconf 90' lang='lat' dir='ltr'><strong>eadem</strong></span> <span class='ocrx_word' id='word_1_311' title='bbox 1786 3662 2004 3716; x_wconf 89' lang='lat' dir='ltr'><strong>ratione</strong></span> <span class='ocrx_word' id='word_1_312' title='bbox 2025 3661 2164 3716; x_wconf 89' lang='lat' dir='ltr'><strong>istos</strong></span> 
     </span>
    </p>
   </div>
   <div class='ocr_carea' id='block_1_41' title="bbox 471 3745 2164 3821">
    <p class='ocr_par' dir='ltr' id='par_1_41' title="bbox 471 3745 2164 3821">
     <span class='ocr_line' id='line_1_41' title="bbox 471 3745 2164 3821; baseline 0.004 -22"><span class='ocrx_word' id='word_1_313' title='bbox 471 3745 643 3800; x_wconf 87' lang='lat' dir='ltr'><strong>etiam</strong></span> <span class='ocrx_word' id='word_1_314' title='bbox 681 3747 780 3818; x_wconf 92' lang='lat' dir='ltr'><strong>qui</strong></span> <span class='ocrx_word' id='word_1_315' title='bbox 809 3747 945 3801; x_wconf 90' lang='lat' dir='ltr'><strong>dum</strong></span> <span class='ocrx_word' id='word_1_316' title='bbox 986 3748 1252 3802; x_wconf 90' lang='lat' dir='ltr'><strong>audimus</strong></span> <span class='ocrx_word' id='word_1_317' title='bbox 1283 3749 1478 3803; x_wconf 90' lang='lat' dir='ltr'><strong>insunt</strong></span> <span class='ocrx_word' id='word_1_318' title='bbox 1507 3750 1566 3803; x_wconf 91' lang='lat' dir='ltr'><strong>in</strong></span> <span class='ocrx_word' id='word_1_319' title='bbox 1596 3750 1811 3820; x_wconf 91' lang='lat' dir='ltr'><strong>anima,</strong></span> <span class='ocrx_word' id='word_1_320' title='bbox 1842 3755 2066 3821; x_wconf 84' lang='lat' dir='ltr'><strong>oportet</strong></span> <span class='ocrx_word' id='word_1_321' title='bbox 2095 3751 2164 3804; x_wconf 89' lang='lat' dir='ltr'><strong>iis</strong></span> 
     </span>
    </p>
   </div>
   <div class='ocr_carea' id='block_1_42' title="bbox 471 3835 2166 3904">
    <p class='ocr_par' dir='ltr' id='par_1_42' title="bbox 471 3835 2166 3904">
     <span class='ocr_line' id='line_1_42' title="bbox 471 3835 2166 3904; baseline 0.004 -17"><span class='ocrx_word' id='word_1_322' title='bbox 471 3838 818 3903; x_wconf 87' lang='lat' dir='ltr'><strong>anteponere</strong></span> <span class='ocrx_word' id='word_1_323' title='bbox 844 3835 943 3904; x_wconf 90' lang='lat' dir='ltr'><strong>qui</strong></span> <span class='ocrx_word' id='word_1_324' title='bbox 972 3837 1042 3890; x_wconf 89' lang='lat' dir='ltr'><strong>ab</strong></span> <span class='ocrx_word' id='word_1_325' title='bbox 1081 3837 1284 3890; x_wconf 90' lang='lat' dir='ltr'><strong>iisdem</strong></span> <span class='ocrx_word' id='word_1_326' title='bbox 1321 3837 1384 3892; x_wconf 90' lang='lat' dir='ltr'><strong>in</strong></span> <span class='ocrx_word' id='word_1_327' title='bbox 1410 3837 1691 3892; x_wconf 90' lang='lat' dir='ltr'><strong>memoria</strong></span> <span class='ocrx_word' id='word_1_328' title='bbox 1718 3839 1883 3902; x_wconf 84' lang='lat' dir='ltr'><strong>ﬁunt,</strong></span> <span class='ocrx_word' id='word_1_329' title='bbox 1917 3839 2081 3893; x_wconf 87' lang='lat' dir='ltr'><strong>sicuti</strong></span> <span class='ocrx_word' id='word_1_330' title='bbox 2109 3843 2166 3893; x_wconf 89' lang='lat' dir='ltr'><strong>et</strong></span> 
     </span>
    </p>
   </div>
   <div class='ocr_carea' id='block_1_43' title="bbox 471 3922 2162 3994">
    <p class='ocr_par' dir='ltr' id='par_1_43' title="bbox 471 3922 2162 3994">
     <span class='ocr_line' id='line_1_43' title="bbox 471 3922 2162 3994; baseline 0.003 -19"><span class='ocrx_word' id='word_1_331' title='bbox 471 3922 689 3975; x_wconf 89' lang='lat' dir='ltr'><strong>dudum</strong></span> <span class='ocrx_word' id='word_1_332' title='bbox 733 3922 876 3976; x_wconf 88' lang='lat' dir='ltr'><strong>mihi</strong></span> <span class='ocrx_word' id='word_1_333' title='bbox 918 3922 1233 3978; x_wconf 89' lang='lat' dir='ltr'><strong>videbatur.</strong></span> <span class='ocrx_word' id='word_1_334' title='bbox 1285 3927 1365 3980; x_wconf 86' lang='lat' dir='ltr'><strong>M.</strong></span> <span class='ocrx_word' id='word_1_335' title='bbox 1418 3925 1539 3978; x_wconf 87' lang='lat' dir='ltr'><strong>Non</strong></span> <span class='ocrx_word' id='word_1_336' title='bbox 1571 3928 1710 3994; x_wconf 89' lang='lat' dir='ltr'><strong>puto</strong></span> <span class='ocrx_word' id='word_1_337' title='bbox 1740 3925 2045 3980; x_wconf 84' lang='lat' dir='ltr'><strong>absurdam</strong></span> <span class='ocrx_word' id='word_1_338' title='bbox 2074 3942 2162 3980; x_wconf 91' lang='lat' dir='ltr'><strong>re-</strong></span> 
     </span>
    </p>
   </div>
   <div class='ocr_carea' id='block_1_44' title="bbox 472 4008 2162 4082">
    <p class='ocr_par' dir='ltr' id='par_1_44' title="bbox 472 4008 2162 4082">
     <span class='ocr_line' id='line_1_44' title="bbox 472 4008 2162 4082; baseline 0.004 -20"><span class='ocrx_word' id='word_1_339' title='bbox 472 4008 839 4079; x_wconf 89' lang='lat' dir='ltr'><strong>sponsionem</strong></span> <span class='ocrx_word' id='word_1_340' title='bbox 865 4014 1024 4064; x_wconf 90' lang='lat' dir='ltr'><strong>tuam</strong></span> <span class='ocrx_word' id='word_1_341' title='bbox 1057 4026 1070 4064; x_wconf 91' lang='lat'><strong>:</strong></span> <span class='ocrx_word' id='word_1_342' title='bbox 1105 4012 1203 4065; x_wconf 91' lang='lat' dir='ltr'><strong>sed</strong></span> <span class='ocrx_word' id='word_1_343' title='bbox 1233 4011 1512 4082; x_wconf 88' lang='lat' dir='ltr'><strong>quoniam</strong></span> <span class='ocrx_word' id='word_1_344' title='bbox 1541 4011 1894 4082; x_wconf 87' lang='lat' dir='ltr'><strong>disputatum</strong></span> <span class='ocrx_word' id='word_1_345' title='bbox 1921 4017 2025 4081; x_wconf 88' lang='lat' dir='ltr'><strong>est,</strong></span> <span class='ocrx_word' id='word_1_346' title='bbox 2057 4013 2162 4070; x_wconf 89' lang='lat' dir='ltr'><strong>hos</strong></span> 
     </span>
    </p>
   </div>
   <div class='ocr_carea' id='block_1_45' title="bbox 471 4097 2164 4171">
    <p class='ocr_par' dir='ltr' id='par_1_45' title="bbox 471 4097 2164 4171">
     <span class='ocr_line' id='line_1_45' title="bbox 471 4097 2164 4171; baseline 0.004 -20"><span class='ocrx_word' id='word_1_347' title='bbox 471 4097 644 4152; x_wconf 91' lang='lat' dir='ltr'><strong>etiam</strong></span> <span class='ocrx_word' id='word_1_348' title='bbox 671 4098 771 4169; x_wconf 90' lang='lat' dir='ltr'><strong>qui</strong></span> <span class='ocrx_word' id='word_1_349' title='bbox 792 4102 926 4153; x_wconf 91' lang='lat' dir='ltr'><strong>sunt</strong></span> <span class='ocrx_word' id='word_1_350' title='bbox 951 4098 1013 4154; x_wconf 91' lang='lat' dir='ltr'><strong>in</strong></span> <span class='ocrx_word' id='word_1_351' title='bbox 1033 4099 1330 4154; x_wconf 86' lang='lat' dir='ltr'><strong>sentiendo</strong></span> <span class='ocrx_word' id='word_1_352' title='bbox 1358 4115 1627 4154; x_wconf 90' lang='lat' dir='ltr'><strong>numeros</strong></span> <span class='ocrx_word' id='word_1_353' title='bbox 1657 4101 2018 4171; x_wconf 88' lang='lat' dir='ltr'><strong>operationes</strong></span> <span class='ocrx_word' id='word_1_354' title='bbox 2043 4119 2164 4158; x_wconf 90' lang='lat' dir='ltr'><strong>esse</strong></span> 
     </span>
    </p>
   </div>
   <div class='ocr_carea' id='block_1_46' title="bbox 472 4187 2164 4262">
    <p class='ocr_par' dir='ltr' id='par_1_46' title="bbox 472 4187 2164 4262">
     <span class='ocr_line' id='line_1_46' title="bbox 472 4187 2164 4262; baseline 0.004 -22"><span class='ocrx_word' id='word_1_355' title='bbox 472 4187 711 4252; x_wconf 74' lang='lat' dir='ltr'><strong>animae;</strong></span> <span class='ocrx_word' id='word_1_356' title='bbox 745 4187 1033 4258; x_wconf 90' lang='lat' dir='ltr'><strong>quomodo</strong></span> <span class='ocrx_word' id='word_1_357' title='bbox 1075 4204 1169 4242; x_wconf 93' lang='lat' dir='ltr'><strong>eos</strong></span> <span class='ocrx_word' id='word_1_358' title='bbox 1199 4188 1269 4242; x_wconf 87' lang='lat' dir='ltr'><strong>ab</strong></span> <span class='ocrx_word' id='word_1_359' title='bbox 1298 4188 1412 4242; x_wconf 92' lang='lat' dir='ltr'><strong>illis</strong></span> <span class='ocrx_word' id='word_1_360' title='bbox 1437 4188 1732 4257; x_wconf 88' lang='lat' dir='ltr'><strong>discernis,</strong></span> <span class='ocrx_word' id='word_1_361' title='bbox 1774 4205 1915 4262; x_wconf 90' lang='lat' dir='ltr'><strong>quos</strong></span> <span class='ocrx_word' id='word_1_362' title='bbox 1943 4190 2006 4245; x_wconf 92' lang='lat' dir='ltr'><strong>in</strong></span> <span class='ocrx_word' id='word_1_363' title='bbox 2035 4197 2164 4246; x_wconf 90' lang='lat' dir='ltr'><strong>actu</strong></span> 
     </span>
    </p>
   </div>
   <div class='ocr_carea' id='block_1_47' title="bbox 471 4275 2165 4344">
    <p class='ocr_par' dir='ltr' id='par_1_47' title="bbox 471 4275 2165 4344">
     <span class='ocr_line' id='line_1_47' title="bbox 471 4275 2165 4344; baseline 0.003 -15"><span class='ocrx_word' id='word_1_364' title='bbox 471 4291 591 4330; x_wconf 90' lang='lat' dir='ltr'><strong>esse</strong></span> <span class='ocrx_word' id='word_1_365' title='bbox 638 4275 1165 4344; x_wconf 88' lang='lat' dir='ltr'><strong>animadvertimus,</strong></span> <span class='ocrx_word' id='word_1_366' title='bbox 1215 4276 1387 4331; x_wconf 88' lang='lat' dir='ltr'><strong>etiam</strong></span> <span class='ocrx_word' id='word_1_367' title='bbox 1420 4293 1547 4331; x_wconf 90' lang='lat' dir='ltr'><strong>cum</strong></span> <span class='ocrx_word' id='word_1_368' title='bbox 1583 4278 1642 4332; x_wconf 93' lang='lat' dir='ltr'><strong>in</strong></span> <span class='ocrx_word' id='word_1_369' title='bbox 1672 4278 1898 4334; x_wconf 89' lang='lat' dir='ltr'><strong>silentio</strong></span> <span class='ocrx_word' id='word_1_370' title='bbox 1928 4295 2046 4334; x_wconf 92' lang='lat' dir='ltr'><strong>non</strong></span> <span class='ocrx_word' id='word_1_371' title='bbox 2074 4296 2165 4334; x_wconf 89' lang='lat' dir='ltr'><strong>re-</strong></span> 
     </span>
    </p>
   </div>
   <div class='ocr_carea' id='block_1_48' title="bbox 469 4365 2162 4438">
    <p class='ocr_par' dir='ltr' id='par_1_48' title="bbox 469 4365 2162 4438">
     <span class='ocr_line' id='line_1_48' title="bbox 469 4365 2162 4438; baseline 0.002 -19"><span class='ocrx_word' id='word_1_372' title='bbox 469 4365 708 4420; x_wconf 90' lang='lat' dir='ltr'><strong>cordans</strong></span> <span class='ocrx_word' id='word_1_373' title='bbox 745 4366 863 4435; x_wconf 89' lang='lat' dir='ltr'><strong>agit</strong></span> <span class='ocrx_word' id='word_1_374' title='bbox 887 4365 1104 4436; x_wconf 91' lang='lat' dir='ltr'><strong>aliquid</strong></span> <span class='ocrx_word' id='word_1_375' title='bbox 1129 4365 1320 4420; x_wconf 88' lang='lat' dir='ltr'><strong>anima</strong></span> <span class='ocrx_word' id='word_1_376' title='bbox 1342 4381 1447 4436; x_wconf 91' lang='lat' dir='ltr'><strong>per</strong></span> <span class='ocrx_word' id='word_1_377' title='bbox 1475 4367 1810 4437; x_wconf 86' lang='lat' dir='ltr'><strong>temporalia</strong></span> <span class='ocrx_word' id='word_1_378' title='bbox 1839 4368 2021 4438; x_wconf 88' lang='lat' dir='ltr'><strong>spatia</strong></span> <span class='ocrx_word' id='word_1_379' title='bbox 2048 4384 2162 4423; x_wconf 92' lang='lat' dir='ltr'><strong>nu-</strong></span> 
     </span>
    </p>
   </div>
   <div class='ocr_carea' id='block_1_49' title="bbox 469 4453 2162 4525">
    <p class='ocr_par' dir='ltr' id='par_1_49' title="bbox 469 4453 2162 4525">
     <span class='ocr_line' id='line_1_49' title="bbox 469 4453 2162 4525; baseline 0.004 -20"><span class='ocrx_word' id='word_1_380' title='bbox 469 4468 758 4508; x_wconf 91' lang='lat' dir='ltr'><strong>merosum</strong></span> <span class='ocrx_word' id='word_1_381' title='bbox 780 4455 837 4507; x_wconf 67' lang='lat'><strong>*?</strong></span> <span class='ocrx_word' id='word_1_382' title='bbox 858 4469 931 4508; x_wconf 91' lang='lat' dir='ltr'><strong>an</strong></span> <span class='ocrx_word' id='word_1_383' title='bbox 960 4454 1113 4525; x_wconf 93' lang='lat' dir='ltr'><strong>quod</strong></span> <span class='ocrx_word' id='word_1_384' title='bbox 1145 4453 1229 4508; x_wconf 92' lang='lat' dir='ltr'><strong>illi</strong></span> <span class='ocrx_word' id='word_1_385' title='bbox 1249 4458 1381 4508; x_wconf 92' lang='lat' dir='ltr'><strong>sunt</strong></span> <span class='ocrx_word' id='word_1_386' title='bbox 1400 4456 1682 4509; x_wconf 89' lang='lat' dir='ltr'><strong>moventis</strong></span> <span class='ocrx_word' id='word_1_387' title='bbox 1711 4470 1832 4510; x_wconf 89' lang='lat' dir='ltr'><strong>sese</strong></span> <span class='ocrx_word' id='word_1_388' title='bbox 1854 4457 2060 4511; x_wconf 67' lang='lat' dir='ltr'><strong>animae</strong></span> <span class='ocrx_word' id='word_1_389' title='bbox 2091 4457 2162 4510; x_wconf 89' lang='lat' dir='ltr'><strong>ad</strong></span> 
     </span>
    </p>
   </div>
   <div class='ocr_carea' id='block_1_50' title="bbox 468 4539 2160 4608">
    <p class='ocr_par' dir='ltr' id='par_1_50' title="bbox 468 4539 2160 4608">
     <span class='ocr_line' id='line_1_50' title="bbox 468 4539 2160 4608; baseline 0.003 -16"><span class='ocrx_word' id='word_1_390' title='bbox 468 4554 675 4608; x_wconf 89' lang='lat' dir='ltr'><strong>corpus</strong></span> <span class='ocrx_word' id='word_1_391' title='bbox 730 4555 920 4607; x_wconf 86' lang='lat' dir='ltr'><strong>suum,</strong></span> <span class='ocrx_word' id='word_1_392' title='bbox 970 4539 1030 4594; x_wconf 90' lang='lat' dir='ltr'><strong>hi</strong></span> <span class='ocrx_word' id='word_1_393' title='bbox 1079 4555 1213 4594; x_wconf 89' lang='lat' dir='ltr'><strong>vero</strong></span> <span class='ocrx_word' id='word_1_394' title='bbox 1263 4539 1323 4592; x_wconf 87' lang='lat' dir='ltr'><strong>in</strong></span> <span class='ocrx_word' id='word_1_395' title='bbox 1375 4540 1662 4594; x_wconf 89' lang='lat' dir='ltr'><strong>audiendo</strong></span> <span class='ocrx_word' id='word_1_396' title='bbox 1715 4542 1994 4595; x_wconf 87' lang='lat' dir='ltr'><strong>moventis</strong></span> <span class='ocrx_word' id='word_1_397' title='bbox 2039 4559 2160 4597; x_wconf 89' lang='lat' dir='ltr'><strong>sese</strong></span> 
     </span>
    </p>
   </div>
   <div class='ocr_carea' id='block_1_51' title="bbox 469 4625 2159 4702">
    <p class='ocr_par' dir='ltr' id='par_1_51' title="bbox 469 4625 2159 4702">
     <span class='ocr_line' id='line_1_51' title="bbox 469 4625 2159 4702; baseline 0.005 -24"><span class='ocrx_word' id='word_1_398' title='bbox 469 4625 676 4680; x_wconf 79' lang='lat' dir='ltr'><strong>animae</strong></span> <span class='ocrx_word' id='word_1_399' title='bbox 721 4627 988 4683; x_wconf 87' lang='lat' dir='ltr'><strong>adversus</strong></span> <span class='ocrx_word' id='word_1_400' title='bbox 1032 4627 1329 4700; x_wconf 89' lang='lat' dir='ltr'><strong>passiones</strong></span> <span class='ocrx_word' id='word_1_401' title='bbox 1377 4629 1632 4700; x_wconf 92' lang='lat' dir='ltr'><strong>corporis</strong></span> <span class='ocrx_word' id='word_1_402' title='bbox 1661 4630 1787 4684; x_wconf 88' lang='lat' dir='ltr'><strong>sui?</strong></span> <span class='ocrx_word' id='word_1_403' title='bbox 1826 4631 1899 4686; x_wconf 90' lang='lat' dir='ltr'><strong>D.</strong></span> <span class='ocrx_word' id='word_1_404' title='bbox 1931 4631 2159 4702; x_wconf 88' lang='lat' dir='ltr'><strong>Accipio</strong></span> 
     </span>
    </p>
   </div>
   <div class='ocr_carea' id='block_1_52' title="bbox 465 4713 2160 4781">
    <p class='ocr_par' dir='ltr' id='par_1_52' title="bbox 465 4713 2160 4781">
     <span class='ocr_line' id='line_1_52' title="bbox 465 4713 2160 4781; baseline 0.005 -15"><span class='ocrx_word' id='word_1_405' title='bbox 465 4713 632 4767; x_wconf 88' lang='lat' dir='ltr'><strong>istam</strong></span> <span class='ocrx_word' id='word_1_406' title='bbox 676 4715 1076 4770; x_wconf 77' lang='lat' dir='ltr'><strong>differentiam.</strong></span> <span class='ocrx_word' id='word_1_407' title='bbox 1134 4719 1208 4772; x_wconf 87' lang='lat' dir='ltr'><strong>M.</strong></span> <span class='ocrx_word' id='word_1_408' title='bbox 1269 4716 1450 4781; x_wconf 85' lang='lat' dir='ltr'><strong>Quid?</strong></span> <span class='ocrx_word' id='word_1_409' title='bbox 1490 4717 1551 4771; x_wconf 92' lang='lat' dir='ltr'><strong>in</strong></span> <span class='ocrx_word' id='word_1_410' title='bbox 1593 4717 1875 4772; x_wconf 89' lang='lat' dir='ltr'><strong>sententia</strong></span> <span class='ocrx_word' id='word_1_411' title='bbox 1923 4734 2160 4774; x_wconf 91' lang='lat' dir='ltr'><strong>manen-</strong></span> 
     </span>
    </p>
   </div>
   <div class='ocr_carea' id='block_1_53' title="bbox 466 4802 2160 4878">
    <p class='ocr_par' dir='ltr' id='par_1_53' title="bbox 466 4802 2160 4878">
     <span class='ocr_line' id='line_1_53' title="bbox 466 4802 2160 4878; baseline 0.004 -23"><span class='ocrx_word' id='word_1_412' title='bbox 466 4802 681 4856; x_wconf 90' lang='lat' dir='ltr'><strong>dumne</strong></span> <span class='ocrx_word' id='word_1_413' title='bbox 708 4803 1017 4871; x_wconf 89' lang='lat' dir='ltr'><strong>arbitraris,</strong></span> <span class='ocrx_word' id='word_1_414' title='bbox 1051 4809 1115 4859; x_wconf 90' lang='lat' dir='ltr'><strong>ut</strong></span> <span class='ocrx_word' id='word_1_415' title='bbox 1138 4805 1568 4876; x_wconf 70' lang='lat' dir='ltr'><strong>praestantiores</strong></span> <span class='ocrx_word' id='word_1_416' title='bbox 1597 4805 1680 4860; x_wconf 89' lang='lat' dir='ltr'><strong>illi</strong></span> <span class='ocrx_word' id='word_1_417' title='bbox 1704 4806 2033 4876; x_wconf 89' lang='lat' dir='ltr'><strong>judiceutur</strong></span> <span class='ocrx_word' id='word_1_418' title='bbox 2060 4808 2160 4878; x_wconf 90' lang='lat' dir='ltr'><strong>qui</strong></span> 
     </span>
    </p>
   </div>
   <div class='ocr_carea' id='block_1_54' title="bbox 467 4891 2161 4964">
    <p class='ocr_par' dir='ltr' id='par_1_54' title="bbox 467 4891 2161 4964">
     <span class='ocr_line' id='line_1_54' title="bbox 467 4891 2161 4964; baseline 0.004 -20"><span class='ocrx_word' id='word_1_419' title='bbox 467 4895 600 4944; x_wconf 91' lang='lat' dir='ltr'><strong>sunt</strong></span> <span class='ocrx_word' id='word_1_420' title='bbox 627 4891 700 4944; x_wconf 87' lang='lat' dir='ltr'><strong>ad</strong></span> <span class='ocrx_word' id='word_1_421' title='bbox 729 4906 957 4960; x_wconf 91' lang='lat' dir='ltr'><strong>corpus,</strong></span> <span class='ocrx_word' id='word_1_422' title='bbox 983 4909 1157 4963; x_wconf 89' lang='lat' dir='ltr'><strong>quam</strong></span> <span class='ocrx_word' id='word_1_423' title='bbox 1183 4893 1270 4948; x_wconf 92' lang='lat' dir='ltr'><strong>illi</strong></span> <span class='ocrx_word' id='word_1_424' title='bbox 1300 4895 1400 4964; x_wconf 91' lang='lat' dir='ltr'><strong>qui</strong></span> <span class='ocrx_word' id='word_1_425' title='bbox 1420 4899 1553 4948; x_wconf 89' lang='lat' dir='ltr'><strong>sunt</strong></span> <span class='ocrx_word' id='word_1_426' title='bbox 1575 4895 1840 4949; x_wconf 89' lang='lat' dir='ltr'><strong>adversus</strong></span> <span class='ocrx_word' id='word_1_427' title='bbox 1870 4896 2161 4964; x_wconf 89' lang='lat' dir='ltr'><strong>passiones</strong></span> 
     </span>
    </p>
   </div>
   <div class='ocr_carea' id='block_1_55' title="bbox 465 4978 2160 5055">
    <p class='ocr_par' dir='ltr' id='par_1_55' title="bbox 465 4978 2160 5055">
     <span class='ocr_line' id='line_1_55' title="bbox 465 4978 2160 5055; baseline 0.004 -22"><span class='ocrx_word' id='word_1_428' title='bbox 465 4978 758 5050; x_wconf 82' lang='lat' dir='ltr'><strong>corporis?</strong></span> <span class='ocrx_word' id='word_1_429' title='bbox 788 4979 864 5033; x_wconf 90' lang='lat' dir='ltr'><strong>D.</strong></span> <span class='ocrx_word' id='word_1_430' title='bbox 897 4979 1214 5036; x_wconf 88' lang='lat' dir='ltr'><strong>Liberiores</strong></span> <span class='ocrx_word' id='word_1_431' title='bbox 1247 4982 1388 5037; x_wconf 90' lang='lat' dir='ltr'><strong>mihi</strong></span> <span class='ocrx_word' id='word_1_432' title='bbox 1409 4983 1675 5038; x_wconf 88' lang='lat' dir='ltr'><strong>videntur</strong></span> <span class='ocrx_word' id='word_1_433' title='bbox 1702 4983 1786 5037; x_wconf 90' lang='lat' dir='ltr'><strong>illi</strong></span> <span class='ocrx_word' id='word_1_434' title='bbox 1817 4984 1915 5055; x_wconf 92' lang='lat' dir='ltr'><strong>qui</strong></span> <span class='ocrx_word' id='word_1_435' title='bbox 1941 4988 2072 5039; x_wconf 92' lang='lat' dir='ltr'><strong>sunt</strong></span> <span class='ocrx_word' id='word_1_436' title='bbox 2100 4986 2160 5039; x_wconf 90' lang='lat' dir='ltr'><strong>in</strong></span> 
     </span>
    </p>
   </div>
   <div class='ocr_carea' id='block_1_56' title="bbox 465 5066 2161 5143">
    <p class='ocr_par' dir='ltr' id='par_1_56' title="bbox 465 5066 2161 5143">
     <span class='ocr_line' id='line_1_56' title="bbox 465 5066 2161 5143; baseline 0.004 -22"><span class='ocrx_word' id='word_1_437' title='bbox 465 5067 708 5135; x_wconf 89' lang='lat' dir='ltr'><strong>silentio,</strong></span> <span class='ocrx_word' id='word_1_438' title='bbox 732 5082 905 5138; x_wconf 89' lang='lat' dir='ltr'><strong>quam</strong></span> <span class='ocrx_word' id='word_1_439' title='bbox 935 5066 976 5121; x_wconf 90' lang='lat' dir='ltr'><strong>ii</strong></span> <span class='ocrx_word' id='word_1_440' title='bbox 1001 5068 1101 5138; x_wconf 91' lang='lat' dir='ltr'><strong>qui</strong></span> <span class='ocrx_word' id='word_1_441' title='bbox 1125 5085 1242 5123; x_wconf 90' lang='lat' dir='ltr'><strong>non</strong></span> <span class='ocrx_word' id='word_1_442' title='bbox 1271 5071 1457 5124; x_wconf 93' lang='lat' dir='ltr'><strong>solum</strong></span> <span class='ocrx_word' id='word_1_443' title='bbox 1479 5071 1552 5126; x_wconf 90' lang='lat' dir='ltr'><strong>ad</strong></span> <span class='ocrx_word' id='word_1_444' title='bbox 1573 5087 1799 5141; x_wconf 87' lang='lat' dir='ltr'><strong>corpus,</strong></span> <span class='ocrx_word' id='word_1_445' title='bbox 1819 5073 1915 5126; x_wconf 91' lang='lat' dir='ltr'><strong>sed</strong></span> <span class='ocrx_word' id='word_1_446' title='bbox 1945 5073 2016 5127; x_wconf 90' lang='lat' dir='ltr'><strong>ad</strong></span> <span class='ocrx_word' id='word_1_447' title='bbox 2037 5089 2161 5143; x_wconf 89' lang='lat' dir='ltr'><strong>pas-</strong></span> 
     </span>
    </p>
   </div>
   <div class='ocr_carea' id='block_1_57' title="bbox 465 5155 2157 5230">
    <p class='ocr_par' dir='ltr' id='par_1_57' title="bbox 465 5155 2157 5230">
     <span class='ocr_line' id='line_1_57' title="bbox 465 5155 2157 5230; baseline 0.004 -20"><span class='ocrx_word' id='word_1_448' title='bbox 465 5156 651 5211; x_wconf 91' lang='lat' dir='ltr'><strong>siones</strong></span> <span class='ocrx_word' id='word_1_449' title='bbox 671 5155 843 5211; x_wconf 88' lang='lat' dir='ltr'><strong>etiam</strong></span> <span class='ocrx_word' id='word_1_450' title='bbox 863 5155 1119 5225; x_wconf 85' lang='lat' dir='ltr'><strong>corporis</strong></span> <span class='ocrx_word' id='word_1_451' title='bbox 1148 5163 1503 5213; x_wconf 87' lang='lat' dir='ltr'><strong>exseruntur.</strong></span> <span class='ocrx_word' id='word_1_452' title='bbox 1521 5161 1608 5214; x_wconf 88' lang='grc' dir='ltr'><strong>Μ.</strong></span> <span class='ocrx_word' id='word_1_453' title='bbox 1627 5160 1898 5216; x_wconf 89' lang='lat' dir='ltr'><strong>Distincta</strong></span> <span class='ocrx_word' id='word_1_454' title='bbox 1917 5178 1949 5215; x_wconf 92' lang='lat' dir='ltr'><strong>a</strong></span> <span class='ocrx_word' id='word_1_455' title='bbox 1973 5161 2157 5230; x_wconf 90' lang='lat' dir='ltr'><strong>nobis,</strong></span> 
     </span>
    </p>
   </div>
   <div class='ocr_carea' id='block_1_58' title="bbox 463 5244 2161 5322">
    <p class='ocr_par' dir='ltr' id='par_1_58' title="bbox 463 5244 2161 5322">
     <span class='ocr_line' id='line_1_58' title="bbox 463 5244 2161 5322; baseline 0.003 -23"><span class='ocrx_word' id='word_1_456' title='bbox 463 5249 519 5299; x_wconf 92' lang='lat' dir='ltr'><strong>et</strong></span> <span class='ocrx_word' id='word_1_457' title='bbox 538 5246 878 5317; x_wconf 88' lang='lat' dir='ltr'><strong>quibusdam</strong></span> <span class='ocrx_word' id='word_1_458' title='bbox 899 5244 1240 5301; x_wconf 90' lang='lat' dir='ltr'><strong>meritorum</strong></span> <span class='ocrx_word' id='word_1_459' title='bbox 1257 5247 1530 5318; x_wconf 84' lang='lat' dir='ltr'><strong>gradibus</strong></span> <span class='ocrx_word' id='word_1_460' title='bbox 1541 5250 1803 5304; x_wconf 88' lang='lat' dir='ltr'><strong>ordinata</strong></span> <span class='ocrx_word' id='word_1_461' title='bbox 1814 5249 1979 5305; x_wconf 90' lang='lat' dir='ltr'><strong>video</strong></span> <span class='ocrx_word' id='word_1_462' title='bbox 1996 5250 2161 5322; x_wconf 92' lang='lat' dir='ltr'><strong>quin-</strong></span> 
     </span>
    </p>
   </div>
   <div class='ocr_carea' id='block_1_59' title="bbox 527 5369 2157 5437">
    <p class='ocr_par' dir='ltr' id='par_1_59' title="bbox 527 5369 2157 5437">
     <span class='ocr_line' id='line_1_59' title="bbox 527 5369 2157 5437; baseline 0.003 -18"><span class='ocrx_word' id='word_1_463' title='bbox 527 5374 542 5405; x_wconf 80' lang='grc' dir='ltr'>ί</span> <span class='ocrx_word' id='word_1_464' title='bbox 573 5371 710 5421; x_wconf 89' lang='lat' dir='ltr'><strong>Editi</strong></span> <span class='ocrx_word' id='word_1_465' title='bbox 733 5408 744 5420; x_wconf 91' lang='lat'><strong>.</strong></span> <span class='ocrx_word' id='word_1_466' title='bbox 767 5374 872 5423; x_wconf 78' lang='lat' dir='ltr'><strong>Per</strong></span> <span class='ocrx_word' id='word_1_467' title='bbox 897 5369 1399 5437; x_wconf 61' lang='lat' dir='ltr'><strong>temporatiaspatia</strong></span> <span class='ocrx_word' id='word_1_468' title='bbox 1423 5384 1784 5437; x_wconf 82' lang='lat' dir='ltr'><strong>numerorum.</strong></span> <span class='ocrx_word' id='word_1_469' title='bbox 1808 5375 2157 5437; x_wconf 82' lang='lat' dir='ltr'><strong>Reposuimus</strong></span> 
     </span>
    </p>
   </div>
   <div class='ocr_carea' id='block_1_60' title="bbox 461 5433 1902 5499">
    <p class='ocr_par' dir='ltr' id='par_1_60' title="bbox 461 5433 1902 5499">
     <span class='ocr_line' id='line_1_60' title="bbox 461 5433 1902 5499; baseline 0.003 -17"><span class='ocrx_word' id='word_1_470' title='bbox 461 5444 832 5495; x_wconf 80' lang='lat' dir='ltr'><strong>numerosum,</strong></span> <span class='ocrx_word' id='word_1_471' title='bbox 857 5448 921 5485; x_wconf 83' lang='lat' dir='ltr'><strong>ex</strong></span> <span class='ocrx_word' id='word_1_472' title='bbox 949 5433 1258 5484; x_wconf 86' lang='lat' dir='ltr'><strong>auctoritate</strong></span> <span class='ocrx_word' id='word_1_473' title='bbox 1286 5447 1376 5483; x_wconf 86' lang='lat' dir='ltr'><strong>sex</strong></span> <span class='ocrx_word' id='word_1_474' title='bbox 1405 5433 1902 5499; x_wconf 58' lang='lat' dir='ltr'><strong>munuscriptomm:</strong></span> 
     </span>
    </p>
   </div>
   <div class='ocr_carea' id='block_1_61' title="bbox 1730 187 2671 258">
    <p class='ocr_par' dir='ltr' id='par_1_61' title="bbox 1730 187 2671 258">
     <span class='ocr_line' id='line_1_61' title="bbox 1730 187 2671 258; baseline -0.003 -12"><span class='ocrx_word' id='word_1_475' title='bbox 1730 193 1824 246; x_wconf 91' lang='lat' dir='ltr'><strong>DE</strong></span> <span class='ocrx_word' id='word_1_476' title='bbox 1861 192 2144 258; x_wconf 84' lang='lat' dir='ltr'><strong>MUSICA,</strong></span> <span class='ocrx_word' id='word_1_477' title='bbox 2187 190 2243 248; x_wconf 90' lang='lat' dir='ltr'><strong>S.</strong></span> <span class='ocrx_word' id='word_1_478' title='bbox 2285 187 2671 250; x_wconf 80' lang='lat' dir='ltr'><strong>AUGUSTINI</strong></span> 
     </span>
    </p>
   </div>
   <div class='ocr_carea' id='block_1_62' title="bbox 3785 193 3882 243">
    <p class='ocr_par' dir='ltr' id='par_1_62' title="bbox 3785 193 3882 243">
     <span class='ocr_line' id='line_1_62' title="bbox 3785 193 3882 243; baseline 0.031 -3"><span class='ocrx_word' id='word_1_479' title='bbox 3785 193 3882 243; x_wconf 72' lang='grc' dir='ltr'><strong>11ῗὲ</strong></span> 
     </span>
    </p>
   </div>
   <div class='ocr_carea' id='block_1_63' title="bbox 2258 304 3886 378">
    <p class='ocr_par' dir='ltr' id='par_1_63' title="bbox 2258 304 3886 378">
     <span class='ocr_line' id='line_1_63' title="bbox 2258 304 3886 378; baseline -0.001 -15"><span class='ocrx_word' id='word_1_480' title='bbox 2258 323 2370 378; x_wconf 91' lang='lat' dir='ltr'><strong>que</strong></span> <span class='ocrx_word' id='word_1_481' title='bbox 2389 322 2600 378; x_wconf 90' lang='lat' dir='ltr'><strong>genera</strong></span> <span class='ocrx_word' id='word_1_482' title='bbox 2616 319 3011 368; x_wconf 88' lang='lat' dir='ltr'><strong>numerorum,</strong></span> <span class='ocrx_word' id='word_1_483' title='bbox 3035 304 3265 376; x_wconf 87' lang='lat' dir='ltr'><strong>quibus,</strong></span> <span class='ocrx_word' id='word_1_484' title='bbox 3293 305 3340 358; x_wconf 91' lang='lat' dir='ltr'><strong>si</strong></span> <span class='ocrx_word' id='word_1_485' title='bbox 3357 304 3562 374; x_wconf 85' lang='lat' dir='ltr'><strong>placet,</strong></span> <span class='ocrx_word' id='word_1_486' title='bbox 3583 304 3886 375; x_wconf 85' lang='lat' dir='ltr'><strong>imponamus</strong></span> 
     </span>
    </p>
   </div>
   <div class='ocr_carea' id='block_1_64' title="bbox 2259 393 3888 467">
    <p class='ocr_par' dir='ltr' id='par_1_64' title="bbox 2259 393 3888 467">
     <span class='ocr_line' id='line_1_64' title="bbox 2259 393 3888 467; baseline -0.001 -16"><span class='ocrx_word' id='word_1_487' title='bbox 2259 412 2510 467; x_wconf 90' lang='lat' dir='ltr'><strong>congrua</strong></span> <span class='ocrx_word' id='word_1_488' title='bbox 2556 395 2849 455; x_wconf 89' lang='lat' dir='ltr'><strong>vocabula,</strong></span> <span class='ocrx_word' id='word_1_489' title='bbox 2900 409 2973 448; x_wconf 88' lang='lat' dir='ltr'><strong>ne</strong></span> <span class='ocrx_word' id='word_1_490' title='bbox 3017 394 3079 447; x_wconf 92' lang='lat' dir='ltr'><strong>in</strong></span> <span class='ocrx_word' id='word_1_491' title='bbox 3128 393 3352 464; x_wconf 90' lang='lat' dir='ltr'><strong>reliquo</strong></span> <span class='ocrx_word' id='word_1_492' title='bbox 3399 408 3654 447; x_wconf 89' lang='lat' dir='ltr'><strong>sermone</strong></span> <span class='ocrx_word' id='word_1_493' title='bbox 3683 394 3888 464; x_wconf 87' lang='lat' dir='ltr'><strong>pluribus</strong></span> 
     </span>
    </p>
   </div>
   <div class='ocr_carea' id='block_1_65' title="bbox 2260 480 3889 552">
    <p class='ocr_par' dir='ltr' id='par_1_65' title="bbox 2260 480 3889 552">
     <span class='ocr_line' id='line_1_65' title="bbox 2260 480 3889 552; baseline 0.001 -14"><span class='ocrx_word' id='word_1_494' title='bbox 2260 484 2444 539; x_wconf 90' lang='lat' dir='ltr'><strong>verbis</strong></span> <span class='ocrx_word' id='word_1_495' title='bbox 2493 499 2667 552; x_wconf 85' lang='lat' dir='ltr'><strong>quam</strong></span> <span class='ocrx_word' id='word_1_496' title='bbox 2713 483 2883 537; x_wconf 91' lang='lat' dir='ltr'><strong>rebus</strong></span> <span class='ocrx_word' id='word_1_497' title='bbox 2931 482 3016 536; x_wconf 88' lang='lat' dir='ltr'><strong>uti</strong></span> <span class='ocrx_word' id='word_1_498' title='bbox 3063 497 3290 536; x_wconf 90' lang='lat' dir='ltr'><strong>necesse</strong></span> <span class='ocrx_word' id='word_1_499' title='bbox 3321 480 3408 535; x_wconf 86' lang='lat' dir='ltr'><strong>sit.</strong></span> <span class='ocrx_word' id='word_1_500' title='bbox 3444 482 3518 535; x_wconf 90' lang='lat' dir='ltr'><strong>D.</strong></span> <span class='ocrx_word' id='word_1_501' title='bbox 3554 482 3732 536; x_wconf 85' lang='lat' dir='ltr'><strong>Placet</strong></span> <span class='ocrx_word' id='word_1_502' title='bbox 3775 499 3889 539; x_wconf 83' lang='lat' dir='ltr'><strong>vero.</strong></span> 
     </span>
    </p>
   </div>
   <div class='ocr_carea' id='block_1_66' title="bbox 2259 568 3890 642">
    <p class='ocr_par' dir='ltr' id='par_1_66' title="bbox 2259 568 3890 642">
     <span class='ocr_line' id='line_1_66' title="bbox 2259 568 3890 642; baseline -0.002 -15"><span class='ocrx_word' id='word_1_503' title='bbox 2259 575 2332 628; x_wconf 85' lang='lat' dir='ltr'><strong>M.</strong></span> <span class='ocrx_word' id='word_1_504' title='bbox 2365 574 2646 625; x_wconf 90' lang='lat' dir='ltr'><strong>Vocentur</strong></span> <span class='ocrx_word' id='word_1_505' title='bbox 2673 587 2809 642; x_wconf 91' lang='lat' dir='ltr'><strong>ergo</strong></span> <span class='ocrx_word' id='word_1_506' title='bbox 2828 569 3006 640; x_wconf 89' lang='lat' dir='ltr'><strong>primi</strong></span> <span class='ocrx_word' id='word_1_507' title='bbox 3024 569 3344 641; x_wconf 80' lang='lat' dir='ltr'><strong>judiciales,</strong></span> <span class='ocrx_word' id='word_1_508' title='bbox 3376 568 3605 623; x_wconf 89' lang='lat' dir='ltr'><strong>secundi</strong></span> <span class='ocrx_word' id='word_1_509' title='bbox 3625 585 3890 640; x_wconf 60' lang='lat' dir='ltr'><strong>progressa</strong></span> 
     </span>
    </p>
   </div>
   <div class='ocr_carea' id='block_1_67' title="bbox 2258 657 3891 729">
    <p class='ocr_par' dir='ltr' id='par_1_67' title="bbox 2258 657 3891 729">
     <span class='ocr_line' id='line_1_67' title="bbox 2258 657 3891 729; baseline -0.002 -14"><span class='ocrx_word' id='word_1_510' title='bbox 2258 677 2368 727; x_wconf 90' lang='lat' dir='ltr'><strong>res,</strong></span> <span class='ocrx_word' id='word_1_511' title='bbox 2398 659 2551 715; x_wconf 89' lang='lat' dir='ltr'><strong>tertii</strong></span> <span class='ocrx_word' id='word_1_512' title='bbox 2582 675 2926 723; x_wconf 61' lang='lat' dir='ltr'><strong>occursorcs,</strong></span> <span class='ocrx_word' id='word_1_513' title='bbox 2973 658 3162 729; x_wconf 90' lang='lat' dir='ltr'><strong>quarti</strong></span> <span class='ocrx_word' id='word_1_514' title='bbox 3201 657 3604 723; x_wconf 89' lang='lat' dir='ltr'><strong>recordabiles,</strong></span> <span class='ocrx_word' id='word_1_515' title='bbox 3636 658 3800 728; x_wconf 86' lang='lat' dir='ltr'><strong>quinti</strong></span> <span class='ocrx_word' id='word_1_516' title='bbox 3824 675 3891 712; x_wconf 89' lang='lat' dir='ltr'><strong>so-</strong></span> 
     </span>
    </p>
   </div>
   <div class='ocr_carea' id='block_1_68' title="bbox 2260 745 3837 812">
    <p class='ocr_par' dir='ltr' id='par_1_68' title="bbox 2260 745 3837 812">
     <span class='ocr_line' id='line_1_68' title="bbox 2260 745 3837 812; baseline -0.002 -9"><span class='ocrx_word' id='word_1_517' title='bbox 2260 753 2480 803; x_wconf 89' lang='lat' dir='ltr'><strong>nantes.</strong></span> <span class='ocrx_word' id='word_1_518' title='bbox 2505 749 2578 802; x_wconf 88' lang='lat' dir='ltr'><strong>D.</strong></span> <span class='ocrx_word' id='word_1_519' title='bbox 2612 749 2818 812; x_wconf 89' lang='lat' dir='ltr'><strong>Teneo,</strong></span> <span class='ocrx_word' id='word_1_520' title='bbox 2852 753 2907 801; x_wconf 90' lang='lat' dir='ltr'><strong>et</strong></span> <span class='ocrx_word' id='word_1_521' title='bbox 2935 746 3024 801; x_wconf 86' lang='lat' dir='ltr'><strong>his</strong></span> <span class='ocrx_word' id='word_1_522' title='bbox 3055 745 3387 800; x_wconf 90' lang='lat' dir='ltr'><strong>nominibus</strong></span> <span class='ocrx_word' id='word_1_523' title='bbox 3421 750 3558 800; x_wconf 90' lang='lat' dir='ltr'><strong>utar</strong></span> <span class='ocrx_word' id='word_1_524' title='bbox 3583 745 3837 800; x_wconf 82' lang='lat' dir='ltr'><strong>libentius.</strong></span> 
     </span>
    </p>
   </div>
   <div class='ocr_carea' id='block_1_69' title="bbox 2260 833 3888 903">
    <p class='ocr_par' dir='ltr' id='par_1_69' title="bbox 2260 833 3888 903">
     <span class='ocr_line' id='line_1_69' title="bbox 2260 833 3888 903; baseline -0.002 -12"><span class='ocrx_word' id='word_1_525' title='bbox 2260 837 2485 891; x_wconf 81' lang='lat' dir='ltr'><strong>CAPUT</strong></span> <span class='ocrx_word' id='word_1_526' title='bbox 2515 836 2631 890; x_wconf 87' lang='lat' dir='ltr'><strong>VII.</strong></span> <span class='ocrx_word' id='word_1_527' title='bbox 2665 863 2736 874; x_wconf 90' lang='lat'><strong>-—</strong></span> <span class='ocrx_word' id='word_1_528' title='bbox 2768 836 2991 891; x_wconf 75' lang='lat' dir='ltr'><strong>Numeri</strong></span> <span class='ocrx_word' id='word_1_529' title='bbox 3019 833 3313 903; x_wconf 73' lang='lat' dir='ltr'><strong>judicia-les</strong></span> <span class='ocrx_word' id='word_1_530' title='bbox 3342 849 3413 888; x_wconf 86' lang='lat' dir='ltr'><strong>an</strong></span> <span class='ocrx_word' id='word_1_531' title='bbox 3456 835 3572 888; x_wconf 83' lang='lat' dir='ltr'><strong>sint</strong></span> <span class='ocrx_word' id='word_1_532' title='bbox 3599 836 3888 888; x_wconf 73' lang='lat' dir='ltr'><strong>immortales.</strong></span> 
     </span>
    </p>
   </div>
   <div class='ocr_carea' id='block_1_70' title="bbox 2336 921 3891 993">
    <p class='ocr_par' dir='ltr' id='par_1_70' title="bbox 2336 921 3891 993">
     <span class='ocr_line' id='line_1_70' title="bbox 2336 921 3891 993; baseline -0.002 -14"><span class='ocrx_word' id='word_1_533' title='bbox 2336 929 2418 979; x_wconf 85' lang='grc'><strong>17.</strong></span> <span class='ocrx_word' id='word_1_534' title='bbox 2457 928 2529 980; x_wconf 81' lang='grc' dir='ltr'><strong>Μ.</strong></span> <span class='ocrx_word' id='word_1_535' title='bbox 2573 923 2818 978; x_wconf 84' lang='lat' dir='ltr'><strong>Attende</strong></span> <span class='ocrx_word' id='word_1_536' title='bbox 2859 923 3035 992; x_wconf 77' lang='lat' dir='ltr'><strong>igitur</strong></span> <span class='ocrx_word' id='word_1_537' title='bbox 3073 921 3358 992; x_wconf 88' lang='lat' dir='ltr'><strong>deinceps,</strong></span> <span class='ocrx_word' id='word_1_538' title='bbox 3399 926 3458 975; x_wconf 88' lang='lat' dir='ltr'><strong>et</strong></span> <span class='ocrx_word' id='word_1_539' title='bbox 3501 921 3593 976; x_wconf 93' lang='lat' dir='ltr'><strong>dic</strong></span> <span class='ocrx_word' id='word_1_540' title='bbox 3632 921 3777 988; x_wconf 88' lang='lat' dir='ltr'><strong>mihi,</strong></span> <span class='ocrx_word' id='word_1_541' title='bbox 3802 923 3891 993; x_wconf 88' lang='lat' dir='ltr'><strong>qui-</strong></span> 
     </span>
    </p>
   </div>
   <div class='ocr_carea' id='block_1_71' title="bbox 2264 1009 3893 1076">
    <p class='ocr_par' dir='ltr' id='par_1_71' title="bbox 2264 1009 3893 1076">
     <span class='ocr_line' id='line_1_71' title="bbox 2264 1009 3893 1076; baseline -0.001 -10"><span class='ocrx_word' id='word_1_542' title='bbox 2264 1029 2397 1066; x_wconf 90' lang='lat' dir='ltr'><strong>nam</strong></span> <span class='ocrx_word' id='word_1_543' title='bbox 2425 1012 2667 1066; x_wconf 85' lang='lat' dir='ltr'><strong>istorum</strong></span> <span class='ocrx_word' id='word_1_544' title='bbox 2681 1011 3034 1065; x_wconf 88' lang='lat' dir='ltr'><strong>immortales</strong></span> <span class='ocrx_word' id='word_1_545' title='bbox 3052 1010 3159 1064; x_wconf 90' lang='lat' dir='ltr'><strong>tibi</strong></span> <span class='ocrx_word' id='word_1_546' title='bbox 3181 1009 3503 1076; x_wconf 86' lang='lat' dir='ltr'><strong>videantur,</strong></span> <span class='ocrx_word' id='word_1_547' title='bbox 3528 1026 3601 1063; x_wconf 90' lang='lat' dir='ltr'><strong>an</strong></span> <span class='ocrx_word' id='word_1_548' title='bbox 3620 1026 3796 1064; x_wconf 87' lang='lat' dir='ltr'><strong>omnes</strong></span> <span class='ocrx_word' id='word_1_549' title='bbox 3813 1011 3893 1064; x_wconf 86' lang='lat' dir='ltr'><strong>suis</strong></span> 
     </span>
    </p>
   </div>
   <div class='ocr_carea' id='block_1_72' title="bbox 2261 1097 3892 1172">
    <p class='ocr_par' dir='ltr' id='par_1_72' title="bbox 2261 1097 3892 1172">
     <span class='ocr_line' id='line_1_72' title="bbox 2261 1097 3892 1172; baseline -0.003 -17"><span class='ocrx_word' id='word_1_550' title='bbox 2261 1100 2615 1172; x_wconf 88' lang='lat' dir='ltr'><strong>temporibus</strong></span> <span class='ocrx_word' id='word_1_551' title='bbox 2645 1100 2760 1154; x_wconf 89' lang='lat' dir='ltr'><strong>labi</strong></span> <span class='ocrx_word' id='word_1_552' title='bbox 2791 1104 2962 1170; x_wconf 87' lang='lat' dir='ltr'><strong>atque</strong></span> <span class='ocrx_word' id='word_1_553' title='bbox 2991 1099 3247 1153; x_wconf 91' lang='lat' dir='ltr'><strong>occidere</strong></span> <span class='ocrx_word' id='word_1_554' title='bbox 3268 1097 3584 1153; x_wconf 84' lang='lat' dir='ltr'><strong>existimes.</strong></span> <span class='ocrx_word' id='word_1_555' title='bbox 3611 1099 3679 1152; x_wconf 92' lang='lat' dir='ltr'><strong>D.</strong></span> <span class='ocrx_word' id='word_1_556' title='bbox 3703 1098 3892 1152; x_wconf 73' lang='lat' dir='ltr'><strong>Iudicia-</strong></span> 
     </span>
    </p>
   </div>
   <div class='ocr_carea' id='block_1_73' title="bbox 2265 1185 3892 1258">
    <p class='ocr_par' dir='ltr' id='par_1_73' title="bbox 2265 1185 3892 1258">
     <span class='ocr_line' id='line_1_73' title="bbox 2265 1185 3892 1258; baseline -0.002 -16"><span class='ocrx_word' id='word_1_557' title='bbox 2265 1190 2345 1243; x_wconf 89' lang='lat' dir='ltr'><strong>les</strong></span> <span class='ocrx_word' id='word_1_558' title='bbox 2375 1189 2524 1243; x_wconf 89' lang='lat' dir='ltr'><strong>solos</strong></span> <span class='ocrx_word' id='word_1_559' title='bbox 2553 1188 2903 1242; x_wconf 87' lang='lat' dir='ltr'><strong>immortales</strong></span> <span class='ocrx_word' id='word_1_560' title='bbox 2930 1193 3102 1258; x_wconf 87' lang='lat' dir='ltr'><strong>puto;</strong></span> <span class='ocrx_word' id='word_1_561' title='bbox 3145 1193 3377 1241; x_wconf 65' lang='lat' dir='ltr'><strong>caeteros</strong></span> <span class='ocrx_word' id='word_1_562' title='bbox 3406 1185 3574 1240; x_wconf 92' lang='lat' dir='ltr'><strong>video</strong></span> <span class='ocrx_word' id='word_1_563' title='bbox 3602 1187 3685 1240; x_wconf 86' lang='lat' dir='ltr'><strong>vel</strong></span> <span class='ocrx_word' id='word_1_564' title='bbox 3713 1187 3892 1240; x_wconf 82' lang='lat' dir='ltr'><strong>transire</strong></span> 
     </span>
    </p>
   </div>
   <div class='ocr_carea' id='block_1_74' title="bbox 2265 1274 3895 1344">
    <p class='ocr_par' dir='ltr' id='par_1_74' title="bbox 2265 1274 3895 1344">
     <span class='ocr_line' id='line_1_74' title="bbox 2265 1274 3895 1344; baseline -0.002 -13"><span class='ocrx_word' id='word_1_565' title='bbox 2265 1293 2397 1331; x_wconf 91' lang='lat' dir='ltr'><strong>cum</strong></span> <span class='ocrx_word' id='word_1_566' title='bbox 2421 1276 2586 1344; x_wconf 84' lang='lat' dir='ltr'><strong>ﬁunt,</strong></span> <span class='ocrx_word' id='word_1_567' title='bbox 2621 1277 2708 1330; x_wconf 89' lang='lat' dir='ltr'><strong>vel</strong></span> <span class='ocrx_word' id='word_1_568' title='bbox 2739 1277 2808 1331; x_wconf 92' lang='lat' dir='ltr'><strong>de</strong></span> <span class='ocrx_word' id='word_1_569' title='bbox 2834 1275 3114 1330; x_wconf 88' lang='lat' dir='ltr'><strong>memoria</strong></span> <span class='ocrx_word' id='word_1_570' title='bbox 3154 1275 3441 1330; x_wconf 89' lang='lat' dir='ltr'><strong>oblivione</strong></span> <span class='ocrx_word' id='word_1_571' title='bbox 3476 1274 3672 1328; x_wconf 88' lang='lat' dir='ltr'><strong>deleri.</strong></span> <span class='ocrx_word' id='word_1_572' title='bbox 3702 1277 3766 1328; x_wconf 81' lang='lat' dir='ltr'><strong>M.</strong></span> <span class='ocrx_word' id='word_1_573' title='bbox 3801 1276 3895 1328; x_wconf 83' lang='lat' dir='ltr'><strong>Tam</strong></span> 
     </span>
    </p>
   </div>
   <div class='ocr_carea' id='block_1_75' title="bbox 2266 1361 3894 1433">
    <p class='ocr_par' dir='ltr' id='par_1_75' title="bbox 2266 1361 3894 1433">
     <span class='ocr_line' id='line_1_75' title="bbox 2266 1361 3894 1433; baseline -0.003 -14"><span class='ocrx_word' id='word_1_574' title='bbox 2266 1370 2453 1420; x_wconf 89' lang='lat' dir='ltr'><strong>certus</strong></span> <span class='ocrx_word' id='word_1_575' title='bbox 2481 1381 2542 1420; x_wconf 91' lang='lat' dir='ltr'><strong>es</strong></span> <span class='ocrx_word' id='word_1_576' title='bbox 2569 1365 2639 1419; x_wconf 91' lang='lat' dir='ltr'><strong>de</strong></span> <span class='ocrx_word' id='word_1_577' title='bbox 2668 1365 2913 1419; x_wconf 85' lang='lat' dir='ltr'><strong>istorum</strong></span> <span class='ocrx_word' id='word_1_578' title='bbox 2944 1363 3390 1428; x_wconf 85' lang='lat' dir='ltr'><strong>immortalitate,</strong></span> <span class='ocrx_word' id='word_1_579' title='bbox 3424 1377 3601 1433; x_wconf 90' lang='lat' dir='ltr'><strong>quam</strong></span> <span class='ocrx_word' id='word_1_580' title='bbox 3629 1361 3695 1416; x_wconf 91' lang='lat' dir='ltr'><strong>de</strong></span> <span class='ocrx_word' id='word_1_581' title='bbox 3721 1361 3894 1416; x_wconf 82' lang='lat' dir='ltr'><strong>interitu</strong></span> 
     </span>
    </p>
   </div>
   <div class='ocr_carea' id='block_1_76' title="bbox 2267 1451 3896 1522">
    <p class='ocr_par' dir='ltr' id='par_1_76' title="bbox 2267 1451 3896 1522">
     <span class='ocr_line' id='line_1_76' title="bbox 2267 1451 3896 1522; baseline -0.002 -16"><span class='ocrx_word' id='word_1_582' title='bbox 2267 1457 2640 1518; x_wconf 64' lang='lat' dir='ltr'><strong>cmterorum;</strong></span> <span class='ocrx_word' id='word_1_583' title='bbox 2676 1468 2747 1506; x_wconf 88' lang='lat' dir='ltr'><strong>an</strong></span> <span class='ocrx_word' id='word_1_584' title='bbox 2769 1452 3115 1522; x_wconf 89' lang='lat' dir='ltr'><strong>diligentius,</strong></span> <span class='ocrx_word' id='word_1_585' title='bbox 3149 1455 3341 1504; x_wconf 89' lang='lat' dir='ltr'><strong>utrum</strong></span> <span class='ocrx_word' id='word_1_586' title='bbox 3361 1467 3495 1505; x_wconf 89' lang='lat' dir='ltr'><strong>vere</strong></span> <span class='ocrx_word' id='word_1_587' title='bbox 3524 1451 3586 1505; x_wconf 85' lang='lat' dir='ltr'><strong>hi</strong></span> <span class='ocrx_word' id='word_1_588' title='bbox 3615 1452 3896 1505; x_wconf 83' lang='lat' dir='ltr'><strong>immortales</strong></span> 
     </span>
    </p>
   </div>
   <div class='ocr_carea' id='block_1_77' title="bbox 2268 1538 3894 1611">
    <p class='ocr_par' dir='ltr' id='par_1_77' title="bbox 2268 1538 3894 1611">
     <span class='ocr_line' id='line_1_77' title="bbox 2268 1538 3894 1611; baseline -0.001 -17"><span class='ocrx_word' id='word_1_589' title='bbox 2268 1540 2401 1606; x_wconf 89' lang='lat' dir='ltr'><strong>sint,</strong></span> <span class='ocrx_word' id='word_1_590' title='bbox 2452 1545 2680 1610; x_wconf 90' lang='lat' dir='ltr'><strong>oportet</strong></span> <span class='ocrx_word' id='word_1_591' title='bbox 2715 1538 3018 1611; x_wconf 56' lang='lat' dir='ltr'><strong>quaerere?</strong></span> <span class='ocrx_word' id='word_1_592' title='bbox 3057 1539 3130 1594; x_wconf 94' lang='lat' dir='ltr'><strong>D.</strong></span> <span class='ocrx_word' id='word_1_593' title='bbox 3180 1540 3515 1604; x_wconf 76' lang='lat' dir='ltr'><strong>Quzeramus</strong></span> <span class='ocrx_word' id='word_1_594' title='bbox 3562 1555 3708 1594; x_wconf 88' lang='lat' dir='ltr'><strong>sane.</strong></span> <span class='ocrx_word' id='word_1_595' title='bbox 3737 1541 3805 1593; x_wconf 77' lang='grc' dir='ltr'><strong>Μ.</strong></span> <span class='ocrx_word' id='word_1_596' title='bbox 3833 1539 3894 1593; x_wconf 83' lang='lat' dir='ltr'><strong>Dic</strong></span> 
     </span>
    </p>
   </div>
   <div class='ocr_carea' id='block_1_78' title="bbox 2268 1628 3896 1700">
    <p class='ocr_par' dir='ltr' id='par_1_78' title="bbox 2268 1628 3896 1700">
     <span class='ocr_line' id='line_1_78' title="bbox 2268 1628 3896 1700; baseline -0.002 -17"><span class='ocrx_word' id='word_1_597' title='bbox 2268 1645 2426 1699; x_wconf 87' lang='lat' dir='ltr'><strong>ergo,</strong></span> <span class='ocrx_word' id='word_1_598' title='bbox 2457 1645 2589 1684; x_wconf 90' lang='lat' dir='ltr'><strong>cum</strong></span> <span class='ocrx_word' id='word_1_599' title='bbox 2619 1629 2914 1699; x_wconf 88' lang='lat' dir='ltr'><strong>aliquanto</strong></span> <span class='ocrx_word' id='word_1_600' title='bbox 2943 1628 3260 1700; x_wconf 88' lang='lat' dir='ltr'><strong>correptius</strong></span> <span class='ocrx_word' id='word_1_601' title='bbox 3291 1628 3407 1682; x_wconf 89' lang='lat' dir='ltr'><strong>sive</strong></span> <span class='ocrx_word' id='word_1_602' title='bbox 3439 1628 3780 1699; x_wconf 88' lang='lat' dir='ltr'><strong>productius,</strong></span> <span class='ocrx_word' id='word_1_603' title='bbox 3801 1628 3896 1681; x_wconf 87' lang='lat' dir='ltr'><strong>dum</strong></span> 
     </span>
    </p>
   </div>
   <div class='ocr_carea' id='block_1_79' title="bbox 2269 1716 3895 1788">
    <p class='ocr_par' dir='ltr' id='par_1_79' title="bbox 2269 1716 3895 1788">
     <span class='ocr_line' id='line_1_79' title="bbox 2269 1716 3895 1788; baseline -0.001 -17"><span class='ocrx_word' id='word_1_604' title='bbox 2269 1718 2511 1773; x_wconf 89' lang='lat' dir='ltr'><strong>serviam</strong></span> <span class='ocrx_word' id='word_1_605' title='bbox 2553 1723 2877 1788; x_wconf 90' lang='lat' dir='ltr'><strong>temporum</strong></span> <span class='ocrx_word' id='word_1_606' title='bbox 2906 1717 3020 1788; x_wconf 84' lang='lat' dir='ltr'><strong>legi</strong></span> <span class='ocrx_word' id='word_1_607' title='bbox 3046 1733 3162 1788; x_wconf 91' lang='lat' dir='ltr'><strong>qua</strong></span> <span class='ocrx_word' id='word_1_608' title='bbox 3189 1717 3394 1788; x_wconf 89' lang='lat' dir='ltr'><strong>simplo</strong></span> <span class='ocrx_word' id='word_1_609' title='bbox 3423 1717 3497 1770; x_wconf 88' lang='lat' dir='ltr'><strong>ad</strong></span> <span class='ocrx_word' id='word_1_610' title='bbox 3521 1716 3746 1787; x_wconf 90' lang='lat' dir='ltr'><strong>duplum</strong></span> <span class='ocrx_word' id='word_1_611' title='bbox 3773 1717 3895 1788; x_wconf 83' lang='lat' dir='ltr'><strong>pedes</strong></span> 
     </span>
    </p>
   </div>
   <div class='ocr_carea' id='block_1_80' title="bbox 2267 1804 3896 1876">
    <p class='ocr_par' dir='ltr' id='par_1_80' title="bbox 2267 1804 3896 1876">
     <span class='ocr_line' id='line_1_80' title="bbox 2267 1804 3896 1876; baseline -0.002 -16"><span class='ocrx_word' id='word_1_612' title='bbox 2267 1807 2633 1873; x_wconf 90' lang='lat' dir='ltr'><strong>conveniunt,</strong></span> <span class='ocrx_word' id='word_1_613' title='bbox 2690 1821 2917 1861; x_wconf 89' lang='lat' dir='ltr'><strong>versum</strong></span> <span class='ocrx_word' id='word_1_614' title='bbox 2973 1805 3304 1876; x_wconf 90' lang='lat' dir='ltr'><strong>pronuntio,</strong></span> <span class='ocrx_word' id='word_1_615' title='bbox 3365 1821 3512 1859; x_wconf 90' lang='lat' dir='ltr'><strong>num</strong></span> <span class='ocrx_word' id='word_1_616' title='bbox 3573 1805 3777 1859; x_wconf 77' lang='lat' dir='ltr'><strong>offendo</strong></span> <span class='ocrx_word' id='word_1_617' title='bbox 3818 1804 3896 1857; x_wconf 77' lang='lat' dir='ltr'><strong>ulla</strong></span> 
     </span>
    </p>
   </div>
   <div class='ocr_carea' id='block_1_81' title="bbox 2266 1892 3896 1964">
    <p class='ocr_par' dir='ltr' id='par_1_81' title="bbox 2266 1892 3896 1964">
     <span class='ocr_line' id='line_1_81' title="bbox 2266 1892 3896 1964; baseline -0.002 -16"><span class='ocrx_word' id='word_1_618' title='bbox 2266 1894 2466 1949; x_wconf 89' lang='lat' dir='ltr'><strong>fraude</strong></span> <span class='ocrx_word' id='word_1_619' title='bbox 2480 1893 2764 1964; x_wconf 90' lang='lat' dir='ltr'><strong>judicium</strong></span> <span class='ocrx_word' id='word_1_620' title='bbox 2782 1910 2978 1948; x_wconf 90' lang='lat' dir='ltr'><strong>sensus</strong></span> <span class='ocrx_word' id='word_1_621' title='bbox 2999 1893 3119 1948; x_wconf 83' lang='lat' dir='ltr'><strong>tui?</strong></span> <span class='ocrx_word' id='word_1_622' title='bbox 3138 1895 3210 1948; x_wconf 91' lang='lat' dir='ltr'><strong>D.</strong></span> <span class='ocrx_word' id='word_1_623' title='bbox 3249 1894 3371 1947; x_wconf 88' lang='lat' dir='ltr'><strong>Non</strong></span> <span class='ocrx_word' id='word_1_624' title='bbox 3393 1893 3651 1947; x_wconf 92' lang='lat' dir='ltr'><strong>omnino.</strong></span> <span class='ocrx_word' id='word_1_625' title='bbox 3673 1895 3740 1947; x_wconf 77' lang='grc' dir='ltr'><strong>Μ.</strong></span> <span class='ocrx_word' id='word_1_626' title='bbox 3760 1892 3896 1956; x_wconf 80' lang='lat' dir='ltr'><strong>Quid?</strong></span> 
     </span>
    </p>
   </div>
   <div class='ocr_carea' id='block_1_82' title="bbox 2269 1981 3893 2053">
    <p class='ocr_par' dir='ltr' id='par_1_82' title="bbox 2269 1981 3893 2053">
     <span class='ocr_line' id='line_1_82' title="bbox 2269 1981 3893 2053; baseline -0.002 -17"><span class='ocrx_word' id='word_1_627' title='bbox 2269 1999 2440 2036; x_wconf 92' lang='lat' dir='ltr'><strong>sonus</strong></span> <span class='ocrx_word' id='word_1_628' title='bbox 2463 1983 2560 2037; x_wconf 91' lang='lat' dir='ltr'><strong>ille</strong></span> <span class='ocrx_word' id='word_1_629' title='bbox 2589 1983 2688 2053; x_wconf 91' lang='lat' dir='ltr'><strong>qui</strong></span> <span class='ocrx_word' id='word_1_630' title='bbox 2717 1982 3158 2053; x_wconf 89' lang='lat' dir='ltr'><strong>correptioribus</strong></span> <span class='ocrx_word' id='word_1_631' title='bbox 3190 1987 3246 2036; x_wconf 88' lang='lat' dir='ltr'><strong>et</strong></span> <span class='ocrx_word' id='word_1_632' title='bbox 3267 1982 3432 2052; x_wconf 89' lang='lat' dir='ltr'><strong>quasi</strong></span> <span class='ocrx_word' id='word_1_633' title='bbox 3454 1981 3893 2053; x_wconf 66' lang='lat' dir='ltr'><strong>fugacioribussyl-</strong></span> 
     </span>
    </p>
   </div>
   <div class='ocr_carea' id='block_1_83' title="bbox 2270 2070 3894 2142">
    <p class='ocr_par' dir='ltr' id='par_1_83' title="bbox 2270 2070 3894 2142">
     <span class='ocr_line' id='line_1_83' title="bbox 2270 2070 3894 2142; baseline -0.003 -17"><span class='ocrx_word' id='word_1_634' title='bbox 2270 2071 2411 2125; x_wconf 88' lang='lat' dir='ltr'><strong>labis</strong></span> <span class='ocrx_word' id='word_1_635' title='bbox 2432 2071 2641 2138; x_wconf 89' lang='lat' dir='ltr'><strong>editur,</strong></span> <span class='ocrx_word' id='word_1_636' title='bbox 2664 2087 2805 2125; x_wconf 91' lang='lat' dir='ltr'><strong>num</strong></span> <span class='ocrx_word' id='word_1_637' title='bbox 2829 2075 3013 2142; x_wconf 88' lang='lat' dir='ltr'><strong>potest</strong></span> <span class='ocrx_word' id='word_1_638' title='bbox 3037 2071 3167 2141; x_wconf 90' lang='lat' dir='ltr'><strong>plus</strong></span> <span class='ocrx_word' id='word_1_639' title='bbox 3193 2070 3470 2140; x_wconf 84' lang='lat' dir='ltr'><strong>temporis</strong></span> <span class='ocrx_word' id='word_1_640' title='bbox 3495 2085 3754 2140; x_wconf 85' lang='lat' dir='ltr'><strong>occupare</strong></span> <span class='ocrx_word' id='word_1_641' title='bbox 3773 2083 3894 2140; x_wconf 84' lang='lat' dir='ltr'><strong>quam</strong></span> 
     </span>
    </p>
   </div>
   <div class='ocr_carea' id='block_1_84' title="bbox 2271 2157 3894 2231">
    <p class='ocr_par' dir='ltr' id='par_1_84' title="bbox 2271 2157 3894 2231">
     <span class='ocr_line' id='line_1_84' title="bbox 2271 2157 3894 2231; baseline -0.003 -18"><span class='ocrx_word' id='word_1_642' title='bbox 2271 2160 2473 2214; x_wconf 85' lang='lat' dir='ltr'><strong>sonat?</strong></span> <span class='ocrx_word' id='word_1_643' title='bbox 2499 2161 2574 2214; x_wconf 93' lang='lat' dir='ltr'><strong>D.</strong></span> <span class='ocrx_word' id='word_1_644' title='bbox 2617 2160 2725 2225; x_wconf 87' lang='lat' dir='ltr'><strong>Qui</strong></span> <span class='ocrx_word' id='word_1_645' title='bbox 2754 2161 2978 2231; x_wconf 84' lang='lat' dir='ltr'><strong>potest?</strong></span> <span class='ocrx_word' id='word_1_646' title='bbox 3003 2160 3090 2215; x_wconf 86' lang='grc' dir='ltr'><strong>Μ.</strong></span> <span class='ocrx_word' id='word_1_647' title='bbox 3119 2159 3423 2214; x_wconf 86' lang='lat' dir='ltr'><strong>Judiciales</strong></span> <span class='ocrx_word' id='word_1_648' title='bbox 3455 2175 3591 2230; x_wconf 85' lang='lat' dir='ltr'><strong>ergo</strong></span> <span class='ocrx_word' id='word_1_649' title='bbox 3617 2159 3696 2212; x_wconf 90' lang='lat' dir='ltr'><strong>illi</strong></span> <span class='ocrx_word' id='word_1_650' title='bbox 3731 2157 3894 2212; x_wconf 87' lang='lat' dir='ltr'><strong>numeri</strong></span> 
     </span>
    </p>
   </div>
   <div class='ocr_carea' id='block_1_85' title="bbox 2271 2247 3897 2319">
    <p class='ocr_par' dir='ltr' id='par_1_85' title="bbox 2271 2247 3897 2319">
     <span class='ocr_line' id='line_1_85' title="bbox 2271 2247 3897 2319; baseline -0.003 -17"><span class='ocrx_word' id='word_1_651' title='bbox 2271 2249 2319 2302; x_wconf 92' lang='lat' dir='ltr'><strong>si</strong></span> <span class='ocrx_word' id='word_1_652' title='bbox 2347 2248 2574 2302; x_wconf 90' lang='lat' dir='ltr'><strong>vinculo</strong></span> <span class='ocrx_word' id='word_1_653' title='bbox 2603 2249 2876 2319; x_wconf 89' lang='lat' dir='ltr'><strong>temporis</strong></span> <span class='ocrx_word' id='word_1_654' title='bbox 2905 2247 2966 2302; x_wconf 90' lang='lat' dir='ltr'><strong>in</strong></span> <span class='ocrx_word' id='word_1_655' title='bbox 2993 2252 3150 2302; x_wconf 91' lang='lat' dir='ltr'><strong>tanto</strong></span> <span class='ocrx_word' id='word_1_656' title='bbox 3183 2248 3367 2318; x_wconf 89' lang='lat' dir='ltr'><strong>spatio</strong></span> <span class='ocrx_word' id='word_1_657' title='bbox 3396 2249 3897 2316; x_wconf 79' lang='lat' dir='ltr'><strong>tenerentur,quanto</strong></span> 
     </span>
    </p>
   </div>
   <div class='ocr_carea' id='block_1_86' title="bbox 2270 2327 3897 2408">
    <p class='ocr_par' dir='ltr' id='par_1_86' title="bbox 2270 2327 3897 2408">
     <span class='ocr_line' id='line_1_86' title="bbox 2270 2327 3897 2408; baseline -0.004 -16"><span class='ocrx_word' id='word_1_658' title='bbox 2270 2337 2365 2392; x_wconf 88' lang='lat' dir='ltr'><strong>isti</strong></span> <span class='ocrx_word' id='word_1_659' title='bbox 2388 2327 2657 2391; x_wconf 24' lang='lat' dir='ltr'><strong>&quot;sonantes</strong></span> <span class='ocrx_word' id='word_1_660' title='bbox 2685 2337 2891 2407; x_wconf 90' lang='lat' dir='ltr'><strong>digesti</strong></span> <span class='ocrx_word' id='word_1_661' title='bbox 2917 2343 3074 2402; x_wconf 89' lang='lat' dir='ltr'><strong>sunt;</strong></span> <span class='ocrx_word' id='word_1_662' title='bbox 3105 2342 3408 2408; x_wconf 91' lang='lat' dir='ltr'><strong>possentne</strong></span> <span class='ocrx_word' id='word_1_663' title='bbox 3439 2336 3514 2391; x_wconf 91' lang='lat' dir='ltr'><strong>ad</strong></span> <span class='ocrx_word' id='word_1_664' title='bbox 3543 2351 3730 2390; x_wconf 91' lang='lat' dir='ltr'><strong>eorum</strong></span> <span class='ocrx_word' id='word_1_665' title='bbox 3752 2349 3897 2388; x_wconf 83' lang='lat' dir='ltr'><strong>sonan-</strong></span> 
     </span>
    </p>
   </div>
   <div class='ocr_carea' id='block_1_87' title="bbox 2271 2422 3896 2497">
    <p class='ocr_par' dir='ltr' id='par_1_87' title="bbox 2271 2422 3896 2497">
     <span class='ocr_line' id='line_1_87' title="bbox 2271 2422 3896 2497; baseline -0.005 -16"><span class='ocrx_word' id='word_1_666' title='bbox 2271 2427 2418 2481; x_wconf 91' lang='lat' dir='ltr'><strong>tium</strong></span> <span class='ocrx_word' id='word_1_667' title='bbox 2435 2426 2535 2497; x_wconf 91' lang='lat' dir='ltr'><strong>qui</strong></span> <span class='ocrx_word' id='word_1_668' title='bbox 2553 2426 2726 2496; x_wconf 90' lang='lat' dir='ltr'><strong>paulo</strong></span> <span class='ocrx_word' id='word_1_669' title='bbox 2746 2425 3077 2497; x_wconf 88' lang='lat' dir='ltr'><strong>productius</strong></span> <span class='ocrx_word' id='word_1_670' title='bbox 3099 2427 3296 2480; x_wconf 89' lang='lat' dir='ltr'><strong>eadem</strong></span> <span class='ocrx_word' id='word_1_671' title='bbox 3318 2425 3697 2495; x_wconf 88' lang='lat' dir='ltr'><strong>iambicalege</strong></span> <span class='ocrx_word' id='word_1_672' title='bbox 3707 2422 3896 2477; x_wconf 88' lang='lat' dir='ltr'><strong>fundun-</strong></span> 
     </span>
    </p>
   </div>
   <div class='ocr_carea' id='block_1_88' title="bbox 2271 2511 3896 2586">
    <p class='ocr_par' dir='ltr' id='par_1_88' title="bbox 2271 2511 3896 2586">
     <span class='ocr_line' id='line_1_88' title="bbox 2271 2511 3896 2586; baseline -0.004 -17"><span class='ocrx_word' id='word_1_673' title='bbox 2271 2519 2383 2582; x_wconf 88' lang='lat' dir='ltr'><strong>tur,</strong></span> <span class='ocrx_word' id='word_1_674' title='bbox 2440 2514 2694 2586; x_wconf 84' lang='lat' dir='ltr'><strong>aspirare</strong></span> <span class='ocrx_word' id='word_1_675' title='bbox 2732 2514 3055 2585; x_wconf 85' lang='lat' dir='ltr'><strong>judicium?</strong></span> <span class='ocrx_word' id='word_1_676' title='bbox 3093 2515 3162 2568; x_wconf 93' lang='lat' dir='ltr'><strong>D.</strong></span> <span class='ocrx_word' id='word_1_677' title='bbox 3210 2515 3374 2568; x_wconf 88' lang='lat' dir='ltr'><strong>Nullo</strong></span> <span class='ocrx_word' id='word_1_678' title='bbox 3421 2514 3613 2568; x_wconf 93' lang='lat' dir='ltr'><strong>modo.</strong></span> <span class='ocrx_word' id='word_1_679' title='bbox 3658 2515 3725 2568; x_wconf 81' lang='grc' dir='ltr'><strong>Μ.</strong></span> <span class='ocrx_word' id='word_1_680' title='bbox 3772 2511 3896 2581; x_wconf 84' lang='lat' dir='ltr'><strong>Igitur</strong></span> 
     </span>
    </p>
   </div>
   <div class='ocr_carea' id='block_1_89' title="bbox 2271 2597 3895 2674">
    <p class='ocr_par' dir='ltr' id='par_1_89' title="bbox 2271 2597 3895 2674">
     <span class='ocr_line' id='line_1_89' title="bbox 2271 2597 3895 2674; baseline -0.004 -18"><span class='ocrx_word' id='word_1_681' title='bbox 2271 2607 2510 2673; x_wconf 89' lang='lat' dir='ltr'><strong>apparet</strong></span> <span class='ocrx_word' id='word_1_682' title='bbox 2541 2603 2646 2657; x_wconf 91' lang='lat' dir='ltr'><strong>hos</strong></span> <span class='ocrx_word' id='word_1_683' title='bbox 2682 2619 2847 2657; x_wconf 91' lang='lat' dir='ltr'><strong>mora</strong></span> <span class='ocrx_word' id='word_1_684' title='bbox 2874 2607 3224 2673; x_wconf 84' lang='lat' dir='ltr'><strong>temporum,</strong></span> <span class='ocrx_word' id='word_1_685' title='bbox 3269 2602 3370 2674; x_wconf 92' lang='lat' dir='ltr'><strong>qui</strong></span> <span class='ocrx_word' id='word_1_686' title='bbox 3409 2601 3716 2673; x_wconf 89' lang='lat' dir='ltr'><strong>judicando</strong></span> <span class='ocrx_word' id='word_1_687' title='bbox 3755 2597 3895 2670; x_wconf 68' lang='lat' dir='ltr'><strong>prasi-</strong></span> 
     </span>
    </p>
   </div>
   <div class='ocr_carea' id='block_1_90' title="bbox 2271 2691 3475 2762">
    <p class='ocr_par' dir='ltr' id='par_1_90' title="bbox 2271 2691 3475 2762">
     <span class='ocr_line' id='line_1_90' title="bbox 2271 2691 3475 2762; baseline 0.001 -17"><span class='ocrx_word' id='word_1_688' title='bbox 2271 2693 2428 2762; x_wconf 91' lang='lat' dir='ltr'><strong>dent,</strong></span> <span class='ocrx_word' id='word_1_689' title='bbox 2457 2707 2577 2745; x_wconf 92' lang='lat' dir='ltr'><strong>non</strong></span> <span class='ocrx_word' id='word_1_690' title='bbox 2603 2691 2805 2746; x_wconf 84' lang='lat' dir='ltr'><strong>teneri.</strong></span> <span class='ocrx_word' id='word_1_691' title='bbox 2838 2692 2912 2746; x_wconf 89' lang='lat' dir='ltr'><strong>D.</strong></span> <span class='ocrx_word' id='word_1_692' title='bbox 2946 2693 3186 2746; x_wconf 89' lang='lat' dir='ltr'><strong>Prorsus</strong></span> <span class='ocrx_word' id='word_1_693' title='bbox 3210 2697 3475 2762; x_wconf 87' lang='lat' dir='ltr'><strong>apparet.</strong></span> 
     </span>
    </p>
   </div>
   <div class='ocr_carea' id='block_1_91' title="bbox 2346 2779 3892 2847">
    <p class='ocr_par' dir='ltr' id='par_1_91' title="bbox 2346 2779 3892 2847">
     <span class='ocr_line' id='line_1_91' title="bbox 2346 2779 3892 2847; baseline -0.004 -13"><span class='ocrx_word' id='word_1_694' title='bbox 2346 2783 2430 2835; x_wconf 92' lang='grc'><strong>18.</strong></span> <span class='ocrx_word' id='word_1_695' title='bbox 2462 2782 2537 2835; x_wconf 86' lang='lat' dir='ltr'><strong>M.</strong></span> <span class='ocrx_word' id='word_1_696' title='bbox 2573 2782 2743 2836; x_wconf 83' lang='lat' dir='ltr'><strong>Recte</strong></span> <span class='ocrx_word' id='word_1_697' title='bbox 2763 2779 2990 2834; x_wconf 89' lang='lat' dir='ltr'><strong>annuis.</strong></span> <span class='ocrx_word' id='word_1_698' title='bbox 3019 2780 3128 2835; x_wconf 92' lang='lat' dir='ltr'><strong>Sed</strong></span> <span class='ocrx_word' id='word_1_699' title='bbox 3161 2781 3208 2834; x_wconf 92' lang='lat' dir='ltr'><strong>si</strong></span> <span class='ocrx_word' id='word_1_700' title='bbox 3229 2781 3386 2834; x_wconf 90' lang='lat' dir='ltr'><strong>nulla</strong></span> <span class='ocrx_word' id='word_1_701' title='bbox 3405 2783 3746 2846; x_wconf 86' lang='lat' dir='ltr'><strong>tenerentur,</strong></span> <span class='ocrx_word' id='word_1_702' title='bbox 3765 2791 3892 2847; x_wconf 84' lang='lat' dir='ltr'><strong>quan-</strong></span> 
     </span>
    </p>
   </div>
   <div class='ocr_carea' id='block_1_92' title="bbox 2270 2865 3892 2939">
    <p class='ocr_par' dir='ltr' id='par_1_92' title="bbox 2270 2865 3892 2939">
     <span class='ocr_line' id='line_1_92' title="bbox 2270 2865 3892 2939; baseline -0.004 -18"><span class='ocrx_word' id='word_1_703' title='bbox 2270 2867 2470 2921; x_wconf 89' lang='lat' dir='ltr'><strong>tolibet</strong></span> <span class='ocrx_word' id='word_1_704' title='bbox 2500 2867 2854 2939; x_wconf 89' lang='lat' dir='ltr'><strong>productius,</strong></span> <span class='ocrx_word' id='word_1_705' title='bbox 2893 2867 3166 2938; x_wconf 83' lang='lat' dir='ltr'><strong>legitimis</strong></span> <span class='ocrx_word' id='word_1_706' title='bbox 3194 2868 3511 2922; x_wconf 88' lang='lat' dir='ltr'><strong>intervallis</strong></span> <span class='ocrx_word' id='word_1_707' title='bbox 3536 2865 3780 2921; x_wconf 88' lang='lat' dir='ltr'><strong>iambicos</strong></span> <span class='ocrx_word' id='word_1_708' title='bbox 3799 2879 3892 2934; x_wconf 86' lang='lat' dir='ltr'><strong>pro-</strong></span> 
     </span>
    </p>
   </div>
   <div class='ocr_carea' id='block_1_93' title="bbox 2270 2953 3890 3025">
    <p class='ocr_par' dir='ltr' id='par_1_93' title="bbox 2270 2953 3890 3025">
     <span class='ocr_line' id='line_1_93' title="bbox 2270 2953 3890 3025; baseline -0.004 -16"><span class='ocrx_word' id='word_1_709' title='bbox 2270 2955 2481 3009; x_wconf 88' lang='lat' dir='ltr'><strong>ferrem</strong></span> <span class='ocrx_word' id='word_1_710' title='bbox 2513 2971 2701 3024; x_wconf 91' lang='lat' dir='ltr'><strong>sonos,</strong></span> <span class='ocrx_word' id='word_1_711' title='bbox 2720 2955 3093 3010; x_wconf 87' lang='lat' dir='ltr'><strong>nihilominus</strong></span> <span class='ocrx_word' id='word_1_712' title='bbox 3126 2955 3198 3009; x_wconf 86' lang='lat' dir='ltr'><strong>ad</strong></span> <span class='ocrx_word' id='word_1_713' title='bbox 3217 2955 3595 3025; x_wconf 86' lang='lat' dir='ltr'><strong>judicandum</strong></span> <span class='ocrx_word' id='word_1_714' title='bbox 3623 2953 3890 3007; x_wconf 86' lang='lat' dir='ltr'><strong>adhiberen-</strong></span> 
     </span>
    </p>
   </div>
   <div class='ocr_carea' id='block_1_94' title="bbox 2271 3043 3888 3115">
    <p class='ocr_par' dir='ltr' id='par_1_94' title="bbox 2271 3043 3888 3115">
     <span class='ocr_line' id='line_1_94' title="bbox 2271 3043 3888 3115; baseline -0.005 -18"><span class='ocrx_word' id='word_1_715' title='bbox 2271 3047 2364 3097; x_wconf 90' lang='lat' dir='ltr'><strong>tur</strong></span> <span class='ocrx_word' id='word_1_716' title='bbox 2385 3061 2402 3096; x_wconf 89' lang='lat'><strong><em>:</em></strong></span> <span class='ocrx_word' id='word_1_717' title='bbox 2436 3059 2586 3098; x_wconf 90' lang='lat' dir='ltr'><strong>nunc</strong></span> <span class='ocrx_word' id='word_1_718' title='bbox 2605 3060 2736 3097; x_wconf 92' lang='lat' dir='ltr'><strong>vero</strong></span> <span class='ocrx_word' id='word_1_719' title='bbox 2759 3043 2807 3097; x_wconf 91' lang='lat' dir='ltr'><strong>si</strong></span> <span class='ocrx_word' id='word_1_720' title='bbox 2826 3043 3058 3097; x_wconf 88' lang='lat' dir='ltr'><strong>ederem</strong></span> <span class='ocrx_word' id='word_1_721' title='bbox 3079 3059 3252 3097; x_wconf 92' lang='lat' dir='ltr'><strong>unam</strong></span> <span class='ocrx_word' id='word_1_722' title='bbox 3274 3044 3557 3115; x_wconf 84' lang='lat' dir='ltr'><strong>syllabam</strong></span> <span class='ocrx_word' id='word_1_723' title='bbox 3578 3047 3766 3114; x_wconf 84' lang='lat' dir='ltr'><strong>quanta</strong></span> <span class='ocrx_word' id='word_1_724' title='bbox 3780 3053 3888 3093; x_wconf 83' lang='lat' dir='ltr'><strong>mora</strong></span> 
     </span>
    </p>
   </div>
   <div class='ocr_carea' id='block_1_95' title="bbox 2271 3126 3886 3203">
    <p class='ocr_par' dir='ltr' id='par_1_95' title="bbox 2271 3126 3886 3203">
     <span class='ocr_line' id='line_1_95' title="bbox 2271 3126 3886 3203; baseline -0.006 -17"><span class='ocrx_word' id='word_1_725' title='bbox 2271 3137 2627 3202; x_wconf 88' lang='lat' dir='ltr'><strong>peraguntur</strong></span> <span class='ocrx_word' id='word_1_726' title='bbox 2655 3131 2745 3202; x_wconf 92' lang='lat' dir='ltr'><strong>(ne</strong></span> <span class='ocrx_word' id='word_1_727' title='bbox 2764 3133 3012 3186; x_wconf 89' lang='lat' dir='ltr'><strong>multum</strong></span> <span class='ocrx_word' id='word_1_728' title='bbox 3032 3132 3236 3203; x_wconf 89' lang='lat' dir='ltr'><strong>dicam)</strong></span> <span class='ocrx_word' id='word_1_729' title='bbox 3260 3137 3372 3186; x_wconf 88' lang='lat' dir='ltr'><strong>tres</strong></span> <span class='ocrx_word' id='word_1_730' title='bbox 3391 3149 3599 3202; x_wconf 88' lang='lat' dir='ltr'><strong>passus</strong></span> <span class='ocrx_word' id='word_1_731' title='bbox 3626 3126 3886 3186; x_wconf 84' lang='lat' dir='ltr'><strong>incedentis,</strong></span> 
     </span>
    </p>
   </div>
   <div class='ocr_carea' id='block_1_96' title="bbox 2272 3216 3888 3290">
    <p class='ocr_par' dir='ltr' id='par_1_96' title="bbox 2272 3216 3888 3290">
     <span class='ocr_line' id='line_1_96' title="bbox 2272 3216 3888 3290; baseline -0.005 -17"><span class='ocrx_word' id='word_1_732' title='bbox 2272 3225 2329 3273; x_wconf 89' lang='lat' dir='ltr'><strong>et</strong></span> <span class='ocrx_word' id='word_1_733' title='bbox 2351 3219 2523 3273; x_wconf 91' lang='lat' dir='ltr'><strong>aliam</strong></span> <span class='ocrx_word' id='word_1_734' title='bbox 2553 3219 2750 3290; x_wconf 91' lang='lat' dir='ltr'><strong>duplo,</strong></span> <span class='ocrx_word' id='word_1_735' title='bbox 2781 3223 2951 3289; x_wconf 90' lang='lat' dir='ltr'><strong>atque</strong></span> <span class='ocrx_word' id='word_1_736' title='bbox 2976 3218 3055 3272; x_wconf 90' lang='lat' dir='ltr'><strong>ita</strong></span> <span class='ocrx_word' id='word_1_737' title='bbox 3080 3218 3348 3290; x_wconf 86' lang='lat' dir='ltr'><strong>deinceps</strong></span> <span class='ocrx_word' id='word_1_738' title='bbox 3371 3224 3496 3274; x_wconf 88' lang='lat' dir='ltr'><strong>tam</strong></span> <span class='ocrx_word' id='word_1_739' title='bbox 3517 3221 3706 3290; x_wconf 91' lang='lat' dir='ltr'><strong>longos</strong></span> <span class='ocrx_word' id='word_1_740' title='bbox 3730 3216 3888 3270; x_wconf 85' lang='lat' dir='ltr'><strong>iambos</strong></span> 
     </span>
    </p>
   </div>
   <div class='ocr_carea' id='block_1_97' title="bbox 2273 3305 3887 3377">
    <p class='ocr_par' dir='ltr' id='par_1_97' title="bbox 2273 3305 3887 3377">
     <span class='ocr_line' id='line_1_97' title="bbox 2273 3305 3887 3377; baseline -0.005 -16"><span class='ocrx_word' id='word_1_741' title='bbox 2273 3307 2626 3373; x_wconf 88' lang='lat' dir='ltr'><strong>ordinarem;</strong></span> <span class='ocrx_word' id='word_1_742' title='bbox 2657 3305 2850 3376; x_wconf 87' lang='lat' dir='ltr'><strong>simpli</strong></span> <span class='ocrx_word' id='word_1_743' title='bbox 2879 3311 2936 3360; x_wconf 86' lang='lat' dir='ltr'><strong>et</strong></span> <span class='ocrx_word' id='word_1_744' title='bbox 2965 3306 3126 3377; x_wconf 92' lang='lat' dir='ltr'><strong>dupli</strong></span> <span class='ocrx_word' id='word_1_745' title='bbox 3146 3308 3236 3361; x_wconf 85' lang='lat' dir='ltr'><strong>lex</strong></span> <span class='ocrx_word' id='word_1_746' title='bbox 3267 3308 3366 3362; x_wconf 89' lang='lat' dir='ltr'><strong>illa</strong></span> <span class='ocrx_word' id='word_1_747' title='bbox 3397 3307 3745 3362; x_wconf 90' lang='lat' dir='ltr'><strong>nihilosecius</strong></span> <span class='ocrx_word' id='word_1_748' title='bbox 3763 3316 3887 3357; x_wconf 65' lang='lat' dir='ltr'><strong>serie-</strong></span> 
     </span>
    </p>
   </div>
   <div class='ocr_carea' id='block_1_98' title="bbox 2272 3394 3886 3466">
    <p class='ocr_par' dir='ltr' id='par_1_98' title="bbox 2272 3394 3886 3466">
     <span class='ocr_line' id='line_1_98' title="bbox 2272 3394 3886 3466; baseline -0.006 -15"><span class='ocrx_word' id='word_1_749' title='bbox 2272 3401 2430 3451; x_wconf 89' lang='lat' dir='ltr'><strong>retur</strong></span> <span class='ocrx_word' id='word_1_750' title='bbox 2460 3411 2473 3449; x_wconf 91' lang='lat'><strong>:</strong></span> <span class='ocrx_word' id='word_1_751' title='bbox 2507 3411 2612 3449; x_wconf 91' lang='lat' dir='ltr'><strong>nec</strong></span> <span class='ocrx_word' id='word_1_752' title='bbox 2639 3399 2835 3449; x_wconf 90' lang='lat' dir='ltr'><strong>tamen</strong></span> <span class='ocrx_word' id='word_1_753' title='bbox 2864 3396 3121 3449; x_wconf 88' lang='lat' dir='ltr'><strong>naturale</strong></span> <span class='ocrx_word' id='word_1_754' title='bbox 3146 3395 3291 3450; x_wconf 89' lang='lat' dir='ltr'><strong>illud</strong></span> <span class='ocrx_word' id='word_1_755' title='bbox 3313 3396 3602 3466; x_wconf 89' lang='lat' dir='ltr'><strong>judicium</strong></span> <span class='ocrx_word' id='word_1_756' title='bbox 3626 3395 3705 3449; x_wconf 90' lang='lat' dir='ltr'><strong>his</strong></span> <span class='ocrx_word' id='word_1_757' title='bbox 3731 3394 3886 3447; x_wconf 38' lang='lat' dir='ltr'><strong>dimeu‘</strong></span> 
     </span>
    </p>
   </div>
   <div class='ocr_carea' id='block_1_99' title="bbox 2273 3480 3885 3554">
    <p class='ocr_par' dir='ltr' id='par_1_99' title="bbox 2273 3480 3885 3554">
     <span class='ocr_line' id='line_1_99' title="bbox 2273 3480 3885 3554; baseline -0.006 -16"><span class='ocrx_word' id='word_1_758' title='bbox 2273 3484 2527 3538; x_wconf 90' lang='lat' dir='ltr'><strong>sionibus</strong></span> <span class='ocrx_word' id='word_1_759' title='bbox 2551 3483 2936 3554; x_wconf 89' lang='lat' dir='ltr'><strong>approbandis</strong></span> <span class='ocrx_word' id='word_1_760' title='bbox 2967 3483 3235 3538; x_wconf 89' lang='lat' dir='ltr'><strong>adhibere</strong></span> <span class='ocrx_word' id='word_1_761' title='bbox 3261 3499 3581 3554; x_wconf 87' lang='lat' dir='ltr'><strong>possemus.</strong></span> <span class='ocrx_word' id='word_1_762' title='bbox 3611 3488 3686 3539; x_wconf 81' lang='lat' dir='ltr'><strong>An</strong></span> <span class='ocrx_word' id='word_1_763' title='bbox 3708 3480 3790 3536; x_wconf 85' lang='lat' dir='ltr'><strong>tibi</strong></span> <span class='ocrx_word' id='word_1_764' title='bbox 3810 3492 3885 3532; x_wconf 84' lang='lat' dir='ltr'><strong>non</strong></span> 
     </span>
    </p>
   </div>
   <div class='ocr_carea' id='block_1_100' title="bbox 2273 3572 3886 3642">
    <p class='ocr_par' dir='ltr' id='par_1_100' title="bbox 2273 3572 3886 3642">
     <span class='ocr_line' id='line_1_100' title="bbox 2273 3572 3886 3642; baseline -0.003 -17"><span class='ocrx_word' id='word_1_765' title='bbox 2273 3572 2532 3626; x_wconf 85' lang='lat' dir='ltr'><strong>videtur?</strong></span> <span class='ocrx_word' id='word_1_766' title='bbox 2562 3573 2636 3626; x_wconf 91' lang='lat' dir='ltr'><strong>D.</strong></span> <span class='ocrx_word' id='word_1_767' title='bbox 2673 3573 2892 3642; x_wconf 86' lang='lat' dir='ltr'><strong>Negare</strong></span> <span class='ocrx_word' id='word_1_768' title='bbox 2924 3587 3039 3626; x_wconf 90' lang='lat' dir='ltr'><strong>non</strong></span> <span class='ocrx_word' id='word_1_769' title='bbox 3065 3588 3299 3642; x_wconf 91' lang='lat' dir='ltr'><strong>possum</strong></span> <span class='ocrx_word' id='word_1_770' title='bbox 3325 3572 3406 3626; x_wconf 86' lang='lat' dir='ltr'><strong>ita</strong></span> <span class='ocrx_word' id='word_1_771' title='bbox 3422 3572 3606 3628; x_wconf 81' lang='lat' dir='ltr'><strong>videri</strong></span> <span class='ocrx_word' id='word_1_772' title='bbox 3634 3588 3647 3626; x_wconf 90' lang='lat'>:</span> <span class='ocrx_word' id='word_1_773' title='bbox 3671 3585 3781 3625; x_wconf 86' lang='lat' dir='ltr'><strong>nam</strong></span> <span class='ocrx_word' id='word_1_774' title='bbox 3803 3580 3886 3620; x_wconf 83' lang='lat' dir='ltr'><strong>mea</strong></span> 
     </span>
    </p>
   </div>
   <div class='ocr_carea' id='block_1_101' title="bbox 2274 3660 3883 3732">
    <p class='ocr_par' dir='ltr' id='par_1_101' title="bbox 2274 3660 3883 3732">
     <span class='ocr_line' id='line_1_101' title="bbox 2274 3660 3883 3732; baseline -0.006 -16"><span class='ocrx_word' id='word_1_775' title='bbox 2274 3661 2503 3732; x_wconf 88' lang='lat' dir='ltr'><strong>quidem</strong></span> <span class='ocrx_word' id='word_1_776' title='bbox 2536 3660 2816 3714; x_wconf 88' lang='lat' dir='ltr'><strong>sententia</strong></span> <span class='ocrx_word' id='word_1_777' title='bbox 2845 3676 2934 3714; x_wconf 89' lang='lat' dir='ltr'><strong>res</strong></span> <span class='ocrx_word' id='word_1_778' title='bbox 2962 3660 3022 3713; x_wconf 90' lang='lat' dir='ltr'><strong>in</strong></span> <span class='ocrx_word' id='word_1_779' title='bbox 3052 3665 3248 3730; x_wconf 88' lang='lat' dir='ltr'><strong>aperto</strong></span> <span class='ocrx_word' id='word_1_780' title='bbox 3281 3665 3380 3715; x_wconf 88' lang='lat' dir='ltr'><strong>est.</strong></span> <span class='ocrx_word' id='word_1_781' title='bbox 3410 3664 3490 3717; x_wconf 83' lang='lat' dir='ltr'><strong>M.</strong></span> <span class='ocrx_word' id='word_1_782' title='bbox 3522 3663 3773 3715; x_wconf 85' lang='lat' dir='ltr'><strong>Tenentur</strong></span> <span class='ocrx_word' id='word_1_783' title='bbox 3793 3669 3883 3723; x_wconf 78' lang='lat' dir='ltr'><strong>ergo</strong></span> 
     </span>
    </p>
   </div>
   <div class='ocr_carea' id='block_1_102' title="bbox 2271 3740 3881 3821">
    <p class='ocr_par' dir='ltr' id='par_1_102' title="bbox 2271 3740 3881 3821">
     <span class='ocr_line' id='line_1_102' title="bbox 2271 3740 3881 3821; baseline -0.006 -17"><span class='ocrx_word' id='word_1_784' title='bbox 2271 3740 2330 3804; x_wconf 85' lang='lat' dir='ltr'><strong>et</strong></span> <span class='ocrx_word' id='word_1_785' title='bbox 2359 3749 2419 3803; x_wconf 90' lang='lat' dir='ltr'><strong>hi</strong></span> <span class='ocrx_word' id='word_1_786' title='bbox 2441 3749 2740 3821; x_wconf 84' lang='lat' dir='ltr'><strong>judiciales</strong></span> <span class='ocrx_word' id='word_1_787' title='bbox 2765 3747 3057 3803; x_wconf 90' lang='lat' dir='ltr'><strong>nonnullis</strong></span> <span class='ocrx_word' id='word_1_788' title='bbox 3085 3749 3294 3803; x_wconf 84' lang='lat' dir='ltr'><strong>ﬁnibus</strong></span> <span class='ocrx_word' id='word_1_789' title='bbox 3323 3750 3712 3821; x_wconf 86' lang='lat' dir='ltr'><strong>temporalium</strong></span> <span class='ocrx_word' id='word_1_790' title='bbox 3737 3743 3881 3816; x_wconf 85' lang='lat' dir='ltr'><strong>spatio-</strong></span> 
     </span>
    </p>
   </div>
   <div class='ocr_carea' id='block_1_103' title="bbox 2273 3830 3882 3910">
    <p class='ocr_par' dir='ltr' id='par_1_103' title="bbox 2273 3830 3882 3910">
     <span class='ocr_line' id='line_1_103' title="bbox 2273 3830 3882 3910; baseline -0.004 -20"><span class='ocrx_word' id='word_1_791' title='bbox 2273 3853 2422 3903; x_wconf 88' lang='lat' dir='ltr'><strong>rum,</strong></span> <span class='ocrx_word' id='word_1_792' title='bbox 2451 3853 2593 3909; x_wconf 90' lang='lat' dir='ltr'><strong>quos</strong></span> <span class='ocrx_word' id='word_1_793' title='bbox 2621 3837 2681 3891; x_wconf 93' lang='lat' dir='ltr'><strong>in</strong></span> <span class='ocrx_word' id='word_1_794' title='bbox 2704 3836 3012 3908; x_wconf 89' lang='lat' dir='ltr'><strong>judicando</strong></span> <span class='ocrx_word' id='word_1_795' title='bbox 3058 3839 3327 3892; x_wconf 88' lang='lat' dir='ltr'><strong>excedere</strong></span> <span class='ocrx_word' id='word_1_796' title='bbox 3364 3841 3674 3910; x_wconf 90' lang='lat' dir='ltr'><strong>nequeunt,</strong></span> <span class='ocrx_word' id='word_1_797' title='bbox 3703 3839 3748 3889; x_wconf 89' lang='lat' dir='ltr'><strong>et</strong></span> <span class='ocrx_word' id='word_1_798' title='bbox 3769 3830 3882 3904; x_wconf 86' lang='lat' dir='ltr'><strong>quid-</strong></span> 
     </span>
    </p>
   </div>
   <div class='ocr_carea' id='block_1_104' title="bbox 2273 3922 3878 3998">
    <p class='ocr_par' dir='ltr' id='par_1_104' title="bbox 2273 3922 3878 3998">
     <span class='ocr_line' id='line_1_104' title="bbox 2273 3922 3878 3998; baseline -0.006 -17"><span class='ocrx_word' id='word_1_799' title='bbox 2273 3926 2412 3998; x_wconf 91' lang='lat' dir='ltr'><strong>quid</strong></span> <span class='ocrx_word' id='word_1_800' title='bbox 2440 3925 2659 3981; x_wconf 86' lang='lat' dir='ltr'><strong>excedit</strong></span> <span class='ocrx_word' id='word_1_801' title='bbox 2681 3925 2804 3980; x_wconf 66' lang='lat' dir='ltr'><strong>haac</strong></span> <span class='ocrx_word' id='word_1_802' title='bbox 2822 3925 3024 3997; x_wconf 86' lang='lat' dir='ltr'><strong>spatia,</strong></span> <span class='ocrx_word' id='word_1_803' title='bbox 3048 3941 3166 3980; x_wconf 91' lang='lat' dir='ltr'><strong>non</strong></span> <span class='ocrx_word' id='word_1_804' title='bbox 3185 3931 3565 3998; x_wconf 89' lang='lat' dir='ltr'><strong>assequuntur</strong></span> <span class='ocrx_word' id='word_1_805' title='bbox 3589 3931 3645 3980; x_wconf 92' lang='lat' dir='ltr'><strong>ut</strong></span> <span class='ocrx_word' id='word_1_806' title='bbox 3659 3922 3878 3994; x_wconf 82' lang='lat' dir='ltr'><strong>judicent:</strong></span> 
     </span>
    </p>
   </div>
   <div class='ocr_carea' id='block_1_105' title="bbox 2274 4011 3880 4084">
    <p class='ocr_par' dir='ltr' id='par_1_105' title="bbox 2274 4011 3880 4084">
     <span class='ocr_line' id='line_1_105' title="bbox 2274 4011 3880 4084; baseline -0.006 -18"><span class='ocrx_word' id='word_1_807' title='bbox 2274 4017 2444 4083; x_wconf 88' lang='lat' dir='ltr'><strong>atque</strong></span> <span class='ocrx_word' id='word_1_808' title='bbox 2473 4012 2554 4067; x_wconf 90' lang='lat' dir='ltr'><strong>ita</strong></span> <span class='ocrx_word' id='word_1_809' title='bbox 2581 4012 2629 4066; x_wconf 91' lang='lat' dir='ltr'><strong>si</strong></span> <span class='ocrx_word' id='word_1_810' title='bbox 2668 4015 2955 4077; x_wconf 90' lang='lat' dir='ltr'><strong>tenentur,</strong></span> <span class='ocrx_word' id='word_1_811' title='bbox 3005 4014 3296 4084; x_wconf 89' lang='lat' dir='ltr'><strong>quomodo</strong></span> <span class='ocrx_word' id='word_1_812' title='bbox 3328 4013 3443 4068; x_wconf 89' lang='lat' dir='ltr'><strong>sint</strong></span> <span class='ocrx_word' id='word_1_813' title='bbox 3473 4011 3785 4068; x_wconf 87' lang='lat' dir='ltr'><strong>immortales</strong></span> <span class='ocrx_word' id='word_1_814' title='bbox 3807 4019 3880 4059; x_wconf 89' lang='lat' dir='ltr'><strong>non</strong></span> 
     </span>
    </p>
   </div>
   <div class='ocr_carea' id='block_1_106' title="bbox 2272 4100 3879 4174">
    <p class='ocr_par' dir='ltr' id='par_1_106' title="bbox 2272 4100 3879 4174">
     <span class='ocr_line' id='line_1_106' title="bbox 2272 4100 3879 4174; baseline -0.001 -20"><span class='ocrx_word' id='word_1_815' title='bbox 2272 4101 2453 4155; x_wconf 90' lang='lat' dir='ltr'><strong>video.</strong></span> <span class='ocrx_word' id='word_1_816' title='bbox 2485 4104 2551 4155; x_wconf 90' lang='lat' dir='ltr'><strong>D.</strong></span> <span class='ocrx_word' id='word_1_817' title='bbox 2584 4101 2696 4155; x_wconf 88' lang='lat' dir='ltr'><strong>Nec</strong></span> <span class='ocrx_word' id='word_1_818' title='bbox 2720 4115 2828 4171; x_wconf 88' lang='lat' dir='ltr'><strong>ego</strong></span> <span class='ocrx_word' id='word_1_819' title='bbox 2855 4100 3018 4156; x_wconf 92' lang='lat' dir='ltr'><strong>video</strong></span> <span class='ocrx_word' id='word_1_820' title='bbox 3041 4102 3182 4173; x_wconf 91' lang='lat' dir='ltr'><strong>quid</strong></span> <span class='ocrx_word' id='word_1_821' title='bbox 3211 4103 3606 4174; x_wconf 89' lang='lat' dir='ltr'><strong>respondeam.</strong></span> <span class='ocrx_word' id='word_1_822' title='bbox 3630 4100 3725 4156; x_wconf 85' lang='lat' dir='ltr'><strong>Sed</strong></span> <span class='ocrx_word' id='word_1_823' title='bbox 3754 4109 3879 4169; x_wconf 79' lang='lat' dir='ltr'><strong>quan-</strong></span> 
     </span>
    </p>
   </div>
   <div class='ocr_carea' id='block_1_107' title="bbox 2274 4188 3876 4262">
    <p class='ocr_par' dir='ltr' id='par_1_107' title="bbox 2274 4188 3876 4262">
     <span class='ocr_line' id='line_1_107' title="bbox 2274 4188 3876 4262; baseline -0.001 -20"><span class='ocrx_word' id='word_1_824' title='bbox 2274 4203 2448 4260; x_wconf 90' lang='lat' dir='ltr'><strong>quam</strong></span> <span class='ocrx_word' id='word_1_825' title='bbox 2475 4188 2544 4242; x_wconf 90' lang='lat' dir='ltr'><strong>de</strong></span> <span class='ocrx_word' id='word_1_826' title='bbox 2572 4188 2999 4244; x_wconf 86' lang='lat' dir='ltr'><strong>immortalitate</strong></span> <span class='ocrx_word' id='word_1_827' title='bbox 3020 4189 3227 4244; x_wconf 91' lang='lat' dir='ltr'><strong>horum</strong></span> <span class='ocrx_word' id='word_1_828' title='bbox 3244 4191 3366 4262; x_wconf 88' lang='lat' dir='ltr'><strong>jam</strong></span> <span class='ocrx_word' id='word_1_829' title='bbox 3386 4192 3577 4246; x_wconf 91' lang='lat' dir='ltr'><strong>minus</strong></span> <span class='ocrx_word' id='word_1_830' title='bbox 3598 4196 3876 4262; x_wconf 60' lang='lat' dir='ltr'><strong>praesumam,</strong></span> 
     </span>
    </p>
   </div>
   <div class='ocr_carea' id='block_1_108' title="bbox 2273 4269 3879 4348">
    <p class='ocr_par' dir='ltr' id='par_1_108' title="bbox 2273 4269 3879 4348">
     <span class='ocr_line' id='line_1_108' title="bbox 2273 4269 3879 4348; baseline -0.005 -18"><span class='ocrx_word' id='word_1_831' title='bbox 2273 4293 2392 4331; x_wconf 92' lang='lat' dir='ltr'><strong>non</strong></span> <span class='ocrx_word' id='word_1_832' title='bbox 2420 4282 2612 4331; x_wconf 87' lang='lat' dir='ltr'><strong>tamen</strong></span> <span class='ocrx_word' id='word_1_833' title='bbox 2644 4292 2757 4348; x_wconf 90' lang='lat' dir='ltr'><strong>quo</strong></span> <span class='ocrx_word' id='word_1_834' title='bbox 2784 4282 2950 4348; x_wconf 89' lang='lat' dir='ltr'><strong>pacto</strong></span> <span class='ocrx_word' id='word_1_835' title='bbox 2983 4279 3118 4333; x_wconf 90' lang='lat' dir='ltr'><strong>hinc</strong></span> <span class='ocrx_word' id='word_1_836' title='bbox 3149 4281 3421 4334; x_wconf 88' lang='lat' dir='ltr'><strong>mortales</strong></span> <span class='ocrx_word' id='word_1_837' title='bbox 3451 4279 3807 4334; x_wconf 85' lang='lat' dir='ltr'><strong>convincantur</strong></span> <span class='ocrx_word' id='word_1_838' title='bbox 3826 4269 3879 4322; x_wconf 86' lang='lat' dir='ltr'><strong>in-</strong></span> 
     </span>
    </p>
   </div>
   <div class='ocr_carea' id='block_1_109' title="bbox 2271 4356 3880 4440">
    <p class='ocr_par' dir='ltr' id='par_1_109' title="bbox 2271 4356 3880 4440">
     <span class='ocr_line' id='line_1_109' title="bbox 2271 4356 3880 4440; baseline -0.001 -21"><span class='ocrx_word' id='word_1_839' title='bbox 2271 4365 2489 4436; x_wconf 89' lang='lat' dir='ltr'><strong>telligo.</strong></span> <span class='ocrx_word' id='word_1_840' title='bbox 2539 4365 2688 4420; x_wconf 88' lang='lat' dir='ltr'><strong>Fieri</strong></span> <span class='ocrx_word' id='word_1_841' title='bbox 2734 4367 2888 4420; x_wconf 92' lang='lat' dir='ltr'><strong>enim</strong></span> <span class='ocrx_word' id='word_1_842' title='bbox 2933 4371 3133 4438; x_wconf 88' lang='lat' dir='ltr'><strong>potest,</strong></span> <span class='ocrx_word' id='word_1_843' title='bbox 3182 4372 3246 4423; x_wconf 91' lang='lat' dir='ltr'><strong>ut</strong></span> <span class='ocrx_word' id='word_1_844' title='bbox 3284 4373 3725 4440; x_wconf 88' lang='lat' dir='ltr'><strong>quantacumque</strong></span> <span class='ocrx_word' id='word_1_845' title='bbox 3757 4356 3880 4430; x_wconf 69' lang='lat' dir='ltr'><strong>spatia</strong></span> 
     </span>
    </p>
   </div>
   <div class='ocr_carea' id='block_1_110' title="bbox 2267 4453 3878 4527">
    <p class='ocr_par' dir='ltr' id='par_1_110' title="bbox 2267 4453 3878 4527">
     <span class='ocr_line' id='line_1_110' title="bbox 2267 4453 3878 4527; baseline -0.002 -19"><span class='ocrx_word' id='word_1_846' title='bbox 2267 4454 2524 4524; x_wconf 88' lang='lat' dir='ltr'><strong>judicare</strong></span> <span class='ocrx_word' id='word_1_847' title='bbox 2570 4459 2833 4524; x_wconf 87' lang='lat' dir='ltr'><strong>possunt,</strong></span> <span class='ocrx_word' id='word_1_848' title='bbox 2887 4471 3112 4527; x_wconf 90' lang='lat' dir='ltr'><strong>semper</strong></span> <span class='ocrx_word' id='word_1_849' title='bbox 3156 4457 3214 4512; x_wconf 93' lang='lat' dir='ltr'><strong>id</strong></span> <span class='ocrx_word' id='word_1_850' title='bbox 3259 4458 3500 4527; x_wconf 89' lang='lat' dir='ltr'><strong>possint,</strong></span> <span class='ocrx_word' id='word_1_851' title='bbox 3544 4453 3782 4527; x_wconf 87' lang='lat' dir='ltr'><strong>quoniam</strong></span> <span class='ocrx_word' id='word_1_852' title='bbox 3803 4458 3878 4499; x_wconf 73' lang='grc' dir='ltr'><strong>ηοΠ</strong></span> 
     </span>
    </p>
   </div>
   <div class='ocr_carea' id='block_1_111' title="bbox 2272 4538 3876 4616">
    <p class='ocr_par' dir='ltr' id='par_1_111' title="bbox 2272 4538 3876 4616">
     <span class='ocr_line' id='line_1_111' title="bbox 2272 4538 3876 4616; baseline -0.001 -20"><span class='ocrx_word' id='word_1_853' title='bbox 2272 4543 2415 4597; x_wconf 89' lang='lat' dir='ltr'><strong>sicut</strong></span> <span class='ocrx_word' id='word_1_854' title='bbox 2451 4547 2701 4610; x_wconf 76' lang='lat' dir='ltr'><strong>caeteros,</strong></span> <span class='ocrx_word' id='word_1_855' title='bbox 2742 4549 2842 4598; x_wconf 90' lang='lat' dir='ltr'><strong>aut</strong></span> <span class='ocrx_word' id='word_1_856' title='bbox 2884 4545 3171 4600; x_wconf 90' lang='lat' dir='ltr'><strong>oblivione</strong></span> <span class='ocrx_word' id='word_1_857' title='bbox 3218 4546 3436 4600; x_wconf 90' lang='lat' dir='ltr'><strong>aboleri</strong></span> <span class='ocrx_word' id='word_1_858' title='bbox 3478 4559 3695 4616; x_wconf 90' lang='lat' dir='ltr'><strong>possum</strong></span> <span class='ocrx_word' id='word_1_859' title='bbox 3732 4538 3876 4595; x_wconf 50' lang='lat' dir='ltr'><strong>dicere,</strong></span> 
     </span>
    </p>
   </div>
   <div class='ocr_carea' id='block_1_112' title="bbox 2272 4629 3877 4705">
    <p class='ocr_par' dir='ltr' id='par_1_112' title="bbox 2272 4629 3877 4705">
     <span class='ocr_line' id='line_1_112' title="bbox 2272 4629 3877 4705; baseline -0.006 -20"><span class='ocrx_word' id='word_1_860' title='bbox 2272 4635 2371 4686; x_wconf 90' lang='lat' dir='ltr'><strong>aut</strong></span> <span class='ocrx_word' id='word_1_861' title='bbox 2393 4632 2608 4687; x_wconf 89' lang='lat' dir='ltr'><strong>tamdiu</strong></span> <span class='ocrx_word' id='word_1_862' title='bbox 2643 4648 2763 4687; x_wconf 91' lang='lat' dir='ltr'><strong>esse</strong></span> <span class='ocrx_word' id='word_1_863' title='bbox 2794 4633 2882 4688; x_wconf 90' lang='lat' dir='ltr'><strong>vel</strong></span> <span class='ocrx_word' id='word_1_864' title='bbox 2909 4633 2968 4686; x_wconf 92' lang='lat' dir='ltr'><strong>in</strong></span> <span class='ocrx_word' id='word_1_865' title='bbox 2992 4638 3215 4688; x_wconf 87' lang='lat' dir='ltr'><strong>tantum</strong></span> <span class='ocrx_word' id='word_1_866' title='bbox 3243 4629 3740 4705; x_wconf 86' lang='lat' dir='ltr'><strong>extendi,quamdiu</strong></span> <span class='ocrx_word' id='word_1_867' title='bbox 3759 4635 3877 4679; x_wconf 84' lang='lat' dir='ltr'><strong>sonus</strong></span> 
     </span>
    </p>
   </div>
   <div class='ocr_carea' id='block_1_113' title="bbox 2271 4709 3876 4791">
    <p class='ocr_par' dir='ltr' id='par_1_113' title="bbox 2271 4709 3876 4791">
     <span class='ocr_line' id='line_1_113' title="bbox 2271 4709 3876 4791; baseline -0.003 -17"><span class='ocrx_word' id='word_1_868' title='bbox 2271 4721 2582 4791; x_wconf 89' lang='lat' dir='ltr'><strong>appellitur</strong></span> <span class='ocrx_word' id='word_1_869' title='bbox 2613 4725 2668 4774; x_wconf 91' lang='lat' dir='ltr'><strong>et</strong></span> <span class='ocrx_word' id='word_1_870' title='bbox 2695 4721 2755 4774; x_wconf 91' lang='lat' dir='ltr'><strong>in</strong></span> <span class='ocrx_word' id='word_1_871' title='bbox 2784 4726 3066 4791; x_wconf 89' lang='lat' dir='ltr'><strong>quantum</strong></span> <span class='ocrx_word' id='word_1_872' title='bbox 3097 4723 3482 4777; x_wconf 86' lang='lat' dir='ltr'><strong>extenduntur</strong></span> <span class='ocrx_word' id='word_1_873' title='bbox 3505 4731 3787 4775; x_wconf 86' lang='lat' dir='ltr'><strong>occursores</strong></span> <span class='ocrx_word' id='word_1_874' title='bbox 3809 4709 3876 4768; x_wconf 64' lang='lat' dir='ltr'><strong>illi,</strong></span> 
     </span>
    </p>
   </div>
   <div class='ocr_carea' id='block_1_114' title="bbox 2272 4809 3876 4882">
    <p class='ocr_par' dir='ltr' id='par_1_114' title="bbox 2272 4809 3876 4882">
     <span class='ocr_line' id='line_1_114' title="bbox 2272 4809 3876 4882; baseline -0.005 -18"><span class='ocrx_word' id='word_1_875' title='bbox 2272 4815 2372 4864; x_wconf 90' lang='lat' dir='ltr'><strong>aut</strong></span> <span class='ocrx_word' id='word_1_876' title='bbox 2395 4809 2670 4881; x_wconf 90' lang='lat' dir='ltr'><strong>quamdiu</strong></span> <span class='ocrx_word' id='word_1_877' title='bbox 2696 4814 2948 4879; x_wconf 88' lang='lat' dir='ltr'><strong>aguntur</strong></span> <span class='ocrx_word' id='word_1_878' title='bbox 2971 4811 3058 4864; x_wconf 88' lang='lat' dir='ltr'><strong>vel</strong></span> <span class='ocrx_word' id='word_1_879' title='bbox 3089 4817 3371 4882; x_wconf 88' lang='lat' dir='ltr'><strong>quantum</strong></span> <span class='ocrx_word' id='word_1_880' title='bbox 3401 4810 3765 4882; x_wconf 87' lang='lat' dir='ltr'><strong>producuntur</strong></span> <span class='ocrx_word' id='word_1_881' title='bbox 3782 4811 3876 4872; x_wconf 74' lang='lat' dir='ltr'><strong>quos</strong></span> 
     </span>
    </p>
   </div>
   <div class='ocr_carea' id='block_1_115' title="bbox 2271 4896 3875 4972">
    <p class='ocr_par' dir='ltr' id='par_1_115' title="bbox 2271 4896 3875 4972">
     <span class='ocr_line' id='line_1_115' title="bbox 2271 4896 3875 4972; baseline -0.007 -22"><span class='ocrx_word' id='word_1_882' title='bbox 2271 4913 2667 4969; x_wconf 89' lang='lat' dir='ltr'><strong>progreseores</strong></span> <span class='ocrx_word' id='word_1_883' title='bbox 2699 4899 3048 4966; x_wconf 89' lang='lat' dir='ltr'><strong>vocavimus;</strong></span> <span class='ocrx_word' id='word_1_884' title='bbox 3082 4915 3216 4954; x_wconf 89' lang='lat' dir='ltr'><strong>nam</strong></span> <span class='ocrx_word' id='word_1_885' title='bbox 3247 4901 3475 4972; x_wconf 88' lang='lat' dir='ltr'><strong>utrique</strong></span> <span class='ocrx_word' id='word_1_886' title='bbox 3500 4915 3622 4954; x_wconf 91' lang='lat' dir='ltr'><strong>cum</strong></span> <span class='ocrx_word' id='word_1_887' title='bbox 3647 4896 3752 4965; x_wconf 92' lang='lat' dir='ltr'><strong>ipso</strong></span> <span class='ocrx_word' id='word_1_888' title='bbox 3775 4896 3875 4942; x_wconf 87' lang='lat' dir='ltr'><strong>tem-</strong></span> 
     </span>
    </p>
   </div>
   <div class='ocr_carea' id='block_1_116' title="bbox 2271 4976 3874 5057">
    <p class='ocr_par' dir='ltr' id='par_1_116' title="bbox 2271 4976 3874 5057">
     <span class='ocr_line' id='line_1_116' title="bbox 2271 4976 3874 5057; baseline -0.002 -18"><span class='ocrx_word' id='word_1_889' title='bbox 2271 5001 2406 5056; x_wconf 92' lang='lat' dir='ltr'><strong>pore</strong></span> <span class='ocrx_word' id='word_1_890' title='bbox 2436 4986 2784 5057; x_wconf 89' lang='lat' dir='ltr'><strong>operationis</strong></span> <span class='ocrx_word' id='word_1_891' title='bbox 2814 5003 2930 5042; x_wconf 71' lang='lat' dir='ltr'><strong>sua:</strong></span> <span class='ocrx_word' id='word_1_892' title='bbox 2954 4991 3256 5043; x_wconf 89' lang='lat' dir='ltr'><strong>transeunt</strong></span> <span class='ocrx_word' id='word_1_893' title='bbox 3289 5007 3304 5043; x_wconf 79' lang='lat' dir='ltr'><strong><em>z</em></strong></span> <span class='ocrx_word' id='word_1_894' title='bbox 3335 4989 3396 5043; x_wconf 93' lang='lat' dir='ltr'><strong>hi</strong></span> <span class='ocrx_word' id='word_1_895' title='bbox 3425 4993 3606 5044; x_wconf 89' lang='lat' dir='ltr'><strong>autem</strong></span> <span class='ocrx_word' id='word_1_896' title='bbox 3630 4976 3874 5056; x_wconf 61' lang='lat' dir='ltr'><strong>judicialeﬁ,</strong></span> 
     </span>
    </p>
   </div>
   <div class='ocr_carea' id='block_1_117' title="bbox 2272 5058 3875 5148">
    <p class='ocr_par' dir='ltr' id='par_1_117' title="bbox 2272 5058 3875 5148">
     <span class='ocr_line' id='line_1_117' title="bbox 2272 5058 3875 5148; baseline -0.007 -19"><span class='ocrx_word' id='word_1_897' title='bbox 2272 5077 2463 5128; x_wconf 88' lang='lat' dir='ltr'><strong>utrum</strong></span> <span class='ocrx_word' id='word_1_898' title='bbox 2521 5079 2577 5128; x_wconf 92' lang='lat' dir='ltr'><strong>et</strong></span> <span class='ocrx_word' id='word_1_899' title='bbox 2615 5075 2675 5128; x_wconf 92' lang='lat' dir='ltr'><strong>in</strong></span> <span class='ocrx_word' id='word_1_900' title='bbox 2717 5075 2912 5131; x_wconf 89' lang='lat' dir='ltr'><strong>anima</strong></span> <span class='ocrx_word' id='word_1_901' title='bbox 2957 5076 3171 5144; x_wconf 88' lang='lat' dir='ltr'><strong>nescio,</strong></span> <span class='ocrx_word' id='word_1_902' title='bbox 3223 5077 3281 5130; x_wconf 89' lang='lat' dir='ltr'><strong>in</strong></span> <span class='ocrx_word' id='word_1_903' title='bbox 3332 5077 3456 5148; x_wconf 90' lang='lat' dir='ltr'><strong>ipsa</strong></span> <span class='ocrx_word' id='word_1_904' title='bbox 3507 5078 3644 5129; x_wconf 89' lang='lat' dir='ltr'><strong>certe</strong></span> <span class='ocrx_word' id='word_1_905' title='bbox 3691 5058 3875 5123; x_wconf 69' lang='lat' dir='ltr'><strong>hominis</strong></span> 
     </span>
    </p>
   </div>
   <div class='ocr_carea' id='block_1_118' title="bbox 2270 5160 3874 5235">
    <p class='ocr_par' dir='ltr' id='par_1_118' title="bbox 2270 5160 3874 5235">
     <span class='ocr_line' id='line_1_118' title="bbox 2270 5160 3874 5235; baseline -0.005 -19"><span class='ocrx_word' id='word_1_906' title='bbox 2270 5167 2473 5217; x_wconf 89' lang='lat' dir='ltr'><strong>natura</strong></span> <span class='ocrx_word' id='word_1_907' title='bbox 2511 5168 2766 5225; x_wconf 88' lang='lat' dir='ltr'><strong>manent,</strong></span> <span class='ocrx_word' id='word_1_908' title='bbox 2813 5165 3124 5235; x_wconf 89' lang='lat' dir='ltr'><strong>judicaturi</strong></span> <span class='ocrx_word' id='word_1_909' title='bbox 3173 5165 3242 5220; x_wconf 92' lang='lat' dir='ltr'><strong>de</strong></span> <span class='ocrx_word' id='word_1_910' title='bbox 3287 5165 3510 5231; x_wconf 88' lang='lat' dir='ltr'><strong>oblatis,</strong></span> <span class='ocrx_word' id='word_1_911' title='bbox 3548 5166 3824 5233; x_wconf 85' lang='lat' dir='ltr'><strong>quanquam</strong></span> <span class='ocrx_word' id='word_1_912' title='bbox 3854 5160 3874 5196; x_wconf 70' lang='grc' dir='ltr'><strong>ἃ</strong></span> 
     </span>
    </p>
   </div>
   <div class='ocr_carea' id='block_1_119' title="bbox 2269 5247 3870 5324">
    <p class='ocr_par' dir='ltr' id='par_1_119' title="bbox 2269 5247 3870 5324">
     <span class='ocr_line' id='line_1_119' title="bbox 2269 5247 3870 5324; baseline -0.006 -19"><span class='ocrx_word' id='word_1_913' title='bbox 2269 5255 2420 5305; x_wconf 88' lang='lat' dir='ltr'><strong>certa</strong></span> <span class='ocrx_word' id='word_1_914' title='bbox 2461 5250 2733 5307; x_wconf 90' lang='lat' dir='ltr'><strong>brevitate</strong></span> <span class='ocrx_word' id='word_1_915' title='bbox 2781 5268 2965 5324; x_wconf 86' lang='lat' dir='ltr'><strong>nsque</strong></span> <span class='ocrx_word' id='word_1_916' title='bbox 3009 5253 3081 5308; x_wconf 90' lang='lat' dir='ltr'><strong>ad</strong></span> <span class='ocrx_word' id='word_1_917' title='bbox 3131 5259 3347 5308; x_wconf 90' lang='lat' dir='ltr'><strong>certam</strong></span> <span class='ocrx_word' id='word_1_918' title='bbox 3396 5247 3770 5322; x_wconf 87' lang='lat' dir='ltr'><strong>longitudinem</strong></span> <span class='ocrx_word' id='word_1_919' title='bbox 3806 5251 3870 5289; x_wconf 72' lang='lat' dir='ltr'><strong>va-</strong></span> 
     </span>
    </p>
   </div>
   <div class='ocr_carea' id='block_1_120' title="bbox 2268 5325 3872 5414">
    <p class='ocr_par' dir='ltr' id='par_1_120' title="bbox 2268 5325 3872 5414">
     <span class='ocr_line' id='line_1_120' title="bbox 2268 5325 3872 5414; baseline -0.009 -20"><span class='ocrx_word' id='word_1_920' title='bbox 2268 5340 2510 5408; x_wconf 90' lang='lat' dir='ltr'><strong>rientur,</strong></span> <span class='ocrx_word' id='word_1_921' title='bbox 2543 5341 2911 5414; x_wconf 88' lang='lat' dir='ltr'><strong>approbando</strong></span> <span class='ocrx_word' id='word_1_922' title='bbox 2958 5341 3019 5396; x_wconf 91' lang='lat' dir='ltr'><strong>in</strong></span> <span class='ocrx_word' id='word_1_923' title='bbox 3066 5341 3158 5398; x_wconf 90' lang='lat' dir='ltr'><strong>his</strong></span> <span class='ocrx_word' id='word_1_924' title='bbox 3187 5358 3506 5407; x_wconf 89' lang='lat' dir='ltr'><strong>numerosa,</strong></span> <span class='ocrx_word' id='word_1_925' title='bbox 3536 5343 3590 5394; x_wconf 89' lang='lat' dir='ltr'><strong>et</strong></span> <span class='ocrx_word' id='word_1_926' title='bbox 3617 5325 3872 5408; x_wconf 71' lang='lat' dir='ltr'><strong>perturbata</strong></span> 
     </span>
    </p>
   </div>
   <div class='ocr_carea' id='block_1_121' title="bbox 2271 5429 2617 5486">
    <p class='ocr_par' dir='ltr' id='par_1_121' title="bbox 2271 5429 2617 5486">
     <span class='ocr_line' id='line_1_121' title="bbox 2271 5429 2617 5486; baseline 0.009 -3"><span class='ocrx_word' id='word_1_927' title='bbox 2271 5429 2617 5486; x_wconf 88' lang='lat' dir='ltr'><strong>damnando.</strong></span> 
     </span>
    </p>
   </div>
  </div>
