4098 6182
251 226 385 276 H73

317 350 401 402 19.
425 351 497 405 Μ.
528 348 739 402 Saltem
787 347 931 401 illud
972 347 1253 415 concedis,
1297 348 1439 403 alios
1476 350 1737 404 homines
1767 350 1934 406 citius

240 435 455 490 offendi
490 435 940 489 claudicantibus
977 435 1252 502 numeris,
1284 437 1421 491 alios
1450 438 1686 505 tardius,
1721 444 1777 493 et
1812 440 1934 510 ple-

237 542 449 595 rosque
474 524 702 578 nonnisi
732 541 797 579 ex
841 524 1267 594 comparatione
1296 526 1653 597 integrorum
1676 527 1935 597 judicare

236 613 490 675 vitiosos,
522 629 652 667 cum
682 617 737 666 et
764 612 891 667 illos
919 628 1201 683 congruos
1229 618 1284 667 et
1304 614 1431 667 illos
1460 614 1808 685 iucongruos
1838 632 1935 668 au-

234 702 467 757 dierint.
498 705 561 756 D.
593 701 869 757 Concedo.
903 704 978 757 M.
1014 703 1172 756 Unde
1212 702 1440 756 tandem
1484 703 1630 756 hanc
1669 703 1934 757 differen-

233 787 377 842 tiam
397 793 564 858 putas
591 788 850 855 existere,
883 788 993 841 nisi
1019 794 1118 843 aut
1143 794 1364 855 natura,
1391 794 1489 844 aut
1509 791 1931 858 exercitatione,

234 881 337 930 aut
361 878 646 947 utroque?
669 880 733 931 D.
774 876 863 931 Sic
892 877 1155 931 arbitror.
1192 880 1266 933 Μ.
1302 878 1504 942 Quaero
1533 878 1710 950 igitur
1740 884 1932 933 utrum

234 966 416 1035 possit
452 964 656 1035 aliquis
699 965 1005 1035 aliquando
1048 965 1414 1035 productiora
1447 966 1745 1022 intervalla
1777 968 1932 1038 judi-

233 1069 363 1107 care
402 1058 458 1107 et
495 1054 835 1124 approbare,
866 1070 994 1124 quae
1042 1054 1187 1107 alius
1231 1070 1351 1108 non
1396 1055 1594 1125 possit.
1644 1059 1705 1110 D.
1755 1057 1933 1111 Credo

232 1157 358 1194 esse
386 1157 571 1211 posse.
608 1144 679 1195 Μ.
713 1141 903 1205 Quid?
929 1142 1027 1195 Ille
1065 1142 1164 1211 qui
1204 1158 1321 1196 non
1359 1147 1570 1212 potest,
1602 1143 1647 1197 si
1681 1160 1738 1198 se
1766 1160 1931 1198 exer-

230 1234 357 1284 ceat
399 1233 800 1299 congruenter,
846 1245 950 1283 nec
996 1230 1137 1283 adeo
1178 1231 1371 1285 tardus
1414 1231 1505 1295 sit,
1539 1248 1657 1285 non
1682 1232 1931 1302 poterit?

229 1318 298 1369 D.
334 1314 543 1369 Poterit
571 1332 723 1370 vero.
768 1318 844 1370 Μ.
878 1318 1026 1370 Num
1055 1317 1114 1371 in
1146 1323 1371 1373 tantum
1400 1325 1638 1389 possunt
1668 1321 1763 1374 isti
1791 1337 1931 1390 pro-

228 1404 400 1457 ﬁcere
428 1404 497 1457 ad
523 1403 889 1474 productiora
913 1405 1238 1475 judicanda,
1271 1412 1336 1461 ut
1362 1408 1657 1474 horarum,
1689 1409 1775 1462 vel
1808 1408 1928 1462 die-

231 1508 384 1558 rum,
419 1492 506 1545 vel
536 1492 710 1545 etiam
739 1492 1027 1546 mensium
1061 1510 1410 1548 annorumve
1440 1496 1614 1565 dupla
1645 1500 1701 1549 et
1725 1495 1931 1566 simpla

232 1580 435 1650 spatia,
468 1596 597 1633 cum
624 1582 824 1635 saltem
855 1597 1053 1635 somno
1080 1582 1537 1651 interpediautur
1561 1582 1601 1650 ί,
1635 1600 1802 1637 sensu
1830 1583 1927 1638 illo

221 1668 529 1738 judiciario
577 1668 800 1739 possint
847 1671 1353 1740 comprehendere,
1386 1677 1443 1725 et
1489 1677 1765 1743 tanquam
1801 1673 1928 1726 illos

228 1756 450 1811 iambos
480 1757 747 1811 motionis
780 1758 1009 1812 nutibus
1029 1759 1387 1829 approbare?
1409 1760 1481 1815 D.
1510 1761 1633 1814 Non
1660 1766 1922 1831 possunt.

227 1849 307 1901 Μ.
339 1846 484 1910 Quid
503 1846 585 1900 ita
609 1863 726 1901 non
746 1852 1001 1917 possunt,
1020 1847 1129 1901 nisi
1153 1848 1289 1919 quia
1312 1848 1621 1919 unicuique
1648 1849 1929 1903 animanti

227 1936 292 1989 in
316 1951 521 2005 genere
567 1935 823 2006 proprio,
868 1923 1240 2006 proportione
1285 1938 1688 2007 universitatis,
1729 1954 1926 1993 sensus

225 2026 488 2078 locorum
518 2027 960 2094 temporumque
987 2024 1231 2078 tributus
1259 2028 1370 2091 est;
1403 2030 1466 2079 ut
1492 2026 1781 2096 quomodo
1808 2043 1928 2079 cor-

225 2128 336 2183 pus
372 2113 493 2182 ejus
540 2112 909 2182 proportione
952 2112 1203 2166 universi
1253 2113 1507 2183 corporis
1550 2118 1773 2167 tantum
1820 2118 1921 2181 est,

224 2201 389 2271 cujus
420 2217 551 2271 pars
572 2206 678 2267 est,
710 2206 768 2255 et
796 2205 932 2255 astas
962 2201 1085 2272 ejus
1124 2202 1494 2272 proportione
1534 2202 1787 2257 universi
1819 2219 1923 2255 sa).-

223 2288 342 2344 culi
370 2292 529 2343 tanta
557 2294 662 2358 est,
691 2289 854 2359 cujus
887 2305 1017 2360 pars
1061 2294 1171 2357 est;
1204 2290 1283 2344 ita
1320 2306 1518 2345 sensus
1557 2291 1677 2361 ejus
1717 2290 1925 2345 actioni

222 2378 347 2448 ejus
374 2382 670 2448 congruat,
694 2394 866 2449 quam
896 2379 1264 2449 proportione
1286 2379 1405 2448 agit
1434 2378 1683 2433 universi
1711 2386 1920 2447 motus,

222 2467 386 2537 cujus
414 2466 535 2521 haec
580 2483 713 2536 pars
743 2467 864 2521 est?
902 2467 991 2521 Sic
1018 2467 1280 2521 habendo
1325 2468 1519 2521 omnia
1564 2484 1807 2539 magnus
1839 2474 1923 2522 est

218 2554 314 2609 hic
358 2556 629 2619 mundus,
672 2555 772 2627 qui
817 2572 967 2625 saepe
1011 2555 1073 2609 in
1111 2556 1413 2627 Scripturis
1453 2556 1661 2611 divinis
1706 2558 1831 2612 coeli
1868 2562 1923 2613 et

217 2647 391 2697 terrae
422 2642 655 2697 nomine
681 2648 1066 2714 nuncupatur,
1087 2645 1249 2715 cujus
1275 2661 1472 2699 omnes
1496 2649 1686 2716 partes
1718 2645 1765 2699 si
1794 2663 1922 2717 pro-

217 2731 489 2802 portione
515 2732 872 2798 minuantur,
898 2738 1091 2787 tantus
1118 2737 1233 2801 est;
1268 2737 1323 2787 et
1352 2734 1399 2787 si
1428 2733 1799 2804 proportione
1825 2750 1922 2788 au-

218 2824 485 2891 geantur,
519 2820 895 2875 nihilominus
923 2825 1115 2875 tantus
1141 2826 1261 2875 est:
1296 2821 1432 2892 quia
1461 2821 1607 2874 nihil
1634 2821 1696 2875 in
1725 2822 1920 2891 spatiis

158 2912 167 2915 ’
217 2908 479 2963 locorum
509 2912 563 2961 et
591 2913 919 2978 temporum
951 2924 1055 2978 per
1086 2907 1338 2978 seipsum
1371 2924 1647 2979 magnum
1686 2915 1788 2977 est,
1821 2910 1921 2964 sed

217 2996 296 3051 ad
324 2996 537 3067 aliquid
562 2996 816 3062 brevius;
849 3000 904 3049 et
933 2995 1077 3049 nihil
1098 3012 1297 3050 rursus
1327 2996 1389 3049 in
1416 2996 1505 3050 his
1536 3012 1638 3067 per
1667 2997 1918 3067 seipsum

216 3085 390 3139 breve
422 3088 524 3150 est,
558 3084 655 3138 sed
702 3085 773 3138 ad
805 3084 1019 3154 aliquid
1064 3084 1266 3155 majus.
1316 3085 1672 3155 Quapropter
1718 3086 1766 3138 si
1808 3086 1916 3139 hu-

216 3189 405 3227 manae
434 3175 655 3226 natura:
698 3172 765 3225 ad
810 3172 1048 3225 carnalis
1089 3172 1218 3227 vita:
1264 3172 1515 3227 actiones
1544 3174 1672 3227 talis
1720 3189 1917 3227 sensus

216 3261 464 3315 tributus
494 3265 598 3327 est,
642 3276 756 3331 quo
800 3260 1016 3329 majora
1060 3264 1387 3330 temporum
1439 3261 1621 3330 spatia
1663 3260 1916 3331 judicare

215 3365 337 3403 non
377 3348 574 3419 possit,
625 3364 799 3418 quam
848 3348 1147 3402 intervalla
1186 3349 1480 3417 postulant
1525 3349 1595 3402 ad
1632 3348 1759 3402 talis
1790 3347 1917 3401 vitae

216 3453 390 3491 usum
415 3436 790 3507 pertinentia;
819 3436 1094 3507 quoniam
1115 3437 1244 3490 talis
1269 3436 1522 3489 hominis
1543 3440 1747 3490 natura
1769 3452 1919 3491 mor-
1951 3469 1953 3471 ι

214 3526 348 3580 talis
378 3529 481 3591 est,
522 3524 694 3579 etiam
738 3527 911 3579 talem
956 3541 1187 3579 sensum
1233 3526 1537 3578 mortalem
1581 3530 1738 3595 puto.
1794 3526 1918 3579 Non

216 3614 377 3671 enim
406 3615 616 3668 frustra
658 3615 1007 3669 consuetudo
1039 3614 1202 3684 quasi
1241 3614 1508 3680 secunda,
1540 3619 1599 3667 et
1636 3614 1801 3684 quasi
1831 3614 1914 3667 af-

211 3702 490 3757 fabricata
517 3707 721 3757 natura
750 3702 976 3757 dicitur.
1022 3703 1289 3757 Videmus
1328 3706 1520 3756 autem
1561 3703 1717 3757 velut
1745 3719 1914 3773 quos-

215 3792 352 3846 dam
398 3807 597 3845 sensus
642 3807 820 3846 novos
857 3790 917 3845 in
955 3791 1277 3863 judicandis
1314 3791 1700 3862 cujuscemodi
1747 3792 1915 3846 rebus

213 3880 506 3950 corporeis
534 3879 948 3935 consuetudine
980 3880 1232 3947 affectos,
1258 3880 1368 3935 alia
1390 3879 1796 3935 consuetudine
1816 3880 1913 3935 de-

211 3969 426 4040 perire.
774 4030 777 4031 ν

216 4058 444 4131 CAPUT
492 4058 635 4112 VIII.
680 4087 748 4097 —
800 4059 1027 4116 Numeri
1067 4060 1243 4113 caeteri
1281 4059 1635 4127 judicialium
1674 4060 1916 4114 examini

873 4147 1257 4215 subjiciuntur.

289 4236 378 4289 20.
410 4234 519 4289 Sed
557 4250 786 4305 quoquo
825 4235 998 4289 modo
1036 4252 1096 4289 se
1124 4236 1373 4290 habeant
1401 4234 1463 4288 hi
1502 4230 1730 4289 numeri
1761 4234 1914 4304 judi-

214 4322 408 4388 ciales,
437 4340 503 4378 eo
533 4328 683 4378 certe
713 4328 987 4394 prmstaut
1016 4324 1167 4393 quod
1189 4323 1536 4389 dubitamus,
1568 4324 1655 4377 vel
1686 4322 1916 4377 difﬁcile

212 4412 669 4483 pervestigamus
694 4415 888 4465 utrum
917 4412 1186 4465 mortales
1208 4411 1336 4465 sint.
1373 4412 1451 4465 De
1476 4410 1695 4465 caeteris
1724 4414 1916 4464 autem

214 4505 465 4572 quatuor
484 4500 791 4571 generibus
812 4517 915 4555 nec
936 4501 1177 4571 quaestio
1206 4504 1289 4554 est
1308 4499 1449 4570 quin
1473 4500 1741 4553 mortales
1771 4499 1911 4566 sint;

212 4605 465 4661 quorum
496 4589 601 4643 etsi
632 4590 912 4661 quosdam
937 4606 1054 4643 non
1076 4589 1586 4660 comprehendunt,
1611 4588 1747 4659 quia
1768 4589 1917 4642 ultra

209 4678 474 4748 ipsorum
519 4679 652 4749 jura
694 4679 943 4749 porrecti
986 4683 1137 4745 sunt,
1173 4694 1385 4749 genera
1428 4683 1622 4732 tamen
1650 4677 1775 4747 ipsa
1814 4695 1915 4732 suo

213 4767 463 4821 examini
496 4767 804 4821 vindicant.
850 4768 990 4821 Nam
1021 4772 1077 4822 et
1106 4767 1189 4821 illi
1220 4782 1613 4838 progressores
1641 4783 1771 4821 cum
1811 4768 1916 4821 ali-

210 4870 388 4925 quam
418 4854 478 4908 in
508 4871 742 4925 corpore
773 4870 1141 4909 numerosam
1181 4854 1573 4925 operationem
1615 4860 1892 4926 appetunt

212 4945 427 4998 latente
459 4944 697 4997 istorum
716 4943 1077 5014 judicialium
1108 4948 1252 4999 nutu
1286 4944 1709 4999 modiﬁcantur.
1754 4944 1912 5007 Quod

214 5031 372 5087 enim
406 5048 509 5086 nos
536 5033 620 5086 vel
654 5032 1011 5086 ambulantes
1050 5032 1120 5087 ab
1153 5032 1468 5103 imparibus
1513 5032 1793 5102 passibus,
1826 5033 1914 5086 vel

213 5118 695 5188 percutientesab
740 5119 1056 5190 imparibus
1105 5120 1417 5175 intervallis
1463 5121 1782 5190 plagarum,
1826 5120 1913 5173 vel

216 5206 452 5261 edentes
482 5209 569 5269 vel
600 5208 862 5262 bibentes
891 5210 961 5262 ab
991 5209 1306 5279 imparibus
1333 5210 1613 5263 malarum
1639 5208 1910 5274 motibus,

216 5296 533 5365 scalpentes
573 5296 823 5367 denique
853 5296 922 5349 ab
947 5296 1262 5366 imparibus
1298 5296 1583 5367 unguium
1609 5297 1908 5363 ductibus;

281 5417 294 5449 ι
324 5414 461 5463 Editi
486 5429 497 5462 :
529 5419 727 5465 Somno
755 5428 865 5465 non
889 5415 1258 5477 impediantur.
1287 5416 1353 5465 At
1379 5416 1503 5464 Mss.
1524 5415 1722 5478 absque
1750 5428 1912 5477 nega-

214 5477 378 5537 tione,
408 5490 586 5529 somno
609 5478 1059 5543 interpediantur.

1712 229 1923 284 LIBER
1963 228 2254 285 SEXTUS.

3614 236 3748 288 1174

2046 356 2104 406 et
2130 367 2202 406 ne
2229 367 2335 422 per
2372 351 2580 405 multas
2607 350 2746 405 alias
2783 354 3141 421 operationes
3188 369 3538 423 percurram,
3590 357 3744 428 quod

2042 455 2148 494 nos
2177 441 2236 494 in
2265 440 2516 511 qualibet
2541 441 2849 495 attentione
2875 442 3080 512 agendi
3101 442 3320 512 aliquid
3346 460 3451 513 per
3479 445 3739 515 corporis

2044 530 2301 583 membra
2328 529 2399 583 ab
2427 528 2740 599 imparibus
2772 531 3021 584 motibus
3050 532 3299 585 refrenat
3331 536 3388 585 et
3417 534 3660 599 cohibet,
3685 538 3740 588 et

2044 618 2349 686 quamdam
2368 617 2713 685 parilitatem
2745 617 2912 671 tacite
2941 619 3218 687 imperat;
3249 619 3498 690 idipsum
3532 625 3617 674 est
3641 621 3733 689 ju-

2025 706 2240 759 diciale
2263 705 2451 759 nescio
2476 705 2637 776 quid,
2660 706 2815 776 quod
2838 707 3190 761 conditorem
3205 708 3463 762 animalis
3483 708 3737 762 insinuat

2041 795 2253 849 Deum:
2291 810 2463 865 quem
2482 799 2630 848 certe
2653 795 2813 850 decet
2832 797 3061 849 credere
3084 800 3373 851 auctorem
3395 798 3579 851 omnis
3602 813 3733 851 cou-

2040 882 2341 937 venientiae
2376 886 2544 954 atque
2572 884 2910 938 concordim.

2109 973 2196 1025 21.
2222 973 2288 1025 Et
2314 970 2397 1025 illi
2426 987 2750 1024 occursores
2772 970 3018 1037 numeri,
3044 970 3143 1042 qui
3166 975 3313 1025 certe
3338 988 3452 1026 non
3480 987 3585 1041 pro
3614 988 3738 1025 suo-

2040 1062 2200 1120 nutu,
2230 1058 2325 1111 sed
2359 1074 2460 1128 pro
2490 1059 2849 1129 passionibus
2881 1059 3134 1128 corporis
3163 1063 3434 1129 aguntur,
3465 1059 3523 1112 in
3555 1075 3737 1129 quan-

2038 1150 2163 1200 tum
2211 1162 2409 1200 eorum
2450 1146 2746 1200 intervalla
2794 1152 2982 1216 potest
3023 1147 3299 1200 memoria
3343 1147 3645 1209 custodire,
3678 1147 3737 1200 in

2036 1239 2261 1287 tantum
2291 1234 2379 1286 his
2402 1234 2767 1303 judicialibus
2785 1235 3082 1304 judicandi
3111 1236 3431 1289 offeruntur
3459 1239 3629 1305 atque
3645 1235 3738 1305 ju-

2039 1322 2318 1375 dicantur.
2354 1323 2636 1375 Numerus
2664 1338 2912 1393 namque
2935 1322 3039 1376 iste
3062 1323 3161 1393 qui
3184 1323 3489 1377 intervallis
3521 1328 3737 1393 tempo-

2037 1426 2166 1463 rum
2196 1413 2435 1475 constat,
2476 1409 2587 1462 nisi
2613 1410 2951 1479 adjuvemur
2979 1411 3040 1463 in
3063 1426 3128 1465 eo
3159 1412 3456 1477 memoria,
3491 1411 3737 1481 judicari

2038 1514 2069 1550 a
2090 1496 2255 1551 nobis
2277 1497 2433 1550 nullo
2458 1502 2621 1567 pacto
2644 1501 2850 1566 potest.
2885 1498 3208 1561 Quamlibet
3228 1498 3381 1551 enim
3409 1498 3594 1551 brevis
3625 1500 3735 1568 syl-

2036 1583 2179 1649 laba,
2215 1601 2346 1639 cum
2376 1590 2433 1639 et
2453 1584 2705 1654 incipiat,
2737 1590 2790 1640 et
2814 1586 3055 1653 desinat,
3080 1586 3190 1639 alio
3222 1592 3477 1656 tempore
3504 1585 3737 1639 initium

2036 1673 2177 1743 ejus,
2204 1678 2259 1727 et
2285 1674 2396 1727 alio
2427 1674 2558 1727 ﬁnis
2588 1679 2769 1729 sonat.
2803 1675 3075 1729 Tenditur
3096 1691 3229 1745 ergo
3265 1680 3319 1728 et
3341 1676 3465 1744 ipsa
3488 1679 3734 1745 quantu-

2033 1761 2338 1832 locumque
2386 1762 2661 1833 temporis
2705 1763 3028 1833 intervallo,
3070 1768 3127 1817 et
3177 1763 3245 1816 ab
3277 1763 3442 1816 initio
3484 1779 3585 1816 suo
3632 1779 3735 1833 per

2033 1850 2289 1905 medium
2328 1868 2497 1905 suum
2532 1851 2713 1905 tendit
2751 1853 2822 1905 ad
2852 1852 3045 1905 ﬁnem.
3080 1853 3163 1905 Ita
3190 1851 3335 1905 ratio
3366 1851 3587 1905 invenit
3614 1855 3732 1905 tam

2032 1938 2232 1993 localia
2262 1956 2436 2010 quam
2466 1940 2802 2011 temporalia
2844 1940 3027 2009 spatia
3067 1938 3354 1993 inﬁnitam
3394 1939 3732 1993 divisionem

2032 2028 2315 2097 recipere;
2342 2033 2400 2083 et
2427 2028 2638 2083 idcirco
2686 2027 2901 2082 nullius
2946 2029 3176 2098 syllabzn
3224 2044 3355 2081 cum
3404 2027 3568 2082 initio
3600 2028 3731 2083 ﬁnis

2032 2116 2279 2173 auditur.
2315 2118 2380 2171 In
2418 2116 2700 2171 audienda
2740 2117 2933 2187 itaque
2978 2117 3063 2169 vel
3112 2116 3445 2169 brevissima
3494 2116 3729 2186 syllaba,

1988 2216 1994 2221 '
2031 2204 2141 2258 nisi
2171 2205 2450 2259 memoria
2488 2221 2589 2259 nos
2637 2205 2885 2275 adjuvet,
2918 2209 2981 2258 ut
3010 2221 3076 2258 eo
3120 2208 3415 2258 momento
3456 2205 3729 2275 temporis

2031 2309 2145 2363 quo
2170 2293 2291 2363 jam
2322 2310 2437 2347 non
2459 2293 2708 2360 initium,
2740 2293 2837 2347 sed
2868 2293 2999 2347 ﬁnis
3025 2293 3255 2363 syllaba:
3283 2297 3466 2359 sonat,
3500 2297 3729 2346 maneat

2028 2381 2124 2436 ille
2154 2386 2344 2435 motus
2372 2381 2432 2436 in
2459 2382 2671 2444 animo,
2701 2381 2799 2451 qui
2829 2381 3010 2435 factus
3032 2386 3115 2434 est
3135 2397 3262 2434 cum
3285 2381 3515 2434 initium
3536 2380 3728 2450 ipsum

2029 2470 2249 2536 sonuit;
2279 2469 2425 2524 nihil
2454 2486 2557 2523 nos
2587 2469 2811 2524 audisse
2858 2486 3160 2539 possumus
3203 2469 3419 2525 dicere.
3475 2470 3614 2523 Hinc
3644 2473 3728 2523 est

2027 2559 2169 2613 illud
2191 2559 2343 2629 quod
2368 2559 2709 2629 plerumque
2734 2558 2844 2611 alia
2864 2558 3210 2629 cogitatione
3232 2558 3511 2629 occupati,
3534 2574 3726 2612 coram

2025 2646 2324 2716 loquentes
2347 2661 2459 2699 non
2479 2646 2644 2703 nobis
2668 2646 2929 2699 videmur
2948 2647 3200 2700 audisse:
3223 2662 3339 2700 non
3363 2646 3499 2715 quia
3527 2661 3723 2700 occur-

2027 2750 2183 2788 sores
2203 2734 2328 2787 illos
2348 2749 2619 2787 numeros
2647 2750 2763 2787 non
2783 2734 2901 2803 agit
2922 2740 3057 2788 tunc
3077 2734 3285 2799 anima,
3315 2749 3446 2787 cum
3466 2734 3588 2786 sine
3618 2734 3723 2787 du-

2026 2822 2120 2877 bio
2160 2838 2333 2876 sonus
2362 2822 2433 2876 ad
2473 2837 2638 2875 aures
2672 2822 2983 2893 perveniat,
3017 2826 3074 2875 et
3102 2822 3199 2874 illa
3225 2822 3283 2874 in
3311 2820 3575 2892 passione
3599 2837 3725 2875 cor-

2026 2910 2182 2980 poris
2219 2909 2307 2963 sui
2354 2924 2571 2963 cessare
2619 2924 2735 2962 non
2779 2908 2977 2978 possit,
3026 2924 3130 2962 nec
3172 2909 3349 2978 possit
3397 2908 3506 2961 nisi
3561 2908 3725 2962 aliter

2023 2996 2237 3050 moveri
2269 3013 2443 3067 quam
2473 2996 2519 3050 si
2546 2997 2645 3050 illa
2670 3013 2784 3050 non
2808 2996 2999 3059 ﬁeret;
3025 2996 3122 3050 sed
3152 2996 3285 3067 quia
3314 2996 3636 3050 intentione
3661 2996 3722 3049 in

2025 3084 2177 3138 aliud
2221 3083 2459 3138 subinde
2504 3084 2880 3155 exstinguitur
2925 3083 3196 3138 motionis
3242 3082 3515 3153 impetus,
3548 3082 3646 3153 qui
3676 3083 3723 3136 si

2025 3178 2300 3239 maneret,
2334 3173 2394 3226 in
2424 3172 2702 3227 memoria
2731 3173 2929 3242 utique
2958 3177 3235 3238 maneret,
3258 3178 3322 3226 ut
3352 3188 3457 3225 nos
3480 3176 3536 3225 et
3566 3171 3719 3225 inve-

2025 3261 2280 3315 niremus
2302 3265 2358 3315 et
2374 3260 2715 3315 sentiremus
2739 3261 2981 3315 audisse.
3009 3261 3169 3324 Quod
3200 3260 3245 3314 si
3274 3261 3342 3314 de
3374 3276 3489 3313 una
3508 3260 3723 3330 syllaba

2022 3349 2179 3403 brevi
2208 3348 2399 3403 minus
2420 3349 2676 3420 sequitur
2705 3365 2868 3403 mens
2898 3349 3114 3403 tardior
3135 3348 3290 3419 quod
3318 3348 3537 3402 invenit
3554 3348 3719 3415 ratio,

2026 3438 2096 3491 de
2127 3438 2345 3492 duabus
2374 3442 2521 3491 certe
2552 3453 2721 3491 nemo
2764 3437 3004 3503 dubitat,
3038 3436 3179 3507 quin
3210 3452 3302 3488 eas
3348 3436 3516 3489 simul
3566 3436 3723 3489 nulla

2025 3527 2216 3580 anima
2246 3526 2424 3596 possit
2457 3526 2674 3580 audire.
2711 3527 2834 3579 Non
2884 3525 3038 3578 enim
3085 3528 3251 3577 sonat
3293 3524 3561 3590 secunda,
3611 3523 3721 3577 nisi

2023 3615 2209 3685 prima
2234 3614 2542 3668 destiterit:
2567 3614 2721 3684 quod
2743 3617 2936 3667 autem
2962 3613 3131 3666 simul
3150 3628 3349 3666 sonare
3373 3627 3491 3665 non
3511 3616 3718 3681 potest,

2024 3704 2194 3757 simul
2239 3702 2425 3756 audiri
2471 3702 2571 3772 qui
2605 3701 2827 3772 potest?
2860 3703 2926 3755 Ut
2958 3701 3134 3771 igitur
3187 3716 3290 3753 nos
3327 3700 3396 3754 ad
3444 3700 3720 3770 capienda

2022 3792 2205 3862 spatia
2224 3792 2482 3846 locorum
2502 3791 2728 3845 dilIusio
2760 3790 3052 3844 radiorum
3068 3789 3250 3859 juvat,
3283 3788 3382 3859 qui
3404 3804 3434 3843 e
3453 3787 3721 3842 brevibus

2020 3881 2254 3953 pupulis
2282 3881 2342 3935 in
2372 3883 2570 3950 aperta
2595 3880 2859 3945 emicant,
2894 3884 2951 3933 et
2982 3879 3122 3933 adeo
3152 3882 3286 3931 sunt
3314 3876 3495 3931 nostri
3524 3892 3721 3948 corpo-

2021 3970 2116 4037 ris,
2171 3973 2233 4023 ut
2281 3984 2613 4039 quanquam
2653 3968 2711 4021 in
2754 3968 2953 4038 procul
2997 3965 3194 4037 positis
3244 3966 3409 4020 rebus
3451 3982 3591 4037 quas
3639 3965 3721 4018 vi-

2021 4060 2243 4125 demus,
2288 4074 2322 4111 a
2358 4062 2550 4111 nostra
2596 4056 2789 4110 anima
2826 4059 3191 4125 vegetentur;
3234 4058 3296 4107 ut
3335 4071 3472 4125 ergo
3522 4070 3718 4109 eorum

2022 4147 2297 4201 effusione
2324 4146 2663 4216 adjuvamur
2683 4144 2700 4177 ¹
2723 4144 2795 4198 ad
2816 4143 3096 4213 capienda
3125 4143 3305 4212 spatia
3325 4143 3613 4197 locorum:
3639 4142 3720 4196 ita

2021 4235 2318 4300 memoria,
2350 4235 2502 4305 quod
2532 4232 2693 4303 quasi
2720 4234 2916 4286 lumen
2954 4238 3040 4286 est
3068 4230 3471 4300 temporalium
3502 4230 3718 4300 spatio-

2020 4340 2151 4377 rum
2174 4327 2454 4393 quantum
2479 4322 2537 4375 in
2570 4336 2671 4374 suo
2692 4337 2900 4391 genere
2923 4318 3348 4392 quodammodo
3374 4318 3598 4371 extrudi
3614 4334 3717 4386 po-

2023 4416 2151 4477 test,
2182 4414 2401 4465 tentum
2447 4409 2778 4464 eorumdem
2809 4408 3124 4480 spatiorum
3154 4406 3319 4477 capit.
3355 4406 3494 4461 Cum
3526 4410 3717 4459 autem

2022 4500 2234 4554 diutius
2278 4515 2443 4553 aures
2472 4499 2665 4569 pulsat
2694 4514 2867 4569 sonus
2898 4497 3069 4551 nullis
3107 4495 3403 4549 distinctus
3441 4494 3711 4554 articulis,

2024 4592 2079 4642 et
2105 4588 2173 4641 ab
2212 4587 2404 4659 aliquo
2434 4587 2667 4641 tandem
2698 4587 2810 4640 ﬁne
2847 4586 3184 4654 conjunctus
3216 4583 3358 4635 alter
3388 4582 3581 4652 duplo,
3620 4587 3718 4637 aut

2023 4674 2188 4729 etiam
2218 4678 2375 4727 tanto
2416 4673 2603 4727 editur
2632 4672 2848 4742 spatio;
2892 4668 3203 4724 attentione
3234 4667 3293 4721 in
3324 4669 3716 4724 succedentem

2020 4765 2300 4829 perpetuo
2344 4775 2551 4813 sonum
2595 4763 2779 4811 motus
2822 4757 2917 4810 ille
2946 4755 3146 4821 animi,
3177 4755 3276 4826 qui
3305 4756 3615 4809 attentione
3643 4756 3714 4810 ad

2024 4848 2381 4919 prieteritum
2413 4852 2470 4900 et
2499 4847 2755 4915 elapsum
2798 4860 3002 4899 sonum
3041 4860 3171 4898 cum
3210 4843 3488 4898 transibat
3516 4848 3599 4897 est
3627 4844 3716 4897 fa-

2024 4942 2165 5002 ctus,
2198 4936 2549 5005 reprimitur,
2582 4934 2637 4988 id
2672 4938 2756 4988 est
2786 4951 2898 4988 non
2928 4933 3007 4987 ita
3035 4937 3295 4988 remanet
3326 4932 3386 4986 in
3416 4931 3712 4986 memoria.

2023 5026 2380 5096 Quapropter
2397 5022 2696 5094 judiciales
2724 5022 2809 5076 illi
2838 5021 3084 5086 numeri,
3116 5022 3216 5093 qui
3244 5037 3515 5076 numeros
3540 5020 3599 5073 in
3628 5019 3714 5072 in-

2023 5114 2273 5168 tervallis
2336 5117 2664 5182 temporum
2718 5111 2871 5177 sitos,
2941 5111 3185 5182 exceptis
3252 5107 3716 5181 progressoribus

2022 5203 2228 5275 quibus
2257 5202 2429 5257 etiam
2464 5202 2653 5271 ipsum
2681 5216 3049 5271 progressum
3081 5201 3431 5263 modiﬁcant,
3462 5195 3715 5267 judicare

2022 5308 2139 5346 non
2168 5295 2405 5362 possunt
2423 5290 2535 5344 nisi
2561 5307 2704 5361 quos
2731 5290 2811 5345 eis
2840 5296 3117 5361 tanquam
3150 5289 3411 5344 ministra
3439 5284 3716 5343 memoria

2087 5417 2099 5448 ι
2134 5414 2217 5462 Sic
2242 5414 2295 5461 in
2324 5415 2445 5463 Mss.
2469 5414 2535 5464 At
2562 5414 2617 5463 in
2647 5415 2800 5465 editis
2822 5415 3013 5477 legitur
3036 5429 3045 5463 :
3071 5415 3131 5463 Ut
3157 5424 3278 5473 ergo
3302 5409 3553 5473 e/fusionc
3581 5407 3716 5460 lucis

2020 5476 2375 5540 adjuvamur.
