4098 6182
368 238 500 290 H75

364 357 660 422 obtulerit;
715 367 905 408 nonne
957 349 1068 420 ipsi
1115 345 1476 402 existimandi
1523 351 1658 398 sunt
1702 359 1807 413 per
1842 345 2060 396 certum

363 447 604 519 spatium
634 440 909 512 temporis
951 436 1143 493 tendi?
1172 437 1282 490 Sed
1312 436 1550 488 interest
1587 431 1796 503 quibus
1835 437 2061 500 tempo-

361 550 491 589 rum
521 531 715 603 spatiis
744 530 829 582 vel
858 527 1080 581 excidat
1110 524 1294 591 nobis,
1327 523 1409 575 vel
1448 519 1880 574 meminerimus
1909 519 2059 589 quod

354 622 634 694 judicant.
666 617 958 688 Siquidem
989 628 1091 667 nec
1116 611 1176 664 in
1203 609 1342 681 ipsis
1369 624 1676 679 corporum
1702 607 1902 662 formis
1933 621 2062 678 quas

361 711 434 765 ad
473 709 664 763 oculos
706 703 1017 776 pertinent,
1058 715 1364 770 possumus
1406 698 1651 752 rotunda
1689 698 1774 750 vel
1821 696 2058 767 quadra,

363 797 449 850 vel
474 809 849 866 quaecumque
873 789 982 843 alia
1011 788 1194 842 solida
1223 792 1279 841 et
1303 785 1678 840 determinata
1701 784 1982 855 judicare,
2007 787 2066 836 et

363 884 600 938 omnino
648 879 876 944 sentire,
934 877 1041 930 nisi
1081 893 1147 929 ea
1180 875 1250 929 ob
1283 876 1477 929 oculos
1523 871 1874 928 versemus‘:
1931 887 2062 926 cum

364 975 557 1025 autem
587 967 698 1022 alia
728 983 859 1038 pars
889 965 1184 1036 aspicitur,
1215 963 1262 1017 si
1292 963 1559 1018 exciderit
1599 963 1751 1033 quod
1783 965 1869 1016 est
1895 975 2062 1030 aspe-

365 1066 520 1114 ctum
547 1058 607 1111 in
647 1056 774 1122 alia,
807 1056 1111 1108 frustratur
1161 1052 1397 1106 omnino
1441 1051 1751 1121 judicantis
1797 1048 2061 1115 intentio,

364 1146 498 1217 quia
543 1149 598 1198 et
645 1144 749 1197 hoc
801 1143 993 1213 aliqua
1039 1156 1196 1194 mora
1238 1138 1512 1209 temporis
1557 1138 1658 1204 fit;
1707 1137 1799 1190 cui
1834 1136 2065 1190 variata:

367 1251 511 1305 opus
541 1238 624 1286 est
653 1231 951 1302 invigilare
982 1227 1342 1282 memoriam.

434 1325 524 1376 22.
577 1319 973 1374 Recordabiles
1021 1332 1150 1370 vero
1199 1330 1471 1368 numeros
1510 1314 1691 1367 multo
1749 1311 2066 1366 evidentius

366 1416 472 1478 est,
504 1409 658 1480 quod
694 1409 895 1463 eadem
924 1406 1048 1477 ipsa
1078 1405 1349 1459 offerente
1398 1403 1694 1468 memoria,
1741 1401 2067 1472 judicamus

369 1499 459 1553 his
481 1497 867 1568 judicialibus.
915 1496 1056 1549 Nam
1086 1493 1133 1548 si
1161 1508 1503 1558 occursores,
1555 1479 1834 1562 quantum
1878 1489 1950 1543 ab
1999 1505 2068 1542 ea

372 1587 711 1653 otferunlur,
757 1586 983 1639 tantum
1017 1581 1378 1652 judicantur;
1429 1578 1611 1634 multo
1655 1578 1839 1648 magis
1886 1577 1949 1646 ii,
1996 1576 2066 1631 ad

374 1690 516 1744 quos
545 1678 819 1743 tanquam
839 1671 1123 1742 repositos
1154 1673 1278 1740 post
1305 1667 1444 1721 alias
1473 1667 1818 1721 intentiones
1842 1681 2068 1719 revoca-

373 1778 504 1816 mur
517 1760 931 1827 recordatione,
946 1759 1005 1813 in
1023 1759 1146 1829 ipsa
1167 1755 1447 1811 memoria
1466 1755 1653 1809 vivere
1677 1754 2064 1808 inveniuntur.

373 1850 516 1914 Quid
548 1849 702 1903 enim
743 1847 896 1902 aliud
926 1847 1151 1917 agimus
1183 1861 1315 1900 cum
1344 1859 1674 1898 revocamus
1711 1859 1813 1897 nos
1849 1842 1908 1896 in
1943 1857 2069 1896 me—

373 1938 636 2003 moriam,
670 1936 780 1990 nisi
813 1934 1239 2007 quodammodo
1272 1933 1422 2003 quod
1460 1930 1817 2002 reposuimus
1857 1928 2072 1999 quazri-

374 2027 539 2082 mus?
591 2025 852 2080 Recurrit
897 2030 1090 2078 autem
1118 2023 1177 2076 in
1207 2021 1607 2091 cogitationem
1659 2018 1948 2074 occasione
1997 2016 2071 2070 si-

373 2115 600 2170 milium
647 2119 836 2167 motus
885 2111 1065 2166 animi
1091 2127 1209 2164 non
1249 2110 1578 2176 exstinctus,
1608 2113 1664 2163 et
1688 2109 1809 2162 haec
1834 2112 2071 2177 estquae

376 2202 584 2256 dicitur
629 2199 967 2254 recordatio.
1010 2198 1099 2252 Sic
1134 2198 1358 2268 agimus
1403 2213 1695 2264 numeros,
1738 2197 1825 2250 vel
1866 2195 1926 2249 in
1956 2195 2074 2248 sola

375 2289 739 2359 cogitatione,
786 2287 872 2340 vel
922 2286 1096 2340 etiam
1148 2285 1208 2338 in
1257 2285 1645 2338 membrorum
1701 2288 1880 2351 motu,
1931 2298 2075 2354 quos

369 2378 492 2448 jam
514 2376 734 2445 egimus
749 2373 1076 2444 aliquando.
1102 2374 1124 2427 Ι
1130 2373 1241 2427 nde
1264 2377 1453 2426 autem
1469 2372 1680 2426 scimus
1700 2388 1814 2426 non
1830 2371 2072 2436 venisse,

379 2465 478 2518 sed
505 2463 717 2517 redisse
748 2463 873 2516 illos
903 2462 962 2515 in
1001 2461 1423 2531 cogitationem,
1457 2461 1592 2530 quia
1620 2475 1752 2514 cum
1783 2459 2074 2513 memorias

378 2553 806 2617 mandarentur,
839 2567 970 2604 cum
1005 2549 1335 2604 difﬁcultate
1372 2549 1798 2619 repetebantur,
1841 2554 1898 2603 et
1923 2547 2074 2602 indi-

380 2642 656 2711 gebamus
677 2639 868 2710 aliqua
892 2637 1426 2708 praemonstratione
1447 2643 1514 2692 ut
1537 2651 1908 2707 sequeremur
1929 2653 1942 2690 :
1963 2653 2077 2708 qua

381 2727 713 2783 difﬁcultate
751 2727 1001 2798 dempta,
1043 2742 1173 2779 cum
1213 2742 1332 2779 sese
1366 2725 1472 2796 ipsi
1514 2725 1935 2780 accommodate
1976 2741 2074 2778 vo-

380 2816 584 2870 luntati
605 2815 872 2878 offerunt,
891 2818 1302 2885 consequenter
1318 2813 1673 2883 temporibus
1685 2817 1856 2884 atque
1877 2813 2076 2868 ordine

381 2921 502 2972 suo,
532 2909 650 2959 tam
679 2903 842 2958 facile
873 2908 936 2957 ut
961 2902 1062 2974 qui
1086 2901 1478 2956 vehementius
1501 2901 1872 2968 inhmserunt,
1904 2901 2075 2956 etiam

378 2994 608 3048 aliunde
657 2992 1038 3063 cogitantibus
1085 2991 1272 3060 nobis,
1297 2992 1414 3062 jam
1445 2990 1606 3062 quasi
1651 2990 1884 3061 proprio
1931 3006 2078 3045 nutu

382 3085 750 3152 peragantur,
786 3097 898 3134 non
929 3095 1027 3133 eos
1055 3079 1254 3150 utique
1296 3095 1470 3133 novos
1502 3095 1621 3132 esse
1653 3079 1948 3145 sentimus,
1984 3079 2078 3133 Est

383 3171 556 3224 etiam
586 3169 738 3222 aliud
761 3169 912 3222 unde
941 3183 1048 3221 nos
1076 3168 1286 3221 sentire
1307 3167 1552 3221 arbitror
1579 3171 1923 3238 praesentem
1953 3182 2077 3220 mo-

383 3264 507 3312 tum
533 3257 709 3311 animi
753 3255 1058 3326 aliquando
1094 3256 1216 3326 jam
1259 3256 1452 3322 fuisse,
1497 3255 1651 3326 quod
1681 3260 1765 3310 est
1806 3271 2076 3326 recogno-

381 3362 555 3412 scere,
589 3346 727 3400 dum
757 3348 1010 3398 recentes
1037 3348 1225 3397 motus
1253 3344 1375 3414 ejus
1403 3343 1642 3398 actionis
1666 3343 1726 3397 in
1753 3359 1867 3414 qua
1881 3360 2078 3398 sumus

383 3451 514 3488 cum
557 3433 942 3500 recordamur,
974 3432 1074 3502 qui
1101 3437 1253 3486 certe
1294 3431 1600 3486 vivaciores
1638 3437 1791 3498 sunt,
1822 3448 1952 3486 cum
1980 3449 2076 3487 re-

382 3521 767 3578 cordabilibus
806 3522 926 3591 jam
970 3520 1346 3574 sedatioribus
1384 3520 1632 3590 quodam
1673 3520 1945 3574 interiore
1983 3521 2080 3575 lu-

384 3611 537 3664 mine
564 3625 1002 3680 comparamus:
1038 3612 1094 3662 et
1134 3607 1262 3662 talis
1301 3607 1540 3677 agnitio,
1572 3607 1883 3679 recognitio
1913 3614 1998 3663 est
2025 3613 2080 3664 et

383 3697 722 3752 recordatio.
771 3696 1106 3750 Judicantur
1152 3712 1290 3767 ergo
1336 3700 1390 3750 et
1435 3696 1812 3750 recordabiles
1856 3697 2081 3751 numeri

384 3787 454 3840 ab
484 3786 574 3840 his
597 3785 984 3855 judicialibus,
1017 3801 1316 3854 nunquam
1345 3785 1471 3850 soli,
1503 3785 1598 3838 sed
1629 3785 1910 3854 adjunctis
1943 3786 2079 3839 acti-

385 3874 488 3938 vis,
518 3878 617 3926 aut
645 3872 1054 3937 occursoribus,
1097 3877 1195 3924 aut
1227 3871 1506 3942 utrisque,
1539 3872 1637 3942 qui
1675 3889 1772 3926 eos
1803 3877 2078 3944 tanquam

387 3978 416 4013 e
472 3957 698 4012 latebris
728 3958 844 4012 suis
875 3958 933 4011 in
964 3958 1330 4012 manifestum
1359 3959 1696 4028 producant,
1724 3964 1782 4013 et
1807 3962 1970 4032 quasi
1996 3979 2081 4017 re-

386 4047 736 4117 dintegratos
768 4045 868 4116 qui
895 4046 1017 4116 jam
1069 4045 1460 4112 abolebantur,
1503 4063 1730 4101 rursum
1777 4050 2073 4106 recordan-

387 4142 496 4189 tur.
523 4137 606 4188 Ita
629 4150 758 4188 cum
776 4149 1102 4187 occursores
1123 4134 1181 4187 in
1205 4138 1428 4188 tantum
1444 4135 1793 4205 judicentur,
1820 4135 1880 4189 in
1903 4153 2078 4207 quan-

383 4230 508 4279 tum
557 4240 655 4276 eos
701 4222 979 4276 memoria
1017 4222 1408 4293 judicantibus
1458 4223 1788 4290 admoverit,
1841 4231 2080 4296 possunt

386 4311 630 4366 vicissim
657 4315 713 4365 et
751 4310 1134 4365 recordabiles
1166 4311 1266 4382 qui
1304 4316 1437 4366 sunt
1472 4311 1531 4366 in
1566 4314 1845 4368 memoria
1882 4331 2078 4369 occur-

385 4401 607 4455 soribus
649 4415 745 4454 eos
792 4398 1194 4453 exhibentibus
1233 4400 1518 4469 judicari:
1569 4407 1634 4456 ut
1679 4403 1788 4456 hoc
1833 4402 2077 4471 intersit,

384 4490 539 4560 quod
568 4503 893 4543 occursores
923 4496 988 4541 ut
1019 4489 1371 4558 judicentur,
1412 4490 1574 4560 quasi
1603 4490 1852 4544 recentia
1879 4508 2081 4546 eorum

384 4577 730 4647 fugientium
761 4575 998 4646 vestigia
1029 4575 1194 4630 offert
1223 4577 1532 4644 memoria;
1565 4578 1943 4634 recordabiles
1973 4596 2080 4634 au—

384 4669 500 4718 tem
548 4664 778 4734 quando
807 4680 902 4717 eos
949 4663 1234 4718 audiendo
1273 4665 1618 4736 judicamus,
1667 4668 1830 4737 quasi
1880 4669 2080 4723 eadem

387 4751 622 4822 vestigia
659 4751 1052 4806 occursoribus
1091 4753 1518 4807 transeuntibus
1557 4755 1923 4810 revirescunt.
1954 4758 2080 4811 Jam

382 4856 556 4911 porro
587 4839 656 4893 de
695 4839 1029 4894 sonantibus
1072 4841 1328 4896 numeris
1371 4843 1512 4914 quid
1557 4860 1700 4914 opus
1748 4851 1833 4899 est
1870 4846 2077 4914 dicere,

384 4945 514 4982 cum
539 4928 599 4982 in
623 4927 1016 4982 occursoribus
1034 4929 1381 4999 judicentur,
1415 4931 1461 4984 si
1494 4932 1836 4987 audiantur?
1863 4933 1922 4988 Si
1944 4951 2078 4988 vero

384 5017 463 5072 ibi
495 5021 701 5070 sonant
721 5015 817 5070 ubi
843 5031 961 5070 non
984 5017 1314 5085 audiuntur,
1345 5019 1472 5090 quis
1500 5019 1721 5075 dubitet
1739 5037 1832 5075 eos
1851 5038 1885 5076 a
1912 5023 2078 5077 nobis

382 5121 498 5160 non
527 5121 693 5175 posse
723 5103 1008 5172 judicari?
1050 5105 1194 5160 Sane
1224 5112 1287 5160 ut
1322 5107 1382 5160 in
1412 5106 1565 5162 sonis
1604 5124 1707 5178 per
1734 5109 2082 5165 instrumen-

385 5198 510 5246 tum
532 5193 778 5257 aurium,
806 5191 885 5246 ita
905 5192 965 5246 in
991 5193 1382 5248 saltationibus
1405 5195 1738 5267 caeterisque
1763 5197 2080 5253 visibilibus

383 5279 654 5346 motibus,
687 5280 839 5350 quod
865 5280 934 5334 ad
964 5282 1305 5351 temporales
1334 5299 1602 5338 numeros
1633 5286 1853 5353 attinet,
1881 5287 2080 5342 eadem

447 5405 460 5436 ι
488 5403 604 5451 Am.
631 5403 713 5470 Er.
730 5406 783 5470 e_t
799 5404 952 5470 Lov._:
975 5405 1308 5470 Posuimus”,
1326 5407 1428 5470 nisi
1445 5419 1512 5470 ex
1537 5407 1743 5470 obliquo
1762 5407 1940 5460 oculos
1961 5421 2079 5459 rer-

381 5476 640 5514 saremus.
667 5465 767 5513 Sed
787 5464 1098 5515 concinnior
1109 5470 1187 5515 est
1206 5467 1324 5516 Mss.
1350 5467 1505 5517 lectio
1516 5464 1673 5531 quam
1689 5471 2076 5533 amplectimur.

1653 220 1744 274 DE
1783 216 2064 280 MUSICA,
2105 216 2163 271 S.
2205 209 2588 269 AUGUSTINI

3748 205 3896 255 H76

2170 355 2471 426 adjuvante
2501 346 2781 404 memoria
2808 345 3014 401 iisdem
3047 344 3305 399 numeris
3328 342 3708 414 judicialibus
3738 339 3904 411 diju-

2170 445 2521 587 gﬁi’ﬁ'lll‘slil.
2554 525 2636 567 —-’
2661 526 2887 582 Numeri
2917 523 3020 577 alii
3054 525 3114 576 in
3142 523 3332 576 anima
3362 521 3474 575 illis
3506 517 3901 589 judicialibus

2831 611 3216 683 praecellentes.

2242 710 2331 762 23.
2366 707 2495 760 Haec
2531 720 2661 758 cum
2691 705 2767 756 itu
2809 703 2939 769 sint,
2971 714 3268 765 conemur,
3305 697 3353 750 si
3382 712 3708 768 possumus,
3749 695 3908 748 istos

2176 810 2445 849 numeros
2463 791 2760 863 judiciales
2789 788 3212 853 transcendere,
3245 791 3301 840 et
3325 802 3654 857 quaeramus
3684 788 3908 838 utrum

2175 883 2290 937 sint
2315 881 2657 952 superiores.
2684 880 2749 934 In
2778 877 2868 932 his
2896 876 3053 930 enim
3081 890 3414 946 quanquam
3444 873 3631 944 spatia
3662 877 3916 941 tempo-

2175 986 2304 1024 rum
2322 971 2445 1040 jam
2482 967 2720 1022 minime
2756 965 3072 1029 videamus,
3111 980 3230 1018 non
3269 969 3460 1016 tamen
3501 961 3900 1028 adhibentur,

2177 1059 2285 1113 nisi
2312 1058 2384 1112 ad
2407 1074 2471 1111 ea
2485 1055 2796 1127 judicanda
2823 1070 2951 1125 quae
2980 1053 3042 1106 in
3068 1051 3252 1122 spatio
3273 1050 3547 1121 temporis
3572 1051 3732 1104 tiunt
3758 1067 3774 1116 ;
3801 1065 3914 1102 nec

2175 1148 2298 1217 ipsa
2317 1146 2550 1218 quidem
2574 1143 2792 1209 omnia,
2815 1142 2913 1196 sed
2932 1156 3062 1213 quin
3083 1145 3327 1211 possunt
3348 1138 3638 1193 articulari
3663 1155 3911 1192 memo-

2177 1236 2339 1289 riter.
2371 1233 2490 1288 Nisi
2519 1231 2657 1303 quid
2689 1231 2863 1285 habes
2893 1230 3039 1283 forte
3069 1228 3224 1299 quod
3254 1231 3453 1281 contra
3480 1228 3604 1281 hmc
3634 1225 3795 1280 velis
3831 1226 3915 1280 di-

2177 1339 2322 1378 cere.
2356 1325 2420 1376 D.
2453 1322 2632 1376 Movet
2659 1335 2753 1372 me
2791 1317 3106 1390 plurimum
3143 1316 3384 1370 istorum
3405 1315 3792 1386 judicialinm
3829 1315 3913 1367 vis

2178 1416 2349 1482 atque
2375 1408 2663 1481 potentia:
2696 1407 2807 1477 ipsi
2837 1407 2994 1461 enim
3022 1403 3166 1458 mihi
3193 1403 3459 1458 videntur
3482 1419 3605 1457 esse
3637 1403 3716 1457 ad
3753 1419 3912 1474 quos

2179 1498 2439 1554 omnium
2475 1511 2746 1551 sensuum
2793 1492 3115 1548 ministeria
3155 1492 3500 1546 referuntur.
3555 1493 3774 1562 Itaque
3822 1492 3917 1546 his

2179 1586 2542 1644 excellentius
2592 1589 2791 1639 utrum
2843 1581 3160 1654 quidquam
3217 1580 3276 1634 in
3325 1580 3579 1634 numeris
3638 1580 3912 1634 inveniri

2179 1677 2376 1748 possit,
2406 1675 2629 1745 ignoro.
2662 1674 2736 1727 M.
2771 1670 2921 1725 Nihil
2943 1669 3166 1740 deperit
3185 1668 3342 1739 quod
3369 1667 3712 1738 diligentius
3745 1684 3912 1739 quae

2179 1765 2381 1819 rimus.
2405 1766 2518 1817 Aut
2546 1761 2703 1817 enim
2729 1759 3089 1814 inveniemus
3119 1756 3443 1828 superiores
3466 1757 3526 1809 in
3553 1756 3760 1810 anima
3795 1756 3910 1809 hu-

2181 1868 2374 1920 mana,
2403 1855 2501 1904 aut
2536 1849 2640 1903 hos
2669 1848 2730 1901 in
2770 1863 2836 1900 ea
2865 1861 3120 1900 summos
3151 1861 3272 1898 esse
3313 1843 3696 1908 ﬁrmabimus,
3737 1843 3792 1896 si
3825 1849 3910 1896 ta-

2181 1954 2315 1993 men
2347 1936 2493 1991 illud
2521 1933 2807 1999 claruerit,
2850 1933 3038 1986 nullos
3077 1931 3137 1985 in
3166 1947 3234 1984 ea
3262 1947 3384 1985 esse
3422 1929 3902 2001 prasstantiores.

2182 2025 2350 2080 Aliud
2376 2028 2460 2080 est
2491 2023 2647 2078 enim
2695 2037 2813 2074 non
2852 2036 2996 2087 esse,
3046 2019 3201 2074 aliud
3248 2035 3365 2073 non
3411 2035 3574 2090 posse
3614 2018 3907 2082 inveniri,

2183 2114 2299 2168 sive
2327 2114 2397 2166 ab
2428 2112 2545 2166 ullo
2585 2109 2838 2176 homine,
2871 2108 2986 2162 sive
3015 2124 3049 2162 a
3074 2106 3261 2161 nobis.
3293 2107 3405 2161 Sed
3447 2123 3552 2178 ego
3582 2111 3730 2178 puto
3765 2123 3908 2160 cum

2141 2197 2148 2203 ’
2184 2202 2279 2257 ille
2322 2219 2355 2256 a
2400 2200 2564 2255 nobis
2605 2197 2932 2270 propositus
2971 2212 3167 2250 versus
3209 2195 3451 2262 canitur,
3495 2199 3638 2250 Deus
3682 2203 3910 2251 creator

2184 2293 2451 2355 omnium;
2483 2304 2587 2342 nos
2629 2302 2762 2342 eum
2791 2290 2850 2340 et
2893 2283 3286 2340 occursoribus
3333 2284 3445 2339 illis
3491 2285 3761 2339 numeris
3791 2303 3904 2340 au-

2185 2379 2330 2448 dire,
2375 2382 2433 2433 et
2466 2374 2912 2431 recordabilibus
2958 2389 3383 2444 recognoscere,
3416 2378 3471 2428 et
3501 2376 3906 2444 progressori-

2185 2469 2290 2522 bus
2315 2463 2711 2537 pronuntiare,
2735 2467 2790 2517 et
2810 2462 2898 2517 his
2912 2455 3282 2533 judicialibus
3305 2461 3591 2526 delectari,
3617 2468 3675 2514 et
3697 2464 3905 2516 nescio

2186 2555 2394 2627 quibus
2440 2553 2566 2607 aliis
2613 2551 2915 2618 asstimare,
2965 2555 3022 2604 et
3067 2550 3138 2604 de
3184 2549 3293 2603 ista
3339 2549 3718 2604 delectatione
3764 2568 3903 2621 qua.

2186 2642 2350 2715 quasi
2378 2640 2660 2696 sententia
2688 2643 2774 2694 est
2797 2637 3159 2710 judicialium
3187 2637 3451 2698 istorum,
3483 2638 3660 2692 aliam
3691 2655 3910 2693 secun-

2186 2733 2322 2787 dum
2353 2731 2458 2784 hos
2488 2728 2815 2783 latentiores
2850 2726 3153 2782 certiorem
3178 2727 3327 2780 ferre
3357 2726 3701 2780 sententiam
3732 2725 3777 2780 ί.
3817 2732 3906 2782 An

2186 2819 2292 2873 tibi
2335 2833 2516 2872 unum
2567 2821 2737 2888 atque
2787 2816 2942 2872 idem
2993 2815 3218 2869 videtur
3261 2815 3530 2869 delectari
3582 2832 3785 2881 sensu,
3849 2823 3908 2871 et

2187 2907 2470 2961 aestimare
2497 2905 2752 2960 ratione?
2779 2907 2844 2959 D.
2891 2903 3120 2958 Diversa
3157 2919 3276 2957 esse
3314 2903 3509 2958 fateor.
3560 2903 3672 2959 Sed
3703 2905 3904 2975 primo

2186 2997 2310 3067 ipso
2354 3011 2586 3050 moveor
2623 2993 2916 3059 vocabulo,
2955 3008 3057 3046 cur
3098 3007 3215 3046 non
3253 2992 3441 3063 potius
3479 2991 3572 3046 isti
3610 2999 3902 3047 vocentur

2179 3083 2481 3156 judiciales
2525 3082 2733 3154 quibus
2761 3081 2911 3135 inest
2938 3081 3102 3148 ratio,
3151 3097 3324 3151 quam
3356 3081 3448 3134 isti
3480 3081 3696 3151 quibus
3740 3082 3902 3136 inest

2188 3171 2506 3225 delectatio.
2539 3169 2752 3223 Deinde
2789 3184 2986 3224 vereor
3015 3184 3087 3222 ne
3118 3168 3260 3222 nihil
3289 3169 3363 3223 sit
3398 3169 3552 3223 aliud
3588 3169 3902 3224 mstimatio

2187 3258 2296 3313 ista
2325 3257 2576 3320 rationis,
2606 3272 2780 3328 quam
2806 3272 3006 3311 eorum
3035 3256 3104 3310 de
3126 3256 3325 3327 seipsis
3346 3257 3612 3328 quaedam
3642 3258 3896 3329 diligeno

2188 3347 2302 3400 tior
2323 3345 2633 3417 judicatio:
2665 3349 2730 3398 ut
2757 3360 2873 3398 non
2903 3343 2999 3415 alii
3029 3344 3144 3397 sint
3163 3344 3389 3398 numeri
3409 3343 3468 3396 in
3490 3344 3899 3404 delectatione.

2188 3433 2286 3488 alii
2305 3435 2368 3488 in
2396 3433 2650 3500 ratione;
2682 3433 2778 3487 sed
2809 3432 2907 3486 uni
2951 3436 3122 3503 atque
3152 3431 3329 3486 iidem
3357 3431 3497 3485 alias
3525 3431 3804 3502 judicent
3834 3433 3902 3486 de

2188 3523 2259 3577 iis
2283 3539 2412 3593 quas
2456 3526 2707 3593 aguntur
2741 3521 2803 3575 in
2833 3536 3092 3591 corpore,
3138 3536 3269 3575 cum
3323 3536 3440 3585 eos,
3470 3524 3534 3574 ut
3582 3535 3763 3590 supra
3797 3521 3900 3575 de-

2189 3615 2566 3666 monstratum
2596 3614 2700 3676 est,
2737 3609 2901 3663 offert
2948 3607 3260 3675 memoria;
3296 3608 3436 3662 alias
3465 3607 3535 3662 de
3566 3607 3780 3678 seipsis
3809 3625 3898 3663 re-

2189 3699 2399 3754 motius
2423 3715 2457 3753 a
2485 3713 2722 3769 corpore
2752 3703 2924 3767 atque
2950 3697 3246 3752 sincerius.

2260 3789 2348 3841 24.
2379 3791 2451 3842 Μ.
2482 3788 2560 3840 De
2601 3785 2890 3839 vocabulis
2936 3783 3170 3856 quidem
3212 3783 3358 3838 nihil
3405 3789 3665 3856 satagas;
3716 3787 3898 3839 resin

2188 3879 2466 3946 potestate
2495 3878 2613 3928 est:
2645 3873 2854 3944 placito
2887 3873 3064 3939 enim,
3101 3889 3220 3926 non
3248 3877 3454 3926 natura
3483 3872 3898 3943 imponuntur.

2187 3964 2347 4028 Quod
2379 3967 2574 4017 autem
2599 3961 2828 4016 eosdem
2871 3977 2989 4015 esse
3031 3960 3346 4027 arbitraris,
3383 3977 3489 4014 nec
3520 3961 3637 4014 duo
3680 3977 3900 4031 genera

2191 4066 2562 4106 numerorum
2593 4050 2715 4104 haec
2743 4049 2824 4103 vis
2853 4048 3143 4118 accipere;
3195 4047 3359 4115 illud,
3393 4048 3453 4102 ni
3502 4049 3694 4115 fallor,
3723 4055 3783 4103 te
3812 4066 3898 4102 ra-

2188 4141 2290 4214 pit,
2325 4139 2478 4211 quod
2509 4139 2710 4194 eadem
2741 4137 2931 4192 anima
2971 4143 3281 4207 utrumque
3317 4137 3454 4207 agit.
3487 4137 3597 4192 Sed
3627 4138 3898 4192 animad-

2187 4235 2406 4284 vertere
2439 4233 2490 4282 te
2518 4213 2662 4298 opus
2691 4231 2794 4292 est,
2821 4229 2878 4280 et
2904 4225 2966 4278 in
3003 4223 3470 4296 progressoribus
3512 4225 3724 4278 eadem
3774 4226 3897 4280 ani-

2189 4334 2344 4372 mam
2373 4332 2580 4387 corpus
2605 4329 2832 4369 movere
2873 4314 2962 4368 vel
2992 4313 3066 4367 ad
3107 4328 3314 4383 corpus
3348 4313 3597 4378 moveri;
3629 4313 3773 4366 etin
3809 4330 3900 4367 oc-

2189 4405 2515 4460 cursoribus
2539 4405 2646 4459 hac
2670 4403 2932 4458 eamdem
2958 4401 3320 4472 passionibus
3347 4402 3470 4472 ejus
3498 4401 3584 4454 ire
3616 4401 3853 4455 obviam
3876 4419 3889 4464 ;

2190 4498 2248 4547 et
2275 4493 2334 4547 in
2363 4491 2810 4547 recordabilibus
2839 4489 3006 4545 istam
3026 4489 3232 4560 ipsam,
3256 4489 3436 4543 donec
3460 4489 3899 4559 quodammodo

2189 4582 2596 4646 detumescant,
2643 4578 2781 4649 ipsis
2826 4578 2990 4650 quasi
3037 4577 3314 4631 ﬂuctuare
3361 4576 3742 4632 motionibus.
3791 4579 3899 4631 Nos

2190 4686 2327 4741 ergo
2357 4669 2417 4724 in
2445 4667 2567 4723 istis
2603 4667 2911 4738 generibus
2955 4665 3326 4720 numerandis
3365 4669 3423 4720 et
3469 4664 3898 4735 distinguendis

2191 4757 2360 4812 unius
2401 4761 2640 4821 naturas,
2692 4755 2749 4811 id
2795 4759 2900 4824 est,
2948 4753 3156 4808 animas
3203 4763 3393 4807 motus
3442 4752 3896 4825 affectionesque

2189 4844 2537 4916 dispicimus.
2563 4845 2746 4909 Quare
2763 4843 2811 4897 si
2829 4847 2896 4898 ut
2912 4842 3067 4897 aliud
3086 4845 3167 4896 est
3198 4841 3269 4895 ad
3291 4857 3359 4896 ea
3388 4857 3518 4912 qua:
3549 4857 3769 4912 corpus
3797 4859 3896 4913 pa-

2191 4934 2332 4988 titur
2371 4933 2611 5002 moveri,
2659 4932 2814 5002 quod
2856 4931 2923 4986 ﬁt
2968 4931 3026 4984 in
3078 4930 3407 4996 sentiendo;
3453 4930 3612 4984 aliud
3667 4947 3897 4985 movere

2196 5039 2254 5076 se
2283 5022 2354 5077 ad
2382 5038 2608 5092 corpus,
2635 5021 2790 5092 quod
2817 5021 2884 5075 ﬁt
2911 5019 2972 5074 in
2993 5018 3315 5090 operando;
3337 5018 3493 5073 aliud
3517 5019 3674 5089 quod
3709 5036 3783 5074 ex
3812 5021 3896 5074 his

2190 5109 2440 5164 motibus
2468 5109 2526 5162 in
2557 5109 2748 5163 anima
2772 5109 2982 5164 factum
3013 5112 3098 5161 est
3125 5106 3439 5176 continere,
3470 5107 3622 5178 quod
3653 5114 3749 5162 est
3779 5125 3894 5163 me-

2189 5196 2458 5264 minisse;
2486 5196 2566 5251 ita
2595 5201 2680 5252 est
2707 5197 2861 5252 aliud
2893 5211 3167 5263 annuere,
3187 5195 3276 5250 vel
3305 5211 3546 5250 renuere
3581 5196 3674 5250 his
3715 5198 3895 5252 moti-

2251 5350 2266 5383 ι
2293 5347 2461 5396 Editi:
2483 5346 2664 5398 Aliam
2681 5346 2974 5397 secundum
2992 5344 3090 5396 hos
3108 5346 3249 5396 latera
3259 5348 3468 5402 “orem,
3496 5344 3585 5394 sed
3604 5350 3897 5397 certiorem

2185 5409 2680 5522 ίιῖτςῗεᾷῐξιθπιίωη.
2698 5409 2818 5458 Mss.
2837 5424 2849 5456 :
2873 5408 3170 5460 Secundum
3190 5406 3292 5459 hos
3314 5409 3642 5458 latentiores.
3674 5409 3894 5473 Snpple,
