4080 6178
225 265 357 315 H77

220 388 349 453 bus,
382 391 480 440 aut
508 401 639 440 cum
667 384 940 456 primitus
968 392 1329 453 exseruntur,
1362 390 1461 439 aut
1488 401 1621 439 cum
1660 387 1932 441 recorda-

220 476 378 529 tione
422 474 852 540 resuscitantur,
904 474 1060 545 quod
1105 475 1170 529 ﬁt
1206 475 1267 529 in
1300 474 1682 530 delectatione
1721 491 1927 529 conve-

224 562 483 629 nientiae,
526 567 584 617 et
626 562 935 617 offensione
974 563 1339 617 absurditatis
1370 563 1575 617 talium
1605 563 1927 617 motionum

223 652 344 706 sive
374 650 776 716 affectionum;
810 656 866 704 et
895 650 1052 704 aliud
1095 656 1179 704 est
1217 652 1501 705 aestimare
1535 656 1733 706 utrum
1780 657 1928 706 recte

224 758 299 794 an
322 757 482 794 secus
514 740 624 793 ista
643 740 943 803 delectent,
969 741 1121 810 quod
1143 740 1208 794 tit
1232 740 1636 795 ratiocinando
1662 759 1675 795 :
1702 758 1929 795 necesse

225 834 312 882 est
326 828 605 882 fateamur
632 827 712 881 ita
732 829 853 881 haec
878 844 998 881 esse
1023 828 1143 881 duo
1177 844 1409 898 genera,
1438 834 1502 882 ut
1522 829 1621 882 illa
1650 834 1783 883 sunt
1802 829 1926 883 tria.

233 918 298 970 Et
328 915 374 969 si
406 920 554 969 recte
586 915 751 968 nobis
795 916 978 969 visum
1018 921 1126 985 est,
1167 917 1277 970 nisi
1306 917 1646 988 quibusdam
1677 916 1932 971 numeris

232 1008 381 1059 esset
410 1003 530 1074 ipse
563 1004 952 1057 delectationis
1003 1021 1201 1059 sensus
1249 1005 1522 1071 imbutus,
1563 1007 1724 1060 nullo
1766 1005 1931 1059 modo

231 1110 363 1148 eum
400 1092 654 1164 potuisse
683 1109 939 1147 annuere
985 1094 1219 1163 paribus
1249 1095 1575 1158 intervallis,
1618 1101 1673 1149 et
1711 1100 1932 1165 pertur-

228 1185 361 1238 bata
399 1198 708 1253 respuere:
758 1188 909 1237 recte
938 1182 1112 1237 etiam
1142 1183 1322 1237 videri
1361 1188 1550 1254 potest
1588 1184 1755 1248 ratio,
1801 1200 1931 1254 qua:

226 1272 364 1325 huic
404 1269 765 1325 delectationi
814 1270 1328 1340 superimponitur,
1377 1273 1537 1326 nullo
1585 1274 1757 1327 modo
1807 1272 1929 1326 sine

228 1359 581 1431 quibusdam
603 1359 860 1412 numeris
884 1358 1277 1412 vivacioribus.
1306 1360 1375 1413 de
1399 1360 1655 1413 numeris
1681 1376 1826 1431 quos
1850 1360 1933 1413 in-

222 1450 317 1503 fra
347 1464 404 1501 se
433 1448 606 1502 habet
636 1462 800 1517 posse
818 1446 1098 1516 judicare.
1128 1447 1265 1510 Quae
1296 1446 1343 1500 si
1372 1462 1504 1501 vera
1524 1452 1683 1514 sunt,
1698 1452 1934 1518 apparet

226 1534 463 1588 inventa
494 1551 616 1589 esse
669 1534 731 1588 in
781 1534 975 1588 anima
1006 1534 1259 1605 quinque
1290 1551 1501 1606 genera
1536 1551 1930 1601 numerorum,

228 1623 447 1693 quibus
484 1638 615 1676 cum
658 1622 943 1677 addideris
972 1624 1296 1693 corporales
1324 1623 1453 1677 illos
1483 1640 1626 1694 quos
1669 1628 1933 1677 sonantes

225 1710 575 1777 vocavimus,
610 1726 703 1764 sex
735 1726 949 1779 genera
984 1726 1359 1764 numerorum
1392 1711 1666 1780 disposita
1694 1716 1749 1765 et
1777 1711 1929 1765 ordi-

228 1804 367 1852 nata
394 1814 713 1869 cognosces.
752 1799 877 1852 Jam
922 1813 1090 1862 nunc,
1153 1797 1201 1851 si
1246 1799 1453 1868 placet,
1503 1798 1588 1852 illi
1626 1798 1725 1868 qui
1763 1799 1930 1853 nobis

229 1888 643 1957 subrepserant
680 1886 749 1940 ad
791 1886 1179 1956 principatum
1209 1886 1607 1951 obtinendum,
1640 1888 1930 1941 sensuales

237 1976 629 2041 nominentur,
663 1978 719 2027 et
743 1974 1105 2044 judicialium
1143 1990 1376 2039 nomen,
1411 1974 1681 2043 quoniam
1712 1980 1798 2028 est
1827 1976 1927 2028 ho-

232 2064 510 2130 noratius,
560 2062 621 2116 hi
669 2062 949 2133 accipiant
1000 2062 1100 2133 qui
1153 2062 1581 2116 excellentiores
1654 2063 1932 2133 comperti

230 2154 367 2205 sunt
391 2168 403 2205 :
455 2165 785 2221 quanquam
813 2154 870 2203 et
887 2148 1214 2202 sonantium
1239 2164 1449 2202 nomen
1468 2149 1810 2203 mutandum
1833 2166 1934 2218 pu-

227 2245 373 2304 tem,
405 2238 681 2309 quoniam
710 2238 756 2291 si
786 2237 1112 2307 corporales
1140 2241 1436 2303 vocentur,
1469 2236 1827 2291 manifestius
1857 2236 1930 2290 si-

230 2327 588 2398 gniﬁcabunt
614 2325 786 2379 etiam
827 2326 977 2385 illos,
1028 2324 1128 2395 qui
1159 2328 1291 2378 sunt
1322 2324 1384 2378 in
1422 2325 1738 2391 saltatione,
1771 2329 1828 2378 et
1872 2324 1933 2377 in

230 2419 440 2468 caetero
469 2417 623 2467 motu
654 2412 883 2467 visibili.
915 2412 972 2466 Si
993 2417 1185 2466 tamen
1208 2428 1273 2465 ea
1304 2429 1432 2483 qua:
1462 2411 1611 2466 dicta
1640 2416 1772 2465 sunt
1801 2428 1935 2481 pro-

230 2506 352 2559 bas.
382 2505 456 2559 D.
509 2504 693 2559 Probo
723 2520 858 2557 sane
886 2520 899 2556 :
934 2519 1068 2556 nam
1101 2506 1157 2557 et
1201 2519 1335 2557 vera
1376 2507 1431 2557 et
1462 2502 1761 2557 manifesta
1789 2503 1934 2556 mihi

230 2590 522 2646 videntur.
572 2593 788 2645 Horum
820 2591 991 2645 etiam
1023 2590 1486 2645 emendationem
1522 2592 1933 2646 vocabulorum

233 2679 482 2734 libenter
510 2680 746 2751 accipio.

233 2768 463 2824 CAPUT
510 2771 571 2823 X.
623 2800 692 2809 —
734 2771 981 2825 Rationis
1022 2770 1107 2821 vis
1153 2770 1213 2821 in
1252 2768 1649 2836 perspiciendis
1698 2783 1815 2835 quae
1861 2766 1936 2821 ad

307 2859 571 2911 Musicam
602 2860 893 2927 pertinent,
937 2856 1031 2910 ubi
1068 2856 1210 2909 nihil
1255 2855 1409 2909 aliud
1441 2870 1605 2923 quam
1645 2857 1933 2924 aequalitas

306 2943 561 2996 delectat.

298 3033 388 3085 25.
422 3033 498 3086 Μ.
538 3035 676 3102 Age,
715 3046 869 3084 nunc
897 3030 1086 3101 aspice
1130 3030 1191 3083 in
1227 3029 1342 3083 vim
1372 3029 1803 3100 potentiamque
1837 3046 1933 3083 ra-

237 3119 429 3185 tionis,
465 3124 742 3190 quantum
774 3136 841 3173 ex
880 3119 1149 3189 operibus
1178 3118 1302 3188 ejus
1331 3117 1581 3188 aspicere
1611 3134 1931 3188 possumus.

239 3208 365 3277 Ipsa
404 3208 579 3275 enim,
625 3212 684 3261 ut
726 3207 784 3260 id
830 3207 1195 3277 potissimum
1232 3206 1416 3259 dicam
1453 3206 1604 3277 quod
1649 3206 1720 3259 ad
1763 3207 1935 3275 hujus

238 3294 427 3365 operis
457 3294 875 3365 susceptionem
906 3295 1127 3361 attinet,
1157 3294 1346 3364 primo
1370 3293 1509 3364 quid
1536 3293 1607 3346 sit
1634 3293 1757 3363 ipsa
1784 3294 1935 3347 bona

238 3383 556 3436 modulatio
586 3382 982 3447 consideravit,
1022 3387 1077 3436 et
1106 3399 1233 3435 eam
1278 3382 1338 3435 in
1378 3382 1629 3453 quodam
1673 3386 1831 3435 motu
1870 3382 1935 3435 li-

236 3471 393 3538 bero,
427 3476 484 3524 et
521 3471 591 3525 ad
644 3487 762 3525 suae
809 3470 1255 3540 pulchritudinis
1296 3470 1471 3524 ﬁnem
1500 3486 1772 3524 converso
1814 3486 1935 3523 esse

235 3558 539 3629 perspexit.
576 3558 787 3612 Deinde
839 3559 981 3613 vidit
1026 3558 1086 3611 in
1129 3558 1377 3612 motibus
1431 3574 1738 3628 corporum
1780 3558 1935 3611 aliud

236 3662 357 3699 esse
398 3647 551 3717 quod
587 3647 857 3700 brevitate
888 3651 945 3700 et
979 3646 1354 3717 productione
1384 3646 1655 3716 temporis
1685 3646 1933 3700 variare-

236 3740 348 3802 tur,
368 3735 425 3789 in
449 3740 727 3806 quantum
746 3736 930 3807 magis
952 3740 1100 3789 esset
1120 3736 1378 3790 minusve
1399 3736 1757 3804 diuturnum,
1780 3736 1936 3789 aliud

236 3825 502 3878 localium
535 3824 850 3895 spatiorum
890 3824 1258 3893 percussione
1293 3820 1311 3855 ¹
1339 3824 1399 3877 in
1440 3824 1780 3895 quibusdam
1810 3839 1939 3893 gra-

235 3912 404 3967 dibus
434 3912 738 3966 celeritatis
774 3916 830 3965 et
858 3912 1139 3966 tarditatis
1170 3928 1184 3965 :
1218 3928 1328 3983 que
1360 3912 1640 3966 divisione
1670 3913 1838 3977 facta,
1873 3913 1937 3967 il-

233 4000 335 4054 lud
360 4001 511 4070 quod
540 4001 600 4053 in
630 3999 900 4069 temporis
921 4015 1078 4053 mora
1109 4006 1276 4065 esset,
1301 4000 1573 4053 modestis
1595 4000 1929 4069 intervallis,

236 4092 293 4141 et
338 4088 590 4141 humano
637 4086 829 4141 sensui
876 4088 1318 4141 accommodatis
1370 4087 1712 4142 articulatim
1750 4088 1938 4142 varios

237 4175 488 4229 efficeret
507 4191 797 4241 numeros,
822 4192 1137 4247 eorumque
1158 4192 1369 4243 genera
1393 4180 1450 4229 et
1469 4177 1728 4231 ordinem
1754 4194 1937 4247 usque

234 4264 309 4319 ad
328 4264 588 4318 modulos
614 4280 880 4318 versuum
908 4267 1206 4334 persecuta
1234 4268 1338 4318 est.
1366 4265 1661 4319 Postremo
1693 4265 1937 4319 attendit

236 4352 377 4423 quid
405 4352 465 4406 in
509 4352 598 4406 his
636 4352 1023 4417 moderandis,
1057 4353 1381 4422 operandis,
1416 4353 1749 4419 sentiendis,
1795 4352 1936 4406 reti-

236 4441 441 4495 nendis
468 4446 663 4511 ageret
682 4440 872 4494 anima
890 4444 931 4507 ³,
963 4440 1126 4511 cujus
1152 4446 1324 4511 caput
1350 4441 1474 4511 ipsa
1498 4446 1644 4495 esset
1674 4457 1686 4493 :
1717 4440 1936 4510 hosque

238 4544 438 4582 omnes
481 4528 758 4583 animales
803 4545 1073 4583 numeros
1121 4545 1154 4582 a
1209 4529 1546 4599 corporibus
1605 4528 1931 4599 separavit:

237 4632 413 4687 seque
443 4617 627 4687 ipsam
648 4618 771 4670 haec
802 4616 995 4670 omnia
1023 4633 1211 4687 neque
1240 4617 1714 4682 animadvertere,
1749 4632 1936 4685 neque

238 4702 615 4773 distinguere,
658 4718 845 4773 neque
893 4707 1043 4757 recte
1089 4718 1392 4756 numerare
1438 4702 1560 4757 sine
1593 4702 1936 4773 quibusdam

236 4790 356 4843 suis
392 4790 646 4844 numeris
694 4791 946 4861 potuisse
997 4791 1277 4862 cognovit,
1325 4807 1539 4861 eosque
1582 4791 1801 4845 caeteris
1847 4790 1935 4842 in-

234 4878 461 4933 ferioris
500 4878 720 4934 ordinis
754 4878 1060 4949 judiciaria
1093 4878 1341 4950 quadam
1371 4878 1749 4933 aestimatione
1787 4894 1935 4948 prac-

233 4968 445 5038 posuit.

308 5058 397 5110 26.
450 5057 517 5111 Et
546 5072 698 5111 nunc
743 5072 875 5110 cum
919 5056 1043 5127 ipsa
1088 5072 1190 5111 sua
1231 5055 1629 5124 delectatione,
1661 5071 1790 5125 quae
1814 5053 1837 5087 ⁸
1875 5054 1938 5108 in

233 5150 562 5217 temporum
610 5150 904 5200 momenta
951 5144 1273 5216 perpendit,
1327 5150 1384 5199 et
1428 5144 1638 5197 talibus
1682 5142 1937 5196 numeris

302 5305 319 5337 ι
346 5302 552 5366 Septem
584 5304 727 5361 Mss,
756 5304 1160 5366 percussionem,

299 5366 321 5399 ²
337 5362 669 5428 Ita—plerique
694 5362 836 5421 Mss,
860 5378 979 5413 cum
1000 5366 1114 5428 Am.
1136 5364 1201 5428 At
1219 5365 1344 5428 I_.ov.
1367 5363 1548 5428 habet:
1574 5364 1631 5411 In
1657 5362 1737 5414 his
1757 5362 1937 5413 mode-

232 5426 453 5486 randis,
477 5426 786 5487 sentiendis,
814 5427 1129 5485 retinendis,
1159 5426 1477 5475 delectandi:
1500 5429 1676 5485 ageret
1701 5428 1936 5474 animae

298 5493 330 5552 37
351 5490 463 5537 Duo
489 5490 633 5546 Mss.,
659 5503 843 5552 quam.
867 5488 968 5538 Alii
988 5494 1110 5552 tres,
1133 5487 1443 5552 quail’aulo
1460 5491 1598 5549 post,
1622 5488 1757 5536 alter
1775 5501 1802 5536 e
1826 5488 1884 5535 Vi
1913 5513 1934 5523 -

234 5551 424 5600 torinis
451 5549 721 5602 codicibus
746 5567 756 5600 :
788 5549 1117 5615 Propendet,
1138 5549 1341 5602 talibus
1368 5552 1619 5599 numeris.

1703 264 1923 319 LIBER
1972 264 2270 321 SEXTUS.

3612 274 3742 327 H78

2050 388 2447 443 modificandis
2487 395 2658 444 nutus
2696 406 2826 445 suos
2851 391 3099 457 exhibet,
3151 391 3230 444 sic
3277 391 3430 462 agit;
3478 393 3615 463 quid
3657 397 3742 447 est

2042 477 2197 548 quod
2224 477 2284 530 in
2314 477 2570 531 sensibili
2603 479 3009 533 numerositate
3040 479 3331 550 diligimus
3352 481 3378 532 ?
3405 481 3550 533 Num
3582 481 3738 536 aliud

2038 570 2247 635 praeter
2275 566 2621 636 parilitatem
2643 568 2951 637 quamdam
2974 573 3028 621 et
3048 568 3346 638 mqualiter
3377 567 3637 623 dimensa
3656 569 3739 622 in-

2038 656 2271 708 tervalla
2292 657 2319 708 ‘?
2351 659 2433 709 An
2466 655 2561 709 ille
2600 654 2960 725 pyrrhichius
3002 672 3102 727 pes
3133 657 3246 709 sive
3278 658 3583 727 spondeus,
3620 658 3737 711 sive

2038 749 2380 813 anapaestus,
2418 744 2531 797 sive
2565 745 2837 817 dactylus,
2873 744 2987 796 sive
3028 746 3585 814 proceleusmaticus,
3620 746 3738 800 sive

2039 831 2387 901 dispondeus
2424 849 2526 885 nos
2578 834 2739 886 aliter
2778 834 3119 898 delectaret;
3163 834 3273 886 nisi
3311 839 3531 904 partem
3575 852 3739 889 suam

2038 921 2187 990 parti
2238 920 2399 975 alteri
2446 922 2651 991 aequali
2694 921 2965 974 divisione
3019 921 3347 975 conferret?
3404 922 3548 985 Quid
3607 940 3738 975 vero

2038 1008 2283 1075 iambus,
2330 1011 2629 1075 trochmus,
2662 1010 2982 1063 tribrachus
3024 1009 3463 1079 pulchritudinis
3504 1010 3735 1076 habent,

2040 1098 2148 1151 uisi
2169 1098 2322 1168 quod
2351 1098 2571 1151 minore
2601 1115 2701 1151 sua
2729 1103 2889 1168 parte
2920 1100 3195 1168 majorem
3227 1115 3392 1151 suam
3425 1103 3647 1169 partem
3680 1100 3738 1153 in

2039 1182 2226 1231 tantas
2257 1178 2397 1231 duas
2435 1177 2731 1248 aequaliter
2759 1177 3061 1230 dividunt?
3096 1179 3221 1231 Jam
3260 1194 3431 1246 porro
3465 1194 3559 1231 sex
3591 1184 3740 1231 tem-

2040 1281 2246 1335 porum
2285 1265 2479 1334 pedes,
2530 1280 2669 1317 num
2702 1262 2719 1296 ¹
2752 1265 2983 1317 aliunde
3021 1265 3285 1319 blandius
3316 1270 3521 1318 sonant
3564 1270 3736 1336 atque

2040 1353 2314 1419 festivius,
2357 1351 2463 1406 nisi
2510 1353 2662 1422 quod
2703 1357 2942 1422 utraque
2973 1354 3097 1422 lege
3126 1353 3453 1422 partiuntur
3482 1374 3496 1419 ;
3528 1354 3740 1408 scilicet

2041 1446 2140 1494 aut
2159 1441 2218 1494 in
2249 1441 2389 1494 duas
2414 1441 2659 1511 aequales
2681 1446 2871 1510 partes
2890 1445 3051 1493 terna
3076 1445 3335 1509 tempora
3362 1441 3741 1511 possidentes,

2043 1537 2140 1586 aut
2165 1532 2225 1585 in
2246 1548 2421 1585 unam
2452 1532 2718 1602 simplam
2748 1548 2815 1584 ex
2848 1532 3165 1601 aequalibus
3195 1536 3415 1601 partem
3442 1536 3484 1601 ²,
3517 1537 3571 1585 et
3600 1535 3742 1587 alte-

2042 1637 2165 1674 ram
2186 1621 2443 1691 duplam,
2474 1620 2532 1674 id
2564 1625 2666 1686 est,
2697 1624 2761 1673 ut
2786 1620 2971 1689 major
3008 1620 3216 1673 habeat
3244 1619 3331 1672 bis
3357 1619 3659 1682 minorem,
3687 1626 3744 1674 et

2043 1727 2109 1765 eo
2140 1710 2305 1763 modo
2336 1710 2405 1762 ab
2436 1709 2533 1762 illa
2557 1708 2844 1762 dividatur
2870 1708 3185 1778 aequaliter,
3220 1708 3443 1761 duobus
3472 1710 3743 1779 tempori-

2040 1799 2147 1852 bus
2188 1804 2436 1867 quatuor
2463 1802 2723 1868 tempora
2753 1797 2813 1850 in
2841 1796 2977 1849 bina
3007 1795 3346 1849 demetieute
3381 1813 3443 1849 ac
3474 1799 3742 1850 secante?

2042 1887 2283 1953 Quidilli
2297 1887 2539 1958 quinum
2558 1891 2972 1955 septenumque
3000 1889 3328 1953 temporum
3346 1885 3521 1953 pedes
3537 1886 3564 1937 ‘?
3591 1885 3741 1938 unde

2041 1977 2239 2031 soluta:
2266 1976 2528 2039 orationi,
2558 1990 2731 2046 quam
2762 1974 3015 2027 versibus
3046 1972 3313 2025 videntur
3334 1973 3601 2042 aptiores,
3631 1973 3741 2025 nisi

2043 2064 2198 2134 quod
2232 2080 2432 2117 eorum
2478 2080 2608 2133 pars
2641 2062 2829 2116 minor
2858 2061 2917 2115 in
2954 2065 3143 2131 partes
3182 2062 3432 2131 aaquales
3461 2061 3741 2131 majorem

2042 2167 2159 2204 non
2190 2150 2433 2204 dividit?
2456 2152 2520 2204 Et
2546 2151 2608 2203 hi
2632 2156 2824 2203 tamen
2854 2149 2964 2220 ipsi
2990 2150 3143 2203 unde
3170 2149 3551 2203 admittuntur
3574 2150 3633 2202 in
3655 2150 3741 2202 sui

2043 2237 2271 2308 generis
2290 2237 2487 2291 ordine
2510 2239 2579 2291 ad
2599 2243 2925 2308 temporum
2951 2237 3446 2305 numerositatem,
3475 2236 3585 2290 nisi
3610 2238 3745 2308 quia

2044 2330 2100 2380 et
2124 2326 2185 2379 in
2215 2326 2469 2396 quinque
2493 2326 2845 2396 temporibus
2875 2330 3063 2379 tantas
3083 2326 3222 2379 duas
3243 2325 3549 2395 particulas
3570 2326 3742 2380 habet

2044 2432 2175 2485 pars
2205 2415 2415 2477 minor,
2444 2420 2686 2485 qnantas
2718 2416 2929 2484 majors
2961 2419 3110 2481 tres;
3138 2418 3193 2466 et
3223 2412 3283 2466 in
3314 2418 3529 2483 septem
3560 2418 3745 2466 tantas

2045 2511 2158 2558 tres
2206 2503 2415 2571 minor,
2449 2508 2690 2574 quantas
2733 2503 2916 2572 major
2960 2502 3245 2573 quatuor?
3276 2503 3358 2555 Ita
3387 2501 3446 2554 in
3476 2501 3744 2555 omnibus

2044 2592 2285 2663 pedibus
2328 2592 2487 2645 nulla
2529 2608 2659 2661 pars
2693 2591 2933 2644 minima
2972 2595 3055 2644 est
3083 2591 3324 2659 alicujus
3369 2590 3745 2644 dimensionis

2044 2681 2283 2734 articulo
2316 2685 2528 2745 notata,
2554 2680 2645 2732 cui
2671 2695 2789 2731 non
2811 2683 3029 2731 caztera:
3053 2682 3265 2749 quanta
3289 2684 3529 2748 possunt
3553 2695 3744 2750 arqua-

2044 2770 2202 2823 litate
2232 2768 2611 2821 consentiant.

2113 2861 2202 2911 27.
2252 2859 2390 2926 Age,
2437 2855 2499 2908 in
2542 2854 2860 2924 conjunctis
2910 2854 3153 2923 pedibus
3196 2854 3312 2908 sive
3343 2854 3519 2908 libera
3547 2872 3741 2925 perpe-

2044 2946 2246 2999 tuitate
2274 2943 2605 3013 porrigatur
2638 2942 2743 2995 ista
2771 2943 3120 3013 conjunctio,
3155 2942 3299 2996 sicut
3334 2943 3393 2995 in
3424 2943 3703 3012 rhythmis
3728 2961 3741 3009 ;

2045 3034 2159 3087 sive
2191 3033 2260 3086 ab
2308 3032 2501 3103 aliquo
2533 3036 2687 3085 certo
2719 3031 2835 3085 fine
2874 3036 3187 3097 revocetur,
3220 3031 3365 3084 sicut
3410 3031 3472 3084 in
3504 3031 3701 3084 metris
3728 3048 3742 3098 ;

2044 3122 2161 3176 sive
2193 3121 2364 3174 etiam
2394 3120 2453 3173 in
2482 3120 2593 3174 duo
2624 3120 2883 3173 membra
2912 3120 3160 3191 quadam
3196 3121 3319 3189 lege
3350 3119 3579 3173 sibimet
3608 3136 3743 3173 con-

2044 3210 2311 3282 gruentia
2332 3209 2637 3275 tribuatur,
2662 3209 2805 3262 sicut
2825 3210 2883 3262 in
2915 3209 3167 3262 versibus
3194 3226 3207 3261 :
3240 3225 3353 3279 qua
3379 3208 3611 3261 tandem
3633 3207 3746 3261 alia

2044 3316 2123 3365 re,
2153 3298 2265 3352 nisi
2287 3298 2611 3369 aequalitate
2634 3312 2734 3367 pes
2756 3298 2886 3367 pedi
2915 3298 3132 3351 amicus
3160 3314 3218 3350 es
3237 3299 3266 3351 ?
3298 3297 3454 3350 Unde
3485 3297 3743 3363 molossi,

2045 3393 2102 3441 et
2145 3386 2468 3440 ionicorum
2521 3387 2736 3457 syllaba
2776 3385 2965 3438 media
3000 3402 3129 3455 quae
3167 3386 3338 3454 longa
3373 3390 3479 3453 est,
3510 3401 3627 3437 non
3656 3401 3740 3437 se-

2044 3476 2251 3542 ctione,
2282 3476 2379 3528 sed
2403 3479 2549 3528 nutu
2568 3472 2590 3507 δ
2616 3473 2741 3543 ipso
2773 3473 3197 3543 pronuntiantis
3218 3477 3389 3544 atque
3420 3472 3747 3543 plaudentis

2045 3565 2105 3618 in
2137 3564 2249 3617 duo
2298 3563 2457 3633 paria
2486 3566 2780 3614 momenta
2810 3560 3072 3614 distribui
3102 3566 3329 3630 potest;
3362 3566 3426 3615 ut
3458 3560 3631 3614 etiam
3674 3560 3745 3613 ad

2044 3657 2207 3705 terna
2236 3656 2498 3721 tempora
2527 3666 2628 3720 pes
2680 3654 2832 3702 totus
2873 3648 3195 3713 conveniat,
3245 3647 3475 3717 quando
3524 3646 3747 3699 caeteris

2045 3740 2143 3811 qui
2197 3740 2397 3794 eodem
2450 3738 2623 3792 modo
2671 3737 3022 3802 dividuntur,
3064 3736 3427 3806 adjungitur;
3484 3750 3584 3787 cur
3634 3734 3745 3787 nisi

2046 3828 2384 3899 aaqualitatis
2417 3828 2549 3897 jure
2588 3826 2939 3891 dominante,
2974 3825 3130 3896 quod
3160 3824 3373 3878 scilicet
3400 3823 3637 3894 aequalis
3663 3828 3748 3876 est

2046 3918 2317 3971 lateribus
2349 3916 2373 3948 ⁴
2402 3916 2535 3979 suis,
2585 3931 2715 3985 qua),
2757 3915 3023 3969 binorum
3066 3919 3392 3983 temporum
3423 3917 3573 3975 sunt,
3615 3927 3747 3964 cum

2047 4011 2101 4059 et
2128 4006 2247 4076 ipsa
2277 4006 2347 4059 sit
2377 4006 2557 4059 duum
2582 4003 2950 4073 temporum?
2978 4004 3087 4056 Cur
3114 4002 3268 4057 idem
3290 4001 3414 4055 ﬁeri
3443 4001 3504 4054 in
3530 4000 3749 4069 amphi-

2044 4095 2254 4148 bracho
2284 4110 2394 4146 non
2428 4097 2634 4164 potest,
2658 4093 2887 4162 quando
2909 4091 3128 4144 caeteris
3157 4096 3403 4160 quatuor
3425 4094 3749 4157 temporum

2048 4182 2398 4251 adjungitur,
2425 4181 2531 4233 nisi
2557 4180 2692 4251 quia
2714 4184 2872 4234 tanta
2896 4179 2975 4232 ibi
2994 4194 3109 4231 non
3140 4177 3429 4231 invenitur
3454 4177 3747 4245 aequalitas

2047 4270 2222 4338 duplo
2248 4268 2457 4333 medio,
2476 4268 2749 4321 lateribus
2776 4268 3039 4337 simplis?
3057 4266 3168 4320 Cur
3188 4266 3243 4317 in
3273 4263 3636 4318 silentiorum
3665 4263 3748 4315 in-

2048 4356 2293 4409 tervallis
2326 4357 2481 4408 nulla
2514 4356 2711 4409 fraude
2751 4372 2947 4408 sensus
2977 4353 3309 4417 offenditur,
3344 4350 3453 4404 nisi
3493 4350 3628 4420 quia
3660 4350 3747 4403 ei-

2046 4445 2176 4499 dem
2198 4443 2316 4512 juri
2347 4443 2705 4513 aequalitatis,
2740 4443 2962 4497 etiamsi
2992 4458 3109 4495 non
3141 4456 3303 4504 sono,
3338 4438 3519 4509 spatio
3555 4444 3747 4491 tamen

2048 4532 2315 4603 temporis
2346 4531 2499 4602 quod
2537 4520 2792 4594 debetur,
2838 4530 3190 4584 exsolvitur?
3220 4529 3333 4583 Cur
3362 4532 3637 4597 sequente
3668 4526 3748 4579 si-

2046 4622 2218 4675 lentio
2249 4620 2421 4675 etiam
2460 4620 2646 4674 brevis
2677 4620 2891 4689 syllaba
2924 4634 3028 4689 pro
3079 4619 3246 4687 longa
3294 4616 3589 4686 accipitur,
3629 4630 3747 4668 non

2046 4710 2326 4770 instituto,
2360 4709 2457 4763 sed
2505 4708 2627 4779 ipso
2677 4708 2923 4761 naturali
2979 4706 3240 4758 examine
3297 4704 3453 4774 quod
3511 4704 3749 4757 auribus

2046 4797 2315 4868 praesidet
2338 4814 2351 4863 ;
2375 4797 2484 4851 nisi
2505 4797 2639 4867 quia
2665 4796 2723 4848 in
2748 4795 2930 4864 spatio
2952 4794 3225 4863 temporis
3249 4792 3509 4863 longiore
3540 4808 3745 4845 sonum

2045 4893 2329 4940 coarctare
2360 4886 2419 4939 in
2445 4884 2734 4953 angustias
2761 4882 2954 4934 eadem
2979 4880 3075 4933 illa
3093 4880 3438 4950 aequalitatis
3470 4881 3595 4949 lege
3622 4896 3748 4949 pro-

2044 4976 2311 5030 hibemur
2333 4976 2360 5029 ‘I
2388 4976 2584 5043 Itaque
2616 4971 2888 5041 syllabam
2924 4971 3070 5023 ultra
3099 4970 3212 5023 duo
3244 4974 3503 5039 tempora
3534 4968 3747 5037 produ-

2046 5080 2194 5131 cere,
2229 5068 2289 5116 ut
2334 5062 2504 5115 etiam
2544 5075 2683 5112 sono
2724 5059 3029 5129 impleatur
3068 5059 3219 5129 quod
3249 5058 3474 5112 silentio
3518 5056 3748 5125 impleri

2046 5157 2254 5223 potest,
2273 5149 2520 5204 admittit
2547 5152 2751 5201 natura
2771 5148 3043 5202 audiendi
3068 5153 3125 5201 et
3146 5144 3403 5201 tacendi“
3426 5162 3438 5198 :
3464 5150 3526 5197 ut
3552 5149 3747 5197 autem

2112 5242 2127 5273 ι
2148 5240 2239 5287 Ms.
2256 5238 2313 5285 Α.
2328 5237 2417 5284 sic:
2434 5239 2541 5284 Non
2552 5235 2769 5285 aliunde
2780 5234 3027 5285 blandius
3041 5238 3390 5297 sonantatque
3401 5232 3529 5295 festi
3537 5232 3745 5281 vius.M.

2107 5300 2440 5368 ξριιφάςςίω
2462 5297 2609 5368 Μεθ’·
2638 5311 2703 5368 α
2727 5298 2963 5368 qualibet
2991 5300 3167 5368 μανίαν
3333 5358 3363 5368 ..

2110 5366 2129 5395 3
2160 5362 2300 5409 ltain
2316 5362 2432 5408 Mss.
2453 5362 2581 5408 Atin
2596 5355 3283 5423 prius'editis,mbtu.—Sic
3297 5358 3458 5423 etiam
3474 5355 3640 5423 313.5.
3673 5356 3742 5404 M.

2109 5427 2128 5457 θ
2159 5426 2271 5471 Am.
2296 5418 2900 5481 Er.etLov.,'.r(/ualibus
2918 5423 3186 5473 lateribus.
3214 5420 3315 5469 Sed
3336 5419 3529 5466 clarius
3547 5418 3747 5479 aliquot

2109 5439 2128 5457 °
2159 5439 2271 5471 Αω.
2296 5439 2377 5469 nr.
2393 5439 2673 5481 eLLOV.,.‘P(
2695 5439 2900 5473 uauous
2918 5439 3186 5473 taberwus.
3214 5439 3315 5469 aeu
3336 5439 3529 5466 manus
3547 5439 3744 5479 unquut

2055 5486 2199 5545 Mss,
2223 5498 2263 5533 π’
2308 5484 2441 5533 nalis
2462 5492 2568 5543 est;
2592 5439 2806 5542 sciiicet,
2832 5500 2920 5547 pes
2945 5490 3056 5533 tum
3082 5483 3361 5539 molossus,
3386 5486 3497 5529 tum
3522 5480 3744 5529 ionicus.

2112 5550 2133 5582 5
2166 5547 2223 5595 In
2248 5498 2659 5595 nlierisaueMss”
2679 5547 2937 5595 audiendi
2963 5552 3013 5595 el
3034 5543 3272 5595 canendi.
3291 5544 3354 5592 Et
3374 5556 3495 5591 mox
3519 5542 3573 5591 iu
3594 5541 3744 5591 editis

2112 5550 2133 5582 5
2166 5541 2223 5595 In
2248 5541 2509 5611 plerisque
2521 5541 2659 5607 Mss,
2679 5541 2937 5600 audiendi
2963 5552 3013 5596 el
3034 5543 3272 5595 canendi.
3291 5544 3354 5592 Et
3374 5556 3495 5591 mox
3519 5542 3573 5591 iu
3594 5541 3749 5591 editis
