4080 6178
306 3033 323 3418 ἕ

302 3713 342 3910 \

437 224 567 274 H79

431 341 628 397 minus
648 352 822 410 quam
844 335 956 389 duo
983 338 1240 403 tempora
1268 335 1506 402 occupet
1525 331 1761 402 syllaba,
1794 332 1932 386 dum
1953 336 2130 386 restat

430 428 681 501 spatium
739 422 923 479 tacitis
977 421 1228 488 nutibus,
1274 421 1538 492 quaedam
1585 419 1739 474 fraus
1787 421 2126 491 aequalitatis

431 522 536 585 est,
566 515 702 586 quia
749 513 940 566 minus
981 526 1154 582 quam
1185 509 1244 564 in
1274 509 1496 563 duobus
1529 525 1649 563 esse
1680 510 1974 579 aequalitas
2008 526 2126 564 non

431 608 636 676 potest.
669 603 792 656 Jam
835 616 967 654 vero
1000 600 1060 652 in
1089 599 1213 670 ipsa
1242 598 1566 668 aequalitate
1596 599 1982 652 membrorum
2015 615 2128 670 qua

433 691 729 747 variantur
774 688 859 743 illi
911 687 1179 755 ambitus,
1214 703 1358 758 quos
1403 687 1580 742 Grmci
1616 695 1863 758 περιόδους
1903 693 2123 753 vocant,

431 795 742 850 versusque
781 777 1120 849 ﬁgurantur,
1163 775 1449 846 quomodo
1487 775 1556 829 ad
1603 775 1861 829 eamdem
1894 775 2126 845 aequali-

431 872 607 922 tatem
650 865 919 921 secretius
961 865 1216 930 reditur;
1267 863 1374 916 nisi
1422 867 1485 916 ut
1529 863 1590 916 in
1634 863 1854 917 ambitu
1900 862 2128 916 brevius

433 956 756 1010 membrum
783 953 990 1025 majori
1012 952 1328 1023 aequalibus
1355 951 1595 1022 pedibus
1622 951 1692 1005 ad
1713 952 1979 1020 plausum
1999 967 2128 1004 con-

431 1044 639 1109 veniat,
689 1048 744 1097 et
792 1042 851 1096 in
888 1058 1054 1095 versu
1094 1041 1398 1095 occultiore
1430 1039 1885 1094 consideratione
1925 1055 2127 1093 nume-

432 1148 648 1199 rorum,
689 1148 755 1185 ea
804 1147 934 1202 qua:
978 1128 1288 1200 inaequalia
1334 1129 1592 1182 membra
1626 1129 1970 1199 junguntur,
2013 1127 2126 1181 vim

433 1219 774 1289 aequalitatis
806 1219 1020 1272 habere
1051 1217 1463 1271 inveniantur?

503 1311 592 1363 28.
647 1300 864 1372 Quaerit
917 1323 1052 1377 ergo
1108 1306 1272 1368 ratio,
1331 1309 1387 1358 et
1428 1306 1714 1359 carnalem
1769 1304 1977 1358 animai
2030 1305 2127 1358 de-

430 1397 812 1464 lectationem,
870 1413 998 1468 qua:
1047 1394 1348 1466 judiciales
1397 1399 1587 1464 partes
1632 1393 1740 1448 sibi
1784 1393 2126 1459 vindicabat,

431 1485 769 1555 interrogat,
823 1501 951 1538 cum
984 1500 1110 1537 eam
1148 1483 1208 1537 in
1246 1483 1561 1553 spatiorum
1589 1482 1992 1553 temporalium
2022 1498 2128 1536 nu-

433 1573 580 1628 meri
609 1571 903 1644 mqualitas
937 1573 1201 1637 mulceat,
1248 1576 1441 1625 utrum
1489 1572 1615 1625 dum
1661 1570 1888 1641 syllaba:
1933 1571 2129 1624 breves

435 1677 823 1733 quascumque
853 1660 1097 1714 audierit
1124 1676 1256 1714 vere
1288 1660 1402 1714 sint
1431 1660 1680 1730 aequales
1705 1680 1719 1726 ;
1746 1676 1818 1712 an
1845 1659 1969 1713 ﬁeri
1997 1675 2128 1730 pos-

433 1749 524 1816 sit,
560 1754 620 1803 ut
652 1765 767 1802 una
801 1763 998 1801 earum
1046 1749 1248 1802 edatur
1276 1747 1628 1818 productius,
1673 1764 1788 1801 non
1830 1763 2011 1818 usque
2059 1748 2130 1802 ad

434 1838 623 1908 longae
655 1837 885 1908 syllaba:
917 1837 1172 1905 modum,
1207 1837 1306 1891 sed
1351 1837 1499 1891 infra
1530 1837 1972 1908 quantumlibet,
2014 1853 2126 1908 quo

433 1928 628 1979 tamen
661 1924 894 1979 excedat
923 1924 1135 1978 sociam
1157 1941 1338 1980 suam.
1365 1926 1512 1979 Num
1543 1924 1742 1995 negari
1771 1929 1976 1995 potest,
2005 1924 2130 1979 ﬁeri

433 2029 622 2084 posse,
663 2029 794 2067 cum
843 2013 966 2066 haec
1010 2013 1312 2068 delectatio
1345 2013 1452 2066 ista
1491 2029 1606 2067 non
1655 2013 1880 2082 sentiat,
1927 2017 1982 2066 et
2036 2013 2127 2066 in-

433 2101 748 2173 aequalibus
773 2102 926 2155 velut
956 2102 1272 2172 aequalibus
1293 2102 1584 2172 gaudeat?
1610 2117 1722 2172 quo
1748 2117 1942 2156 errore
1966 2106 2020 2155 et
2038 2100 2127 2155 in-

434 2190 758 2262 aequalitate
799 2190 939 2261 quid
980 2191 1204 2260 turpius
1225 2191 1251 2242 ?
1280 2192 1358 2244 Ex
1393 2207 1506 2261 quo
1537 2190 1914 2244 admonemur
1943 2191 2012 2245 ab
2041 2189 2130 2244 his

434 2282 687 2333 avertere
736 2277 1031 2348 gaudium,
1076 2293 1204 2348 quae
1261 2278 1562 2332 imitantur
1610 2278 2015 2349 aequalitatem,
2073 2283 2131 2332 et

434 2371 631 2420 utrum
660 2366 958 2437 impleant,
980 2367 1465 2436 comprehendere
1495 2383 1609 2420 non
1637 2382 1941 2436 possumus
1965 2384 1977 2421 :
2012 2367 2128 2421 imo

435 2453 591 2524 quod
646 2469 764 2507 non
818 2453 1096 2524 impleant
1152 2454 1385 2507 fortasse
1438 2453 2015 2524 comprehendimus;
2075 2457 2132 2507 et

434 2545 628 2596 tamen
659 2542 720 2596 in
747 2547 1024 2612 quantum
1047 2541 1364 2607 imitantur,
1396 2542 1636 2612 pulchra
1664 2557 1787 2596 esse
1816 2541 1878 2595 in
1907 2558 2009 2596 suo
2038 2557 2132 2612 ge-

434 2646 572 2685 nere
602 2634 657 2684 et
692 2630 892 2684 ordine
923 2646 1045 2699 suo,
1087 2645 1297 2700 negare
1326 2645 1444 2683 non
1476 2645 1802 2700 possumus.

437 2720 660 2774 CAPUT
701 2720 790 2773 XI.
823 2748 891 2758 —
937 2719 1293 2785 Inferioribus
1333 2734 1440 2773 non
1488 2717 1691 2786 offendi
1718 2720 1846 2772 solis
1886 2721 2132 2788 superio-

503 2808 655 2862 ribus
691 2809 930 2862 numeris
966 2807 1225 2861 delectari
1248 2809 1508 2862 convenit.
1539 2806 1862 2876 Ili/ferentia
1884 2808 2130 2876 phanta-

503 2899 599 2951 εἰῶ»
631 2900 682 2950 et
706 2896 1131 2965 phantasmatis.

505 2987 594 3039 29.
642 2984 768 3038 Non
819 3000 956 3055 ergo
1001 2983 1359 3038 invideamus
1407 2983 1772 3038 inferioribus
1815 3000 1991 3055 quam
2028 3000 2132 3038 nos

435 3088 654 3139 sumus,
687 3088 906 3142 nosque
937 3071 1087 3142 ipsos
1133 3071 1286 3126 inter
1328 3072 1428 3125 illa
1475 3089 1603 3144 quae
1637 3073 1785 3126 infra
1823 3089 1926 3127 nos
1974 3077 2128 3140 sunt,

435 3164 492 3214 et
519 3159 618 3214 illa
639 3176 768 3230 quae
800 3175 975 3229 supra
1003 3175 1108 3213 nos
1136 3163 1286 3226 sunt,
1321 3159 1400 3214 ita
1430 3161 1546 3214 Deo
1578 3164 1634 3214 et
1663 3160 1906 3214 Domino
1935 3165 2131 3215 nostro

436 3247 749 3318 opitulante
768 3246 1122 3313 ordinemus,
1147 3251 1209 3300 ut
1232 3247 1596 3302 inferioribus
1617 3264 1731 3301 non
1753 3247 2130 3316 offendamur,

420 3329 572 3388 “(solis
597 3337 787 3387 autem
804 3333 1194 3404 superioribus
1211 3334 1577 3389 delectemur.
1601 3334 1905 3388 Delectatio
1921 3335 2134 3405 quippe

436 3423 600 3494 quasi
628 3423 854 3493 pondus
885 3427 969 3477 est
997 3421 1222 3476 animae.
1259 3422 1562 3476 Dele‘ctatio
1593 3439 1728 3494 ergo
1753 3423 1979 3477 ordinat
2004 3425 2134 3477 ani-

436 3528 610 3566 mam.
644 3512 747 3567 Ubi
774 3513 911 3565 enim
942 3513 1048 3566 erit
1077 3512 1357 3566 thesaurus
1382 3516 1524 3578 tuus,
1555 3511 1634 3565 ibi
1663 3513 1764 3565 erit
1791 3515 1842 3566 et
1870 3527 1960 3566 cor
1985 3516 2135 3567 tuum

437 3601 654 3672 (Matth.
704 3600 948 3671 v1,'2l):
999 3599 1099 3654 ubi
1146 3600 1464 3668 delectatio,
1509 3599 1590 3654 ibi
1631 3601 1976 3656 thesaurus:
2036 3601 2136 3655 ubi

437 3694 631 3744 autem
660 3705 777 3759 cor,
807 3689 889 3743 ibi
919 3689 1209 3743 beatitudo
1241 3694 1339 3743 aut
1367 3688 1616 3744 miseria.
1640 3689 1777 3753 Quae
1804 3705 1936 3743 vero
1967 3705 2136 3760 supe-

437 3779 592 3832 riora
621 3782 773 3843 sunt,
825 3777 934 3830 nisi
981 3777 1079 3830 illa
1120 3778 1184 3830 in
1221 3777 1430 3849 quibus
1487 3793 1730 3844 summa,
1783 3778 2132 3845 inconcussa,

437 3863 945 3927 incommutabilis,
989 3869 1204 3918 aeterna
1242 3870 1436 3918 manet
1479 3865 1819 3934 aequalitas?
1856 3864 1961 3919 Ubi
2012 3866 2137 3920 nul-

438 3954 562 4015 lum
591 3957 676 4006 est
723 3956 971 4022 tempus,
1004 3951 1139 4022 quia
1179 3953 1338 4006 nulla
1367 3951 1720 4006 mutabilitas
1747 3957 1866 4007 est:
1901 3957 1958 4008 et
1984 3954 2136 4008 unde

437 4044 701 4110 tempora
742 4038 1092 4093 fabricantur
1143 4043 1199 4093 et
1243 4039 1582 4094 ordinantur
1637 4043 1694 4094 et
1739 4041 2138 4096 moditicantur

441 4128 823 4184 aeternitatem
858 4127 1167 4197 imitantia,
1198 4128 1334 4183 dum
1382 4129 1509 4183 coeli
1546 4129 1839 4183 conversio
1879 4130 1950 4184 ad
1983 4129 2138 4185 idem

440 4218 590 4274 redit
624 4217 664 4286 ί,
703 4223 757 4273 et
797 4217 1046 4272 coelestia
1081 4233 1322 4288 corpora
1352 4218 1421 4272 ad
1451 4217 1605 4272 idem
1635 4224 1877 4286 revocat,
1911 4218 2138 4274 diebus-

442 4324 555 4380 que
595 4313 652 4362 et
688 4306 982 4362 mensibus
1013 4311 1071 4360 et
1102 4306 1266 4360 annis
1295 4311 1351 4361 et
1381 4307 1592 4374 lustris,
1625 4308 1956 4380 caaterisque
1987 4308 2138 4362 side-

442 4413 571 4451 rum
603 4397 854 4463 orbibus,
897 4394 1122 4466 legibus
1150 4395 1490 4466 aequalitatis
1535 4401 1592 4450 et
1620 4395 1855 4450 unitatis
1887 4400 1944 4450 et
1986 4395 2140 4451 ordi-

443 4485 693 4540 nationis
721 4485 1098 4555 obtemperat.
1132 4485 1217 4538 Ita
1255 4483 1575 4538 coelestibus
1604 4489 1831 4539 terrena
1868 4485 2139 4556 subjecta,

441 4575 606 4628 orbes
632 4580 958 4645 temporum
995 4589 1229 4628 suorum
1260 4589 1567 4627 numerosa
1597 4573 1947 4628 successione
1980 4573 2142 4644 quasi

443 4661 682 4716 carmini
711 4662 1095 4716 universitatis
1126 4661 1420 4716 associant.

516 4753 603 4804 30.
639 4751 701 4803 In
731 4750 938 4820 quibus
985 4751 1164 4805 multa
1203 4751 1367 4806 nobis
1415 4749 1680 4805 videntur
1717 4750 2042 4805 inordinata
2085 4755 2142 4806 et

447 4838 801 4912 perturbata,
842 4838 978 4910 quia
1021 4856 1223 4894 eorum
1278 4839 1469 4894 ordini
1519 4855 1624 4910 pro
1662 4838 1875 4893 nostris
1923 4839 2142 4894 meritis

445 4928 622 4984 assuti
652 4942 848 4982 sumus
875 4927 920 4994 ³,
961 4927 1276 4982 nescientes
1310 4927 1448 4999 quid
1478 4928 1546 4982 de
1581 4927 1746 4982 nobis
1777 4926 1970 4982 divina
2006 4943 2143 4998 pro-

443 5018 651 5092 legitur,
681 5018 923 5092 spatium
946 5017 1365 5077 taciturnitatis;
1399 5017 1487 5066 ubi
1508 5016 1875 5065 substituimus
1905 5029 1971 5065 ex
1997 5017 2141 5076 Mss.,

446 5079 616 5131 tacitis
642 5079 875 5129 nutibus.

510 5146 524 5179 ι
556 5143 670 5191 Am.
693 5142 776 5190 Er.
801 5146 853 5189 et
867 5139 1046 5203 plures
1066 5140 1208 5198 Mss.,
1229 5139 1300 5190 ad
1315 5139 1454 5203 diem
1467 5139 1704 5191 redit.Et
1718 5140 1856 5188 infra
1875 5140 2033 5188 iidem
2055 5139 2145 5188 ha-

443 5206 571 5255 bent
599 5206 703 5253 Mss
729 5242 742 5260 ,
769 5203 840 5253 ad
868 5202 1018 5252 diem
1042 5207 1265 5252 revocat.
1304 5202 1466 5251 Paulo
1505 5207 1624 5264 post
1654 5203 1705 5250 in
1741 5203 1894 5251 editis
1930 5203 2140 5264 legitur,

443 5267 683 5338 siderum
704 5266 986 5317 ordinibus
1008 5263 1330 5328 legibusque.
1345 5265 1410 5314 At
1427 5265 1482 5314 in
1501 5263 1643 5325 Mss,
1658 5264 1899 5316 siderum
1915 5265 2142 5325 orbibus,

449 5330 774 5391 legibusque.

508 5393 684 5440 9Libri
707 5391 884 5455 scripti
907 5388 1152 5455 etexcusi
1202 5389 1395 5455 ferunt,
1443 5389 1641 5455 assueti
1684 5401 1891 5455 sumus.
1932 5386 2144 5455 _Sed_in-

451 5457 759 5518 cunctanter
779 5450 1079 5518 legendum,
1099 5453 1264 5502 assuti
1292 5465 1492 5518 sumus,
1515 5457 1574 5518 ut
1600 5453 1655 5501 in
1677 5451 1946 5502 Corbeinsi
1964 5450 2144 5518 codice

448 5514 721 5578 legebatur
731 5512 1013 5582 antequam
1028 5529 1215 5581 passus
1231 5517 1371 5565 esset
1379 5513 1670 5564 secundum
1686 5527 1923 5570 manum,
1937 5526 2054 5576 quae
2069 5512 2142 5562 in-

1717 209 1810 264 DE
1848 178 2133 278 MUSICA,
2175 208 2228 264 s.
2267 207 2649 265 AUGUSTINI
3761 220 3853 270 uso

2239 331 2486 388 videntia
2540 332 2848 402 pulchrum
2893 336 3075 402 gerat.
3126 333 3412 397 Quoniam
3462 333 3509 386 si
3562 335 3694 406 quis,
3740 339 3854 393 verbi

2237 419 2441 492 gratia,
2462 420 2520 474 in
2545 419 3032 490 amplissimarum
3059 421 3678 494 pulcherrimarumque
3699 425 3856 480 aedium

2235 527 2351 565 uno
2384 509 2573 580 aliquo
2621 510 2831 580 angulo
2879 513 3155 580 tanquam
3203 514 3388 565 statua
3429 510 3729 576 collocetur,
3767 515 3856 584 pulo

2236 599 2616 653 chritudiuem
2659 599 2812 652 illius
2857 598 3084 652 fabricas
3116 599 3322 653 sentire
3355 615 3472 652 non
3510 601 3717 670 poterit,
3743 603 3858 672 cujus

2236 693 2292 743 et
2316 688 2436 759 ipse
2467 704 2600 758 pars
2638 687 2763 742 erit.
2809 688 2921 741 Nec
2948 687 3200 740 universi
3228 687 3508 741 exercitus
3537 687 3768 742 ordinem
3790 692 3860 744 mi-
3961 739 3967 748 ,

2235 777 2316 831 les
2345 775 2405 830 in
2449 775 2568 830 acie
2613 777 2762 829 valet
2808 775 3040 829 intueri.
3093 777 3155 829 Et
3195 776 3256 828 in
3285 775 3542 846 quolibet
3579 782 3802 846 poemate
3828 779 3859 831 si

2236 868 2449 936 quanto
2491 865 2674 936 spatio
2723 864 2953 936 syllabae
3000 869 3228 933 sonant,
3274 869 3433 919 tanto
3473 864 3710 918 viverent
3737 869 3861 936 atque

2236 954 2530 1020 sentirent,
2581 953 2740 1008 nullo
2793 953 2967 1008 modo
3017 954 3116 1007 illa
3158 953 3537 1008 numerositas
3577 957 3630 1007 et
3671 955 3861 1008 contexti

2235 1043 2423 1112 operis
2453 1042 2816 1113 pulchritudo
2866 1043 2948 1097 eis
2977 1044 3242 1114 placeret,
3285 1057 3461 1114 quam
3501 1046 3670 1095 totam
3703 1043 3863 1111 perspi-

2236 1148 2362 1186 cere
2398 1136 2569 1202 atque
2601 1132 2917 1202 approbare
2948 1148 3065 1185 non
3096 1135 3353 1201 possunt,
3382 1146 3513 1184 cum
3545 1130 3612 1184 de
3643 1129 3762 1200 ipsis
3787 1131 3863 1183 sin-

2237 1219 2385 1290 gulis
2422 1218 2903 1289 prmtereuntibus
2939 1219 3210 1272 fabricata
3257 1222 3404 1272 esset
3443 1222 3610 1287 atque
3652 1216 3861 1286 perfecta.

2237 1308 2320 1360 Ita
2358 1313 2683 1378 peccantem
2725 1307 3016 1361 hominem
3048 1306 3330 1361 ordinavit
3360 1307 3511 1359 Deus
3537 1311 3760 1376 turpem,
3785 1321 3864 1359 non

2237 1395 2502 1465 turpiter.
2553 1395 2755 1465 Turpis
2800 1394 2956 1448 enim
2993 1395 3173 1449 factus
3222 1399 3305 1448 est
3352 1395 3656 1458 voluntate,
3693 1393 3863 1446 univer-

2239 1499 2365 1537 sum
2387 1484 2697 1538 amittendo
2725 1484 2877 1556 quod
2901 1483 3002 1538 Dei
3027 1483 3327 1554 praeceptis
3358 1483 3742 1552 obtemperans
3771 1497 3863 1550 pos-

2239 1572 2478 1640 sidebat,
2508 1577 2562 1627 et
2587 1573 2880 1627 ordinatus
2904 1573 2963 1626 in
2993 1577 3154 1643 parte
3184 1576 3289 1639 est,
3322 1576 3386 1624 ut
3416 1570 3517 1641 qui
3545 1570 3716 1641 legem
3741 1585 3862 1639 agere

2238 1660 2440 1726 noluit,
2470 1677 2504 1714 a
2540 1662 2664 1732 lege
2702 1664 2922 1731 agatur.
2961 1659 3250 1731 Quidquid
3286 1664 3483 1713 autem
3512 1657 3765 1727 legitime,
3788 1656 3865 1709 uti-

2239 1764 2349 1819 que
2373 1748 2525 1818 juste
2550 1764 2564 1813 ;
2593 1752 2650 1802 et
2678 1747 2958 1819 quidquid
2978 1748 3152 1818 juste,
3178 1763 3294 1801 non
3321 1747 3520 1817 utique
3548 1744 3763 1815 turpiter
3779 1744 3861 1814 agi-

2237 1839 2331 1890 tur
2354 1853 2366 1890 :
2401 1835 2537 1907 quia
2561 1840 2616 1890 et
2643 1835 2702 1889 in
2728 1835 2893 1890 malis
2922 1835 3192 1905 operibus
3224 1833 3433 1889 nostris
3456 1834 3555 1888 Dei
3582 1847 3738 1903 Opera
3758 1831 3864 1884 bona

2239 1929 2391 1979 sunt.
2433 1925 2614 1979 Homo
2654 1941 2903 1995 mauque
2939 1924 3000 1978 in
3044 1928 3323 1996 quantum
3352 1923 3527 1977 homo
3565 1924 3660 1988 est,
3688 1919 3860 1991 aliquod

2237 2013 2456 2068 bonum
2489 2016 2608 2080 est;
2660 2013 3003 2068 adulterium
3050 2018 3242 2067 autem
3286 2012 3347 2064 in
3399 2015 3670 2082 quantum
3703 2008 3864 2062 adulte-

2239 2102 2390 2157 rium
2413 2107 2519 2171 est,
2543 2102 2759 2156 malum
2779 2117 2924 2172 opus
2943 2105 3064 2155 est:
3097 2101 3444 2170 plerumque
3463 2101 3648 2152 autem
3671 2095 3730 2150 de
3752 2093 3863 2148 adul-

2239 2191 2382 2246 terio
2411 2190 2664 2245 nascitur
2700 2191 2899 2259 homo,
2930 2190 3000 2244 de
3043 2189 3194 2242 malo
3233 2187 3449 2242 scilicet
3475 2183 3708 2240 hominis
3740 2198 3862 2252 opere

2240 2283 2460 2336 bonum
2489 2296 2635 2351 opus
2664 2279 2789 2333 Dei.

2311 2371 2399 2424 3i.
2449 2368 2834 2432 Quamobrem
2886 2371 2948 2421 ut
2996 2383 3100 2422 nos
3157 2367 3226 2420 ad
3272 2364 3644 2437 propositum,
3689 2362 3862 2432 propter

2241 2456 2394 2527 quod
2423 2457 2546 2511 haec
2583 2460 2717 2510 sunt
2768 2455 2937 2521 dicta,
2971 2455 3306 2520 referamus,
3347 2454 3410 2508 hi
3449 2449 3665 2507 numeri
3689 2446 3863 2502 rationis

2238 2545 2665 2616 pulchritudine
2699 2544 3061 2616 prmminent,
3084 2560 3117 2598 a
3148 2543 3357 2614 quibus
3388 2542 3438 2595 si
3464 2555 3680 2613 prorsus
3705 2535 3861 2591 abscin-

2242 2635 2530 2703 deremur,
2580 2650 2710 2688 cum
2752 2633 3099 2687 inclinamur
3147 2632 3218 2685 ad
3265 2647 3497 2702 corpus,
3540 2637 3861 2699 progressores

2241 2739 2511 2778 numeros
2540 2723 2829 2776 sensuales
2856 2738 2974 2776 non
2996 2720 3428 2776 modiﬁcarent:
3464 2717 3560 2790 qui
3589 2730 3756 2770 rursus
3779 2726 3859 2764 mo-

2241 2813 2439 2866 vendis
2487 2811 2816 2882 corporibus
2857 2816 3036 2882 agunt
3075 2808 3374 2864 sensibiles
3425 2811 3725 2876 temporum
3769 2799 3860 2870 pul-

2242 2898 2625 2954 chritudines:
2671 2903 2842 2969 atque
2879 2897 2960 2952 ita
2987 2896 3319 2951 sonantibus
3352 2895 3505 2949 obvii
3533 2892 3690 2948 etiam
3713 2901 3856 2943 occur-

2243 3004 2396 3042 sores
2429 2987 2657 3042 numeri
2694 2987 3076 3052 fabricantur;
3127 3001 3269 3056 quos
3299 3000 3499 3038 omnes
3528 2983 3746 3052 impetus
3769 2990 3856 3029 suos

2242 3077 2439 3132 eadem
2483 3076 2675 3130 anima
2717 3075 3021 3146 excipiens,
3070 3073 3233 3146 quasi
3273 3071 3608 3142 multiplicat
3632 3069 3686 3122 in
3709 3063 3854 3135 seipsa,

2243 3170 2299 3220 et
2326 3165 2706 3220 recordabiles
2735 3164 2902 3218 facit:
2955 3179 3084 3234 quae
3122 3163 3205 3215 vis
3236 3162 3362 3232 ejus
3407 3155 3667 3214 memoria
3690 3153 3852 3213 dicitur,

2242 3270 2517 3325 magnum
2539 3253 2828 3324 quoddam
2858 3250 3210 3322 adjutorium
3233 3250 3294 3304 in
3325 3249 3499 3320 hujus
3528 3246 3645 3301 vitai
3661 3239 3854 3312 negotio-

2243 3341 2483 3396 sissimis
2512 3341 2750 3396 actibus.

2315 3432 2402 3485 32.
2457 3432 2586 3485 Haec
2633 3429 2810 3501 igitur
2856 3428 3133 3484 memoria
3171 3440 3548 3499 quaecumque
3585 3423 3647 3478 de
3675 3414 3854 3506 motibus

2245 3519 2425 3574 animi
2472 3523 2647 3586 tenet,
2699 3519 2799 3590 qui
2856 3519 3125 3573 adversus
3176 3517 3470 3587 passiones
3527 3508 3744 3582 corporis
3781 3507 3852 3556 acu

2245 3613 2378 3662 sunt
2406 3615 2662 3679 φαπασὶαι
2702 3623 2886 3679 graece
2933 3612 3244 3672 vocantur;
3275 3621 3385 3659 nec
3426 3600 3640 3658 invenio
3666 3593 3772 3668 quid
3793 3605 3854 3643 eas

2245 3697 2422 3751 latine
2452 3697 2649 3752 malim
2678 3712 2912 3752 vocare:
2941 3712 3082 3767 quas
3109 3712 3215 3766 pro
3245 3693 3488 3766 cognitis
3524 3689 3710 3746 habere
3735 3687 3850 3748 atque

2244 3801 2350 3855 pro
2380 3786 2665 3856 perceptis
2706 3784 3014 3856 Opinabilis
3039 3783 3156 3838 vita
3185 3787 3271 3837 est
3298 3781 3341 3845 ί,
3372 3779 3660 3836 constituta
3695 3772 3743 3826 in
3769 3770 3850 3838 ipso

2247 3873 2456 3928 erroris
2487 3873 2748 3928 introitu.
2779 3873 2887 3928 Sed
2915 3888 3046 3927 cum
3068 3870 3177 3926 sibi
3197 3871 3292 3925 isti
3320 3874 3510 3925 motus
3532 3863 3792 3948 occursant.
3814 3859 3850 3948 el

2245 3965 2539 4033 tamquam
2570 3962 2803 4016 diversis
2844 3965 2899 4016 et
2937 3959 3397 4032 repugnantibus
3426 3951 3727 4012 intentionis
3752 3947 3848 3999 ﬂati-

2245 4053 2352 4108 bus
2383 4057 2645 4120 aestuant,
2686 4051 2828 4107 alios
2858 4068 2920 4106 ex
2970 4051 3094 4106 aliis
3134 4054 3326 4105 motus
3363 4048 3624 4120 pariunt;
3660 4054 3753 4096 non
3769 4035 3848 4128 ,Ῐδιξι

2248 4158 2343 4197 eos
2371 4141 2472 4214 qui
2492 4145 2760 4197 tenentur
2786 4157 2850 4195 ex
2874 4139 3304 4194 occursionibus
3331 4137 3647 4210 passionum
3668 4134 3849 4216 corpor}S

2247 4230 2512 4301 impressi
2539 4231 2607 4285 de
2641 4229 2920 4296 sensibus,
2955 4227 3170 4282 similes
3197 4232 3393 4282 tamen
3421 4233 3676 4294 tanquam
3700 4217 3849 4307 imas!-

2248 4300 2386 4374 num
2418 4318 2720 4389 imagines,
2763 4335 2892 4389 quae
2922 4317 3320 4388 phantasmata
3362 4313 3472 4370 dici
3499 4307 3704 4394 placuit.
3729 4300 3850 4394 Αξξξθτ

2250 4409 2406 4463 enim
2452 4387 2638 4478 cogito
2689 4387 3157 4478 patremimeum
3200 4419 3375 4475 quem
3417 4416 3562 4471 saepe
3604 4387 3851 4481 vidi,alilf3r

2249 4514 2420 4553 avum
2443 4513 2612 4568 quem
2640 4512 2935 4567 nunquam
2961 4494 3096 4548 vidi.
3125 4495 3337 4548 Horum
3368 4491 3607 4563 primum
3626 4482 3848 4570 phanlﬁ§la

2251 4591 2355 4656 est,
2388 4587 2630 4642 alterum
2678 4586 3036 4656 phantasma.
3077 4583 3223 4637 Illud
3269 4582 3330 4636 in
3376 4575 3639 4636 memoria
3670 4572 3846 4656 interim;

2251 4651 2360 4731 hoc
2387 4676 2448 4730 in
2481 4691 2545 4729 eo
2575 4651 2741 4729 motu
2766 4672 2962 4740 animi,
2993 4671 3092 4742 qui
3122 4687 3190 4725 ex
3218 4670 3289 4725 iis
3309 4675 3465 4724 ortus
3489 4669 3567 4721 est
3593 4675 3712 4733 quos
3729 4651 3846 4746 habet

2251 4764 2552 4819 memoria.
2593 4762 2888 4828 Quomodo
2917 4766 3110 4815 autem
3139 4760 3398 4813 oriantur
3431 4759 3565 4819 ham,
3593 4756 3642 4805 et
3661 4749 3847 4841 intemre

2253 4858 2310 4908 et
2331 4851 2612 4924 explicare
2635 4851 2866 4906 difﬁcile
2895 4854 2996 4904 est.
3033 4848 3296 4903 Arbitror
3321 4853 3528 4909 tamen,
3549 4836 3679 4912 quod
3699 4836 3737 4886 si
3751 4838 3846 4882 nun-

2253 4958 2425 5013 quam
2458 4942 2710 4994 humana
2739 4954 2982 5008 corpora
3007 4936 3295 5001 vidissem,
3327 4935 3482 4990 nullo
3508 4928 3657 4985 modo
3682 4938 3736 4976 ea
3755 4928 3845 5013 Ρθδξ

2251 5012 2370 5084 sem
2399 5029 2609 5084 visibili
2637 5027 2823 5099 specie
2843 5027 3147 5098 cogitando
3169 5025 3439 5094 figurare.
3471 5016 3615 5085 Quod
3639 5014 3788 5067 autem
3802 5012 3845 5053 ex

2253 5135 2632 5204 sertavocalie,
2658 5134 2780 5204 fecit
2797 5135 3001 5183 assueti.
3030 5131 3166 5204 _Vide
3189 5131 3383 5204 librum
3405 5129 3466 5204 de
3486 5114 3844 5204 Vereﬂtf‘ligiogi

2479 5177 2639 5256 Ε’ὶξί,
2764 5177 3421 5256 remeanideuiinculcans
3441 5182 3740 5249 Augustinus.
3753 5177 3846 5215 ⁸⁵⁸·

2253 5255 2512 5316 culorum,
2537 5255 2633 5315 ait,
2654 5263 2825 5322 partes
2846 5257 3184 5305 damnatione
3214 5255 3329 5303 facti
3345 5263 3604 5325 sumus}:-
3830 5310 3846 5319 ρ

2319 5326 2329 5338 ι
2366 5323 2417 5338 nu
2446 5322 2648 5338 ,ﬁsnhrn-
2681 5321 2731 5338 ιε
2751 5335 2761 5338 _
2791 5320 2992 5338 ___!-_A
3025 5319 3140 5338 r:|__:
3190 5317 3247 5338 ιη.
3276 5315 3472 5338 -.-ηιηηι
3497 5311 3636 5338 mhhn
3654 5301 3754 5338 inv.
3782 5291 3828 5338 ha

2319 5301 3181 5372 variant—libri.—
3190 5301 3258 5365 Et
3272 5301 3475 5380 quidem
3496 5307 3636 5380 editio

2255 5385 2341 5458 bet.
2363 5355 3548 5461 isticaso‘aiqassge
3565 5355 3842 5461 sese:

2253 5423 2652 5509 sagittatis
2664 5423 2894 5509 23211113
2909 5423 3366 5509 ῥίεῖέζξόᾖεὶὶᾱὸἱίἷέ
3379 5423 3465 5490 υἷα
3483 5436 3565 5485 est.
3585 5423 3764 5486 Qdidam

2253 5506 2419 5568 nium,
2447 5509 2695 5572 opinans,
2720 5506 2803 5557 vel
2829 5506 3112 5570 opinatius.
