4080 6178
229 188 355 240 1181
1693 184 1905 240 LIBER

220 326 291 366 eo
320 309 474 382 quod
495 307 614 363 vidi
660 306 825 375 facio,
878 305 1159 361 memoria
1188 306 1373 361 facio:
1423 309 1480 361 et
1526 310 1722 361 tamen
1761 306 1920 361 aliud

220 402 309 452 est
338 396 399 450 in
419 394 697 449 memoria
726 392 982 448 invenire
1011 392 1393 464 phantasiam,
1422 392 1578 448 aliud
1608 394 1676 449 de
1708 411 1921 450 memo-

219 486 308 543 ria
353 486 536 540 facere
564 483 919 554 phantasma.
954 482 1091 546 Qua
1121 482 1316 535 omnia
1344 482 1426 536 vis
1455 483 1663 538 anima
1712 487 1916 553 potest.

219 573 336 629 Sed
373 588 504 626 vera
548 570 720 625 etiam
786 571 1185 641 phantasmata
1244 570 1453 625 habere
1506 587 1610 642 pro
1654 571 1918 641 cognitis,

219 678 482 715 summus
509 675 672 714 error
703 663 804 713 est.
837 659 1177 728 Quanquam
1212 657 1284 711 sit
1338 658 1399 711 in
1429 663 1673 730 utroque
1711 675 1921 728 genere

219 750 378 823 quod
407 766 508 803 nos
540 765 657 803 non
686 747 929 802 absurde
954 746 1095 800 scire
1138 746 1417 813 dicamus,
1447 747 1504 801 id
1534 753 1637 814 est,
1681 747 1921 803 sensisse

219 854 325 893 nos
355 836 510 903 talia,
535 824 959 905 vel'imaginari
982 850 1086 887 nos
1116 834 1270 888 talia.
1300 836 1528 888 Patrem
1551 834 1797 906 denique
1831 851 1922 896 me

221 925 489 981 habuisse
523 929 580 978 et
606 940 793 986 avum,
827 938 943 977 non
972 925 1188 976 temere
1243 938 1481 993 possum
1512 922 1736 977 dicere:
1770 923 1922 994 ipsos

221 1018 416 1069 autem
448 1028 568 1067 esse
605 1028 747 1083 quos
802 1011 1027 1065 animus
1079 1026 1238 1064 meus
1293 1010 1352 1064 in
1388 1010 1686 1082 phantasia
1724 1013 1811 1065 vel
1862 1011 1922 1065 in

218 1103 623 1174 phantasmate
656 1103 829 1168 tenet,
877 1097 1303 1153 dementissime
1353 1098 1618 1155 dixerim.
1669 1098 1924 1169 Sequun-

221 1196 317 1246 tur
346 1195 540 1243 autem
572 1186 836 1241 nonnulli
864 1187 1265 1256 phantasmata
1294 1203 1395 1240 sua
1421 1190 1540 1241 tam
1576 1188 1920 1258 pracipites,

218 1284 289 1334 ut
316 1278 474 1333 nulla
504 1276 575 1330 sit
606 1276 715 1330 alia
771 1274 1035 1329 materies
1084 1274 1345 1328 omnium
1383 1275 1656 1329 falsarum
1698 1274 1921 1344 opinio-

219 1383 384 1432 num,
418 1359 592 1436 qu'am
647 1363 859 1418 habere
889 1362 1218 1433 phantasias
1241 1363 1342 1432 ivel
1392 1363 1789 1432 phantasmata
1818 1376 1920 1432 pro

221 1454 486 1526 cognitis,
522 1469 650 1524 qua
702 1455 1128 1523 cognoscuntur
1154 1467 1257 1521 per
1287 1466 1519 1505 sensum
1543 1453 1583 1505 ί.
1617 1450 1802 1514 Quare
1834 1448 1923 1503 his

220 1542 588 1614 potissimum
615 1540 967 1607 resistamus,
1001 1556 1105 1594 nec
1122 1538 1204 1593 eis
1224 1539 1305 1593 ita
1330 1544 1584 1594 mentem
1602 1554 1921 1592 accommo-

222 1634 446 1698 demus,
480 1635 542 1684 ut
571 1629 709 1684 dum
734 1628 796 1682 in
845 1629 936 1683 his
966 1632 1053 1683 est
1097 1627 1384 1698 cogitatio,
1434 1626 1826 1699 intelligentia
1856 1642 1924 1681 ea

222 1720 381 1775 cerni
411 1719 776 1773 arbitremur.

296 1812 383 1864 33.
422 1809 532 1863 Cur
563 1809 755 1860 autem
786 1803 834 1857 si
863 1802 1199 1874 hujusmodi
1254 1803 1480 1859 numeri
1537 1803 1638 1874 qui
1670 1803 1818 1857 ﬁunt
1862 1802 1923 1857 in

220 1897 416 1952 anima
442 1895 612 1950 rebus
638 1892 1054 1964 temporalibus
1082 1891 1292 1959 dedita,
1337 1892 1551 1946 habent
1579 1891 1667 1945 sui
1696 1890 1922 1962 generis

218 1984 731 2056 pulchritudinem,
767 1982 1024 2053 quamvis
1073 1998 1201 2035 eam
1244 1981 1593 2036 transeundo
1648 1980 1919 2047 actitent,

221 2073 472 2127 invideat
513 2072 646 2127 huic
696 2070 1112 2142 pulchritudini
1142 2070 1333 2124 divina
1359 2068 1738 2140 providentia,
1792 2085 1923 2140 qua

221 2162 293 2216 de
321 2164 515 2215 nostra
544 2160 755 2232 poenali
801 2159 1146 2213 mortalitate
1172 2158 1473 2227 formatur,
1502 2174 1677 2229 quam
1722 2157 1922 2228 justis-

221 2251 367 2305 sima
398 2249 497 2304 Dei
528 2250 653 2318 lege
702 2248 1019 2303 meruimus
1049 2264 1062 2302 :
1095 2247 1157 2301 in
1187 2264 1300 2319 qua
1329 2251 1523 2301 tamen
1552 2263 1658 2301 nos
1688 2262 1803 2300 non
1844 2246 1925 2300 ita

222 2339 498 2405 deseruit,
530 2342 594 2392 ut
625 2354 739 2392 non
768 2337 1057 2391 valeamus
1107 2352 1421 2403 recurrere,
1452 2339 1508 2390 et
1538 2352 1570 2389 a
1608 2334 1923 2388 carnalium

223 2444 495 2483 sensuum
523 2426 921 2494 delectatione,
952 2424 1340 2480 misericordia
1368 2425 1490 2495 ejus
1528 2439 1764 2477 manum
1793 2439 1923 2494 por-

225 2516 472 2587 rigente,
503 2515 774 2570 revocari.
808 2514 956 2569 Talis
986 2513 1141 2568 enim
1203 2512 1500 2567 delectatio
1554 2512 1923 2566 vehementer

228 2605 418 2675 inﬁgit
445 2604 737 2659 memoria
767 2604 919 2674 quod
949 2601 1122 2656 trahit
1155 2619 1188 2655 a
1215 2600 1446 2656 lubricis
1474 2600 1751 2655 sensibus.
1795 2601 1925 2654 Haec

230 2697 422 2747 autem
450 2693 659 2746 anima
714 2691 1065 2745 consuetudo
1092 2690 1239 2745 facta
1284 2706 1414 2744 cum
1471 2705 1660 2756 carne,
1690 2694 1925 2760 propter

230 2782 516 2836 carnalem
547 2779 928 2845 affectionem,
963 2779 1026 2832 in
1055 2777 1357 2848 Scripturis
1408 2777 1616 2831 divinis
1659 2793 1789 2830 caro
1821 2793 1922 2830 no-

230 2870 494 2924 minatur.
528 2870 657 2922 Hac
684 2866 866 2921 menti
905 2866 1249 2931 obluctatur,
1284 2881 1414 2919 cum
1435 2866 1557 2935 jam
1589 2864 1700 2919 dici
1734 2868 1925 2935 potest

227 2958 603 3030 apostolicum
628 2956 769 3011 illud
797 2973 809 3010 :
847 2957 1022 3010 Mente
1062 2957 1235 3009 servio
1258 2954 1363 3021 legi
1386 2955 1509 3020 Dei,
1551 2969 1712 3007 carne
1745 2958 1924 3008 autem

230 3050 335 3115 legi
368 3049 578 3117 peccati
608 3048 777 3113 (Rom.
812 3061 907 3110 vn,
964 3044 1071 3113 25).
1107 3043 1219 3097 Sed
1246 3043 1309 3096 in
1365 3042 1685 3113 spiritualia
1730 3046 1923 3096 mente

226 3152 498 3206 suspensa
526 3134 686 3206 atqui
715 3133 797 3187 ibi
825 3133 938 3187 ﬁxa
969 3136 1024 3186 et
1046 3137 1335 3199 manente,
1370 3131 1543 3185 etiam
1581 3132 1751 3202 hujus
1786 3148 1929 3197 con-7

227 3223 547 3295 suetudinis
566 3223 824 3292 impetus
878 3220 1182 3291 frangitur,
1238 3225 1294 3274 et
1322 3219 1600 3291 paulatim
1628 3236 1921 3290 repressus

228 3312 627 3383 exstinguitur,
660 3311 833 3381 Major
862 3309 1015 3364 enim
1050 3314 1170 3365 erat
1201 3326 1331 3364 cum
1362 3324 1763 3379 sequeremur;
1807 3324 1923 3362 non

227 3407 421 3457 tamen
454 3400 689 3455 omnino
716 3400 926 3465 nullus,
957 3399 1056 3453 sed
1086 3403 1236 3453 certe
1266 3398 1457 3451 minor
1487 3402 1571 3452 est
1621 3414 1751 3452 cum
1790 3413 1923 3452 eum

226 3490 601 3555 refrenemus,
664 3492 833 3558 atque
893 3487 973 3541 ita
1022 3486 1189 3541 certis
1246 3484 1597 3557 reg’ressibus
1654 3487 1724 3539 ab
1767 3486 1926 3541 omni

226 3576 555 3632 lasciviente
585 3580 769 3643 motu,
800 3575 859 3629 in
893 3591 1008 3647 quo
1040 3575 1293 3629 defectus
1314 3574 1574 3629 essentia
1588 3579 1670 3628 est
1692 3574 1920 3643 anima,

222 3665 595 3721 delectatione
626 3665 685 3719 in
715 3664 952 3718 rationis
985 3679 1254 3718 numeros
1306 3663 1568 3717 restituta
1626 3663 1696 3717 ad
1742 3665 1923 3718 Deum

224 3760 346 3810 tota
375 3755 489 3809 vita
517 3758 709 3808 nostra
759 3754 1130 3822 convertitur,
1183 3752 1323 3807 dans
1376 3751 1597 3823 corpori
1653 3768 1925 3807 numeros

225 3842 507 3911 sanitatis,
558 3858 679 3897 non
735 3842 1017 3913 accipiens
1072 3840 1208 3897 inde
1262 3841 1559 3909 latitiam;
1590 3841 1744 3913 quod
1795 3858 1924 3896 cor-

225 3936 397 4003 rupto
423 3931 704 3986 exteriore
739 3931 991 3998 homine,
1026 3935 1084 3986 et
1108 3931 1232 4003 ejus
1262 3930 1323 3985 in
1351 3929 1559 3985 melius
1608 3934 1923 3985 commuta-

222 4022 382 4076 tione
411 4021 722 4093 continget.

297 4166 522 4221 CAPUT
547 4166 659 4221 ΧΙΙ.
692 4195 761 4207 -
790 4168 868 4221 De
895 4165 1132 4220 numeris
1160 4162 1543 4233 spiritualibus
1575 4167 1625 4217 et
1651 4165 1883 4218 aterm‘s.

300 4292 387 4345 34.
441 4290 655 4362 Excipit
708 4292 898 4345 autem
954 4286 1235 4343 memoria
1281 4303 1397 4342 nan
1453 4287 1639 4340 solum
1671 4286 1923 4340 carnales

222 4381 419 4432 motus
442 4376 643 4444 animi,
670 4376 740 4431 de
773 4376 981 4447 quibus
1009 4373 1268 4430 numeris
1299 4390 1471 4444 supra
1501 4373 1625 4444 jam
1656 4372 1920 4439 diximus;

223 4467 327 4522 sed
356 4467 527 4521 etiam
556 4465 901 4537 spirituales,
935 4465 1005 4519 de
1034 4463 1243 4536 quibus
1274 4462 1524 4518 breviter
1552 4462 1757 4517 dicam.
1801 4462 1922 4526 Quo

221 4556 383 4611 enim
412 4555 805 4625 simpliciores,
840 4559 993 4620 sunt,
1027 4553 1409 4612 eoverborum
1424 4551 1633 4620 minus,
1667 4552 1766 4606 sed
1795 4552 1922 4622 plu-

220 4645 441 4699 rimum
464 4660 683 4699 serena
718 4642 928 4698 mentis
959 4642 1303 4698 desiderant.
1334 4641 1737 4713 xEqualitatem
1765 4639 1924 4694 illam

218 4748 399 4805 quam
426 4732 488 4786 in
523 4732 891 4787 sensibilibus
918 4732 1171 4785 numeris
1202 4747 1319 4785 non
1350 4728 1776 4800 reperiebamus
1810 4743 1925 4782 cer-

219 4827 343 4877 tam
374 4826 430 4876 et
458 4826 809 4889 manentem,
840 4820 939 4875 sed
967 4824 1160 4875 tamen
1172 4819 1591 4879 adumbratam,
1615 4822 1671 4873 et
1693 4821 1925 4888 prater-

220 4914 461 4967 euntem
492 4911 960 4981 agnoscebamus,
1012 4924 1299 4980 nusquam
1342 4908 1598 4979 profecto
1627 4910 1924 4978 appeteret

221 4998 454 5055 animus
482 5000 592 5054 nisi
605 4998 816 5054 alicubi
847 5002 984 5053 nota
1012 5002 1193 5052 esset:
1216 4998 1321 5051 hoc
1352 5000 1543 5051 autem
1575 4995 1783 5050 alicubi
1806 5011 1925 5050 non

220 5090 287 5144 in
319 5088 514 5160 spatiis
540 5090 799 5143 locorum
818 5092 872 5142 et
901 5091 1222 5158 temporum
1250 5103 1263 5154 ;
1298 5101 1430 5139 nam
1459 5085 1557 5139 illa
1590 5088 1834 5151 tument,
1867 5089 1925 5139 et

219 5179 333 5233 ista
359 5182 729 5248 pratereunt.
762 5177 869 5232 Ubi
900 5193 1035 5248 ergo
1085 5191 1299 5242 censes,
1358 5172 1656 5245 responde,
1705 5190 1922 5244 quaso,

292 5332 307 5365 ι
332 5331 376 5379 Α
398 5330 661 5394 plerisque
691 5331 834 5394 Msa,
871 5330 1067 5379 absunt
1085 5328 1269 5377 isthac
1291 5327 1462 5394 verba
1486 5342 1497 5375 :
1533 5327 1707 5386 Quam
1730 5326 1926 5394 habere

218 5391 641 5506 ρὶὲῗγὲἒιῖιδέἓετηύει
652 5391 1029 5457 phantasmata
1035 5404 1132 5455 pro
1148 5392 1389 5454 cognitis,
1411 5402 1524 5453 quae
1533 5392 1924 5451 cognoscuntur

218 5470 263 5521 ρ
575 5491 588 5504 .

1963 182 2255 239 SEXTUS.

3600 193 3731 245 1182

2030 306 2078 361 si
2106 309 2314 377 potest.
2348 307 2474 360 Non
2499 306 2655 361 enim
2693 307 2755 361 in
2784 322 3086 378 corporum
3139 308 3340 363 formis
3369 314 3554 381 putas,
3588 328 3731 382 quas

2028 395 2249 467 liquido
2282 394 2540 449 examine
2570 396 2818 465 aquales
2860 411 3159 468 nunquam
3214 398 3400 451 dicere
3443 398 3679 453 audebis
3716 417 3729 455 :

2028 488 2127 539 aut
2180 484 2240 537 in
2299 489 2622 554 temporum
2670 483 3003 552 intervallis,
3080 485 3143 539 in
3191 485 3400 555 quibus
3466 487 3732 541 similiter

2028 575 2221 625 utrum
2255 571 2329 625 sit
2357 570 2572 641 aliquid
2602 570 2892 641 aliquanto
2920 587 3093 641 quam
3124 576 3349 642 oportet
3392 573 3728 642 productius

2026 661 2115 713 vel
2145 659 2456 730 correptius
2486 659 2637 729 quod
2662 674 2891 712 sensum
2920 659 3126 729 fugiat,
3158 660 3524 731 fignoramus.
3568 661 3729 715 Illam

2029 748 2241 819 quippe
2272 747 2659 819 aequalitatem
2689 763 2883 818 quaero
2916 748 3014 801 ubi
3045 764 3164 800 esse
3196 748 3511 814 arbitreris,
3548 765 3723 819 quam

2029 836 2315 891 intuentes
2348 836 2610 907 cupimus
2641 835 2885 906 aqualia
2916 852 3035 890 esse
3066 836 3327 906 quadam
3359 852 3602 905 corpora
3637 838 3733 890 vel

2028 941 2334 995 corporum
2392 930 2605 991 motus,
2666 930 2723 978 et
2780 924 3114 995 diligentius
3173 924 3598 978 considerantes
3655 926 3735 978 eis

2029 1014 2206 1068 ﬁdere
2233 1030 2349 1068 non
2374 1014 2669 1067 audemus.
2698 1016 2764 1067 D.
2825 1012 2907 1067 Ibi
2959 1016 3096 1083 puto
3144 1012 3299 1083 quod
3353 1017 3439 1066 est
3469 1012 3729 1082 corpori-

2031 1102 2135 1156 bus
2164 1101 2525 1156 excellentius
2550 1118 2562 1166 ;
2597 1100 2695 1154 sed
2724 1104 2919 1155 utrum
2946 1100 3009 1154 in
3037 1101 3162 1171 ipsa
3190 1100 3401 1167 anima,
3438 1116 3511 1153 an
3552 1096 3727 1154 etiam

2030 1206 2203 1259 supra
2231 1190 2484 1243 animam
2506 1188 2717 1242 nescio.

2101 1282 2193 1333 35.
2232 1280 2307 1333 Μ.
2343 1278 2401 1333 Si
2432 1294 2566 1347 ergo
2597 1292 2922 1347 quaramus
2944 1281 3123 1330 artem
3145 1280 3314 1330 istam
3333 1278 3722 1347 rhythmicam

2030 1366 2117 1420 vel
2140 1366 2451 1430 metricam,
2470 1382 2583 1436 qua
2600 1369 2858 1430 utuntur,
2876 1364 2976 1435 qui
3014 1380 3205 1419 versus
3218 1365 3455 1434 faciunt,
3484 1372 3731 1436 putasne

2029 1455 2239 1510 habere
2263 1455 2486 1525 aliquos
2529 1469 2819 1518 numeros,
2878 1453 3192 1507 secundum
3242 1470 3385 1524 quos
3440 1454 3726 1508 fabricant

2028 1545 2269 1599 versus?
2296 1547 2361 1599 Ι).
2418 1542 2570 1597 Nihil
2620 1542 2778 1596 aliud
2809 1557 3044 1612 possum
3093 1541 3441 1595 existimare.
3479 1544 3554 1596 Μ.
3589 1542 3729 1606 Qui-

2031 1649 2276 1704 cumque
2304 1632 2397 1686 isti
2423 1637 2557 1686 sunt
2585 1631 2830 1698 numeri,
2862 1629 3156 1701 praeterire
3174 1629 3278 1683 tibi
3310 1630 3571 1684 videntur
3601 1646 3731 1684 cum

2031 1722 2307 1788 versibus,
2348 1738 2423 1775 an
2474 1737 2705 1774 manere
2730 1721 2759 1773 ‘?
2786 1722 2851 1774 D.
2903 1720 3127 1773 Manere
3181 1734 3334 1772 sane.
3370 1720 3443 1772 Μ.
3482 1719 3730 1773 Consen-

2031 1810 2289 1863 tiendum
2319 1813 2402 1863 est
2432 1824 2590 1879 ergo,
2625 1807 2691 1861 ab
2726 1806 3015 1877 aliquibus
3055 1806 3421 1860 manentibus
3474 1806 3732 1861 numeris

2031 1903 2442 1970 pratereuntes
2472 1896 2694 1966 aliquos
2716 1894 2979 1949 fabricari
2998 1896 3026 1947 ?
3046 1898 3109 1949 D.
3135 1895 3296 1964 Cogit
3328 1910 3418 1948 me
3440 1894 3587 1948 ratio
3611 1910 3735 1948 con.

2032 1986 2263 2041 sentire.
2290 1989 2365 2041 Μ.
2398 1986 2542 2051 Quid
2561 1984 2589 2038 ?
2619 1986 2766 2039 hanc
2792 1987 2972 2037 artem
2998 1999 3139 2036 num
3168 1982 3323 2036 aliud
3350 1987 3518 2053 putas
3560 1998 3735 2053 quam

2032 2076 2392 2130 affectionem
2455 2074 2766 2145 quamdam
2813 2087 2935 2125 esse
2983 2070 3161 2125 animi
3205 2070 3481 2125 artiﬁcis?
3533 2072 3604 2124 D.
3650 2072 3735 2125 Ita

2032 2164 2221 2219 credo.
2253 2164 2338 2218 Μ.
2372 2162 2635 2218 Credisne
2667 2162 2812 2215 hanc
2837 2160 3194 2214 affectionem
3225 2160 3398 2214 etiam
3420 2175 3541 2213 esse
3565 2159 3627 2212 in
3648 2175 3734 2227 eo,

2033 2252 2132 2323 qui
2161 2252 2331 2323 hujus
2358 2252 2496 2305 artis
2524 2249 2823 2321 imperitus
2879 2247 3011 2303 est?
3056 2250 3119 2302 D.
3179 2248 3346 2302 Nullo
3394 2247 3587 2303 modo.
3652 2248 3726 2302 Μ.

2033 2342 2224 2407 Quid?
2245 2342 2305 2396 in
2331 2340 2430 2395 illo
2452 2339 2553 2411 qui
2578 2339 2788 2394 oblitus
2810 2341 2896 2393 est
2924 2338 3095 2393 eam?
3125 2340 3189 2391 D.
3244 2338 3358 2391 Nec
3387 2336 3447 2390 in
3477 2336 3574 2390 illo
3606 2335 3734 2407 qui-

2032 2432 2183 2498 dem,
2218 2430 2353 2501 quia
2382 2433 2437 2484 et
2462 2430 2583 2499 ipse
2616 2427 2916 2498 imperitus
2972 2430 3074 2491 est,
3129 2424 3353 2479 etiamsi
3382 2424 3491 2479 fuit
3520 2425 3737 2495 peritus

2033 2519 2363 2591 aliquando.
2388 2519 2461 2573 Μ.
2496 2517 2642 2582 Quid
2662 2517 2689 2571 ?
2728 2516 2773 2570 si
2805 2531 2939 2570 eum
2969 2515 3281 2586 quisquam
3322 2514 3731 2584 interrogando

2033 2608 2493 2662 commemoret?
2522 2605 2835 2675 remigrare
2862 2604 3080 2657 adeum
3110 2608 3276 2673 putas
3306 2602 3437 2656 illos
3466 2618 3736 2657 numeros

2031 2697 2103 2750 ab
2130 2713 2196 2749 eo
2225 2696 2349 2767 ipso
2382 2694 2482 2766 qui
2508 2693 2864 2763 interrogat;
2895 2708 2969 2745 an
2998 2692 3165 2746 illum
3196 2690 3539 2745 intrinsecus
3582 2692 3737 2760 apud

2032 2790 2286 2839 mentem
2316 2799 2479 2837 suam
2511 2797 2739 2836 movere
2789 2798 2849 2836 se
2878 2781 2950 2835 ad
2975 2779 3217 2851 aliquid,
3245 2779 3401 2832 unde
3436 2778 3545 2832 sibi
3574 2779 3729 2849 quod

2032 2874 2301 2928 amiserat
2329 2872 2737 2927 redhibeatur?
2762 2874 2827 2926 D.
2864 2869 3031 2940 Apud
3088 2867 3463 2938 semetipsum
3492 2871 3631 2937 puto
3674 2866 3733 2920 id

2032 2964 2298 3033 agere.M.
2338 2962 2485 3015 Num
2506 2959 2679 3014 etiam
2710 2974 2841 3029 qua
2887 2954 3232 3027 corripiatur
3260 2954 3495 3026 syllaba,
3530 2970 3729 3025 quave

2032 3050 2381 3122 producatur
2409 3048 2456 3102 si
2484 3049 2713 3119 penitus
2742 3045 2966 3109 excidit,
3000 3043 3355 3099 commoneri
3387 3059 3520 3097 eum
3549 3042 3731 3097 inter-

2035 3139 2287 3211 rogando
2317 3136 2645 3192 arbitraris:
2680 3151 2809 3189 cum
2867 3134 3172 3189 hominum
3204 3132 3391 3205 prisco
3436 3132 3648 3203 placito
3680 3136 3737 3185 et

2033 3227 2463 3296 consuetudine,
2496 3226 2619 3280 aliis
2669 3225 2877 3292 minor,
2912 3223 3039 3278 aliis
3081 3223 3267 3294 major
3293 3238 3453 3276 mora
3505 3220 3735 3292 syllabis

2032 3318 2162 3372 data
2190 3316 2306 3370 sit?
2337 3318 2477 3371 Nam
2526 3315 2778 3386 profecto
2834 3314 2880 3367 si
2932 3316 3140 3366 natura
3181 3312 3270 3366 vel
3318 3309 3620 3382 disciplina
3672 3308 3729 3363 id

2032 3407 2208 3461 ﬁxum
2237 3410 2383 3460 esset
2409 3422 2471 3459 ac
2499 3404 2720 3468 stabile,
2754 3419 2872 3456 non
2897 3401 3231 3456 recentioris
3269 3400 3545 3470 temporis
3584 3399 3738 3453 docti

2032 3494 2292 3549 homines
2356 3493 2662 3547 nonnullas
2700 3491 3103 3562 produxissent
3145 3505 3287 3559 quas
3331 3488 3736 3558 corripuerunt

2033 3582 2271 3653 antiqui,
2305 3583 2395 3635 vel
2425 3579 2836 3649 corripuissent
2861 3594 3003 3649 quas
3034 3577 3446 3647 produxerunt.
3482 3576 3553 3629 D.
3588 3577 3732 3629 Puto

2033 3676 2090 3726 et
2118 3672 2224 3724 hoc
2248 3687 2430 3741 posse,
2463 3667 2737 3739 quoniam
2777 3664 3147 3737 quantumvis
3193 3664 3446 3736 quidque
3493 3663 3733 3732 excidat,

2032 3762 2221 3831 potest
2246 3755 2695 3827 interrogatione
2724 3756 3208 3809 commemorante
3233 3752 3490 3807 redirein
3521 3767 3733 3807 memo-

2032 3848 2198 3903 riam.
2222 3849 2298 3903 Μ.
2325 3846 2530 3902 Mirum
2554 3844 2601 3898 si
2632 3843 2908 3915 opinaris,
2939 3843 3141 3914 quovis
3164 3842 3549 3912 interrogante
3570 3857 3734 3912 posse

2032 3943 2087 3993 te
2120 3935 2404 3992 recordari
2435 3935 2573 4007 quid
2603 3938 2734 3988 ante
2767 3949 2981 3987 annum
3035 3931 3365 3987 canaveris.
3425 3935 3491 3987 D.
3536 3932 3737 3984 Fateor

2031 4043 2124 4082 me
2153 4043 2271 4081 non
2300 4040 2487 4096 posse,
2546 4039 2651 4078 nec
2708 4022 2872 4077 illum
2927 4022 3049 4093 jam
3084 4021 3344 4076 existimo
3394 4021 3464 4074 de
3506 4019 3735 4089 syllabis

1962 4154 1971 4161 ι
2030 4133 2218 4187 posse,
2251 4128 2496 4186 quarum
2526 4111 2949 4183 spatiapenitus
2971 4109 3179 4165 oblitus
3197 4115 3302 4170 est,
3325 4108 3733 4177 interrogando

2032 4204 2345 4260 admoneri.
2379 4205 2452 4257 Μ.
2488 4201 2601 4255 Cur
2638 4201 2736 4266 ita,
2766 4200 2876 4254 nisi
2907 4199 3041 4270 quia
3069 4199 3131 4252 in
3154 4198 3261 4252 hoc
3314 4195 3549 4250 nomine
3581 4195 3733 4264 quod

2029 4295 2193 4348 Italia
2222 4292 2447 4357 dicitur,
2481 4289 2669 4359 prima
2694 4289 2911 4359 syllaba
2968 4303 3071 4358 pro
3123 4287 3414 4339 voluntate
3455 4298 3731 4353 quorum-

2032 4382 2162 4437 dam
2193 4379 2495 4434 hominum
2513 4377 2946 4447 corripiebatur,
2970 4382 3025 4430 et
3066 4391 3217 4428 nunc
3228 4388 3333 4443 pro
3371 4371 3614 4425 aliorum
3634 4387 3730 4424 vo-

2032 4467 2245 4520 luntate
2276 4466 2657 4537 producitur?
2693 4467 2759 4519 Ut
2786 4471 2978 4519 autem
3011 4478 3190 4517 unum
3221 4467 3278 4515 et
3307 4462 3421 4514 duo
3453 4477 3571 4514 non
3619 4460 3734 4514 sint

2034 4554 2162 4619 tria,
2194 4560 2251 4609 et
2293 4560 2358 4608 ut
2406 4556 2518 4609 duo
2566 4554 2670 4609 uni
2714 4570 2831 4608 non
2878 4553 3051 4621 duplo
3088 4550 3491 4620 respondeant,
3540 4550 3733 4604 nullus

2034 4648 2387 4699 mortuorum
2417 4643 2628 4713 potuit,
2661 4642 2852 4696 nullus
2885 4640 3143 4694 vivorum
3175 4643 3379 4710 potest,
3410 4640 3603 4693 nullus
3630 4656 3731 4711 po-

2032 4736 2318 4787 sterorum
2369 4733 2577 4803 poterit
2623 4733 2827 4786 facere.
2887 4733 2945 4784 D.
3010 4728 3163 4783 Nihil
3219 4728 3599 4783 manifestius.
3652 4731 3727 4783 Μ.

2034 4821 2180 4886 Quid
2212 4821 2260 4875 si
2290 4837 2425 4891 ergo
2452 4822 2561 4875 isto
2595 4820 2767 4873 modo
2818 4834 2930 4889 quo
2978 4817 3048 4871 de
3108 4834 3225 4871 uno
3284 4822 3341 4872 et
3394 4818 3462 4872 de
3513 4818 3734 4872 duobus

2032 4910 2386 4982 apertissime
2419 4908 2807 4980 quasivimus,
2838 4910 3043 4960 catera
3071 4906 3286 4973 omnia,
3343 4923 3471 4978 qua
3508 4908 3575 4960 ad
3606 4906 3733 4957 illos

2033 5015 2302 5054 numeros
2325 4997 2616 5069 pertinent
2643 5000 2699 5049 et
2751 4995 2847 5048 ille
2876 4995 3281 5065 interrogetur,
3324 4995 3422 5066 qui
3455 5002 3568 5048 non
3593 4992 3735 5046 obli-

2030 5088 2315 5153 viscendo,
2344 5086 2442 5141 sed
2472 5084 2607 5156 quia
2645 5100 2942 5155 nunquam
2993 5083 3209 5151 didicit,
3254 5082 3555 5153 imperitus
3599 5081 3732 5133 est?

2032 5194 2224 5233 nonne
2253 5193 2384 5231 eum
2410 5191 2604 5230 censes
2645 5173 2907 5228 similiter
2956 5174 3102 5228 hanc
3132 5178 3312 5227 artem
3344 5168 3588 5239 exceptis
3618 5169 3732 5238 syl-

2032 5266 2175 5321 labis
2204 5282 2369 5335 posse
2395 5266 2782 5334 cognoscere?
2812 5266 2871 5317 D.
2901 5263 3037 5327 Quis
3066 5259 3453 5315 dubitaverit?
3482 5258 3557 5311 M.
3606 5258 3728 5320 Quo

2036 5354 2211 5424 igitur
2262 5370 2321 5408 se
2375 5352 2548 5407 etiam
2601 5352 2774 5406 istum
2836 5358 3130 5406 moturum
3185 5352 3372 5419 putas,
3428 5349 3492 5399 ut
3550 5345 3732 5402 menti

2037 5444 2160 5513 ejus
2186 5442 2593 5512 imprimantur
2620 5441 2681 5496 hi
2708 5440 2956 5507 numeri,
2988 5444 3046 5494 et
3070 5439 3227 5493 illam
3258 5435 3468 5490 faciant
3487 5434 3733 5489 affectio-
