  <div class='ocr_page' id='page_1' title='image "/cluster/home/n/w/nwhite01/storage/ocr_20150623/32/hvd.32044096580550/612.png"; bbox 0 0 4080 6178; ppageno 0'>
   <div class='ocr_carea' id='block_1_1' title="bbox 249 342 383 394">
    <p class='ocr_par' dir='ltr' id='par_1_1' title="bbox 249 342 383 394">
     <span class='ocr_line' id='line_1_1' title="bbox 249 342 383 394; baseline -0.015 0"><span class='ocrx_word' id='word_1_1' title='bbox 249 342 383 394; x_wconf 81' lang='grc'><strong>1185</strong></span> 
     </span>
    </p>
   </div>
   <div class='ocr_carea' id='block_1_2' title="bbox 241 460 1942 529">
    <p class='ocr_par' dir='ltr' id='par_1_2' title="bbox 241 460 1942 529">
     <span class='ocr_line' id='line_1_2' title="bbox 241 460 1942 529; baseline -0.001 -13"><span class='ocrx_word' id='word_1_2' title='bbox 241 466 391 516; x_wconf 74' lang='lat' dir='ltr'>terra</span> <span class='ocrx_word' id='word_1_3' title='bbox 422 466 470 513; x_wconf 82' lang='lat' dir='ltr'>et</span> <span class='ocrx_word' id='word_1_4' title='bbox 504 462 663 527; x_wconf 76' lang='lat' dir='ltr'>cinis,</span> <span class='ocrx_word' id='word_1_5' title='bbox 694 461 951 528; x_wconf 87' lang='lat' dir='ltr'>quoniam</span> <span class='ocrx_word' id='word_1_6' title='bbox 975 461 1034 513; x_wconf 83' lang='lat' dir='ltr'>in</span> <span class='ocrx_word' id='word_1_7' title='bbox 1062 461 1177 512; x_wconf 83' lang='lat' dir='ltr'>vita</span> <span class='ocrx_word' id='word_1_8' title='bbox 1208 473 1309 513; x_wconf 88' lang='lat' dir='ltr'>sua</span> <span class='ocrx_word' id='word_1_9' title='bbox 1328 460 1557 529; x_wconf 79' lang='lat' dir='ltr'>projecit</span> <span class='ocrx_word' id='word_1_10' title='bbox 1569 462 1767 514; x_wconf 88' lang='lat' dir='ltr'>intima</span> <span class='ocrx_word' id='word_1_11' title='bbox 1790 475 1891 514; x_wconf 87' lang='lat' dir='ltr'>sua</span> <span class='ocrx_word' id='word_1_12' title='bbox 1915 463 1942 513; x_wconf 84' lang='lat'><strong><em>?</em></strong></span> 
     </span>
    </p>
   </div>
   <div class='ocr_carea' id='block_1_3' title="bbox 237 546 1940 621">
    <p class='ocr_par' dir='ltr' id='par_1_3' title="bbox 237 546 1940 621">
     <span class='ocr_line' id='line_1_3' title="bbox 237 546 1940 621; baseline -0.001 -18"><span class='ocrx_word' id='word_1_13' title='bbox 237 550 431 621; x_wconf 83' lang='lat' dir='ltr'>(Eccli.</span> <span class='ocrx_word' id='word_1_14' title='bbox 467 566 520 617; x_wconf 87' lang='lat' dir='ltr'>x,</span> <span class='ocrx_word' id='word_1_15' title='bbox 551 550 633 613; x_wconf 72' lang='grc'><strong>14,</strong></span> <span class='ocrx_word' id='word_1_16' title='bbox 672 552 753 610; x_wconf 78' lang='grc'><strong>15,</strong></span> <span class='ocrx_word' id='word_1_17' title='bbox 788 552 840 617; x_wconf 85' lang='grc'>9,</span> <span class='ocrx_word' id='word_1_18' title='bbox 872 546 984 617; x_wconf 87' lang='grc'>10.)</span> <span class='ocrx_word' id='word_1_19' title='bbox 1006 548 1146 601; x_wconf 89' lang='lat' dir='ltr'>Cum</span> <span class='ocrx_word' id='word_1_20' title='bbox 1176 548 1329 601; x_wconf 89' lang='lat' dir='ltr'>enim</span> <span class='ocrx_word' id='word_1_21' title='bbox 1354 547 1543 601; x_wconf 88' lang='lat' dir='ltr'>anima</span> <span class='ocrx_word' id='word_1_22' title='bbox 1564 565 1664 619; x_wconf 89' lang='lat' dir='ltr'>per</span> <span class='ocrx_word' id='word_1_23' title='bbox 1695 549 1940 619; x_wconf 90' lang='lat' dir='ltr'>seipsam</span> 
     </span>
    </p>
   </div>
   <div class='ocr_carea' id='block_1_4' title="bbox 150 635 1941 706">
    <p class='ocr_par' dir='ltr' id='par_1_4' title="bbox 150 635 1941 706">
     <span class='ocr_line' id='line_1_4' title="bbox 150 635 1941 706; baseline -0.001 -15"><span class='ocrx_word' id='word_1_24' title='bbox 150 693 161 703; x_wconf 67' lang='grc'><em>,</em></span> <span class='ocrx_word' id='word_1_25' title='bbox 235 638 383 691; x_wconf 87' lang='lat' dir='ltr'>nihil</span> <span class='ocrx_word' id='word_1_26' title='bbox 416 638 522 704; x_wconf 92' lang='lat' dir='ltr'>sit;</span> <span class='ocrx_word' id='word_1_27' title='bbox 549 653 664 690; x_wconf 89' lang='lat' dir='ltr'>non</span> <span class='ocrx_word' id='word_1_28' title='bbox 695 635 849 689; x_wconf 89' lang='lat' dir='ltr'>enim</span> <span class='ocrx_word' id='word_1_29' title='bbox 871 636 1037 689; x_wconf 91' lang='lat' dir='ltr'>aliter</span> <span class='ocrx_word' id='word_1_30' title='bbox 1066 636 1671 702; x_wconf 87' lang='lat' dir='ltr'>essetcommutabilis,</span> <span class='ocrx_word' id='word_1_31' title='bbox 1708 641 1765 690; x_wconf 91' lang='lat' dir='ltr'>et</span> <span class='ocrx_word' id='word_1_32' title='bbox 1784 642 1941 706; x_wconf 87' lang='lat' dir='ltr'>pate-</span> 
     </span>
    </p>
   </div>
   <div class='ocr_carea' id='block_1_5' title="bbox 234 724 1941 795">
    <p class='ocr_par' dir='ltr' id='par_1_5' title="bbox 234 724 1941 795">
     <span class='ocr_line' id='line_1_5' title="bbox 234 724 1941 795; baseline -0.001 -16"><span class='ocrx_word' id='word_1_33' title='bbox 234 732 397 779; x_wconf 88' lang='lat' dir='ltr'>retur</span> <span class='ocrx_word' id='word_1_34' title='bbox 430 726 715 779; x_wconf 86' lang='lat' dir='ltr'>defectum</span> <span class='ocrx_word' id='word_1_35' title='bbox 774 725 842 777; x_wconf 90' lang='lat' dir='ltr'>ab</span> <span class='ocrx_word' id='word_1_36' title='bbox 894 724 1174 777; x_wconf 82' lang='lat' dir='ltr'>essentia:</span> <span class='ocrx_word' id='word_1_37' title='bbox 1233 740 1361 776; x_wconf 89' lang='lat' dir='ltr'>cum</span> <span class='ocrx_word' id='word_1_38' title='bbox 1410 740 1545 794; x_wconf 91' lang='lat' dir='ltr'>ergo</span> <span class='ocrx_word' id='word_1_39' title='bbox 1577 725 1699 793; x_wconf 87' lang='lat' dir='ltr'>ipsa</span> <span class='ocrx_word' id='word_1_40' title='bbox 1728 741 1831 795; x_wconf 88' lang='lat' dir='ltr'>per</span> <span class='ocrx_word' id='word_1_41' title='bbox 1882 740 1941 778; x_wconf 91' lang='lat' dir='ltr'>se</span> 
     </span>
    </p>
   </div>
   <div class='ocr_carea' id='block_1_6' title="bbox 235 811 1941 882">
    <p class='ocr_par' dir='ltr' id='par_1_6' title="bbox 235 811 1941 882">
     <span class='ocr_line' id='line_1_6' title="bbox 235 811 1941 882; baseline -0.001 -15"><span class='ocrx_word' id='word_1_42' title='bbox 235 813 379 867; x_wconf 83' lang='lat' dir='ltr'>nihil</span> <span class='ocrx_word' id='word_1_43' title='bbox 412 813 502 878; x_wconf 92' lang='lat' dir='ltr'>sit,</span> <span class='ocrx_word' id='word_1_44' title='bbox 536 811 812 882; x_wconf 88' lang='lat' dir='ltr'>quidquid</span> <span class='ocrx_word' id='word_1_45' title='bbox 867 815 1061 865; x_wconf 89' lang='lat' dir='ltr'>autem</span> <span class='ocrx_word' id='word_1_46' title='bbox 1107 811 1191 864; x_wconf 91' lang='lat' dir='ltr'>illi</span> <span class='ocrx_word' id='word_1_47' title='bbox 1226 828 1345 865; x_wconf 89' lang='lat' dir='ltr'>esse</span> <span class='ocrx_word' id='word_1_48' title='bbox 1377 817 1482 881; x_wconf 90' lang='lat' dir='ltr'>est,</span> <span class='ocrx_word' id='word_1_49' title='bbox 1514 829 1543 865; x_wconf 86' lang='lat' dir='ltr'>a</span> <span class='ocrx_word' id='word_1_50' title='bbox 1579 815 1692 866; x_wconf 90' lang='lat' dir='ltr'>Deo</span> <span class='ocrx_word' id='word_1_51' title='bbox 1732 812 1842 876; x_wconf 87' lang='lat' dir='ltr'><strong>sit;</strong></span> <span class='ocrx_word' id='word_1_52' title='bbox 1882 812 1941 866; x_wconf 93' lang='lat' dir='ltr'>in</span> 
     </span>
    </p>
   </div>
   <div class='ocr_carea' id='block_1_7' title="bbox 234 898 1939 970">
    <p class='ocr_par' dir='ltr' id='par_1_7' title="bbox 234 898 1939 970">
     <span class='ocr_line' id='line_1_7' title="bbox 234 898 1939 970; baseline -0.001 -16"><span class='ocrx_word' id='word_1_53' title='bbox 234 900 437 954; x_wconf 79' lang='lat' dir='ltr'>ordine</span> <span class='ocrx_word' id='word_1_54' title='bbox 454 915 555 953; x_wconf 93' lang='lat' dir='ltr'>suo</span> <span class='ocrx_word' id='word_1_55' title='bbox 588 915 847 964; x_wconf 89' lang='lat' dir='ltr'>manens,</span> <span class='ocrx_word' id='word_1_56' title='bbox 881 898 1058 968; x_wconf 86' lang='lat' dir='ltr'>ipsius</span> <span class='ocrx_word' id='word_1_57' title='bbox 1091 898 1189 952; x_wconf 89' lang='lat' dir='ltr'>Dei</span> <span class='ocrx_word' id='word_1_58' title='bbox 1220 899 1524 970; x_wconf 65' lang='lat' dir='ltr'>praesentia</span> <span class='ocrx_word' id='word_1_59' title='bbox 1552 904 1851 969; x_wconf 79' lang='lat' dir='ltr'>vegetatur</span> <span class='ocrx_word' id='word_1_60' title='bbox 1880 899 1939 953; x_wconf 92' lang='lat' dir='ltr'>in</span> 
     </span>
    </p>
   </div>
   <div class='ocr_carea' id='block_1_8' title="bbox 235 986 1943 1058">
    <p class='ocr_par' dir='ltr' id='par_1_8' title="bbox 235 986 1943 1058">
     <span class='ocr_line' id='line_1_8' title="bbox 235 986 1943 1058; baseline 0.001 -17"><span class='ocrx_word' id='word_1_61' title='bbox 235 992 429 1041; x_wconf 88' lang='lat' dir='ltr'>mente</span> <span class='ocrx_word' id='word_1_62' title='bbox 459 993 631 1058; x_wconf 90' lang='lat' dir='ltr'>atque</span> <span class='ocrx_word' id='word_1_63' title='bbox 675 986 1032 1040; x_wconf 73' lang='lat' dir='ltr'>conscientia.</span> <span class='ocrx_word' id='word_1_64' title='bbox 1101 988 1298 1057; x_wconf 84' lang='lat' dir='ltr'>Itaque</span> <span class='ocrx_word' id='word_1_65' title='bbox 1346 988 1452 1040; x_wconf 90' lang='lat' dir='ltr'>hoc</span> <span class='ocrx_word' id='word_1_66' title='bbox 1502 988 1719 1041; x_wconf 90' lang='lat' dir='ltr'>bonum</span> <span class='ocrx_word' id='word_1_67' title='bbox 1774 989 1943 1042; x_wconf 85' lang='lat' dir='ltr'>habet</span> 
     </span>
    </p>
   </div>
   <div class='ocr_carea' id='block_1_9' title="bbox 234 1074 1940 1144">
    <p class='ocr_par' dir='ltr' id='par_1_9' title="bbox 234 1074 1940 1144">
     <span class='ocr_line' id='line_1_9' title="bbox 234 1074 1940 1144; baseline 0.001 -15"><span class='ocrx_word' id='word_1_68' title='bbox 234 1076 528 1131; x_wconf 86' lang='lat' dir='ltr'>intimum.</span> <span class='ocrx_word' id='word_1_69' title='bbox 560 1075 744 1139; x_wconf 85' lang='lat' dir='ltr'>Quare</span> <span class='ocrx_word' id='word_1_70' title='bbox 775 1074 1040 1144; x_wconf 83' lang='lat' dir='ltr'>superbia</span> <span class='ocrx_word' id='word_1_71' title='bbox 1066 1074 1469 1141; x_wconf 81' lang='lat' dir='ltr'>intumescere,</span> <span class='ocrx_word' id='word_1_72' title='bbox 1501 1076 1606 1129; x_wconf 92' lang='lat' dir='ltr'>hoc</span> <span class='ocrx_word' id='word_1_73' title='bbox 1645 1076 1834 1130; x_wconf 90' lang='lat' dir='ltr'>illiest</span> <span class='ocrx_word' id='word_1_74' title='bbox 1880 1077 1940 1131; x_wconf 93' lang='lat' dir='ltr'>in</span> 
     </span>
    </p>
   </div>
   <div class='ocr_carea' id='block_1_10' title="bbox 237 1162 1942 1235">
    <p class='ocr_par' dir='ltr' id='par_1_10' title="bbox 237 1162 1942 1235">
     <span class='ocr_line' id='line_1_10' title="bbox 237 1162 1942 1235; baseline 0 -17"><span class='ocrx_word' id='word_1_75' title='bbox 237 1165 447 1219; x_wconf 84' lang='lat' dir='ltr'>extima</span> <span class='ocrx_word' id='word_1_76' title='bbox 468 1164 756 1235; x_wconf 83' lang='lat' dir='ltr'>progredi,</span> <span class='ocrx_word' id='word_1_77' title='bbox 791 1168 846 1217; x_wconf 90' lang='lat' dir='ltr'>et</span> <span class='ocrx_word' id='word_1_78' title='bbox 872 1167 934 1217; x_wconf 93' lang='lat' dir='ltr'>ut</span> <span class='ocrx_word' id='word_1_79' title='bbox 956 1163 1034 1216; x_wconf 91' lang='lat' dir='ltr'>ita</span> <span class='ocrx_word' id='word_1_80' title='bbox 1063 1162 1270 1232; x_wconf 90' lang='lat' dir='ltr'>dicam,</span> <span class='ocrx_word' id='word_1_81' title='bbox 1293 1163 1644 1230; x_wconf 88' lang='lat' dir='ltr'>inanescere,</span> <span class='ocrx_word' id='word_1_82' title='bbox 1670 1164 1824 1235; x_wconf 90' lang='lat' dir='ltr'>quod</span> <span class='ocrx_word' id='word_1_83' title='bbox 1858 1170 1942 1218; x_wconf 92' lang='lat' dir='ltr'>est</span> 
     </span>
    </p>
   </div>
   <div class='ocr_carea' id='block_1_11' title="bbox 239 1251 1941 1323">
    <p class='ocr_par' dir='ltr' id='par_1_11' title="bbox 239 1251 1941 1323">
     <span class='ocr_line' id='line_1_11' title="bbox 239 1251 1941 1323; baseline -0.001 -16"><span class='ocrx_word' id='word_1_84' title='bbox 239 1253 432 1307; x_wconf 88' lang='lat' dir='ltr'>minus</span> <span class='ocrx_word' id='word_1_85' title='bbox 463 1253 766 1323; x_wconf 90' lang='lat' dir='ltr'>minusque</span> <span class='ocrx_word' id='word_1_86' title='bbox 788 1267 925 1306; x_wconf 83' lang='lat' dir='ltr'>esse.</span> <span class='ocrx_word' id='word_1_87' title='bbox 952 1251 1226 1322; x_wconf 81' lang='lat' dir='ltr'>Progredi</span> <span class='ocrx_word' id='word_1_88' title='bbox 1252 1256 1444 1305; x_wconf 90' lang='lat' dir='ltr'>autem</span> <span class='ocrx_word' id='word_1_89' title='bbox 1474 1252 1536 1305; x_wconf 91' lang='lat' dir='ltr'>in</span> <span class='ocrx_word' id='word_1_90' title='bbox 1558 1253 1786 1318; x_wconf 86' lang='lat' dir='ltr'>extima,</span> <span class='ocrx_word' id='word_1_91' title='bbox 1803 1253 1941 1323; x_wconf 90' lang='lat' dir='ltr'>quid</span> 
     </span>
    </p>
   </div>
   <div class='ocr_carea' id='block_1_12' title="bbox 241 1340 1937 1411">
    <p class='ocr_par' dir='ltr' id='par_1_12' title="bbox 241 1340 1937 1411">
     <span class='ocr_line' id='line_1_12' title="bbox 241 1340 1937 1411; baseline -0.001 -16"><span class='ocrx_word' id='word_1_92' title='bbox 241 1346 329 1395; x_wconf 86' lang='lat' dir='ltr'>est</span> <span class='ocrx_word' id='word_1_93' title='bbox 356 1341 513 1395; x_wconf 88' lang='lat' dir='ltr'>aliud</span> <span class='ocrx_word' id='word_1_94' title='bbox 544 1358 716 1411; x_wconf 91' lang='lat' dir='ltr'>quam</span> <span class='ocrx_word' id='word_1_95' title='bbox 746 1340 948 1393; x_wconf 91' lang='lat' dir='ltr'>intima</span> <span class='ocrx_word' id='word_1_96' title='bbox 976 1340 1254 1411; x_wconf 86' lang='lat' dir='ltr'>projicere</span> <span class='ocrx_word' id='word_1_97' title='bbox 1281 1360 1296 1407; x_wconf 85' lang='lat'><strong>;</strong></span> <span class='ocrx_word' id='word_1_98' title='bbox 1324 1340 1379 1393; x_wconf 91' lang='lat' dir='ltr'>id</span> <span class='ocrx_word' id='word_1_99' title='bbox 1398 1344 1499 1406; x_wconf 90' lang='lat' dir='ltr'>est,</span> <span class='ocrx_word' id='word_1_100' title='bbox 1518 1340 1686 1410; x_wconf 90' lang='lat' dir='ltr'>longe</span> <span class='ocrx_word' id='word_1_101' title='bbox 1716 1357 1748 1393; x_wconf 86' lang='lat' dir='ltr'>a</span> <span class='ocrx_word' id='word_1_102' title='bbox 1777 1357 1834 1394; x_wconf 90' lang='lat' dir='ltr'>se</span> <span class='ocrx_word' id='word_1_103' title='bbox 1856 1340 1937 1393; x_wconf 86' lang='lat' dir='ltr'>fa-</span> 
     </span>
    </p>
   </div>
   <div class='ocr_carea' id='block_1_13' title="bbox 242 1428 1941 1499">
    <p class='ocr_par' dir='ltr' id='par_1_13' title="bbox 242 1428 1941 1499">
     <span class='ocr_line' id='line_1_13' title="bbox 242 1428 1941 1499; baseline -0.001 -16"><span class='ocrx_word' id='word_1_104' title='bbox 242 1446 370 1484; x_wconf 89' lang='lat' dir='ltr'>cere</span> <span class='ocrx_word' id='word_1_105' title='bbox 402 1431 601 1495; x_wconf 91' lang='lat' dir='ltr'>Deum,</span> <span class='ocrx_word' id='word_1_106' title='bbox 629 1446 746 1483; x_wconf 90' lang='lat' dir='ltr'>non</span> <span class='ocrx_word' id='word_1_107' title='bbox 776 1430 1027 1482; x_wconf 91' lang='lat' dir='ltr'>locorum</span> <span class='ocrx_word' id='word_1_108' title='bbox 1070 1429 1271 1499; x_wconf 82' lang='lat' dir='ltr'>Spatio,</span> <span class='ocrx_word' id='word_1_109' title='bbox 1319 1429 1417 1482; x_wconf 91' lang='lat' dir='ltr'>sed</span> <span class='ocrx_word' id='word_1_110' title='bbox 1449 1428 1652 1483; x_wconf 88' lang='lat' dir='ltr'>mentis</span> <span class='ocrx_word' id='word_1_111' title='bbox 1693 1428 1941 1482; x_wconf 81' lang='lat' dir='ltr'>affectu?</span> 
     </span>
    </p>
   </div>
   <div class='ocr_carea' id='block_1_14' title="bbox 312 1516 1939 1587">
    <p class='ocr_par' dir='ltr' id='par_1_14' title="bbox 312 1516 1939 1587">
     <span class='ocr_line' id='line_1_14' title="bbox 312 1516 1939 1587; baseline -0.001 -16"><span class='ocrx_word' id='word_1_112' title='bbox 312 1520 400 1572; x_wconf 84' lang='grc'>41.</span> <span class='ocrx_word' id='word_1_113' title='bbox 436 1520 546 1571; x_wconf 90' lang='lat' dir='ltr'>Iste</span> <span class='ocrx_word' id='word_1_114' title='bbox 568 1522 757 1571; x_wconf 87' lang='lat' dir='ltr'>autem</span> <span class='ocrx_word' id='word_1_115' title='bbox 790 1518 997 1571; x_wconf 70' lang='lat' dir='ltr'>animae</span> <span class='ocrx_word' id='word_1_116' title='bbox 1027 1517 1310 1587; x_wconf 84' lang='lat' dir='ltr'>appetitus</span> <span class='ocrx_word' id='word_1_117' title='bbox 1357 1520 1442 1570; x_wconf 89' lang='lat' dir='ltr'>est</span> <span class='ocrx_word' id='word_1_118' title='bbox 1480 1516 1583 1570; x_wconf 91' lang='lat' dir='ltr'>sub</span> <span class='ocrx_word' id='word_1_119' title='bbox 1624 1533 1681 1570; x_wconf 92' lang='lat' dir='ltr'>se</span> <span class='ocrx_word' id='word_1_120' title='bbox 1729 1516 1939 1570; x_wconf 86' lang='lat' dir='ltr'>habere</span> 
     </span>
    </p>
   </div>
   <div class='ocr_carea' id='block_1_15' title="bbox 241 1605 1939 1677">
    <p class='ocr_par' dir='ltr' id='par_1_15' title="bbox 241 1605 1939 1677">
     <span class='ocr_line' id='line_1_15' title="bbox 241 1605 1939 1677; baseline -0.002 -16"><span class='ocrx_word' id='word_1_121' title='bbox 241 1608 379 1661; x_wconf 89' lang='lat' dir='ltr'>alias</span> <span class='ocrx_word' id='word_1_122' title='bbox 409 1608 662 1674; x_wconf 88' lang='lat' dir='ltr'>animas;</span> <span class='ocrx_word' id='word_1_123' title='bbox 712 1624 828 1661; x_wconf 89' lang='lat' dir='ltr'>non</span> <span class='ocrx_word' id='word_1_124' title='bbox 878 1623 1173 1677; x_wconf 88' lang='lat' dir='ltr'>pecorum,</span> <span class='ocrx_word' id='word_1_125' title='bbox 1214 1622 1355 1676; x_wconf 89' lang='lat' dir='ltr'>quas</span> <span class='ocrx_word' id='word_1_126' title='bbox 1401 1605 1590 1660; x_wconf 91' lang='lat' dir='ltr'>divino</span> <span class='ocrx_word' id='word_1_127' title='bbox 1634 1606 1764 1675; x_wconf 87' lang='lat' dir='ltr'>jure</span> <span class='ocrx_word' id='word_1_128' title='bbox 1806 1622 1939 1659; x_wconf 89' lang='lat' dir='ltr'>con-</span> 
     </span>
    </p>
   </div>
   <div class='ocr_carea' id='block_1_16' title="bbox 233 1694 1940 1764">
    <p class='ocr_par' dir='ltr' id='par_1_16' title="bbox 233 1694 1940 1764">
     <span class='ocr_line' id='line_1_16' title="bbox 233 1694 1940 1764; baseline -0.002 -14"><span class='ocrx_word' id='word_1_129' title='bbox 233 1712 458 1750; x_wconf 85' lang='lat' dir='ltr'>cessum</span> <span class='ocrx_word' id='word_1_130' title='bbox 488 1701 590 1763; x_wconf 92' lang='lat' dir='ltr'>est,</span> <span class='ocrx_word' id='word_1_131' title='bbox 624 1696 721 1749; x_wconf 89' lang='lat' dir='ltr'>sed</span> <span class='ocrx_word' id='word_1_132' title='bbox 774 1695 1102 1759; x_wconf 85' lang='lat' dir='ltr'>rationales,</span> <span class='ocrx_word' id='word_1_133' title='bbox 1137 1694 1192 1747; x_wconf 92' lang='lat' dir='ltr'>id</span> <span class='ocrx_word' id='word_1_134' title='bbox 1226 1699 1330 1761; x_wconf 90' lang='lat' dir='ltr'>est,</span> <span class='ocrx_word' id='word_1_135' title='bbox 1363 1695 1651 1764; x_wconf 88' lang='lat' dir='ltr'>proximas</span> <span class='ocrx_word' id='word_1_136' title='bbox 1684 1711 1833 1759; x_wconf 83' lang='lat' dir='ltr'>suas,</span> <span class='ocrx_word' id='word_1_137' title='bbox 1885 1698 1940 1747; x_wconf 92' lang='lat' dir='ltr'>et</span> 
     </span>
    </p>
   </div>
   <div class='ocr_carea' id='block_1_17' title="bbox 240 1782 1939 1854">
    <p class='ocr_par' dir='ltr' id='par_1_17' title="bbox 240 1782 1939 1854">
     <span class='ocr_line' id='line_1_17' title="bbox 240 1782 1939 1854; baseline -0.002 -16"><span class='ocrx_word' id='word_1_138' title='bbox 240 1786 347 1838; x_wconf 89' lang='lat' dir='ltr'>sub</span> <span class='ocrx_word' id='word_1_139' title='bbox 377 1784 574 1838; x_wconf 89' lang='lat' dir='ltr'>eadem</span> <span class='ocrx_word' id='word_1_140' title='bbox 605 1786 727 1854; x_wconf 91' lang='lat' dir='ltr'>lege</span> <span class='ocrx_word' id='word_1_141' title='bbox 748 1784 925 1837; x_wconf 90' lang='lat' dir='ltr'>socias</span> <span class='ocrx_word' id='word_1_142' title='bbox 956 1787 1128 1853; x_wconf 89' lang='lat' dir='ltr'>atque</span> <span class='ocrx_word' id='word_1_143' title='bbox 1158 1787 1466 1836; x_wconf 85' lang='lat' dir='ltr'>consortes.</span> <span class='ocrx_word' id='word_1_144' title='bbox 1502 1784 1577 1835; x_wconf 91' lang='lat' dir='ltr'>De</span> <span class='ocrx_word' id='word_1_145' title='bbox 1627 1782 1715 1836; x_wconf 90' lang='lat' dir='ltr'>his</span> <span class='ocrx_word' id='word_1_146' title='bbox 1748 1788 1939 1836; x_wconf 88' lang='lat' dir='ltr'>autem</span> 
     </span>
    </p>
   </div>
   <div class='ocr_carea' id='block_1_18' title="bbox 242 1871 1942 1944">
    <p class='ocr_par' dir='ltr' id='par_1_18' title="bbox 242 1871 1942 1944">
     <span class='ocr_line' id='line_1_18' title="bbox 242 1871 1942 1944; baseline -0.002 -17"><span class='ocrx_word' id='word_1_147' title='bbox 242 1873 459 1944; x_wconf 83' lang='lat' dir='ltr'>appetit</span> <span class='ocrx_word' id='word_1_148' title='bbox 484 1872 709 1943; x_wconf 88' lang='lat' dir='ltr'>operari</span> <span class='ocrx_word' id='word_1_149' title='bbox 739 1873 931 1927; x_wconf 91' lang='lat' dir='ltr'>anima</span> <span class='ocrx_word' id='word_1_150' title='bbox 978 1872 1241 1941; x_wconf 85' lang='lat' dir='ltr'>superba,</span> <span class='ocrx_word' id='word_1_151' title='bbox 1290 1875 1347 1925; x_wconf 91' lang='lat' dir='ltr'>et</span> <span class='ocrx_word' id='word_1_152' title='bbox 1380 1875 1537 1925; x_wconf 91' lang='lat' dir='ltr'>tanto</span> <span class='ocrx_word' id='word_1_153' title='bbox 1578 1871 1942 1925; x_wconf 78' lang='lat' dir='ltr'>excellentior</span> 
     </span>
    </p>
   </div>
   <div class='ocr_carea' id='block_1_19' title="bbox 240 1960 1939 2031">
    <p class='ocr_par' dir='ltr' id='par_1_19' title="bbox 240 1960 1939 2031">
     <span class='ocr_line' id='line_1_19' title="bbox 240 1960 1939 2031; baseline -0.001 -17"><span class='ocrx_word' id='word_1_154' title='bbox 240 1963 465 2016; x_wconf 91' lang='lat' dir='ltr'>videtur</span> <span class='ocrx_word' id='word_1_155' title='bbox 494 1962 617 2015; x_wconf 66' lang='lat' dir='ltr'>haec</span> <span class='ocrx_word' id='word_1_156' title='bbox 657 1961 803 2015; x_wconf 90' lang='lat' dir='ltr'>actio</span> <span class='ocrx_word' id='word_1_157' title='bbox 848 1977 1023 2031; x_wconf 90' lang='lat' dir='ltr'>quam</span> <span class='ocrx_word' id='word_1_158' title='bbox 1066 1960 1162 2013; x_wconf 87' lang='lat' dir='ltr'>illa</span> <span class='ocrx_word' id='word_1_159' title='bbox 1212 1960 1280 2014; x_wconf 93' lang='lat' dir='ltr'>de</span> <span class='ocrx_word' id='word_1_160' title='bbox 1320 1960 1673 2029; x_wconf 87' lang='lat' dir='ltr'>corporibus,</span> <span class='ocrx_word' id='word_1_161' title='bbox 1721 1964 1939 2030; x_wconf 89' lang='lat' dir='ltr'>quanto</span> 
     </span>
    </p>
   </div>
   <div class='ocr_carea' id='block_1_20' title="bbox 241 2048 1941 2119">
    <p class='ocr_par' dir='ltr' id='par_1_20' title="bbox 241 2048 1941 2119">
     <span class='ocr_line' id='line_1_20' title="bbox 241 2048 1941 2119; baseline -0.001 -16"><span class='ocrx_word' id='word_1_162' title='bbox 241 2052 434 2105; x_wconf 88' lang='lat' dir='ltr'>anima</span> <span class='ocrx_word' id='word_1_163' title='bbox 458 2050 645 2104; x_wconf 92' lang='lat' dir='ltr'>omnis</span> <span class='ocrx_word' id='word_1_164' title='bbox 679 2049 835 2103; x_wconf 89' lang='lat' dir='ltr'>omni</span> <span class='ocrx_word' id='word_1_165' title='bbox 864 2065 1100 2119; x_wconf 88' lang='lat' dir='ltr'>corpore</span> <span class='ocrx_word' id='word_1_166' title='bbox 1132 2053 1215 2101; x_wconf 91' lang='lat' dir='ltr'>est</span> <span class='ocrx_word' id='word_1_167' title='bbox 1242 2048 1468 2103; x_wconf 89' lang='lat' dir='ltr'>melior.</span> <span class='ocrx_word' id='word_1_168' title='bbox 1487 2049 1591 2103; x_wconf 91' lang='lat' dir='ltr'>Sed</span> <span class='ocrx_word' id='word_1_169' title='bbox 1618 2049 1844 2119; x_wconf 89' lang='lat' dir='ltr'>operari</span> <span class='ocrx_word' id='word_1_170' title='bbox 1872 2049 1941 2103; x_wconf 89' lang='lat' dir='ltr'>de</span> 
     </span>
    </p>
   </div>
   <div class='ocr_carea' id='block_1_21' title="bbox 242 2137 1943 2208">
    <p class='ocr_par' dir='ltr' id='par_1_21' title="bbox 242 2137 1943 2208">
     <span class='ocr_line' id='line_1_21' title="bbox 242 2137 1943 2208; baseline 0 -16"><span class='ocrx_word' id='word_1_171' title='bbox 242 2138 451 2192; x_wconf 89' lang='lat' dir='ltr'>animis</span> <span class='ocrx_word' id='word_1_172' title='bbox 481 2138 879 2207; x_wconf 82' lang='lat' dir='ltr'>rationalibus,</span> <span class='ocrx_word' id='word_1_173' title='bbox 912 2154 1023 2191; x_wconf 92' lang='lat' dir='ltr'>non</span> <span class='ocrx_word' id='word_1_174' title='bbox 1046 2153 1150 2207; x_wconf 89' lang='lat' dir='ltr'>per</span> <span class='ocrx_word' id='word_1_175' title='bbox 1165 2153 1392 2208; x_wconf 88' lang='lat' dir='ltr'>corpus,</span> <span class='ocrx_word' id='word_1_176' title='bbox 1422 2137 1515 2190; x_wconf 88' lang='lat' dir='ltr'>sed</span> <span class='ocrx_word' id='word_1_177' title='bbox 1560 2154 1663 2207; x_wconf 92' lang='lat' dir='ltr'>per</span> <span class='ocrx_word' id='word_1_178' title='bbox 1691 2137 1943 2208; x_wconf 90' lang='lat' dir='ltr'>seipsum</span> 
     </span>
    </p>
   </div>
   <div class='ocr_carea' id='block_1_22' title="bbox 244 2226 1937 2297">
    <p class='ocr_par' dir='ltr' id='par_1_22' title="bbox 244 2226 1937 2297">
     <span class='ocr_line' id='line_1_22' title="bbox 244 2226 1937 2297; baseline -0.001 -16"><span class='ocrx_word' id='word_1_179' title='bbox 244 2228 396 2281; x_wconf 88' lang='lat' dir='ltr'>solus</span> <span class='ocrx_word' id='word_1_180' title='bbox 428 2229 573 2281; x_wconf 86' lang='lat' dir='ltr'>Deus</span> <span class='ocrx_word' id='word_1_181' title='bbox 604 2231 807 2297; x_wconf 89' lang='lat' dir='ltr'>potest.</span> <span class='ocrx_word' id='word_1_182' title='bbox 856 2228 1221 2280; x_wconf 85' lang='lat' dir='ltr'>Peccatorum</span> <span class='ocrx_word' id='word_1_183' title='bbox 1262 2232 1452 2279; x_wconf 88' lang='lat' dir='ltr'>tamen</span> <span class='ocrx_word' id='word_1_184' title='bbox 1502 2226 1830 2280; x_wconf 89' lang='lat' dir='ltr'>conditione</span> <span class='ocrx_word' id='word_1_185' title='bbox 1856 2227 1937 2292; x_wconf 87' lang='lat' dir='ltr'>ﬁt,</span> 
     </span>
    </p>
   </div>
   <div class='ocr_carea' id='block_1_23' title="bbox 245 2313 1945 2385">
    <p class='ocr_par' dir='ltr' id='par_1_23' title="bbox 245 2313 1945 2385">
     <span class='ocr_line' id='line_1_23' title="bbox 245 2313 1945 2385; baseline -0.001 -15"><span class='ocrx_word' id='word_1_186' title='bbox 245 2321 309 2371; x_wconf 89' lang='lat' dir='ltr'>ut</span> <span class='ocrx_word' id='word_1_187' title='bbox 338 2315 747 2385; x_wconf 73' lang='lat' dir='ltr'>permittuntur</span> <span class='ocrx_word' id='word_1_188' title='bbox 776 2314 981 2369; x_wconf 66' lang='lat' dir='ltr'>anima:</span> <span class='ocrx_word' id='word_1_189' title='bbox 1013 2314 1081 2368; x_wconf 87' lang='lat' dir='ltr'>de</span> <span class='ocrx_word' id='word_1_190' title='bbox 1130 2313 1337 2368; x_wconf 91' lang='lat' dir='ltr'>animis</span> <span class='ocrx_word' id='word_1_191' title='bbox 1386 2314 1601 2385; x_wconf 89' lang='lat' dir='ltr'>aliquid</span> <span class='ocrx_word' id='word_1_192' title='bbox 1644 2332 1835 2385; x_wconf 87' lang='lat' dir='ltr'>agere,</span> <span class='ocrx_word' id='word_1_193' title='bbox 1875 2315 1945 2369; x_wconf 92' lang='lat' dir='ltr'>si-</span> 
     </span>
    </p>
   </div>
   <div class='ocr_carea' id='block_1_24' title="bbox 246 2406 1939 2476">
    <p class='ocr_par' dir='ltr' id='par_1_24' title="bbox 246 2406 1939 2476">
     <span class='ocr_line' id='line_1_24' title="bbox 246 2406 1939 2476; baseline 0 -17"><span class='ocrx_word' id='word_1_194' title='bbox 246 2407 568 2476; x_wconf 88' lang='lat' dir='ltr'>gniﬁcando</span> <span class='ocrx_word' id='word_1_195' title='bbox 623 2422 717 2459; x_wconf 90' lang='lat' dir='ltr'>eas</span> <span class='ocrx_word' id='word_1_196' title='bbox 759 2410 1047 2459; x_wconf 88' lang='lat' dir='ltr'>moventes</span> <span class='ocrx_word' id='word_1_197' title='bbox 1093 2421 1195 2475; x_wconf 89' lang='lat' dir='ltr'>per</span> <span class='ocrx_word' id='word_1_198' title='bbox 1232 2406 1507 2457; x_wconf 87' lang='lat' dir='ltr'>alterutra</span> <span class='ocrx_word' id='word_1_199' title='bbox 1549 2422 1806 2475; x_wconf 89' lang='lat' dir='ltr'>corpora,</span> <span class='ocrx_word' id='word_1_200' title='bbox 1858 2407 1939 2459; x_wconf 85' lang='lat' dir='ltr'>vel</span> 
     </span>
    </p>
   </div>
   <div class='ocr_carea' id='block_1_25' title="bbox 247 2493 1943 2565">
    <p class='ocr_par' dir='ltr' id='par_1_25' title="bbox 247 2493 1943 2565">
     <span class='ocr_line' id='line_1_25' title="bbox 247 2493 1943 2565; baseline 0.001 -18"><span class='ocrx_word' id='word_1_201' title='bbox 247 2494 600 2547; x_wconf 87' lang='lat' dir='ltr'>naturalibus</span> <span class='ocrx_word' id='word_1_202' title='bbox 629 2494 827 2565; x_wconf 84' lang='lat' dir='ltr'>signis,</span> <span class='ocrx_word' id='word_1_203' title='bbox 860 2494 1004 2547; x_wconf 89' lang='lat' dir='ltr'>sicut</span> <span class='ocrx_word' id='word_1_204' title='bbox 1033 2498 1118 2546; x_wconf 93' lang='lat' dir='ltr'>est</span> <span class='ocrx_word' id='word_1_205' title='bbox 1143 2493 1331 2547; x_wconf 86' lang='lat' dir='ltr'>vultus</span> <span class='ocrx_word' id='word_1_206' title='bbox 1361 2493 1446 2546; x_wconf 86' lang='lat' dir='ltr'>vel</span> <span class='ocrx_word' id='word_1_207' title='bbox 1480 2498 1672 2560; x_wconf 89' lang='lat' dir='ltr'>nutus,</span> <span class='ocrx_word' id='word_1_208' title='bbox 1705 2495 1792 2547; x_wconf 90' lang='lat' dir='ltr'>vel</span> <span class='ocrx_word' id='word_1_209' title='bbox 1817 2495 1943 2565; x_wconf 87' lang='lat' dir='ltr'>pla-</span> 
     </span>
    </p>
   </div>
   <div class='ocr_carea' id='block_1_26' title="bbox 247 2581 1945 2651">
    <p class='ocr_par' dir='ltr' id='par_1_26' title="bbox 247 2581 1945 2651">
     <span class='ocr_line' id='line_1_26' title="bbox 247 2581 1945 2651; baseline 0 -16"><span class='ocrx_word' id='word_1_210' title='bbox 247 2582 396 2651; x_wconf 86' lang='lat' dir='ltr'>citis,</span> <span class='ocrx_word' id='word_1_211' title='bbox 430 2583 571 2636; x_wconf 90' lang='lat' dir='ltr'>sicut</span> <span class='ocrx_word' id='word_1_212' title='bbox 600 2587 733 2636; x_wconf 91' lang='lat' dir='ltr'>sunt</span> <span class='ocrx_word' id='word_1_213' title='bbox 766 2584 954 2636; x_wconf 89' lang='lat' dir='ltr'>verba.</span> <span class='ocrx_word' id='word_1_214' title='bbox 1007 2583 1150 2635; x_wconf 84' lang='lat' dir='ltr'>Nam</span> <span class='ocrx_word' id='word_1_215' title='bbox 1182 2586 1237 2635; x_wconf 89' lang='lat' dir='ltr'>et</span> <span class='ocrx_word' id='word_1_216' title='bbox 1264 2581 1527 2651; x_wconf 85' lang='lat' dir='ltr'>jubentes</span> <span class='ocrx_word' id='word_1_217' title='bbox 1556 2586 1613 2635; x_wconf 92' lang='lat' dir='ltr'>et</span> <span class='ocrx_word' id='word_1_218' title='bbox 1641 2582 1945 2636; x_wconf 86' lang='lat' dir='ltr'>suadentes</span> 
     </span>
    </p>
   </div>
   <div class='ocr_carea' id='block_1_27' title="bbox 249 2670 1947 2742">
    <p class='ocr_par' dir='ltr' id='par_1_27' title="bbox 249 2670 1947 2742">
     <span class='ocr_line' id='line_1_27' title="bbox 249 2670 1947 2742; baseline -0.001 -17"><span class='ocrx_word' id='word_1_219' title='bbox 249 2672 428 2742; x_wconf 86' lang='lat' dir='ltr'>signis</span> <span class='ocrx_word' id='word_1_220' title='bbox 460 2678 659 2741; x_wconf 89' lang='lat' dir='ltr'>agunt,</span> <span class='ocrx_word' id='word_1_221' title='bbox 684 2677 740 2725; x_wconf 92' lang='lat' dir='ltr'>ct</span> <span class='ocrx_word' id='word_1_222' title='bbox 770 2672 815 2724; x_wconf 92' lang='lat' dir='ltr'>si</span> <span class='ocrx_word' id='word_1_223' title='bbox 846 2671 985 2742; x_wconf 91' lang='lat' dir='ltr'>quid</span> <span class='ocrx_word' id='word_1_224' title='bbox 1012 2674 1094 2724; x_wconf 88' lang='lat' dir='ltr'>est</span> <span class='ocrx_word' id='word_1_225' title='bbox 1121 2670 1277 2725; x_wconf 88' lang='lat' dir='ltr'>aliud</span> <span class='ocrx_word' id='word_1_226' title='bbox 1308 2675 1519 2740; x_wconf 66' lang='lat' dir='ltr'>praeter</span> <span class='ocrx_word' id='word_1_227' title='bbox 1542 2670 1860 2740; x_wconf 90' lang='lat' dir='ltr'>jussionem</span> <span class='ocrx_word' id='word_1_228' title='bbox 1891 2675 1947 2724; x_wconf 88' lang='lat' dir='ltr'>et</span> 
     </span>
    </p>
   </div>
   <div class='ocr_carea' id='block_1_28' title="bbox 248 2759 1945 2830">
    <p class='ocr_par' dir='ltr' id='par_1_28' title="bbox 248 2759 1945 2830">
     <span class='ocr_line' id='line_1_28' title="bbox 248 2759 1945 2830; baseline 0.001 -19"><span class='ocrx_word' id='word_1_229' title='bbox 248 2760 597 2826; x_wconf 87' lang='lat' dir='ltr'>suasionem,</span> <span class='ocrx_word' id='word_1_230' title='bbox 631 2776 744 2830; x_wconf 91' lang='lat' dir='ltr'>quo</span> <span class='ocrx_word' id='word_1_231' title='bbox 773 2760 980 2813; x_wconf 83' lang='lat' dir='ltr'>animae</span> <span class='ocrx_word' id='word_1_232' title='bbox 1009 2760 1076 2813; x_wconf 88' lang='lat' dir='ltr'>de</span> <span class='ocrx_word' id='word_1_233' title='bbox 1107 2759 1314 2811; x_wconf 88' lang='lat' dir='ltr'>animis</span> <span class='ocrx_word' id='word_1_234' title='bbox 1344 2759 1431 2813; x_wconf 91' lang='lat' dir='ltr'>vel</span> <span class='ocrx_word' id='word_1_235' title='bbox 1463 2775 1594 2813; x_wconf 90' lang='lat' dir='ltr'>cum</span> <span class='ocrx_word' id='word_1_236' title='bbox 1620 2759 1825 2813; x_wconf 89' lang='lat' dir='ltr'>animis</span> <span class='ocrx_word' id='word_1_237' title='bbox 1848 2759 1945 2812; x_wconf 90' lang='lat' dir='ltr'>ali-</span> 
     </span>
    </p>
   </div>
   <div class='ocr_carea' id='block_1_29' title="bbox 249 2848 1946 2920">
    <p class='ocr_par' dir='ltr' id='par_1_29' title="bbox 249 2848 1946 2920">
     <span class='ocr_line' id='line_1_29' title="bbox 249 2848 1946 2920; baseline 0.001 -20"><span class='ocrx_word' id='word_1_238' title='bbox 249 2849 385 2920; x_wconf 83' lang='lat' dir='ltr'>quid</span> <span class='ocrx_word' id='word_1_239' title='bbox 418 2854 612 2918; x_wconf 85' lang='lat' dir='ltr'>agunt.</span> <span class='ocrx_word' id='word_1_240' title='bbox 642 2851 774 2902; x_wconf 87' lang='lat' dir='ltr'>Jure</span> <span class='ocrx_word' id='word_1_241' title='bbox 796 2855 987 2902; x_wconf 89' lang='lat' dir='ltr'>autem</span> <span class='ocrx_word' id='word_1_242' title='bbox 1016 2852 1274 2901; x_wconf 90' lang='lat' dir='ltr'>secutum</span> <span class='ocrx_word' id='word_1_243' title='bbox 1304 2852 1406 2914; x_wconf 88' lang='lat' dir='ltr'>est,</span> <span class='ocrx_word' id='word_1_244' title='bbox 1435 2852 1500 2901; x_wconf 89' lang='lat' dir='ltr'>ut</span> <span class='ocrx_word' id='word_1_245' title='bbox 1520 2864 1649 2918; x_wconf 63' lang='lat' dir='ltr'>quae</span> <span class='ocrx_word' id='word_1_246' title='bbox 1681 2848 1946 2918; x_wconf 88' lang='lat' dir='ltr'>superbia</span> 
     </span>
    </p>
   </div>
   <div class='ocr_carea' id='block_1_30' title="bbox 247 2935 1945 3007">
    <p class='ocr_par' dir='ltr' id='par_1_30' title="bbox 247 2935 1945 3007">
     <span class='ocr_line' id='line_1_30' title="bbox 247 2935 1945 3007; baseline -0.001 -16"><span class='ocrx_word' id='word_1_247' title='bbox 247 2938 471 2991; x_wconf 63' lang='lat' dir='ltr'>ueteris</span> <span class='ocrx_word' id='word_1_248' title='bbox 500 2939 773 2991; x_wconf 82' lang='lat' dir='ltr'>excellere</span> <span class='ocrx_word' id='word_1_249' title='bbox 802 2937 1124 3007; x_wconf 88' lang='lat' dir='ltr'>cupierunt,</span> <span class='ocrx_word' id='word_1_250' title='bbox 1174 2952 1278 2990; x_wconf 93' lang='lat' dir='ltr'>nec</span> <span class='ocrx_word' id='word_1_251' title='bbox 1324 2935 1441 2989; x_wconf 84' lang='lat' dir='ltr'>suis</span> <span class='ocrx_word' id='word_1_252' title='bbox 1484 2936 1739 3006; x_wconf 89' lang='lat' dir='ltr'>partibus</span> <span class='ocrx_word' id='word_1_253' title='bbox 1776 2941 1945 3007; x_wconf 89' lang='lat' dir='ltr'>atque</span> 
     </span>
    </p>
   </div>
   <div class='ocr_carea' id='block_1_31' title="bbox 248 3024 1946 3095">
    <p class='ocr_par' dir='ltr' id='par_1_31' title="bbox 248 3024 1946 3095">
     <span class='ocr_line' id='line_1_31' title="bbox 248 3024 1946 3095; baseline -0.001 -16"><span class='ocrx_word' id='word_1_254' title='bbox 248 3026 583 3095; x_wconf 87' lang='lat' dir='ltr'>corporibus</span> <span class='ocrx_word' id='word_1_255' title='bbox 604 3026 725 3079; x_wconf 88' lang='lat' dir='ltr'>sine</span> <span class='ocrx_word' id='word_1_256' title='bbox 752 3026 1084 3079; x_wconf 83' lang='lat' dir='ltr'>difﬁcultate</span> <span class='ocrx_word' id='word_1_257' title='bbox 1102 3028 1158 3078; x_wconf 89' lang='lat' dir='ltr'>et</span> <span class='ocrx_word' id='word_1_258' title='bbox 1173 3024 1459 3078; x_wconf 86' lang='lat' dir='ltr'>doloribus</span> <span class='ocrx_word' id='word_1_259' title='bbox 1488 3024 1791 3094; x_wconf 82' lang='lat' dir='ltr'>imperent,</span> <span class='ocrx_word' id='word_1_260' title='bbox 1809 3041 1946 3093; x_wconf 90' lang='lat' dir='ltr'>par-</span> 
     </span>
    </p>
   </div>
   <div class='ocr_carea' id='block_1_32' title="bbox 246 3112 1945 3184">
    <p class='ocr_par' dir='ltr' id='par_1_32' title="bbox 246 3112 1945 3184">
     <span class='ocr_line' id='line_1_32' title="bbox 246 3112 1945 3184; baseline -0.001 -17"><span class='ocrx_word' id='word_1_261' title='bbox 246 3115 349 3167; x_wconf 91' lang='lat' dir='ltr'>tim</span> <span class='ocrx_word' id='word_1_262' title='bbox 384 3115 569 3168; x_wconf 68' lang='lat' dir='ltr'>stultaa</span> <span class='ocrx_word' id='word_1_263' title='bbox 602 3114 660 3167; x_wconf 94' lang='lat' dir='ltr'>in</span> <span class='ocrx_word' id='word_1_264' title='bbox 711 3132 791 3180; x_wconf 91' lang='lat' dir='ltr'>se,</span> <span class='ocrx_word' id='word_1_265' title='bbox 822 3114 1032 3184; x_wconf 89' lang='lat' dir='ltr'>partim</span> <span class='ocrx_word' id='word_1_266' title='bbox 1064 3113 1400 3167; x_wconf 86' lang='lat' dir='ltr'>mortalibus</span> <span class='ocrx_word' id='word_1_267' title='bbox 1435 3112 1709 3165; x_wconf 88' lang='lat' dir='ltr'>membris</span> <span class='ocrx_word' id='word_1_268' title='bbox 1740 3128 1945 3182; x_wconf 80' lang='lat' dir='ltr'>aggra-</span> 
     </span>
    </p>
   </div>
   <div class='ocr_carea' id='block_1_33' title="bbox 245 3200 1947 3272">
    <p class='ocr_par' dir='ltr' id='par_1_33' title="bbox 245 3200 1947 3272">
     <span class='ocr_line' id='line_1_33' title="bbox 245 3200 1947 3272; baseline -0.001 -16"><span class='ocrx_word' id='word_1_269' title='bbox 245 3208 411 3257; x_wconf 72' lang='lat' dir='ltr'>vatze.</span> <span class='ocrx_word' id='word_1_270' title='bbox 448 3205 513 3257; x_wconf 85' lang='lat' dir='ltr'>Et</span> <span class='ocrx_word' id='word_1_271' title='bbox 539 3203 627 3256; x_wconf 88' lang='lat' dir='ltr'>his</span> <span class='ocrx_word' id='word_1_272' title='bbox 657 3202 834 3272; x_wconf 87' lang='lat' dir='ltr'>igitur</span> <span class='ocrx_word' id='word_1_273' title='bbox 864 3202 1120 3255; x_wconf 87' lang='lat' dir='ltr'>numeris</span> <span class='ocrx_word' id='word_1_274' title='bbox 1150 3206 1206 3255; x_wconf 90' lang='lat' dir='ltr'>et</span> <span class='ocrx_word' id='word_1_275' title='bbox 1235 3200 1487 3254; x_wconf 87' lang='lat' dir='ltr'>motibus</span> <span class='ocrx_word' id='word_1_276' title='bbox 1506 3201 1712 3270; x_wconf 85' lang='lat' dir='ltr'>quibus</span> <span class='ocrx_word' id='word_1_277' title='bbox 1742 3202 1947 3255; x_wconf 63' lang='lat' dir='ltr'>anima:</span> 
     </span>
    </p>
   </div>
   <div class='ocr_carea' id='block_1_34' title="bbox 244 3288 1949 3361">
    <p class='ocr_par' dir='ltr' id='par_1_34' title="bbox 244 3288 1949 3361">
     <span class='ocr_line' id='line_1_34' title="bbox 244 3288 1949 3361; baseline -0.001 -17"><span class='ocrx_word' id='word_1_278' title='bbox 244 3291 321 3344; x_wconf 89' lang='lat' dir='ltr'>ad</span> <span class='ocrx_word' id='word_1_279' title='bbox 353 3291 571 3344; x_wconf 89' lang='lat' dir='ltr'>animas</span> <span class='ocrx_word' id='word_1_280' title='bbox 602 3296 801 3361; x_wconf 88' lang='lat' dir='ltr'>agunt,</span> <span class='ocrx_word' id='word_1_281' title='bbox 833 3291 1077 3344; x_wconf 88' lang='lat' dir='ltr'>honores</span> <span class='ocrx_word' id='word_1_282' title='bbox 1112 3290 1425 3358; x_wconf 88' lang='lat' dir='ltr'>laudesque</span> <span class='ocrx_word' id='word_1_283' title='bbox 1452 3288 1774 3358; x_wconf 89' lang='lat' dir='ltr'>appetendo</span> <span class='ocrx_word' id='word_1_284' title='bbox 1796 3304 1949 3343; x_wconf 89' lang='lat' dir='ltr'>aver-</span> 
     </span>
    </p>
   </div>
   <div class='ocr_carea' id='block_1_35' title="bbox 247 3375 1945 3448">
    <p class='ocr_par' dir='ltr' id='par_1_35' title="bbox 247 3375 1945 3448">
     <span class='ocr_line' id='line_1_35' title="bbox 247 3375 1945 3448; baseline -0.001 -17"><span class='ocrx_word' id='word_1_285' title='bbox 247 3382 454 3431; x_wconf 90' lang='lat' dir='ltr'>tuntur</span> <span class='ocrx_word' id='word_1_286' title='bbox 476 3395 505 3431; x_wconf 88' lang='lat' dir='ltr'>a</span> <span class='ocrx_word' id='word_1_287' title='bbox 536 3378 929 3448; x_wconf 89' lang='lat' dir='ltr'>perspectione</span> <span class='ocrx_word' id='word_1_288' title='bbox 967 3394 1129 3447; x_wconf 69' lang='lat' dir='ltr'>pura:</span> <span class='ocrx_word' id='word_1_289' title='bbox 1160 3377 1315 3430; x_wconf 89' lang='lat' dir='ltr'>illius</span> <span class='ocrx_word' id='word_1_290' title='bbox 1337 3381 1392 3430; x_wconf 92' lang='lat' dir='ltr'>et</span> <span class='ocrx_word' id='word_1_291' title='bbox 1416 3376 1650 3429; x_wconf 67' lang='lat' dir='ltr'>sincera:</span> <span class='ocrx_word' id='word_1_292' title='bbox 1672 3375 1945 3430; x_wconf 89' lang='lat' dir='ltr'>veritatis.</span> 
     </span>
    </p>
   </div>
   <div class='ocr_carea' id='block_1_36' title="bbox 248 3463 1950 3519">
    <p class='ocr_par' dir='ltr' id='par_1_36' title="bbox 248 3463 1950 3519">
     <span class='ocr_line' id='line_1_36' title="bbox 248 3463 1950 3519; baseline 0 -3"><span class='ocrx_word' id='word_1_293' title='bbox 248 3464 417 3517; x_wconf 89' lang='lat' dir='ltr'>Solus</span> <span class='ocrx_word' id='word_1_294' title='bbox 446 3465 601 3519; x_wconf 86' lang='lat' dir='ltr'>enim</span> <span class='ocrx_word' id='word_1_295' title='bbox 632 3466 879 3519; x_wconf 86' lang='lat' dir='ltr'>honorat</span> <span class='ocrx_word' id='word_1_296' title='bbox 920 3466 1068 3519; x_wconf 85' lang='lat' dir='ltr'>Deus</span> <span class='ocrx_word' id='word_1_297' title='bbox 1100 3464 1351 3519; x_wconf 88' lang='lat' dir='ltr'>animam</span> <span class='ocrx_word' id='word_1_298' title='bbox 1394 3464 1619 3517; x_wconf 86' lang='lat' dir='ltr'>beatam</span> <span class='ocrx_word' id='word_1_299' title='bbox 1651 3463 1862 3517; x_wconf 89' lang='lat' dir='ltr'>faciens</span> <span class='ocrx_word' id='word_1_300' title='bbox 1891 3463 1950 3517; x_wconf 92' lang='lat' dir='ltr'>in</span> 
     </span>
    </p>
   </div>
   <div class='ocr_carea' id='block_1_37' title="bbox 250 3555 1517 3626">
    <p class='ocr_par' dir='ltr' id='par_1_37' title="bbox 250 3555 1517 3626">
     <span class='ocr_line' id='line_1_37' title="bbox 250 3555 1517 3626; baseline 0 -19"><span class='ocrx_word' id='word_1_301' title='bbox 250 3556 477 3609; x_wconf 91' lang='lat' dir='ltr'>occulto</span> <span class='ocrx_word' id='word_1_302' title='bbox 510 3572 701 3609; x_wconf 90' lang='lat' dir='ltr'>coram</span> <span class='ocrx_word' id='word_1_303' title='bbox 727 3573 786 3609; x_wconf 92' lang='lat' dir='ltr'>se</span> <span class='ocrx_word' id='word_1_304' title='bbox 812 3557 965 3625; x_wconf 88' lang='lat' dir='ltr'>justc</span> <span class='ocrx_word' id='word_1_305' title='bbox 1000 3561 1057 3609; x_wconf 91' lang='lat' dir='ltr'>et</span> <span class='ocrx_word' id='word_1_306' title='bbox 1085 3555 1179 3626; x_wconf 92' lang='lat' dir='ltr'>pie</span> <span class='ocrx_word' id='word_1_307' title='bbox 1210 3555 1517 3609; x_wconf 81' lang='lat' dir='ltr'>viventem.</span> 
     </span>
    </p>
   </div>
   <div class='ocr_carea' id='block_1_38' title="bbox 324 3641 1947 3715">
    <p class='ocr_par' dir='ltr' id='par_1_38' title="bbox 324 3641 1947 3715">
     <span class='ocr_line' id='line_1_38' title="bbox 324 3641 1947 3715; baseline -0.001 -18"><span class='ocrx_word' id='word_1_308' title='bbox 324 3645 417 3697; x_wconf 78' lang='grc'>42.</span> <span class='ocrx_word' id='word_1_309' title='bbox 462 3644 643 3697; x_wconf 82' lang='lat' dir='ltr'>Motus</span> <span class='ocrx_word' id='word_1_310' title='bbox 667 3644 845 3714; x_wconf 88' lang='lat' dir='ltr'>igitur</span> <span class='ocrx_word' id='word_1_311' title='bbox 875 3660 1021 3715; x_wconf 90' lang='lat' dir='ltr'>quos</span> <span class='ocrx_word' id='word_1_312' title='bbox 1051 3642 1259 3698; x_wconf 82' lang='lat' dir='ltr'>exserit</span> <span class='ocrx_word' id='word_1_313' title='bbox 1286 3642 1478 3696; x_wconf 89' lang='lat' dir='ltr'>anima</span> <span class='ocrx_word' id='word_1_314' title='bbox 1508 3641 1576 3696; x_wconf 90' lang='lat' dir='ltr'>de</span> <span class='ocrx_word' id='word_1_315' title='bbox 1608 3641 1947 3697; x_wconf 62' lang='lat' dir='ltr'>inhaerenti-</span> 
     </span>
    </p>
   </div>
   <div class='ocr_carea' id='block_1_39' title="bbox 251 3730 1954 3803">
    <p class='ocr_par' dir='ltr' id='par_1_39' title="bbox 251 3730 1954 3803">
     <span class='ocr_line' id='line_1_39' title="bbox 251 3730 1954 3803; baseline 0.001 -19"><span class='ocrx_word' id='word_1_316' title='bbox 251 3732 361 3785; x_wconf 90' lang='lat' dir='ltr'>bus</span> <span class='ocrx_word' id='word_1_317' title='bbox 393 3731 517 3797; x_wconf 87' lang='lat' dir='ltr'>sibi,</span> <span class='ocrx_word' id='word_1_318' title='bbox 553 3736 608 3786; x_wconf 92' lang='lat' dir='ltr'>et</span> <span class='ocrx_word' id='word_1_319' title='bbox 639 3732 879 3786; x_wconf 89' lang='lat' dir='ltr'>subditis</span> <span class='ocrx_word' id='word_1_320' title='bbox 918 3732 1143 3799; x_wconf 84' lang='lat' dir='ltr'>animis,</span> <span class='ocrx_word' id='word_1_321' title='bbox 1184 3730 1647 3803; x_wconf 87' lang='lat' dir='ltr'>progressoribus</span> <span class='ocrx_word' id='word_1_322' title='bbox 1682 3730 1791 3783; x_wconf 89' lang='lat' dir='ltr'>illis</span> <span class='ocrx_word' id='word_1_323' title='bbox 1821 3735 1954 3785; x_wconf 84' lang='lat' dir='ltr'>sunt</span> 
     </span>
    </p>
   </div>
   <div class='ocr_carea' id='block_1_40' title="bbox 253 3818 1952 3892">
    <p class='ocr_par' dir='ltr' id='par_1_40' title="bbox 253 3818 1952 3892">
     <span class='ocr_line' id='line_1_40' title="bbox 253 3818 1952 3892; baseline 0.002 -22"><span class='ocrx_word' id='word_1_324' title='bbox 253 3818 474 3872; x_wconf 88' lang='lat' dir='ltr'>similes</span> <span class='ocrx_word' id='word_1_325' title='bbox 500 3836 512 3885; x_wconf 92' lang='lat'><strong>;</strong></span> <span class='ocrx_word' id='word_1_326' title='bbox 541 3820 659 3889; x_wconf 86' lang='lat' dir='ltr'>agit</span> <span class='ocrx_word' id='word_1_327' title='bbox 685 3820 840 3875; x_wconf 91' lang='lat' dir='ltr'>enim</span> <span class='ocrx_word' id='word_1_328' title='bbox 864 3825 1135 3892; x_wconf 87' lang='lat' dir='ltr'>tanquam</span> <span class='ocrx_word' id='word_1_329' title='bbox 1158 3820 1225 3874; x_wconf 92' lang='lat' dir='ltr'>de</span> <span class='ocrx_word' id='word_1_330' title='bbox 1247 3836 1484 3890; x_wconf 87' lang='lat' dir='ltr'>corpore</span> <span class='ocrx_word' id='word_1_331' title='bbox 1503 3836 1625 3874; x_wconf 89' lang='lat' dir='ltr'>suo.</span> <span class='ocrx_word' id='word_1_332' title='bbox 1650 3818 1741 3873; x_wconf 90' lang='lat' dir='ltr'>Illi</span> <span class='ocrx_word' id='word_1_333' title='bbox 1759 3823 1952 3873; x_wconf 90' lang='lat' dir='ltr'>autem</span> 
     </span>
    </p>
   </div>
   <div class='ocr_carea' id='block_1_41' title="bbox 254 3908 1953 3981">
    <p class='ocr_par' dir='ltr' id='par_1_41' title="bbox 254 3908 1953 3981">
     <span class='ocr_line' id='line_1_41' title="bbox 254 3908 1953 3981; baseline 0.001 -20"><span class='ocrx_word' id='word_1_334' title='bbox 254 3912 445 3961; x_wconf 85' lang='lat' dir='ltr'>motus</span> <span class='ocrx_word' id='word_1_335' title='bbox 479 3925 620 3979; x_wconf 87' lang='lat' dir='ltr'>quos</span> <span class='ocrx_word' id='word_1_336' title='bbox 648 3910 873 3976; x_wconf 80' lang='lat' dir='ltr'>exserit,</span> <span class='ocrx_word' id='word_1_337' title='bbox 902 3926 1213 3981; x_wconf 86' lang='lat' dir='ltr'>aggregare</span> <span class='ocrx_word' id='word_1_338' title='bbox 1240 3911 1346 3964; x_wconf 88' lang='lat' dir='ltr'>sibi</span> <span class='ocrx_word' id='word_1_339' title='bbox 1369 3910 1588 3981; x_wconf 86' lang='lat' dir='ltr'>aliquas</span> <span class='ocrx_word' id='word_1_340' title='bbox 1606 3910 1692 3963; x_wconf 90' lang='lat' dir='ltr'>vel</span> <span class='ocrx_word' id='word_1_341' title='bbox 1714 3908 1953 3964; x_wconf 87' lang='lat' dir='ltr'>subdere</span> 
     </span>
    </p>
   </div>
   <div class='ocr_carea' id='block_1_42' title="bbox 252 3996 1955 4069">
    <p class='ocr_par' dir='ltr' id='par_1_42' title="bbox 252 3996 1955 4069">
     <span class='ocr_line' id='line_1_42' title="bbox 252 3996 1955 4069; baseline 0.001 -20"><span class='ocrx_word' id='word_1_342' title='bbox 252 3996 512 4067; x_wconf 89' lang='lat' dir='ltr'>cupiens,</span> <span class='ocrx_word' id='word_1_343' title='bbox 558 3998 619 4051; x_wconf 93' lang='lat' dir='ltr'>in</span> <span class='ocrx_word' id='word_1_344' title='bbox 671 4015 1037 4053; x_wconf 89' lang='lat' dir='ltr'>occursorum</span> <span class='ocrx_word' id='word_1_345' title='bbox 1096 4016 1334 4053; x_wconf 87' lang='lat' dir='ltr'>numero</span> <span class='ocrx_word' id='word_1_346' title='bbox 1396 4000 1764 4069; x_wconf 84' lang='lat' dir='ltr'>deputantur.</span> <span class='ocrx_word' id='word_1_347' title='bbox 1822 3996 1955 4067; x_wconf 90' lang='lat' dir='ltr'>Agit</span> 
     </span>
    </p>
   </div>
   <div class='ocr_carea' id='block_1_43' title="bbox 252 4084 1953 4156">
    <p class='ocr_par' dir='ltr' id='par_1_43' title="bbox 252 4084 1953 4156">
     <span class='ocr_line' id='line_1_43' title="bbox 252 4084 1953 4156; baseline 0.002 -20"><span class='ocrx_word' id='word_1_348' title='bbox 252 4084 414 4137; x_wconf 90' lang='lat' dir='ltr'>enim</span> <span class='ocrx_word' id='word_1_349' title='bbox 442 4090 719 4156; x_wconf 87' lang='lat' dir='ltr'>tanquam</span> <span class='ocrx_word' id='word_1_350' title='bbox 750 4086 810 4140; x_wconf 92' lang='lat' dir='ltr'>in</span> <span class='ocrx_word' id='word_1_351' title='bbox 841 4087 1099 4141; x_wconf 86' lang='lat' dir='ltr'>sensibus</span> <span class='ocrx_word' id='word_1_352' title='bbox 1117 4088 1170 4141; x_wconf 90' lang='lat' dir='ltr'>id</span> <span class='ocrx_word' id='word_1_353' title='bbox 1202 4088 1461 4150; x_wconf 87' lang='lat' dir='ltr'>moliens,</span> <span class='ocrx_word' id='word_1_354' title='bbox 1485 4092 1739 4142; x_wconf 89' lang='lat' dir='ltr'>utunum</span> <span class='ocrx_word' id='word_1_355' title='bbox 1762 4102 1953 4140; x_wconf 89' lang='lat' dir='ltr'>secum</span> 
     </span>
    </p>
   </div>
   <div class='ocr_carea' id='block_1_44' title="bbox 252 4173 1954 4247">
    <p class='ocr_par' dir='ltr' id='par_1_44' title="bbox 252 4173 1954 4247">
     <span class='ocr_line' id='line_1_44' title="bbox 252 4173 1954 4247; baseline 0.002 -22"><span class='ocrx_word' id='word_1_356' title='bbox 252 4173 377 4237; x_wconf 81' lang='lat' dir='ltr'>ﬁat,</span> <span class='ocrx_word' id='word_1_357' title='bbox 408 4176 561 4245; x_wconf 88' lang='lat' dir='ltr'>quod</span> <span class='ocrx_word' id='word_1_358' title='bbox 591 4178 745 4229; x_wconf 90' lang='lat' dir='ltr'>velut</span> <span class='ocrx_word' id='word_1_359' title='bbox 771 4176 1115 4230; x_wconf 82' lang='lat' dir='ltr'>extrinsecus</span> <span class='ocrx_word' id='word_1_360' title='bbox 1167 4176 1524 4241; x_wconf 86' lang='lat' dir='ltr'>admovetur,</span> <span class='ocrx_word' id='word_1_361' title='bbox 1566 4180 1621 4229; x_wconf 94' lang='lat' dir='ltr'>et</span> <span class='ocrx_word' id='word_1_362' title='bbox 1650 4176 1806 4247; x_wconf 90' lang='lat' dir='ltr'>quod</span> <span class='ocrx_word' id='word_1_363' title='bbox 1836 4191 1954 4229; x_wconf 91' lang='lat' dir='ltr'>non</span> 
     </span>
    </p>
   </div>
   <div class='ocr_carea' id='block_1_45' title="bbox 247 4263 1953 4335">
    <p class='ocr_par' dir='ltr' id='par_1_45' title="bbox 247 4263 1953 4335">
     <span class='ocr_line' id='line_1_45' title="bbox 247 4263 1953 4335; baseline 0.003 -21"><span class='ocrx_word' id='word_1_364' title='bbox 247 4266 443 4333; x_wconf 85' lang='lat' dir='ltr'>potest</span> <span class='ocrx_word' id='word_1_365' title='bbox 470 4266 799 4335; x_wconf 88' lang='lat' dir='ltr'>repellatur.</span> <span class='ocrx_word' id='word_1_366' title='bbox 840 4266 904 4318; x_wconf 87' lang='lat' dir='ltr'>Et</span> <span class='ocrx_word' id='word_1_367' title='bbox 932 4264 1033 4317; x_wconf 93' lang='lat' dir='ltr'>hos</span> <span class='ocrx_word' id='word_1_368' title='bbox 1064 4268 1335 4334; x_wconf 90' lang='lat' dir='ltr'>utrosque</span> <span class='ocrx_word' id='word_1_369' title='bbox 1374 4268 1566 4318; x_wconf 89' lang='lat' dir='ltr'>motus</span> <span class='ocrx_word' id='word_1_370' title='bbox 1596 4263 1804 4333; x_wconf 88' lang='lat' dir='ltr'>excipit</span> <span class='ocrx_word' id='word_1_371' title='bbox 1832 4280 1953 4319; x_wconf 90' lang='lat' dir='ltr'>me-</span> 
     </span>
    </p>
   </div>
   <div class='ocr_carea' id='block_1_46' title="bbox 254 4351 1956 4421">
    <p class='ocr_par' dir='ltr' id='par_1_46' title="bbox 254 4351 1956 4421">
     <span class='ocr_line' id='line_1_46' title="bbox 254 4351 1956 4421; baseline 0.001 -18"><span class='ocrx_word' id='word_1_372' title='bbox 254 4351 465 4418; x_wconf 87' lang='lat' dir='ltr'>moria,</span> <span class='ocrx_word' id='word_1_373' title='bbox 496 4357 551 4405; x_wconf 90' lang='lat' dir='ltr'>et</span> <span class='ocrx_word' id='word_1_374' title='bbox 571 4353 950 4407; x_wconf 90' lang='lat' dir='ltr'>recordabiles</span> <span class='ocrx_word' id='word_1_375' title='bbox 976 4352 1129 4419; x_wconf 88' lang='lat' dir='ltr'>facit,</span> <span class='ocrx_word' id='word_1_376' title='bbox 1158 4352 1332 4406; x_wconf 90' lang='lat' dir='ltr'>simili</span> <span class='ocrx_word' id='word_1_377' title='bbox 1353 4352 1526 4406; x_wconf 91' lang='lat' dir='ltr'>modo</span> <span class='ocrx_word' id='word_1_378' title='bbox 1553 4351 1614 4405; x_wconf 90' lang='lat' dir='ltr'>in</span> <span class='ocrx_word' id='word_1_379' title='bbox 1640 4352 1956 4421; x_wconf 88' lang='lat' dir='ltr'>phantasiis</span> 
     </span>
    </p>
   </div>
   <div class='ocr_carea' id='block_1_47' title="bbox 254 4439 1954 4508">
    <p class='ocr_par' dir='ltr' id='par_1_47' title="bbox 254 4439 1954 4508">
     <span class='ocr_line' id='line_1_47' title="bbox 254 4439 1954 4508; baseline 0.001 -16"><span class='ocrx_word' id='word_1_380' title='bbox 254 4442 316 4492; x_wconf 90' lang='lat' dir='ltr'>et</span> <span class='ocrx_word' id='word_1_381' title='bbox 342 4439 834 4508; x_wconf 83' lang='lat' dir='ltr'>phantasmatibus</span> <span class='ocrx_word' id='word_1_382' title='bbox 866 4441 1153 4495; x_wconf 83' lang='lat' dir='ltr'>actionum</span> <span class='ocrx_word' id='word_1_383' title='bbox 1194 4441 1395 4495; x_wconf 88' lang='lat' dir='ltr'>talium</span> <span class='ocrx_word' id='word_1_384' title='bbox 1442 4439 1954 4495; x_wconf 89' lang='lat' dir='ltr'>tumultuosissime</span> 
     </span>
    </p>
   </div>
   <div class='ocr_carea' id='block_1_48' title="bbox 255 4529 1959 4600">
    <p class='ocr_par' dir='ltr' id='par_1_48' title="bbox 255 4529 1959 4600">
     <span class='ocr_line' id='line_1_48' title="bbox 255 4529 1959 4600; baseline 0.002 -21"><span class='ocrx_word' id='word_1_385' title='bbox 255 4530 596 4582; x_wconf 64' lang='lat' dir='ltr'>exaestuans.</span> <span class='ocrx_word' id='word_1_386' title='bbox 644 4531 754 4583; x_wconf 81' lang='lat' dir='ltr'>Nec</span> <span class='ocrx_word' id='word_1_387' title='bbox 810 4529 895 4583; x_wconf 91' lang='lat' dir='ltr'>illi</span> <span class='ocrx_word' id='word_1_388' title='bbox 951 4535 1224 4600; x_wconf 87' lang='lat' dir='ltr'>tanquam</span> <span class='ocrx_word' id='word_1_389' title='bbox 1281 4529 1699 4584; x_wconf 82' lang='lat' dir='ltr'>examinatores</span> <span class='ocrx_word' id='word_1_390' title='bbox 1731 4530 1959 4583; x_wconf 88' lang='lat' dir='ltr'>numeri</span> 
     </span>
    </p>
   </div>
   <div class='ocr_carea' id='block_1_49' title="bbox 255 4614 1958 4688">
    <p class='ocr_par' dir='ltr' id='par_1_49' title="bbox 255 4614 1958 4688">
     <span class='ocr_line' id='line_1_49' title="bbox 255 4614 1958 4688; baseline 0.004 -22"><span class='ocrx_word' id='word_1_391' title='bbox 255 4614 483 4681; x_wconf 84' lang='lat' dir='ltr'>desunt,</span> <span class='ocrx_word' id='word_1_392' title='bbox 520 4616 620 4686; x_wconf 91' lang='lat' dir='ltr'>qui</span> <span class='ocrx_word' id='word_1_393' title='bbox 650 4617 894 4671; x_wconf 86' lang='lat' dir='ltr'>sentiant</span> <span class='ocrx_word' id='word_1_394' title='bbox 918 4618 1054 4688; x_wconf 89' lang='lat' dir='ltr'>quid</span> <span class='ocrx_word' id='word_1_395' title='bbox 1082 4620 1141 4672; x_wconf 91' lang='lat' dir='ltr'>in</span> <span class='ocrx_word' id='word_1_396' title='bbox 1170 4618 1257 4672; x_wconf 89' lang='lat' dir='ltr'>his</span> <span class='ocrx_word' id='word_1_397' title='bbox 1277 4619 1492 4672; x_wconf 87' lang='lat' dir='ltr'>actibus</span> <span class='ocrx_word' id='word_1_398' title='bbox 1521 4619 1820 4672; x_wconf 89' lang='lat' dir='ltr'>commode</span> <span class='ocrx_word' id='word_1_399' title='bbox 1842 4618 1958 4673; x_wconf 90' lang='lat' dir='ltr'>sive</span> 
     </span>
    </p>
   </div>
   <div class='ocr_carea' id='block_1_50' title="bbox 256 4702 1958 4777">
    <p class='ocr_par' dir='ltr' id='par_1_50' title="bbox 256 4702 1958 4777">
     <span class='ocr_line' id='line_1_50' title="bbox 256 4702 1958 4777; baseline 0.003 -22"><span class='ocrx_word' id='word_1_400' title='bbox 256 4702 624 4758; x_wconf 90' lang='lat' dir='ltr'>incommode</span> <span class='ocrx_word' id='word_1_401' title='bbox 656 4711 968 4772; x_wconf 86' lang='lat' dir='ltr'>moveatur,</span> <span class='ocrx_word' id='word_1_402' title='bbox 1002 4724 1147 4777; x_wconf 88' lang='lat' dir='ltr'>quos</span> <span class='ocrx_word' id='word_1_403' title='bbox 1178 4707 1317 4760; x_wconf 90' lang='lat' dir='ltr'>item</span> <span class='ocrx_word' id='word_1_404' title='bbox 1345 4707 1629 4761; x_wconf 80' lang='lat' dir='ltr'>sensuales</span> <span class='ocrx_word' id='word_1_405' title='bbox 1669 4706 1958 4776; x_wconf 88' lang='lat' dir='ltr'>appellare</span> 
     </span>
    </p>
   </div>
   <div class='ocr_carea' id='block_1_51' title="bbox 255 4792 1959 4866">
    <p class='ocr_par' dir='ltr' id='par_1_51' title="bbox 255 4792 1959 4866">
     <span class='ocr_line' id='line_1_51' title="bbox 255 4792 1959 4866; baseline 0.003 -22"><span class='ocrx_word' id='word_1_406' title='bbox 255 4807 375 4845; x_wconf 87' lang='lat' dir='ltr'>non</span> <span class='ocrx_word' id='word_1_407' title='bbox 392 4792 603 4863; x_wconf 89' lang='lat' dir='ltr'>pigeat,</span> <span class='ocrx_word' id='word_1_408' title='bbox 637 4794 773 4864; x_wconf 86' lang='lat' dir='ltr'>quia</span> <span class='ocrx_word' id='word_1_409' title='bbox 806 4795 1071 4849; x_wconf 89' lang='lat' dir='ltr'>sensibila</span> <span class='ocrx_word' id='word_1_410' title='bbox 1099 4796 1262 4866; x_wconf 90' lang='lat' dir='ltr'>signa</span> <span class='ocrx_word' id='word_1_411' title='bbox 1283 4801 1415 4849; x_wconf 91' lang='lat' dir='ltr'>sunt</span> <span class='ocrx_word' id='word_1_412' title='bbox 1433 4796 1641 4866; x_wconf 90' lang='lat' dir='ltr'>quibus</span> <span class='ocrx_word' id='word_1_413' title='bbox 1662 4796 1769 4849; x_wconf 91' lang='lat' dir='ltr'>hoc</span> <span class='ocrx_word' id='word_1_414' title='bbox 1787 4795 1959 4849; x_wconf 92' lang='lat' dir='ltr'>modo</span> 
     </span>
    </p>
   </div>
   <div class='ocr_carea' id='block_1_52' title="bbox 257 4880 1960 4953">
    <p class='ocr_par' dir='ltr' id='par_1_52' title="bbox 257 4880 1960 4953">
     <span class='ocr_line' id='line_1_52' title="bbox 257 4880 1960 4953; baseline 0.003 -21"><span class='ocrx_word' id='word_1_415' title='bbox 257 4880 467 4934; x_wconf 66' lang='lat' dir='ltr'>animae</span> <span class='ocrx_word' id='word_1_416' title='bbox 498 4883 569 4935; x_wconf 91' lang='lat' dir='ltr'>ad</span> <span class='ocrx_word' id='word_1_417' title='bbox 600 4883 819 4937; x_wconf 88' lang='lat' dir='ltr'>animas</span> <span class='ocrx_word' id='word_1_418' title='bbox 849 4888 1043 4953; x_wconf 87' lang='lat' dir='ltr'>agunt.</span> <span class='ocrx_word' id='word_1_419' title='bbox 1078 4885 1174 4937; x_wconf 85' lang='lat' dir='ltr'>His</span> <span class='ocrx_word' id='word_1_420' title='bbox 1203 4888 1287 4937; x_wconf 91' lang='lat' dir='ltr'>tot</span> <span class='ocrx_word' id='word_1_421' title='bbox 1327 4889 1382 4938; x_wconf 88' lang='lat' dir='ltr'>et</span> <span class='ocrx_word' id='word_1_422' title='bbox 1418 4884 1591 4938; x_wconf 87' lang='lat' dir='ltr'>tantis</span> <span class='ocrx_word' id='word_1_423' title='bbox 1624 4884 1960 4938; x_wconf 84' lang='lat' dir='ltr'>intentioni-</span> 
     </span>
    </p>
   </div>
   <div class='ocr_carea' id='block_1_53' title="bbox 257 4970 1961 5042">
    <p class='ocr_par' dir='ltr' id='par_1_53' title="bbox 257 4970 1961 5042">
     <span class='ocr_line' id='line_1_53' title="bbox 257 4970 1961 5042; baseline 0.001 -19"><span class='ocrx_word' id='word_1_424' title='bbox 257 4970 368 5023; x_wconf 87' lang='lat' dir='ltr'>bus</span> <span class='ocrx_word' id='word_1_425' title='bbox 399 4970 592 5024; x_wconf 89' lang='lat' dir='ltr'>anima</span> <span class='ocrx_word' id='word_1_426' title='bbox 621 4971 932 5042; x_wconf 88' lang='lat' dir='ltr'>implicata,</span> <span class='ocrx_word' id='word_1_427' title='bbox 966 4973 1104 5042; x_wconf 91' lang='lat' dir='ltr'>quid</span> <span class='ocrx_word' id='word_1_428' title='bbox 1149 4972 1381 5037; x_wconf 87' lang='lat' dir='ltr'>mirum,</span> <span class='ocrx_word' id='word_1_429' title='bbox 1433 4972 1479 5025; x_wconf 92' lang='lat' dir='ltr'>si</span> <span class='ocrx_word' id='word_1_430' title='bbox 1508 4989 1540 5025; x_wconf 91' lang='lat' dir='ltr'>a</span> <span class='ocrx_word' id='word_1_431' title='bbox 1591 4972 1961 5041; x_wconf 89' lang='lat' dir='ltr'>comtempla-</span> 
     </span>
    </p>
   </div>
   <div class='ocr_carea' id='block_1_54' title="bbox 256 5057 1964 5131">
    <p class='ocr_par' dir='ltr' id='par_1_54' title="bbox 256 5057 1964 5131">
     <span class='ocr_line' id='line_1_54' title="bbox 256 5057 1964 5131; baseline 0.001 -20"><span class='ocrx_word' id='word_1_432' title='bbox 256 5057 419 5112; x_wconf 88' lang='lat' dir='ltr'>tione</span> <span class='ocrx_word' id='word_1_433' title='bbox 444 5060 697 5113; x_wconf 88' lang='lat' dir='ltr'>veritatis</span> <span class='ocrx_word' id='word_1_434' title='bbox 728 5061 1041 5115; x_wconf 87' lang='lat' dir='ltr'>avertitur?</span> <span class='ocrx_word' id='word_1_435' title='bbox 1072 5063 1135 5115; x_wconf 92' lang='lat' dir='ltr'>Et</span> <span class='ocrx_word' id='word_1_436' title='bbox 1169 5066 1448 5131; x_wconf 90' lang='lat' dir='ltr'>quantum</span> <span class='ocrx_word' id='word_1_437' title='bbox 1481 5061 1714 5131; x_wconf 91' lang='lat' dir='ltr'>quidem</span> <span class='ocrx_word' id='word_1_438' title='bbox 1760 5060 1830 5113; x_wconf 91' lang='lat' dir='ltr'>ab</span> <span class='ocrx_word' id='word_1_439' title='bbox 1874 5059 1964 5113; x_wconf 90' lang='lat' dir='ltr'>his</span> 
     </span>
    </p>
   </div>
   <div class='ocr_carea' id='block_1_55' title="bbox 255 5147 1965 5220">
    <p class='ocr_par' dir='ltr' id='par_1_55' title="bbox 255 5147 1965 5220">
     <span class='ocr_line' id='line_1_55' title="bbox 255 5147 1965 5220; baseline 0.002 -21"><span class='ocrx_word' id='word_1_440' title='bbox 255 5147 507 5215; x_wconf 79' lang='lat' dir='ltr'>respirat</span> <span class='ocrx_word' id='word_1_441' title='bbox 539 5147 690 5201; x_wconf 87' lang='lat' dir='ltr'>videt</span> <span class='ocrx_word' id='word_1_442' title='bbox 718 5148 911 5215; x_wconf 91' lang='lat' dir='ltr'>illam;</span> <span class='ocrx_word' id='word_1_443' title='bbox 946 5149 1045 5203; x_wconf 90' lang='lat' dir='ltr'>sed</span> <span class='ocrx_word' id='word_1_444' title='bbox 1086 5149 1222 5220; x_wconf 88' lang='lat' dir='ltr'>quia</span> <span class='ocrx_word' id='word_1_445' title='bbox 1251 5149 1505 5202; x_wconf 91' lang='lat' dir='ltr'>nondum</span> <span class='ocrx_word' id='word_1_446' title='bbox 1536 5165 1631 5202; x_wconf 89' lang='lat' dir='ltr'>eas</span> <span class='ocrx_word' id='word_1_447' title='bbox 1682 5148 1869 5215; x_wconf 88' lang='lat' dir='ltr'>evicit,</span> <span class='ocrx_word' id='word_1_448' title='bbox 1906 5148 1965 5202; x_wconf 92' lang='lat' dir='ltr'>in</span> 
     </span>
    </p>
   </div>
   <div class='ocr_carea' id='block_1_56' title="bbox 258 5235 1962 5307">
    <p class='ocr_par' dir='ltr' id='par_1_56' title="bbox 258 5235 1962 5307">
     <span class='ocr_line' id='line_1_56' title="bbox 258 5235 1962 5307; baseline 0 -20"><span class='ocrx_word' id='word_1_449' title='bbox 258 5235 363 5287; x_wconf 89' lang='lat' dir='ltr'>illa</span> <span class='ocrx_word' id='word_1_450' title='bbox 396 5252 627 5289; x_wconf 89' lang='lat' dir='ltr'>manere</span> <span class='ocrx_word' id='word_1_451' title='bbox 658 5253 773 5290; x_wconf 91' lang='lat' dir='ltr'>non</span> <span class='ocrx_word' id='word_1_452' title='bbox 806 5237 1033 5291; x_wconf 87' lang='lat' dir='ltr'>sinitur.</span> <span class='ocrx_word' id='word_1_453' title='bbox 1066 5239 1139 5290; x_wconf 87' lang='lat' dir='ltr'>Ex</span> <span class='ocrx_word' id='word_1_454' title='bbox 1169 5254 1283 5307; x_wconf 89' lang='lat' dir='ltr'>quo</span> <span class='ocrx_word' id='word_1_455' title='bbox 1310 5237 1373 5290; x_wconf 88' lang='lat' dir='ltr'>ﬁt</span> <span class='ocrx_word' id='word_1_456' title='bbox 1403 5241 1464 5289; x_wconf 87' lang='lat' dir='ltr'>ut</span> <span class='ocrx_word' id='word_1_457' title='bbox 1508 5252 1625 5291; x_wconf 91' lang='lat' dir='ltr'>non</span> <span class='ocrx_word' id='word_1_458' title='bbox 1662 5235 1830 5290; x_wconf 89' lang='lat' dir='ltr'>simul</span> <span class='ocrx_word' id='word_1_459' title='bbox 1862 5235 1962 5288; x_wconf 90' lang='lat' dir='ltr'>ha-</span> 
     </span>
    </p>
   </div>
   <div class='ocr_carea' id='block_1_57' title="bbox 258 5324 1964 5394">
    <p class='ocr_par' dir='ltr' id='par_1_57' title="bbox 258 5324 1964 5394">
     <span class='ocr_line' id='line_1_57' title="bbox 258 5324 1964 5394; baseline 0.001 -18"><span class='ocrx_word' id='word_1_460' title='bbox 258 5324 396 5377; x_wconf 87' lang='lat' dir='ltr'>beat</span> <span class='ocrx_word' id='word_1_461' title='bbox 426 5324 617 5378; x_wconf 89' lang='lat' dir='ltr'>anima</span> <span class='ocrx_word' id='word_1_462' title='bbox 638 5342 802 5379; x_wconf 88' lang='lat' dir='ltr'>nosse</span> <span class='ocrx_word' id='word_1_463' title='bbox 822 5325 880 5377; x_wconf 90' lang='lat' dir='ltr'>in</span> <span class='ocrx_word' id='word_1_464' title='bbox 903 5326 1108 5394; x_wconf 89' lang='lat' dir='ltr'>quibus</span> <span class='ocrx_word' id='word_1_465' title='bbox 1133 5324 1563 5379; x_wconf 89' lang='lat' dir='ltr'>consistendum</span> <span class='ocrx_word' id='word_1_466' title='bbox 1593 5328 1684 5390; x_wconf 83' lang='lat' dir='ltr'>sit,</span> <span class='ocrx_word' id='word_1_467' title='bbox 1719 5327 1773 5377; x_wconf 89' lang='lat' dir='ltr'>et</span> <span class='ocrx_word' id='word_1_468' title='bbox 1796 5339 1964 5394; x_wconf 88' lang='lat' dir='ltr'>posse</span> 
     </span>
    </p>
   </div>
   <div class='ocr_carea' id='block_1_58' title="bbox 260 5412 1963 5482">
    <p class='ocr_par' dir='ltr' id='par_1_58' title="bbox 260 5412 1963 5482">
     <span class='ocr_line' id='line_1_58' title="bbox 260 5412 1963 5482; baseline 0.001 -18"><span class='ocrx_word' id='word_1_469' title='bbox 260 5412 712 5466; x_wconf 87' lang='lat' dir='ltr'>consistere:sed</span> <span class='ocrx_word' id='word_1_470' title='bbox 746 5412 1023 5482; x_wconf 87' lang='lat' dir='ltr'>numquid</span> <span class='ocrx_word' id='word_1_471' title='bbox 1039 5417 1099 5466; x_wconf 89' lang='lat' dir='ltr'>tu</span> <span class='ocrx_word' id='word_1_472' title='bbox 1112 5414 1253 5467; x_wconf 81' lang='lat' dir='ltr'>forte</span> <span class='ocrx_word' id='word_1_473' title='bbox 1279 5414 1547 5468; x_wconf 87' lang='lat' dir='ltr'>adversus</span> <span class='ocrx_word' id='word_1_474' title='bbox 1575 5414 1693 5467; x_wconf 64' lang='lat' dir='ltr'>haec</span> <span class='ocrx_word' id='word_1_475' title='bbox 1713 5414 1741 5466; x_wconf 81' lang='lat'>‘?</span> <span class='ocrx_word' id='word_1_476' title='bbox 1770 5415 1835 5467; x_wconf 91' lang='lat' dir='ltr'>D.</span> <span class='ocrx_word' id='word_1_477' title='bbox 1866 5412 1963 5466; x_wconf 83' lang='lat' dir='ltr'>Ni-</span> 
     </span>
    </p>
   </div>
   <div class='ocr_carea' id='block_1_59' title="bbox 261 5500 1357 5571">
    <p class='ocr_par' dir='ltr' id='par_1_59' title="bbox 261 5500 1357 5571">
     <span class='ocr_line' id='line_1_59' title="bbox 261 5500 1357 5571; baseline 0.003 -18"><span class='ocrx_word' id='word_1_478' title='bbox 261 5500 345 5553; x_wconf 86' lang='lat' dir='ltr'>hil</span> <span class='ocrx_word' id='word_1_479' title='bbox 378 5504 463 5554; x_wconf 88' lang='lat' dir='ltr'>est</span> <span class='ocrx_word' id='word_1_480' title='bbox 491 5501 646 5571; x_wconf 89' lang='lat' dir='ltr'>quod</span> <span class='ocrx_word' id='word_1_481' title='bbox 674 5500 1060 5555; x_wconf 85' lang='lat' dir='ltr'>contradicere</span> <span class='ocrx_word' id='word_1_482' title='bbox 1092 5502 1357 5556; x_wconf 88' lang='lat' dir='ltr'>audeam.</span> 
     </span>
    </p>
   </div>
   <div class='ocr_carea' id='block_1_60' title="bbox 1736 334 2283 393">
    <p class='ocr_par' dir='ltr' id='par_1_60' title="bbox 1736 334 2283 393">
     <span class='ocr_line' id='line_1_60' title="bbox 1736 334 2283 393; baseline -0.005 -1"><span class='ocrx_word' id='word_1_483' title='bbox 1736 337 1948 393; x_wconf 81' lang='lat' dir='ltr'><strong>LIBER</strong></span> <span class='ocrx_word' id='word_1_484' title='bbox 1989 334 2283 392; x_wconf 86' lang='lat' dir='ltr'>SEXTUS.</span> 
     </span>
    </p>
   </div>
   <div class='ocr_carea' id='block_1_61' title="bbox 3614 339 3748 393">
    <p class='ocr_par' dir='ltr' id='par_1_61' title="bbox 3614 339 3748 393">
     <span class='ocr_line' id='line_1_61' title="bbox 3614 339 3748 393; baseline -0.022 -1"><span class='ocrx_word' id='word_1_485' title='bbox 3614 339 3748 393; x_wconf 88' lang='grc'><strong>1186</strong></span> 
     </span>
    </p>
   </div>
   <div class='ocr_carea' id='block_1_62' title="bbox 2051 456 3748 523">
    <p class='ocr_par' dir='ltr' id='par_1_62' title="bbox 2051 456 3748 523">
     <span class='ocr_line' id='line_1_62' title="bbox 2051 456 3748 523; baseline -0.001 -10"><span class='ocrx_word' id='word_1_486' title='bbox 2051 460 2272 513; x_wconf 83' lang='lat' dir='ltr'><strong>CAPUT</strong></span> <span class='ocrx_word' id='word_1_487' title='bbox 2310 457 2445 511; x_wconf 83' lang='lat' dir='ltr'>XIV.</span> <span class='ocrx_word' id='word_1_488' title='bbox 2479 486 2545 495; x_wconf 93' lang='lat'>—-</span> <span class='ocrx_word' id='word_1_489' title='bbox 2573 456 2666 509; x_wconf 81' lang='lat' dir='ltr'>Ad</span> <span class='ocrx_word' id='word_1_490' title='bbox 2714 458 2810 510; x_wconf 90' lang='lat' dir='ltr'>Dei</span> <span class='ocrx_word' id='word_1_491' title='bbox 2860 470 3094 509; x_wconf 88' lang='lat' dir='ltr'>amorem</span> <span class='ocrx_word' id='word_1_492' title='bbox 3120 460 3444 523; x_wconf 83' lang='lat' dir='ltr'>provocatur</span> <span class='ocrx_word' id='word_1_493' title='bbox 3467 459 3653 511; x_wconf 88' lang='lat' dir='ltr'>anima</span> <span class='ocrx_word' id='word_1_494' title='bbox 3681 474 3748 511; x_wconf 77' lang='lat' dir='ltr'>ea:</span> 
     </span>
    </p>
   </div>
   <div class='ocr_carea' id='block_1_63' title="bbox 2119 544 3672 613">
    <p class='ocr_par' dir='ltr' id='par_1_63' title="bbox 2119 544 3672 613">
     <span class='ocr_line' id='line_1_63' title="bbox 2119 544 3672 613; baseline -0.001 -14"><span class='ocrx_word' id='word_1_495' title='bbox 2119 561 2462 600; x_wconf 81' lang='lat' dir='ltr'>numerorum</span> <span class='ocrx_word' id='word_1_496' title='bbox 2485 549 2534 599; x_wconf 86' lang='lat' dir='ltr'>et</span> <span class='ocrx_word' id='word_1_497' title='bbox 2564 544 2771 599; x_wconf 79' lang='lat' dir='ltr'>ordinis</span> <span class='ocrx_word' id='word_1_498' title='bbox 2800 546 3008 597; x_wconf 82' lang='lat' dir='ltr'>ratione</span> <span class='ocrx_word' id='word_1_499' title='bbox 3031 560 3195 613; x_wconf 87' lang='lat' dir='ltr'>quam</span> <span class='ocrx_word' id='word_1_500' title='bbox 3218 546 3276 597; x_wconf 85' lang='lat' dir='ltr'>in</span> <span class='ocrx_word' id='word_1_501' title='bbox 3294 545 3451 599; x_wconf 81' lang='lat' dir='ltr'>rebus</span> <span class='ocrx_word' id='word_1_502' title='bbox 3470 546 3672 613; x_wconf 77' lang='lat' dir='ltr'>diligit.</span> 
     </span>
    </p>
   </div>
   <div class='ocr_carea' id='block_1_64' title="bbox 2120 665 3746 737">
    <p class='ocr_par' dir='ltr' id='par_1_64' title="bbox 2120 665 3746 737">
     <span class='ocr_line' id='line_1_64' title="bbox 2120 665 3746 737; baseline 0.002 -19"><span class='ocrx_word' id='word_1_503' title='bbox 2120 670 2214 720; x_wconf 84' lang='grc'>43.</span> <span class='ocrx_word' id='word_1_504' title='bbox 2252 668 2331 720; x_wconf 85' lang='grc' dir='ltr'>Μ.</span> <span class='ocrx_word' id='word_1_505' title='bbox 2372 665 2517 728; x_wconf 88' lang='lat' dir='ltr'>Quid</span> <span class='ocrx_word' id='word_1_506' title='bbox 2547 681 2681 734; x_wconf 91' lang='lat' dir='ltr'>ergo</span> <span class='ocrx_word' id='word_1_507' title='bbox 2711 667 3029 717; x_wconf 84' lang='lat' dir='ltr'>restat?An</span> <span class='ocrx_word' id='word_1_508' title='bbox 3058 670 3141 731; x_wconf 89' lang='lat' dir='ltr'>ut,</span> <span class='ocrx_word' id='word_1_509' title='bbox 3174 666 3449 736; x_wconf 90' lang='lat' dir='ltr'>quoniam</span> <span class='ocrx_word' id='word_1_510' title='bbox 3479 666 3623 721; x_wconf 90' lang='lat' dir='ltr'>sicut</span> <span class='ocrx_word' id='word_1_511' title='bbox 3643 684 3746 737; x_wconf 88' lang='lat' dir='ltr'>po-</span> 
     </span>
    </p>
   </div>
   <div class='ocr_carea' id='block_1_65' title="bbox 2047 753 3745 824">
    <p class='ocr_par' dir='ltr' id='par_1_65' title="bbox 2047 753 3745 824">
     <span class='ocr_line' id='line_1_65' title="bbox 2047 753 3745 824; baseline 0.001 -17"><span class='ocrx_word' id='word_1_512' title='bbox 2047 755 2262 807; x_wconf 88' lang='lat' dir='ltr'>tuimus</span> <span class='ocrx_word' id='word_1_513' title='bbox 2296 753 2753 824; x_wconf 86' lang='lat' dir='ltr'>inquinationem</span> <span class='ocrx_word' id='word_1_514' title='bbox 2779 758 2835 806; x_wconf 93' lang='lat' dir='ltr'>et</span> <span class='ocrx_word' id='word_1_515' title='bbox 2864 753 3333 823; x_wconf 88' lang='lat' dir='ltr'>aggravationem</span> <span class='ocrx_word' id='word_1_516' title='bbox 3364 754 3576 807; x_wconf 64' lang='lat' dir='ltr'>anima;</span> <span class='ocrx_word' id='word_1_517' title='bbox 3610 771 3745 808; x_wconf 91' lang='lat' dir='ltr'>con-</span> 
     </span>
    </p>
   </div>
   <div class='ocr_carea' id='block_1_66' title="bbox 2051 841 3749 912">
    <p class='ocr_par' dir='ltr' id='par_1_66' title="bbox 2051 841 3749 912">
     <span class='ocr_line' id='line_1_66' title="bbox 2051 841 3749 912; baseline 0 -17"><span class='ocrx_word' id='word_1_518' title='bbox 2051 842 2445 903; x_wconf 87' lang='lat' dir='ltr'>sideravimus,</span> <span class='ocrx_word' id='word_1_519' title='bbox 2496 841 2788 895; x_wconf 84' lang='lat' dir='ltr'>videamus</span> <span class='ocrx_word' id='word_1_520' title='bbox 2827 857 3093 912; x_wconf 65' lang='lat' dir='ltr'>quaenam</span> <span class='ocrx_word' id='word_1_521' title='bbox 3138 842 3221 894; x_wconf 90' lang='lat' dir='ltr'>illi</span> <span class='ocrx_word' id='word_1_522' title='bbox 3273 843 3419 896; x_wconf 89' lang='lat' dir='ltr'>actio</span> <span class='ocrx_word' id='word_1_523' title='bbox 3472 843 3749 897; x_wconf 89' lang='lat' dir='ltr'>divinitus</span> 
     </span>
    </p>
   </div>
   <div class='ocr_carea' id='block_1_67' title="bbox 2049 931 3749 1001">
    <p class='ocr_par' dir='ltr' id='par_1_67' title="bbox 2049 931 3749 1001">
     <span class='ocr_line' id='line_1_67' title="bbox 2049 931 3749 1001; baseline 0 -17"><span class='ocrx_word' id='word_1_524' title='bbox 2049 932 2384 1001; x_wconf 90' lang='lat' dir='ltr'>imperetur,</span> <span class='ocrx_word' id='word_1_525' title='bbox 2414 946 2527 1000; x_wconf 91' lang='lat' dir='ltr'>qua</span> <span class='ocrx_word' id='word_1_526' title='bbox 2555 935 2798 1000; x_wconf 88' lang='lat' dir='ltr'>purgata</span> <span class='ocrx_word' id='word_1_527' title='bbox 2850 933 3020 998; x_wconf 89' lang='lat' dir='ltr'>atque</span> <span class='ocrx_word' id='word_1_528' title='bbox 3051 935 3357 983; x_wconf 87' lang='lat' dir='ltr'>exonerata</span> <span class='ocrx_word' id='word_1_529' title='bbox 3410 932 3629 984; x_wconf 90' lang='lat' dir='ltr'>revolet</span> <span class='ocrx_word' id='word_1_530' title='bbox 3676 931 3749 984; x_wconf 89' lang='lat' dir='ltr'>ad</span> 
     </span>
    </p>
   </div>
   <div class='ocr_carea' id='block_1_68' title="bbox 2050 1017 3749 1089">
    <p class='ocr_par' dir='ltr' id='par_1_68' title="bbox 2050 1017 3749 1089">
     <span class='ocr_line' id='line_1_68' title="bbox 2050 1017 3749 1089; baseline 0 -18"><span class='ocrx_word' id='word_1_531' title='bbox 2050 1020 2324 1089; x_wconf 85' lang='lat' dir='ltr'>quietem,</span> <span class='ocrx_word' id='word_1_532' title='bbox 2348 1024 2402 1072; x_wconf 90' lang='lat' dir='ltr'>et</span> <span class='ocrx_word' id='word_1_533' title='bbox 2428 1018 2600 1071; x_wconf 91' lang='lat' dir='ltr'>intret</span> <span class='ocrx_word' id='word_1_534' title='bbox 2622 1017 2683 1070; x_wconf 90' lang='lat' dir='ltr'>in</span> <span class='ocrx_word' id='word_1_535' title='bbox 2700 1018 2975 1088; x_wconf 90' lang='lat' dir='ltr'>gaudium</span> <span class='ocrx_word' id='word_1_536' title='bbox 3008 1018 3235 1071; x_wconf 89' lang='lat' dir='ltr'>Domini</span> <span class='ocrx_word' id='word_1_537' title='bbox 3263 1018 3392 1071; x_wconf 84' lang='lat' dir='ltr'>sui?</span> <span class='ocrx_word' id='word_1_538' title='bbox 3420 1019 3495 1071; x_wconf 92' lang='lat' dir='ltr'>D.</span> <span class='ocrx_word' id='word_1_539' title='bbox 3523 1019 3606 1071; x_wconf 88' lang='lat' dir='ltr'>Ita</span> <span class='ocrx_word' id='word_1_540' title='bbox 3625 1018 3749 1071; x_wconf 86' lang='lat' dir='ltr'>ﬁat.</span> 
     </span>
    </p>
   </div>
   <div class='ocr_carea' id='block_1_69' title="bbox 2050 1106 3750 1176">
    <p class='ocr_par' dir='ltr' id='par_1_69' title="bbox 2050 1106 3750 1176">
     <span class='ocr_line' id='line_1_69' title="bbox 2050 1106 3750 1176; baseline -0.001 -15"><span class='ocrx_word' id='word_1_541' title='bbox 2050 1109 2124 1161; x_wconf 87' lang='lat' dir='ltr'>M.</span> <span class='ocrx_word' id='word_1_542' title='bbox 2159 1107 2302 1170; x_wconf 86' lang='lat' dir='ltr'>Quid</span> <span class='ocrx_word' id='word_1_543' title='bbox 2335 1123 2424 1160; x_wconf 92' lang='lat' dir='ltr'>me</span> <span class='ocrx_word' id='word_1_544' title='bbox 2450 1110 2614 1176; x_wconf 88' lang='lat' dir='ltr'>putas</span> <span class='ocrx_word' id='word_1_545' title='bbox 2646 1106 2779 1159; x_wconf 91' lang='lat' dir='ltr'>hinc</span> <span class='ocrx_word' id='word_1_546' title='bbox 2804 1106 3020 1160; x_wconf 90' lang='lat' dir='ltr'>diutius</span> <span class='ocrx_word' id='word_1_547' title='bbox 3048 1107 3253 1160; x_wconf 90' lang='lat' dir='ltr'>debere</span> <span class='ocrx_word' id='word_1_548' title='bbox 3279 1106 3486 1173; x_wconf 89' lang='lat' dir='ltr'>dicere,</span> <span class='ocrx_word' id='word_1_549' title='bbox 3517 1123 3648 1160; x_wconf 91' lang='lat' dir='ltr'>cum</span> <span class='ocrx_word' id='word_1_550' title='bbox 3670 1106 3750 1160; x_wconf 90' lang='lat' dir='ltr'>di-</span> 
     </span>
    </p>
   </div>
   <div class='ocr_carea' id='block_1_70' title="bbox 2049 1194 3751 1264">
    <p class='ocr_par' dir='ltr' id='par_1_70' title="bbox 2049 1194 3751 1264">
     <span class='ocr_line' id='line_1_70' title="bbox 2049 1194 3751 1264; baseline -0.001 -16"><span class='ocrx_word' id='word_1_551' title='bbox 2049 1195 2197 1249; x_wconf 70' lang='lat' dir='ltr'>vinae</span> <span class='ocrx_word' id='word_1_552' title='bbox 2237 1194 2541 1264; x_wconf 70' lang='lat' dir='ltr'>Scriptura:</span> <span class='ocrx_word' id='word_1_553' title='bbox 2584 1198 2666 1247; x_wconf 89' lang='lat' dir='ltr'>tot</span> <span class='ocrx_word' id='word_1_554' title='bbox 2707 1194 3093 1247; x_wconf 87' lang='lat' dir='ltr'>voluminibus</span> <span class='ocrx_word' id='word_1_555' title='bbox 3125 1200 3181 1247; x_wconf 91' lang='lat' dir='ltr'>et</span> <span class='ocrx_word' id='word_1_556' title='bbox 3209 1199 3368 1248; x_wconf 88' lang='lat' dir='ltr'>tanta</span> <span class='ocrx_word' id='word_1_557' title='bbox 3416 1194 3751 1248; x_wconf 88' lang='lat' dir='ltr'>auctoritate</span> 
     </span>
    </p>
   </div>
   <div class='ocr_carea' id='block_1_71' title="bbox 2051 1281 3749 1352">
    <p class='ocr_par' dir='ltr' id='par_1_71' title="bbox 2051 1281 3749 1352">
     <span class='ocr_line' id='line_1_71' title="bbox 2051 1281 3749 1352; baseline -0.001 -16"><span class='ocrx_word' id='word_1_558' title='bbox 2051 1286 2106 1336; x_wconf 92' lang='lat' dir='ltr'>et</span> <span class='ocrx_word' id='word_1_559' title='bbox 2136 1283 2429 1337; x_wconf 89' lang='lat' dir='ltr'>sanctitate</span> <span class='ocrx_word' id='word_1_560' title='bbox 2459 1281 2733 1352; x_wconf 72' lang='lat' dir='ltr'>praeditis,</span> <span class='ocrx_word' id='word_1_561' title='bbox 2766 1281 2910 1335; x_wconf 91' lang='lat' dir='ltr'>nihil</span> <span class='ocrx_word' id='word_1_562' title='bbox 2940 1282 3235 1336; x_wconf 89' lang='lat' dir='ltr'>nobiscum</span> <span class='ocrx_word' id='word_1_563' title='bbox 3256 1282 3409 1335; x_wconf 89' lang='lat' dir='ltr'>aliud</span> <span class='ocrx_word' id='word_1_564' title='bbox 3427 1282 3749 1352; x_wconf 89' lang='lat' dir='ltr'>agant,nisi</span> 
     </span>
    </p>
   </div>
   <div class='ocr_carea' id='block_1_72' title="bbox 2050 1369 3749 1440">
    <p class='ocr_par' dir='ltr' id='par_1_72' title="bbox 2050 1369 3749 1440">
     <span class='ocr_line' id='line_1_72' title="bbox 2050 1369 3749 1440; baseline -0.001 -16"><span class='ocrx_word' id='word_1_565' title='bbox 2050 1378 2114 1425; x_wconf 90' lang='lat' dir='ltr'>ut</span> <span class='ocrx_word' id='word_1_566' title='bbox 2168 1371 2472 1440; x_wconf 88' lang='lat' dir='ltr'>diligamus</span> <span class='ocrx_word' id='word_1_567' title='bbox 2525 1372 2705 1423; x_wconf 90' lang='lat' dir='ltr'>Deum</span> <span class='ocrx_word' id='word_1_568' title='bbox 2755 1375 2810 1423; x_wconf 92' lang='lat' dir='ltr'>et</span> <span class='ocrx_word' id='word_1_569' title='bbox 2854 1369 3160 1423; x_wconf 90' lang='lat' dir='ltr'>Dominum</span> <span class='ocrx_word' id='word_1_570' title='bbox 3209 1375 3471 1423; x_wconf 90' lang='lat' dir='ltr'>nostrum</span> <span class='ocrx_word' id='word_1_571' title='bbox 3519 1386 3583 1424; x_wconf 90' lang='lat' dir='ltr'>ex</span> <span class='ocrx_word' id='word_1_572' title='bbox 3627 1375 3749 1423; x_wconf 89' lang='lat' dir='ltr'>toto</span> 
     </span>
    </p>
   </div>
   <div class='ocr_carea' id='block_1_73' title="bbox 2050 1456 3752 1526">
    <p class='ocr_par' dir='ltr' id='par_1_73' title="bbox 2050 1456 3752 1526">
     <span class='ocr_line' id='line_1_73' title="bbox 2050 1456 3752 1526; baseline -0.002 -13"><span class='ocrx_word' id='word_1_573' title='bbox 2050 1460 2238 1524; x_wconf 87' lang='lat' dir='ltr'>corde,</span> <span class='ocrx_word' id='word_1_574' title='bbox 2264 1474 2329 1512; x_wconf 88' lang='lat' dir='ltr'>ex</span> <span class='ocrx_word' id='word_1_575' title='bbox 2359 1462 2476 1511; x_wconf 87' lang='lat' dir='ltr'>tota</span> <span class='ocrx_word' id='word_1_576' title='bbox 2505 1459 2714 1523; x_wconf 89' lang='lat' dir='ltr'>anima,</span> <span class='ocrx_word' id='word_1_577' title='bbox 2748 1463 2804 1510; x_wconf 93' lang='lat' dir='ltr'>et</span> <span class='ocrx_word' id='word_1_578' title='bbox 2831 1473 2897 1509; x_wconf 92' lang='lat' dir='ltr'>ex</span> <span class='ocrx_word' id='word_1_579' title='bbox 2946 1462 3064 1510; x_wconf 87' lang='lat' dir='ltr'>tota</span> <span class='ocrx_word' id='word_1_580' title='bbox 3092 1462 3282 1509; x_wconf 89' lang='lat' dir='ltr'>mente</span> <span class='ocrx_word' id='word_1_581' title='bbox 3310 1477 3325 1521; x_wconf 87' lang='lat'><strong>;</strong></span> <span class='ocrx_word' id='word_1_582' title='bbox 3358 1461 3413 1510; x_wconf 90' lang='lat' dir='ltr'>et</span> <span class='ocrx_word' id='word_1_583' title='bbox 3446 1456 3752 1526; x_wconf 87' lang='lat' dir='ltr'>diligamus</span> 
     </span>
    </p>
   </div>
   <div class='ocr_carea' id='block_1_74' title="bbox 2049 1544 3753 1619">
    <p class='ocr_par' dir='ltr' id='par_1_74' title="bbox 2049 1544 3753 1619">
     <span class='ocr_line' id='line_1_74' title="bbox 2049 1544 3753 1619; baseline -0.002 -19"><span class='ocrx_word' id='word_1_584' title='bbox 2049 1547 2377 1619; x_wconf 86' lang='lat' dir='ltr'>proximum</span> <span class='ocrx_word' id='word_1_585' title='bbox 2407 1551 2666 1599; x_wconf 87' lang='lat' dir='ltr'>nostrum</span> <span class='ocrx_word' id='word_1_586' title='bbox 2696 1552 2969 1615; x_wconf 90' lang='lat' dir='ltr'>tanquam</span> <span class='ocrx_word' id='word_1_587' title='bbox 3000 1544 3382 1614; x_wconf 88' lang='lat' dir='ltr'>nosmetipsos</span> <span class='ocrx_word' id='word_1_588' title='bbox 3407 1544 3433 1597; x_wconf 74' lang='grc' dir='ltr'><strong>Τ</strong></span> <span class='ocrx_word' id='word_1_589' title='bbox 3477 1544 3561 1597; x_wconf 76' lang='lat' dir='ltr'>Ad</span> <span class='ocrx_word' id='word_1_590' title='bbox 3600 1546 3753 1597; x_wconf 91' lang='lat' dir='ltr'>hunc</span> 
     </span>
    </p>
   </div>
   <div class='ocr_carea' id='block_1_75' title="bbox 2050 1630 3750 1706">
    <p class='ocr_par' dir='ltr' id='par_1_75' title="bbox 2050 1630 3750 1706">
     <span class='ocr_line' id='line_1_75' title="bbox 2050 1630 3750 1706; baseline -0.004 -16"><span class='ocrx_word' id='word_1_591' title='bbox 2050 1637 2224 1706; x_wconf 89' lang='lat' dir='ltr'>igitur</span> <span class='ocrx_word' id='word_1_592' title='bbox 2261 1636 2437 1688; x_wconf 88' lang='lat' dir='ltr'>ﬁnem</span> <span class='ocrx_word' id='word_1_593' title='bbox 2468 1634 2515 1686; x_wconf 91' lang='lat' dir='ltr'>si</span> <span class='ocrx_word' id='word_1_594' title='bbox 2542 1649 2741 1686; x_wconf 91' lang='lat' dir='ltr'>omnes</span> <span class='ocrx_word' id='word_1_595' title='bbox 2772 1633 2900 1686; x_wconf 91' lang='lat' dir='ltr'>illos</span> <span class='ocrx_word' id='word_1_596' title='bbox 2931 1634 3200 1686; x_wconf 67' lang='lat' dir='ltr'>humana:</span> <span class='ocrx_word' id='word_1_597' title='bbox 3249 1630 3490 1685; x_wconf 82' lang='lat' dir='ltr'>actionis</span> <span class='ocrx_word' id='word_1_598' title='bbox 3534 1636 3750 1695; x_wconf 90' lang='lat' dir='ltr'>motus,</span> 
     </span>
    </p>
   </div>
   <div class='ocr_carea' id='block_1_76' title="bbox 2050 1719 3751 1793">
    <p class='ocr_par' dir='ltr' id='par_1_76' title="bbox 2050 1719 3751 1793">
     <span class='ocr_line' id='line_1_76' title="bbox 2050 1719 3751 1793; baseline -0.004 -15"><span class='ocrx_word' id='word_1_599' title='bbox 2050 1739 2433 1793; x_wconf 87' lang='lat' dir='ltr'>numerosque</span> <span class='ocrx_word' id='word_1_600' title='bbox 2485 1722 2818 1786; x_wconf 87' lang='lat' dir='ltr'>referamus,</span> <span class='ocrx_word' id='word_1_601' title='bbox 2866 1720 2987 1774; x_wconf 91' lang='lat' dir='ltr'>sine</span> <span class='ocrx_word' id='word_1_602' title='bbox 3037 1720 3396 1774; x_wconf 89' lang='lat' dir='ltr'>dubitatione</span> <span class='ocrx_word' id='word_1_603' title='bbox 3445 1719 3751 1771; x_wconf 79' lang='lat' dir='ltr'>mandabi-</span> 
     </span>
    </p>
   </div>
   <div class='ocr_carea' id='block_1_77' title="bbox 2050 1809 3754 1879">
    <p class='ocr_par' dir='ltr' id='par_1_77' title="bbox 2050 1809 3754 1879">
     <span class='ocr_line' id='line_1_77' title="bbox 2050 1809 3754 1879; baseline -0.004 -11"><span class='ocrx_word' id='word_1_604' title='bbox 2050 1830 2198 1868; x_wconf 91' lang='lat' dir='ltr'>mur.</span> <span class='ocrx_word' id='word_1_605' title='bbox 2231 1816 2318 1866; x_wconf 86' lang='lat' dir='ltr'>An</span> <span class='ocrx_word' id='word_1_606' title='bbox 2348 1811 2500 1865; x_wconf 91' lang='lat' dir='ltr'>aliud</span> <span class='ocrx_word' id='word_1_607' title='bbox 2529 1811 2818 1865; x_wconf 82' lang='lat' dir='ltr'>existimas</span> <span class='ocrx_word' id='word_1_608' title='bbox 2838 1809 2951 1863; x_wconf 71' lang='lat' dir='ltr'>‘PD.</span> <span class='ocrx_word' id='word_1_609' title='bbox 2982 1810 3133 1863; x_wconf 81' lang='lat' dir='ltr'>Nihil</span> <span class='ocrx_word' id='word_1_610' title='bbox 3154 1809 3423 1879; x_wconf 89' lang='lat' dir='ltr'>equidem</span> <span class='ocrx_word' id='word_1_611' title='bbox 3454 1809 3754 1863; x_wconf 90' lang='lat' dir='ltr'>aliud.Sed</span> 
     </span>
    </p>
   </div>
   <div class='ocr_carea' id='block_1_78' title="bbox 2052 1896 3753 1968">
    <p class='ocr_par' dir='ltr' id='par_1_78' title="bbox 2052 1896 3753 1968">
     <span class='ocr_line' id='line_1_78' title="bbox 2052 1896 3753 1968; baseline 0 -18"><span class='ocrx_word' id='word_1_612' title='bbox 2052 1914 2223 1968; x_wconf 89' lang='lat' dir='ltr'>quam</span> <span class='ocrx_word' id='word_1_613' title='bbox 2254 1898 2362 1952; x_wconf 93' lang='lat' dir='ltr'>hoc</span> <span class='ocrx_word' id='word_1_614' title='bbox 2393 1898 2591 1952; x_wconf 88' lang='lat' dir='ltr'>auditu</span> <span class='ocrx_word' id='word_1_615' title='bbox 2635 1899 2803 1952; x_wconf 88' lang='lat' dir='ltr'>breve</span> <span class='ocrx_word' id='word_1_616' title='bbox 2838 1904 2943 1966; x_wconf 90' lang='lat' dir='ltr'>est,</span> <span class='ocrx_word' id='word_1_617' title='bbox 2976 1902 3091 1951; x_wconf 89' lang='lat' dir='ltr'>tam</span> <span class='ocrx_word' id='word_1_618' title='bbox 3122 1898 3271 1952; x_wconf 87' lang='lat' dir='ltr'>factu</span> <span class='ocrx_word' id='word_1_619' title='bbox 3304 1896 3535 1951; x_wconf 81' lang='lat' dir='ltr'>difﬁcile</span> <span class='ocrx_word' id='word_1_620' title='bbox 3580 1901 3753 1966; x_wconf 88' lang='lat' dir='ltr'>atque</span> 
     </span>
    </p>
   </div>
   <div class='ocr_carea' id='block_1_79' title="bbox 2051 1987 2318 2040">
    <p class='ocr_par' dir='ltr' id='par_1_79' title="bbox 2051 1987 2318 2040">
     <span class='ocr_line' id='line_1_79' title="bbox 2051 1987 2318 2040; baseline -0.004 0"><span class='ocrx_word' id='word_1_621' title='bbox 2051 1987 2318 2040; x_wconf 89' lang='lat' dir='ltr'>arduum.</span> 
     </span>
    </p>
   </div>
   <div class='ocr_carea' id='block_1_80' title="bbox 2121 2074 3756 2145">
    <p class='ocr_par' dir='ltr' id='par_1_80' title="bbox 2121 2074 3756 2145">
     <span class='ocr_line' id='line_1_80' title="bbox 2121 2074 3756 2145; baseline -0.002 -16"><span class='ocrx_word' id='word_1_622' title='bbox 2121 2078 2209 2129; x_wconf 82' lang='grc'>44.</span> <span class='ocrx_word' id='word_1_623' title='bbox 2256 2077 2330 2129; x_wconf 88' lang='grc' dir='ltr'><strong>Μ.</strong></span> <span class='ocrx_word' id='word_1_624' title='bbox 2377 2074 2524 2138; x_wconf 88' lang='lat' dir='ltr'>Quid</span> <span class='ocrx_word' id='word_1_625' title='bbox 2558 2091 2694 2145; x_wconf 88' lang='lat' dir='ltr'>ergo</span> <span class='ocrx_word' id='word_1_626' title='bbox 2724 2074 2889 2129; x_wconf 86' lang='lat' dir='ltr'>facile</span> <span class='ocrx_word' id='word_1_627' title='bbox 2920 2077 3050 2128; x_wconf 84' lang='lat' dir='ltr'>est?</span> <span class='ocrx_word' id='word_1_628' title='bbox 3079 2090 3150 2127; x_wconf 89' lang='lat' dir='ltr'>an</span> <span class='ocrx_word' id='word_1_629' title='bbox 3177 2089 3369 2127; x_wconf 89' lang='lat' dir='ltr'>amare</span> <span class='ocrx_word' id='word_1_630' title='bbox 3398 2074 3647 2139; x_wconf 89' lang='lat' dir='ltr'>colores,</span> <span class='ocrx_word' id='word_1_631' title='bbox 3700 2077 3756 2127; x_wconf 89' lang='lat' dir='ltr'>et</span> 
     </span>
    </p>
   </div>
   <div class='ocr_carea' id='block_1_81' title="bbox 2052 2162 3751 2234">
    <p class='ocr_par' dir='ltr' id='par_1_81' title="bbox 2052 2162 3751 2234">
     <span class='ocr_line' id='line_1_81' title="bbox 2052 2162 3751 2234; baseline -0.002 -17"><span class='ocrx_word' id='word_1_632' title='bbox 2052 2180 2236 2231; x_wconf 89' lang='lat' dir='ltr'>voces,</span> <span class='ocrx_word' id='word_1_633' title='bbox 2269 2168 2324 2217; x_wconf 92' lang='lat' dir='ltr'>et</span> <span class='ocrx_word' id='word_1_634' title='bbox 2352 2165 2661 2234; x_wconf 89' lang='lat' dir='ltr'>placentas,</span> <span class='ocrx_word' id='word_1_635' title='bbox 2692 2168 2748 2217; x_wconf 87' lang='lat' dir='ltr'>et</span> <span class='ocrx_word' id='word_1_636' title='bbox 2775 2179 2951 2229; x_wconf 89' lang='lat' dir='ltr'>rosas,</span> <span class='ocrx_word' id='word_1_637' title='bbox 2993 2167 3047 2215; x_wconf 90' lang='lat' dir='ltr'>et</span> <span class='ocrx_word' id='word_1_638' title='bbox 3076 2178 3318 2231; x_wconf 89' lang='lat' dir='ltr'>corpora</span> <span class='ocrx_word' id='word_1_639' title='bbox 3356 2162 3561 2215; x_wconf 91' lang='lat' dir='ltr'>leniter</span> <span class='ocrx_word' id='word_1_640' title='bbox 3610 2162 3751 2214; x_wconf 94' lang='lat' dir='ltr'>mol-</span> 
     </span>
    </p>
   </div>
   <div class='ocr_carea' id='block_1_82' title="bbox 2052 2248 3754 2320">
    <p class='ocr_par' dir='ltr' id='par_1_82' title="bbox 2052 2248 3754 2320">
     <span class='ocr_line' id='line_1_82' title="bbox 2052 2248 3754 2320; baseline -0.003 -14"><span class='ocrx_word' id='word_1_641' title='bbox 2052 2252 2173 2306; x_wconf 82' lang='lat' dir='ltr'>lia?</span> <span class='ocrx_word' id='word_1_642' title='bbox 2194 2252 2443 2307; x_wconf 73' lang='lat' dir='ltr'>haeccine</span> <span class='ocrx_word' id='word_1_643' title='bbox 2478 2268 2670 2307; x_wconf 92' lang='lat' dir='ltr'>amare</span> <span class='ocrx_word' id='word_1_644' title='bbox 2698 2252 2859 2305; x_wconf 89' lang='lat' dir='ltr'>facile</span> <span class='ocrx_word' id='word_1_645' title='bbox 2888 2256 2973 2304; x_wconf 89' lang='lat' dir='ltr'>est</span> <span class='ocrx_word' id='word_1_646' title='bbox 3002 2250 3227 2317; x_wconf 64' lang='lat' dir='ltr'>animae,</span> <span class='ocrx_word' id='word_1_647' title='bbox 3269 2250 3328 2302; x_wconf 93' lang='lat' dir='ltr'>in</span> <span class='ocrx_word' id='word_1_648' title='bbox 3376 2250 3584 2320; x_wconf 89' lang='lat' dir='ltr'>quibus</span> <span class='ocrx_word' id='word_1_649' title='bbox 3613 2248 3754 2301; x_wconf 89' lang='lat' dir='ltr'>nihil</span> 
     </span>
    </p>
   </div>
   <div class='ocr_carea' id='block_1_83' title="bbox 2053 2337 3753 2412">
    <p class='ocr_par' dir='ltr' id='par_1_83' title="bbox 2053 2337 3753 2412">
     <span class='ocr_line' id='line_1_83' title="bbox 2053 2337 3753 2412; baseline -0.004 -17"><span class='ocrx_word' id='word_1_650' title='bbox 2053 2342 2163 2396; x_wconf 90' lang='lat' dir='ltr'>nisi</span> <span class='ocrx_word' id='word_1_651' title='bbox 2196 2342 2585 2412; x_wconf 86' lang='lat' dir='ltr'>aequalitatem</span> <span class='ocrx_word' id='word_1_652' title='bbox 2622 2358 2686 2394; x_wconf 89' lang='lat' dir='ltr'>ac</span> <span class='ocrx_word' id='word_1_653' title='bbox 2716 2339 3153 2393; x_wconf 87' lang='lat' dir='ltr'>similitudinem</span> <span class='ocrx_word' id='word_1_654' title='bbox 3211 2338 3451 2407; x_wconf 87' lang='lat' dir='ltr'>appetit,</span> <span class='ocrx_word' id='word_1_655' title='bbox 3496 2341 3552 2390; x_wconf 91' lang='lat' dir='ltr'>et</span> <span class='ocrx_word' id='word_1_656' title='bbox 3581 2337 3753 2406; x_wconf 89' lang='lat' dir='ltr'>paulo</span> 
     </span>
    </p>
   </div>
   <div class='ocr_carea' id='block_1_84' title="bbox 2054 2425 3755 2501">
    <p class='ocr_par' dir='ltr' id='par_1_84' title="bbox 2054 2425 3755 2501">
     <span class='ocr_line' id='line_1_84' title="bbox 2054 2425 3755 2501; baseline -0.004 -18"><span class='ocrx_word' id='word_1_657' title='bbox 2054 2430 2382 2501; x_wconf 85' lang='lat' dir='ltr'>diligentius</span> <span class='ocrx_word' id='word_1_658' title='bbox 2429 2429 2810 2492; x_wconf 87' lang='lat' dir='ltr'>considerans,</span> <span class='ocrx_word' id='word_1_659' title='bbox 2848 2428 2935 2481; x_wconf 85' lang='lat' dir='ltr'>vix</span> <span class='ocrx_word' id='word_1_660' title='bbox 2977 2428 3099 2496; x_wconf 85' lang='lat' dir='ltr'>ejus</span> <span class='ocrx_word' id='word_1_661' title='bbox 3143 2430 3453 2479; x_wconf 88' lang='lat' dir='ltr'>extremam</span> <span class='ocrx_word' id='word_1_662' title='bbox 3492 2425 3755 2478; x_wconf 90' lang='lat' dir='ltr'>umbram</span> 
     </span>
    </p>
   </div>
   <div class='ocr_carea' id='block_1_85' title="bbox 2055 2512 3755 2589">
    <p class='ocr_par' dir='ltr' id='par_1_85' title="bbox 2055 2512 3755 2589">
     <span class='ocr_line' id='line_1_85' title="bbox 2055 2512 3755 2589; baseline -0.004 -18"><span class='ocrx_word' id='word_1_663' title='bbox 2055 2518 2470 2589; x_wconf 89' lang='lat' dir='ltr'>vestigiumque</span> <span class='ocrx_word' id='word_1_664' title='bbox 2493 2516 2814 2587; x_wconf 89' lang='lat' dir='ltr'>cognoscit;</span> <span class='ocrx_word' id='word_1_665' title='bbox 2838 2520 2895 2569; x_wconf 90' lang='lat' dir='ltr'>et</span> <span class='ocrx_word' id='word_1_666' title='bbox 2934 2516 3117 2569; x_wconf 89' lang='lat' dir='ltr'>Deum</span> <span class='ocrx_word' id='word_1_667' title='bbox 3157 2529 3349 2567; x_wconf 89' lang='lat' dir='ltr'>amare</span> <span class='ocrx_word' id='word_1_668' title='bbox 3382 2512 3615 2567; x_wconf 89' lang='lat' dir='ltr'>difﬁcile</span> <span class='ocrx_word' id='word_1_669' title='bbox 3651 2517 3755 2580; x_wconf 89' lang='lat' dir='ltr'>est,</span> 
     </span>
    </p>
   </div>
   <div class='ocr_carea' id='block_1_86' title="bbox 2056 2601 3755 2677">
    <p class='ocr_par' dir='ltr' id='par_1_86' title="bbox 2056 2601 3755 2677">
     <span class='ocr_line' id='line_1_86' title="bbox 2056 2601 3755 2677; baseline -0.004 -17"><span class='ocrx_word' id='word_1_670' title='bbox 2056 2623 2228 2677; x_wconf 91' lang='lat' dir='ltr'>quem</span> <span class='ocrx_word' id='word_1_671' title='bbox 2254 2606 2314 2659; x_wconf 91' lang='lat' dir='ltr'>in</span> <span class='ocrx_word' id='word_1_672' title='bbox 2345 2608 2625 2675; x_wconf 91' lang='lat' dir='ltr'>quantum</span> <span class='ocrx_word' id='word_1_673' title='bbox 2657 2607 2861 2674; x_wconf 79' lang='lat' dir='ltr'>potest,</span> <span class='ocrx_word' id='word_1_674' title='bbox 2897 2602 3080 2656; x_wconf 90' lang='lat' dir='ltr'>adhuc</span> <span class='ocrx_word' id='word_1_675' title='bbox 3110 2602 3301 2655; x_wconf 88' lang='lat' dir='ltr'>saucia</span> <span class='ocrx_word' id='word_1_676' title='bbox 3330 2604 3385 2655; x_wconf 91' lang='lat' dir='ltr'>et</span> <span class='ocrx_word' id='word_1_677' title='bbox 3412 2601 3642 2655; x_wconf 91' lang='lat' dir='ltr'>sordida</span> <span class='ocrx_word' id='word_1_678' title='bbox 3664 2616 3755 2653; x_wconf 83' lang='lat' dir='ltr'>co-</span> 
     </span>
    </p>
   </div>
   <div class='ocr_carea' id='block_1_87' title="bbox 2056 2689 3754 2765">
    <p class='ocr_par' dir='ltr' id='par_1_87' title="bbox 2056 2689 3754 2765">
     <span class='ocr_line' id='line_1_87' title="bbox 2056 2689 3754 2765; baseline -0.004 -17"><span class='ocrx_word' id='word_1_679' title='bbox 2056 2697 2261 2765; x_wconf 88' lang='lat' dir='ltr'>gitans,</span> <span class='ocrx_word' id='word_1_680' title='bbox 2295 2694 2439 2747; x_wconf 87' lang='lat' dir='ltr'>nihil</span> <span class='ocrx_word' id='word_1_681' title='bbox 2473 2693 2535 2745; x_wconf 93' lang='lat' dir='ltr'>in</span> <span class='ocrx_word' id='word_1_682' title='bbox 2566 2710 2631 2745; x_wconf 90' lang='lat' dir='ltr'>eo</span> <span class='ocrx_word' id='word_1_683' title='bbox 2658 2692 2960 2761; x_wconf 66' lang='lat' dir='ltr'>inaequale,</span> <span class='ocrx_word' id='word_1_684' title='bbox 2993 2690 3137 2743; x_wconf 89' lang='lat' dir='ltr'>nihil</span> <span class='ocrx_word' id='word_1_685' title='bbox 3169 2690 3255 2741; x_wconf 89' lang='lat' dir='ltr'>sui</span> <span class='ocrx_word' id='word_1_686' title='bbox 3286 2689 3583 2755; x_wconf 90' lang='lat' dir='ltr'>dissimile,</span> <span class='ocrx_word' id='word_1_687' title='bbox 3611 2689 3754 2741; x_wconf 87' lang='lat' dir='ltr'>nihil</span> 
     </span>
    </p>
   </div>
   <div class='ocr_carea' id='block_1_88' title="bbox 2056 2776 3756 2846">
    <p class='ocr_par' dir='ltr' id='par_1_88' title="bbox 2056 2776 3756 2846">
     <span class='ocr_line' id='line_1_88' title="bbox 2056 2776 3756 2846; baseline -0.005 -11"><span class='ocrx_word' id='word_1_688' title='bbox 2056 2782 2367 2835; x_wconf 81' lang='lat' dir='ltr'>disclusum</span> <span class='ocrx_word' id='word_1_689' title='bbox 2397 2780 2552 2845; x_wconf 84' lang='lat' dir='ltr'>locis,</span> <span class='ocrx_word' id='word_1_690' title='bbox 2583 2780 2724 2833; x_wconf 91' lang='lat' dir='ltr'>nihil</span> <span class='ocrx_word' id='word_1_691' title='bbox 2754 2778 3036 2831; x_wconf 88' lang='lat' dir='ltr'>variatum</span> <span class='ocrx_word' id='word_1_692' title='bbox 3080 2782 3335 2846; x_wconf 87' lang='lat' dir='ltr'>tempore</span> <span class='ocrx_word' id='word_1_693' title='bbox 3382 2776 3703 2845; x_wconf 90' lang='lat' dir='ltr'>suspicatur</span> <span class='ocrx_word' id='word_1_694' title='bbox 3728 2776 3756 2828; x_wconf 86' lang='lat'>&#39;?</span> 
     </span>
    </p>
   </div>
   <div class='ocr_carea' id='block_1_89' title="bbox 2056 2864 3757 2933">
    <p class='ocr_par' dir='ltr' id='par_1_89' title="bbox 2056 2864 3757 2933">
     <span class='ocr_line' id='line_1_89' title="bbox 2056 2864 3757 2933; baseline -0.004 -10"><span class='ocrx_word' id='word_1_695' title='bbox 2056 2872 2143 2923; x_wconf 89' lang='lat' dir='ltr'>An</span> <span class='ocrx_word' id='word_1_696' title='bbox 2173 2875 2463 2923; x_wconf 86' lang='lat' dir='ltr'>exstruere</span> <span class='ocrx_word' id='word_1_697' title='bbox 2494 2870 2671 2921; x_wconf 90' lang='lat' dir='ltr'>moles</span> <span class='ocrx_word' id='word_1_698' title='bbox 2705 2867 3098 2933; x_wconf 63' lang='lat' dir='ltr'>aediﬁciorum,</span> <span class='ocrx_word' id='word_1_699' title='bbox 3127 2870 3183 2917; x_wconf 90' lang='lat' dir='ltr'>et</span> <span class='ocrx_word' id='word_1_700' title='bbox 3210 2864 3604 2933; x_wconf 83' lang='lat' dir='ltr'>hujuscemodi</span> <span class='ocrx_word' id='word_1_701' title='bbox 3625 2880 3757 2933; x_wconf 91' lang='lat' dir='ltr'>ope-</span> 
     </span>
    </p>
   </div>
   <div class='ocr_carea' id='block_1_90' title="bbox 2058 2951 3756 3024">
    <p class='ocr_par' dir='ltr' id='par_1_90' title="bbox 2058 2951 3756 3024">
     <span class='ocr_line' id='line_1_90' title="bbox 2058 2951 3756 3024; baseline -0.003 -14"><span class='ocrx_word' id='word_1_702' title='bbox 2058 2958 2216 3011; x_wconf 87' lang='lat' dir='ltr'>ribus</span> <span class='ocrx_word' id='word_1_703' title='bbox 2246 2958 2486 3010; x_wconf 86' lang='lat' dir='ltr'>delectat</span> <span class='ocrx_word' id='word_1_704' title='bbox 2526 2956 2775 3020; x_wconf 84' lang='lat' dir='ltr'>extendi,</span> <span class='ocrx_word' id='word_1_705' title='bbox 2817 2954 2879 3009; x_wconf 93' lang='lat' dir='ltr'>in</span> <span class='ocrx_word' id='word_1_706' title='bbox 2921 2953 3129 3024; x_wconf 90' lang='lat' dir='ltr'>quibus</span> <span class='ocrx_word' id='word_1_707' title='bbox 3183 2952 3230 3005; x_wconf 87' lang='lat' dir='ltr'>si</span> <span class='ocrx_word' id='word_1_708' title='bbox 3268 2951 3494 3005; x_wconf 89' lang='lat' dir='ltr'>numeri</span> <span class='ocrx_word' id='word_1_709' title='bbox 3532 2953 3756 3021; x_wconf 88' lang='lat' dir='ltr'>placent</span> 
     </span>
    </p>
   </div>
   <div class='ocr_carea' id='block_1_91' title="bbox 2058 3039 3754 3115">
    <p class='ocr_par' dir='ltr' id='par_1_91' title="bbox 2058 3039 3754 3115">
     <span class='ocr_line' id='line_1_91' title="bbox 2058 3039 3754 3115; baseline -0.005 -16"><span class='ocrx_word' id='word_1_710' title='bbox 2058 3046 2195 3115; x_wconf 92' lang='lat' dir='ltr'>(non</span> <span class='ocrx_word' id='word_1_711' title='bbox 2226 3045 2381 3098; x_wconf 90' lang='lat' dir='ltr'>enim</span> <span class='ocrx_word' id='word_1_712' title='bbox 2411 3044 2566 3098; x_wconf 88' lang='lat' dir='ltr'>aliud</span> <span class='ocrx_word' id='word_1_713' title='bbox 2624 3042 2868 3111; x_wconf 79' lang='lat' dir='ltr'>invenio)</span> <span class='ocrx_word' id='word_1_714' title='bbox 2918 3041 3055 3112; x_wconf 91' lang='lat' dir='ltr'>quid</span> <span class='ocrx_word' id='word_1_715' title='bbox 3096 3040 3156 3094; x_wconf 90' lang='lat' dir='ltr'>in</span> <span class='ocrx_word' id='word_1_716' title='bbox 3201 3040 3291 3094; x_wconf 87' lang='lat' dir='ltr'>his</span> <span class='ocrx_word' id='word_1_717' title='bbox 3322 3039 3540 3109; x_wconf 65' lang='lat' dir='ltr'>aequale</span> <span class='ocrx_word' id='word_1_718' title='bbox 3585 3054 3648 3091; x_wconf 90' lang='lat' dir='ltr'>ac</span> <span class='ocrx_word' id='word_1_719' title='bbox 3679 3039 3754 3091; x_wconf 90' lang='lat' dir='ltr'>si-</span> 
     </span>
    </p>
   </div>
   <div class='ocr_carea' id='block_1_92' title="bbox 2060 3126 3758 3202">
    <p class='ocr_par' dir='ltr' id='par_1_92' title="bbox 2060 3126 3758 3202">
     <span class='ocr_line' id='line_1_92' title="bbox 2060 3126 3758 3202; baseline -0.004 -16"><span class='ocrx_word' id='word_1_720' title='bbox 2060 3132 2194 3186; x_wconf 92' lang='lat' dir='ltr'>mile</span> <span class='ocrx_word' id='word_1_721' title='bbox 2241 3129 2519 3201; x_wconf 71' lang='lat' dir='ltr'>dicitur‘,</span> <span class='ocrx_word' id='word_1_722' title='bbox 2562 3130 2715 3202; x_wconf 88' lang='lat' dir='ltr'>quod</span> <span class='ocrx_word' id='word_1_723' title='bbox 2754 3146 2872 3184; x_wconf 90' lang='lat' dir='ltr'>non</span> <span class='ocrx_word' id='word_1_724' title='bbox 2906 3128 3164 3185; x_wconf 88' lang='lat' dir='ltr'>derideat</span> <span class='ocrx_word' id='word_1_725' title='bbox 3210 3127 3354 3181; x_wconf 91' lang='lat' dir='ltr'>ratio</span> <span class='ocrx_word' id='word_1_726' title='bbox 3395 3126 3758 3197; x_wconf 68' lang='lat' dir='ltr'>disciplinae?</span> 
     </span>
    </p>
   </div>
   <div class='ocr_carea' id='block_1_93' title="bbox 2059 3216 3756 3287">
    <p class='ocr_par' dir='ltr' id='par_1_93' title="bbox 2059 3216 3756 3287">
     <span class='ocr_line' id='line_1_93' title="bbox 2059 3216 3756 3287; baseline -0.004 -13"><span class='ocrx_word' id='word_1_727' title='bbox 2059 3220 2217 3281; x_wconf 86' lang='lat' dir='ltr'>Quod</span> <span class='ocrx_word' id='word_1_728' title='bbox 2244 3220 2292 3272; x_wconf 90' lang='lat' dir='ltr'>si</span> <span class='ocrx_word' id='word_1_729' title='bbox 2322 3220 2402 3273; x_wconf 89' lang='lat' dir='ltr'>ita</span> <span class='ocrx_word' id='word_1_730' title='bbox 2425 3224 2528 3287; x_wconf 88' lang='lat' dir='ltr'>est,</span> <span class='ocrx_word' id='word_1_731' title='bbox 2562 3235 2664 3273; x_wconf 89' lang='lat' dir='ltr'>cur</span> <span class='ocrx_word' id='word_1_732' title='bbox 2693 3219 2763 3273; x_wconf 91' lang='lat' dir='ltr'>ab</span> <span class='ocrx_word' id='word_1_733' title='bbox 2797 3218 2895 3271; x_wconf 91' lang='lat' dir='ltr'>illa</span> <span class='ocrx_word' id='word_1_734' title='bbox 2932 3217 3227 3272; x_wconf 89' lang='lat' dir='ltr'>verissima</span> <span class='ocrx_word' id='word_1_735' title='bbox 3254 3216 3597 3287; x_wconf 73' lang='lat' dir='ltr'>zequalitatis</span> <span class='ocrx_word' id='word_1_736' title='bbox 3631 3232 3756 3269; x_wconf 87' lang='lat' dir='ltr'>arce</span> 
     </span>
    </p>
   </div>
   <div class='ocr_carea' id='block_1_94' title="bbox 2060 3305 3759 3375">
    <p class='ocr_par' dir='ltr' id='par_1_94' title="bbox 2060 3305 3759 3375">
     <span class='ocr_line' id='line_1_94' title="bbox 2060 3305 3759 3375; baseline -0.004 -12"><span class='ocrx_word' id='word_1_737' title='bbox 2060 3310 2129 3363; x_wconf 89' lang='lat' dir='ltr'>ad</span> <span class='ocrx_word' id='word_1_738' title='bbox 2170 3309 2277 3362; x_wconf 90' lang='lat' dir='ltr'>ista</span> <span class='ocrx_word' id='word_1_739' title='bbox 2319 3308 2621 3375; x_wconf 89' lang='lat' dir='ltr'>delabitur,</span> <span class='ocrx_word' id='word_1_740' title='bbox 2668 3312 2723 3361; x_wconf 91' lang='lat' dir='ltr'>et</span> <span class='ocrx_word' id='word_1_741' title='bbox 2769 3306 2952 3361; x_wconf 89' lang='lat' dir='ltr'>ruinis</span> <span class='ocrx_word' id='word_1_742' title='bbox 3004 3305 3117 3359; x_wconf 89' lang='lat' dir='ltr'>suis</span> <span class='ocrx_word' id='word_1_743' title='bbox 3166 3310 3419 3359; x_wconf 91' lang='lat' dir='ltr'>terrenas</span> <span class='ocrx_word' id='word_1_744' title='bbox 3464 3305 3759 3359; x_wconf 90' lang='lat' dir='ltr'>machinas</span> 
     </span>
    </p>
   </div>
   <div class='ocr_carea' id='block_1_95' title="bbox 2061 3393 3759 3467">
    <p class='ocr_par' dir='ltr' id='par_1_95' title="bbox 2061 3393 3759 3467">
     <span class='ocr_line' id='line_1_95' title="bbox 2061 3393 3759 3467; baseline -0.003 -16"><span class='ocrx_word' id='word_1_745' title='bbox 2061 3397 2284 3467; x_wconf 85' lang='lat' dir='ltr'>erigit?</span> <span class='ocrx_word' id='word_1_746' title='bbox 2314 3398 2438 3451; x_wconf 87' lang='lat' dir='ltr'>Non</span> <span class='ocrx_word' id='word_1_747' title='bbox 2491 3397 2597 3450; x_wconf 91' lang='lat' dir='ltr'>hoc</span> <span class='ocrx_word' id='word_1_748' title='bbox 2655 3395 3005 3467; x_wconf 89' lang='lat' dir='ltr'>promissum</span> <span class='ocrx_word' id='word_1_749' title='bbox 3053 3398 3137 3449; x_wconf 90' lang='lat' dir='ltr'>est</span> <span class='ocrx_word' id='word_1_750' title='bbox 3183 3394 3253 3448; x_wconf 90' lang='lat' dir='ltr'>ab</span> <span class='ocrx_word' id='word_1_751' title='bbox 3297 3393 3395 3446; x_wconf 91' lang='lat' dir='ltr'>illo</span> <span class='ocrx_word' id='word_1_752' title='bbox 3444 3393 3542 3463; x_wconf 93' lang='lat' dir='ltr'>qui</span> <span class='ocrx_word' id='word_1_753' title='bbox 3565 3393 3759 3447; x_wconf 87' lang='lat' dir='ltr'>fallere</span> 
     </span>
    </p>
   </div>
   <div class='ocr_carea' id='block_1_96' title="bbox 2060 3481 3755 3557">
    <p class='ocr_par' dir='ltr' id='par_1_96' title="bbox 2060 3481 3755 3557">
     <span class='ocr_line' id='line_1_96' title="bbox 2060 3481 3755 3557; baseline -0.004 -17"><span class='ocrx_word' id='word_1_754' title='bbox 2060 3487 2305 3557; x_wconf 90' lang='lat' dir='ltr'>ignorat.</span> <span class='ocrx_word' id='word_1_755' title='bbox 2338 3489 2536 3552; x_wconf 84' lang='lat' dir='ltr'>Jugum</span> <span class='ocrx_word' id='word_1_756' title='bbox 2567 3488 2707 3539; x_wconf 81' lang='lat' dir='ltr'>enim</span> <span class='ocrx_word' id='word_1_757' title='bbox 2733 3501 2927 3551; x_wconf 88' lang='lat' dir='ltr'>meum,</span> <span class='ocrx_word' id='word_1_758' title='bbox 2956 3483 3164 3552; x_wconf 89' lang='lat' dir='ltr'>inquit,</span> <span class='ocrx_word' id='word_1_759' title='bbox 3184 3484 3293 3536; x_wconf 74' lang='lat' dir='ltr'>lere</span> <span class='ocrx_word' id='word_1_760' title='bbox 3316 3486 3394 3535; x_wconf 85' lang='lat' dir='ltr'>est</span> <span class='ocrx_word' id='word_1_761' title='bbox 3423 3481 3645 3550; x_wconf 85' lang='lat' dir='ltr'>(Matth.</span> <span class='ocrx_word' id='word_1_762' title='bbox 3682 3497 3755 3547; x_wconf 83' lang='lat' dir='ltr'>x1,</span> 
     </span>
    </p>
   </div>
   <div class='ocr_carea' id='block_1_97' title="bbox 2063 3568 3757 3644">
    <p class='ocr_par' dir='ltr' id='par_1_97' title="bbox 2063 3568 3757 3644">
     <span class='ocr_line' id='line_1_97' title="bbox 2063 3568 3757 3644; baseline -0.005 -15"><span class='ocrx_word' id='word_1_763' title='bbox 2063 3576 2169 3644; x_wconf 91' lang='lat'>30).</span> <span class='ocrx_word' id='word_1_764' title='bbox 2204 3573 2564 3628; x_wconf 86' lang='lat' dir='ltr'>Laboriosior</span> <span class='ocrx_word' id='word_1_765' title='bbox 2592 3578 2679 3627; x_wconf 87' lang='lat' dir='ltr'>est</span> <span class='ocrx_word' id='word_1_766' title='bbox 2724 3574 2897 3641; x_wconf 88' lang='lat' dir='ltr'>hujus</span> <span class='ocrx_word' id='word_1_767' title='bbox 2944 3570 3147 3624; x_wconf 92' lang='lat' dir='ltr'>mundi</span> <span class='ocrx_word' id='word_1_768' title='bbox 3176 3586 3356 3623; x_wconf 90' lang='lat' dir='ltr'>amor.</span> <span class='ocrx_word' id='word_1_769' title='bbox 3388 3569 3551 3631; x_wconf 90' lang='lat' dir='ltr'>Quod</span> <span class='ocrx_word' id='word_1_770' title='bbox 3602 3568 3757 3621; x_wconf 91' lang='lat' dir='ltr'>enim</span> 
     </span>
    </p>
   </div>
   <div class='ocr_carea' id='block_1_98' title="bbox 2062 3656 3758 3731">
    <p class='ocr_par' dir='ltr' id='par_1_98' title="bbox 2062 3656 3758 3731">
     <span class='ocr_line' id='line_1_98' title="bbox 2062 3656 3758 3731; baseline -0.005 -14"><span class='ocrx_word' id='word_1_771' title='bbox 2062 3664 2121 3717; x_wconf 92' lang='lat' dir='ltr'>in</span> <span class='ocrx_word' id='word_1_772' title='bbox 2141 3664 2237 3717; x_wconf 91' lang='lat' dir='ltr'>illo</span> <span class='ocrx_word' id='word_1_773' title='bbox 2259 3662 2449 3717; x_wconf 87' lang='lat' dir='ltr'>anima</span> <span class='ocrx_word' id='word_1_774' title='bbox 2462 3660 2688 3731; x_wconf 57' lang='lat' dir='ltr'>quaerit,</span> <span class='ocrx_word' id='word_1_775' title='bbox 2714 3659 3095 3713; x_wconf 85' lang='lat' dir='ltr'>constantiam</span> <span class='ocrx_word' id='word_1_776' title='bbox 3122 3657 3334 3711; x_wconf 90' lang='lat' dir='ltr'>scilicet</span> <span class='ocrx_word' id='word_1_777' title='bbox 3353 3656 3758 3711; x_wconf 63' lang='lat' dir='ltr'>aeternitatem-</span> 
     </span>
    </p>
   </div>
   <div class='ocr_carea' id='block_1_99' title="bbox 2064 3744 3761 3822">
    <p class='ocr_par' dir='ltr' id='par_1_99' title="bbox 2064 3744 3761 3822">
     <span class='ocr_line' id='line_1_99' title="bbox 2064 3744 3761 3822; baseline -0.005 -17"><span class='ocrx_word' id='word_1_778' title='bbox 2064 3767 2197 3822; x_wconf 88' lang='lat' dir='ltr'>que,</span> <span class='ocrx_word' id='word_1_779' title='bbox 2220 3766 2337 3804; x_wconf 91' lang='lat' dir='ltr'>non</span> <span class='ocrx_word' id='word_1_780' title='bbox 2363 3748 2577 3803; x_wconf 91' lang='lat' dir='ltr'>invenit</span> <span class='ocrx_word' id='word_1_781' title='bbox 2601 3764 2614 3801; x_wconf 91' lang='lat'>:</span> <span class='ocrx_word' id='word_1_782' title='bbox 2650 3746 2923 3819; x_wconf 91' lang='lat' dir='ltr'>quoniam</span> <span class='ocrx_word' id='word_1_783' title='bbox 2952 3762 3146 3799; x_wconf 90' lang='lat' dir='ltr'>rerum</span> <span class='ocrx_word' id='word_1_784' title='bbox 3166 3744 3408 3798; x_wconf 88' lang='lat' dir='ltr'>transitu</span> <span class='ocrx_word' id='word_1_785' title='bbox 3441 3744 3761 3813; x_wconf 87' lang='lat' dir='ltr'>completur</span> 
     </span>
    </p>
   </div>
   <div class='ocr_carea' id='block_1_100' title="bbox 2062 3832 3758 3908">
    <p class='ocr_par' dir='ltr' id='par_1_100' title="bbox 2062 3832 3758 3908">
     <span class='ocr_line' id='line_1_100' title="bbox 2062 3832 3758 3908; baseline -0.005 -15"><span class='ocrx_word' id='word_1_786' title='bbox 2062 3839 2261 3893; x_wconf 89' lang='lat' dir='ltr'>inﬁma</span> <span class='ocrx_word' id='word_1_787' title='bbox 2299 3836 2688 3908; x_wconf 87' lang='lat' dir='ltr'>pulchritudo,</span> <span class='ocrx_word' id='word_1_788' title='bbox 2730 3839 2786 3889; x_wconf 87' lang='lat' dir='ltr'>et</span> <span class='ocrx_word' id='word_1_789' title='bbox 2814 3834 2966 3905; x_wconf 90' lang='lat' dir='ltr'>quod</span> <span class='ocrx_word' id='word_1_790' title='bbox 2996 3834 3056 3887; x_wconf 92' lang='lat' dir='ltr'>in</span> <span class='ocrx_word' id='word_1_791' title='bbox 3081 3834 3178 3887; x_wconf 91' lang='lat' dir='ltr'>illa</span> <span class='ocrx_word' id='word_1_792' title='bbox 3207 3832 3467 3887; x_wconf 90' lang='lat' dir='ltr'>imitatur</span> <span class='ocrx_word' id='word_1_793' title='bbox 3495 3836 3758 3885; x_wconf 88' lang='lat' dir='ltr'>constan-</span> 
     </span>
    </p>
   </div>
   <div class='ocr_carea' id='block_1_101' title="bbox 2064 3920 3761 3994">
    <p class='ocr_par' dir='ltr' id='par_1_101' title="bbox 2064 3920 3761 3994">
     <span class='ocr_line' id='line_1_101' title="bbox 2064 3920 3761 3994; baseline -0.005 -13"><span class='ocrx_word' id='word_1_794' title='bbox 2064 3929 2225 3987; x_wconf 89' lang='lat' dir='ltr'>tiam,</span> <span class='ocrx_word' id='word_1_795' title='bbox 2259 3944 2291 3980; x_wconf 91' lang='lat' dir='ltr'>a</span> <span class='ocrx_word' id='word_1_796' title='bbox 2321 3941 2544 3980; x_wconf 90' lang='lat' dir='ltr'>summo</span> <span class='ocrx_word' id='word_1_797' title='bbox 2582 3926 2697 3979; x_wconf 91' lang='lat' dir='ltr'>Deo</span> <span class='ocrx_word' id='word_1_798' title='bbox 2728 3940 2834 3994; x_wconf 90' lang='lat' dir='ltr'>per</span> <span class='ocrx_word' id='word_1_799' title='bbox 2853 3924 3103 3976; x_wconf 90' lang='lat' dir='ltr'>animam</span> <span class='ocrx_word' id='word_1_800' title='bbox 3132 3922 3453 3993; x_wconf 87' lang='lat' dir='ltr'>trajicitur:</span> <span class='ocrx_word' id='word_1_801' title='bbox 3486 3920 3761 3991; x_wconf 89' lang='lat' dir='ltr'>quoniam</span> 
     </span>
    </p>
   </div>
   <div class='ocr_carea' id='block_1_102' title="bbox 2066 4008 3759 4088">
    <p class='ocr_par' dir='ltr' id='par_1_102' title="bbox 2066 4008 3759 4088">
     <span class='ocr_line' id='line_1_102' title="bbox 2066 4008 3759 4088; baseline -0.006 -17"><span class='ocrx_word' id='word_1_802' title='bbox 2066 4017 2225 4088; x_wconf 89' lang='lat' dir='ltr'>prior</span> <span class='ocrx_word' id='word_1_803' title='bbox 2255 4020 2339 4069; x_wconf 91' lang='lat' dir='ltr'>est</span> <span class='ocrx_word' id='word_1_804' title='bbox 2363 4014 2576 4086; x_wconf 88' lang='lat' dir='ltr'>species</span> <span class='ocrx_word' id='word_1_805' title='bbox 2608 4012 3003 4068; x_wconf 88' lang='lat' dir='ltr'>tantummodo</span> <span class='ocrx_word' id='word_1_806' title='bbox 3026 4016 3287 4082; x_wconf 88' lang='lat' dir='ltr'>tempore</span> <span class='ocrx_word' id='word_1_807' title='bbox 3319 4008 3759 4074; x_wconf 89' lang='lat' dir='ltr'>commutabilis,</span> 
     </span>
    </p>
   </div>
   <div class='ocr_carea' id='block_1_103' title="bbox 2066 4094 3763 4177">
    <p class='ocr_par' dir='ltr' id='par_1_103' title="bbox 2066 4094 3763 4177">
     <span class='ocr_line' id='line_1_103' title="bbox 2066 4094 3763 4177; baseline -0.007 -18"><span class='ocrx_word' id='word_1_808' title='bbox 2066 4122 2239 4177; x_wconf 88' lang='lat' dir='ltr'>quam</span> <span class='ocrx_word' id='word_1_809' title='bbox 2271 4120 2335 4158; x_wconf 92' lang='lat' dir='ltr'>ea</span> <span class='ocrx_word' id='word_1_810' title='bbox 2388 4120 2519 4174; x_wconf 82' lang='lat' dir='ltr'>quae</span> <span class='ocrx_word' id='word_1_811' title='bbox 2578 4106 2634 4156; x_wconf 92' lang='lat' dir='ltr'>et</span> <span class='ocrx_word' id='word_1_812' title='bbox 2677 4106 2937 4171; x_wconf 89' lang='lat' dir='ltr'>tempore</span> <span class='ocrx_word' id='word_1_813' title='bbox 2974 4103 3031 4152; x_wconf 92' lang='lat' dir='ltr'>et</span> <span class='ocrx_word' id='word_1_814' title='bbox 3072 4098 3207 4151; x_wconf 91' lang='lat' dir='ltr'>locis</span> <span class='ocrx_word' id='word_1_815' title='bbox 3250 4098 3342 4168; x_wconf 89' lang='lat' dir='ltr'>(a).</span> <span class='ocrx_word' id='word_1_816' title='bbox 3387 4097 3541 4151; x_wconf 91' lang='lat' dir='ltr'>Sicut</span> <span class='ocrx_word' id='word_1_817' title='bbox 3571 4094 3763 4164; x_wconf 89' lang='lat' dir='ltr'>itaque</span> 
     </span>
    </p>
   </div>
   <div class='ocr_carea' id='block_1_104' title="bbox 2064 4180 3764 4263">
    <p class='ocr_par' dir='ltr' id='par_1_104' title="bbox 2064 4180 3764 4263">
     <span class='ocr_line' id='line_1_104' title="bbox 2064 4180 3764 4263; baseline -0.008 -16"><span class='ocrx_word' id='word_1_818' title='bbox 2064 4196 2413 4263; x_wconf 77' lang='lat' dir='ltr'>praeceptum</span> <span class='ocrx_word' id='word_1_819' title='bbox 2443 4195 2528 4245; x_wconf 90' lang='lat' dir='ltr'>est</span> <span class='ocrx_word' id='word_1_820' title='bbox 2557 4189 2764 4243; x_wconf 89' lang='lat' dir='ltr'>animis</span> <span class='ocrx_word' id='word_1_821' title='bbox 2783 4206 2816 4241; x_wconf 89' lang='lat' dir='ltr'>a</span> <span class='ocrx_word' id='word_1_822' title='bbox 2846 4187 3089 4241; x_wconf 91' lang='lat' dir='ltr'>Domino</span> <span class='ocrx_word' id='word_1_823' title='bbox 3115 4184 3251 4255; x_wconf 89' lang='lat' dir='ltr'>quid</span> <span class='ocrx_word' id='word_1_824' title='bbox 3270 4185 3529 4253; x_wconf 86' lang='lat' dir='ltr'>diligant,</span> <span class='ocrx_word' id='word_1_825' title='bbox 3562 4180 3640 4235; x_wconf 90' lang='lat' dir='ltr'>ita</span> <span class='ocrx_word' id='word_1_826' title='bbox 3660 4197 3764 4251; x_wconf 91' lang='lat' dir='ltr'>per</span> 
     </span>
    </p>
   </div>
   <div class='ocr_carea' id='block_1_105' title="bbox 2066 4268 3761 4347">
    <p class='ocr_par' dir='ltr' id='par_1_105' title="bbox 2066 4268 3761 4347">
     <span class='ocr_line' id='line_1_105' title="bbox 2066 4268 3761 4347; baseline -0.007 -14"><span class='ocrx_word' id='word_1_827' title='bbox 2066 4280 2341 4333; x_wconf 82' lang='lat' dir='ltr'>Joannem</span> <span class='ocrx_word' id='word_1_828' title='bbox 2372 4277 2695 4347; x_wconf 91' lang='lat' dir='ltr'>apostolum</span> <span class='ocrx_word' id='word_1_829' title='bbox 2720 4274 2860 4345; x_wconf 91' lang='lat' dir='ltr'>quid</span> <span class='ocrx_word' id='word_1_830' title='bbox 2886 4290 3005 4328; x_wconf 92' lang='lat' dir='ltr'>non</span> <span class='ocrx_word' id='word_1_831' title='bbox 3027 4271 3291 4341; x_wconf 90' lang='lat' dir='ltr'>diligant.</span> <span class='ocrx_word' id='word_1_832' title='bbox 3328 4270 3520 4335; x_wconf 82' lang='lat' dir='ltr'>Nolite,</span> <span class='ocrx_word' id='word_1_833' title='bbox 3554 4268 3761 4337; x_wconf 90' lang='lat' dir='ltr'>inquit,</span> 
     </span>
    </p>
   </div>
   <div class='ocr_carea' id='block_1_106' title="bbox 2067 4358 3763 4434">
    <p class='ocr_par' dir='ltr' id='par_1_106' title="bbox 2067 4358 3763 4434">
     <span class='ocr_line' id='line_1_106' title="bbox 2067 4358 3763 4434; baseline -0.006 -15"><span class='ocrx_word' id='word_1_834' title='bbox 2067 4367 2293 4434; x_wconf 76' lang='lat' dir='ltr'>diligere</span> <span class='ocrx_word' id='word_1_835' title='bbox 2322 4365 2581 4418; x_wconf 85' lang='lat' dir='ltr'>mundum</span> <span class='ocrx_word' id='word_1_836' title='bbox 2608 4380 2619 4417; x_wconf 90' lang='lat'>:</span> <span class='ocrx_word' id='word_1_837' title='bbox 2655 4366 2785 4432; x_wconf 88' lang='lat' dir='ltr'>quia</span> <span class='ocrx_word' id='word_1_838' title='bbox 2816 4366 3129 4431; x_wconf 66' lang='lat' dir='ltr'>omniaquae</span> <span class='ocrx_word' id='word_1_839' title='bbox 3155 4362 3213 4411; x_wconf 88' lang='lat' dir='ltr'>in</span> <span class='ocrx_word' id='word_1_840' title='bbox 3235 4358 3611 4420; x_wconf 33' lang='lat' dir='ltr'>mundo‘sunt,</span> <span class='ocrx_word' id='word_1_841' title='bbox 3634 4371 3763 4409; x_wconf 87' lang='lat' dir='ltr'>con—</span> 
     </span>
    </p>
   </div>
   <div class='ocr_carea' id='block_1_107' title="bbox 2069 4446 3764 4523">
    <p class='ocr_par' dir='ltr' id='par_1_107' title="bbox 2069 4446 3764 4523">
     <span class='ocr_line' id='line_1_107' title="bbox 2069 4446 3764 4523; baseline -0.008 -15"><span class='ocrx_word' id='word_1_842' title='bbox 2069 4455 2401 4523; x_wconf 84' lang='lat' dir='ltr'>cupiscentia</span> <span class='ocrx_word' id='word_1_843' title='bbox 2479 4454 2659 4506; x_wconf 82' lang='lat' dir='ltr'>carnis</span> <span class='ocrx_word' id='word_1_844' title='bbox 2733 4456 2831 4518; x_wconf 89' lang='lat' dir='ltr'>est,</span> <span class='ocrx_word' id='word_1_845' title='bbox 2883 4449 3311 4517; x_wconf 80' lang='lat' dir='ltr'>concupiscentia</span> <span class='ocrx_word' id='word_1_846' title='bbox 3363 4446 3655 4507; x_wconf 86' lang='lat' dir='ltr'>oculorum,</span> <span class='ocrx_word' id='word_1_847' title='bbox 3714 4446 3764 4495; x_wconf 89' lang='lat' dir='ltr'>et</span> 
     </span>
    </p>
   </div>
   <div class='ocr_carea' id='block_1_108' title="bbox 2068 4538 3119 4609">
    <p class='ocr_par' dir='ltr' id='par_1_108' title="bbox 2068 4538 3119 4609">
     <span class='ocr_line' id='line_1_108' title="bbox 2068 4538 3119 4609; baseline -0.008 -12"><span class='ocrx_word' id='word_1_848' title='bbox 2068 4544 2293 4597; x_wconf 77' lang='lat' dir='ltr'>ambitio</span> <span class='ocrx_word' id='word_1_849' title='bbox 2319 4543 2501 4596; x_wconf 63' lang='lat' dir='ltr'>saeculi</span> <span class='ocrx_word' id='word_1_850' title='bbox 2530 4542 2575 4609; x_wconf 90' lang='grc' dir='ltr'>(ι</span> <span class='ocrx_word' id='word_1_851' title='bbox 2607 4544 2761 4595; x_wconf 84' lang='lat' dir='ltr'>Joan.</span> <span class='ocrx_word' id='word_1_852' title='bbox 2792 4557 2852 4605; x_wconf 85' lang='grc' dir='ltr'>ιι,</span> <span class='ocrx_word' id='word_1_853' title='bbox 2888 4543 2972 4603; x_wconf 83' lang='grc'><strong>15,</strong></span> <span class='ocrx_word' id='word_1_854' title='bbox 3005 4538 3119 4603; x_wconf 88' lang='grc'>16).</span> 
     </span>
    </p>
   </div>
   <div class='ocr_carea' id='block_1_109' title="bbox 2140 4620 3767 4701">
    <p class='ocr_par' dir='ltr' id='par_1_109' title="bbox 2140 4620 3767 4701">
     <span class='ocr_line' id='line_1_109' title="bbox 2140 4620 3767 4701; baseline -0.007 -16"><span class='ocrx_word' id='word_1_855' title='bbox 2140 4634 2227 4685; x_wconf 78' lang='grc'>45.</span> <span class='ocrx_word' id='word_1_856' title='bbox 2260 4630 2369 4684; x_wconf 89' lang='lat' dir='ltr'>Sed</span> <span class='ocrx_word' id='word_1_857' title='bbox 2400 4630 2583 4701; x_wconf 88' lang='lat' dir='ltr'>qualis</span> <span class='ocrx_word' id='word_1_858' title='bbox 2612 4630 2717 4683; x_wconf 91' lang='lat' dir='ltr'>tibi</span> <span class='ocrx_word' id='word_1_859' title='bbox 2762 4628 2933 4681; x_wconf 91' lang='lat' dir='ltr'>homo</span> <span class='ocrx_word' id='word_1_860' title='bbox 2974 4624 3214 4689; x_wconf 89' lang='lat' dir='ltr'>videtur,</span> <span class='ocrx_word' id='word_1_861' title='bbox 3256 4622 3356 4693; x_wconf 88' lang='lat' dir='ltr'>qui</span> <span class='ocrx_word' id='word_1_862' title='bbox 3400 4636 3599 4675; x_wconf 89' lang='lat' dir='ltr'>omnes</span> <span class='ocrx_word' id='word_1_863' title='bbox 3640 4620 3767 4674; x_wconf 90' lang='lat' dir='ltr'>illos</span> 
     </span>
    </p>
   </div>
   <div class='ocr_carea' id='block_1_110' title="bbox 2071 4710 3768 4789">
    <p class='ocr_par' dir='ltr' id='par_1_110' title="bbox 2071 4710 3768 4789">
     <span class='ocr_line' id='line_1_110' title="bbox 2071 4710 3768 4789; baseline -0.006 -17"><span class='ocrx_word' id='word_1_864' title='bbox 2071 4735 2345 4773; x_wconf 86' lang='lat' dir='ltr'>numeros</span> <span class='ocrx_word' id='word_1_865' title='bbox 2373 4718 2472 4789; x_wconf 92' lang='lat' dir='ltr'>qui</span> <span class='ocrx_word' id='word_1_866' title='bbox 2499 4722 2631 4772; x_wconf 91' lang='lat' dir='ltr'>sunt</span> <span class='ocrx_word' id='word_1_867' title='bbox 2669 4716 2738 4770; x_wconf 91' lang='lat' dir='ltr'>de</span> <span class='ocrx_word' id='word_1_868' title='bbox 2769 4728 3029 4784; x_wconf 89' lang='lat' dir='ltr'>corpore,</span> <span class='ocrx_word' id='word_1_869' title='bbox 3084 4715 3141 4764; x_wconf 92' lang='lat' dir='ltr'>et</span> <span class='ocrx_word' id='word_1_870' title='bbox 3169 4711 3435 4765; x_wconf 88' lang='lat' dir='ltr'>adversus</span> <span class='ocrx_word' id='word_1_871' title='bbox 3473 4710 3768 4781; x_wconf 87' lang='lat' dir='ltr'>passiones</span> 
     </span>
    </p>
   </div>
   <div class='ocr_carea' id='block_1_111' title="bbox 2072 4798 3768 4877">
    <p class='ocr_par' dir='ltr' id='par_1_111' title="bbox 2072 4798 3768 4877">
     <span class='ocr_line' id='line_1_111' title="bbox 2072 4798 3768 4877; baseline -0.005 -16"><span class='ocrx_word' id='word_1_872' title='bbox 2072 4807 2348 4877; x_wconf 79' lang='lat' dir='ltr'>corporis,</span> <span class='ocrx_word' id='word_1_873' title='bbox 2383 4811 2440 4860; x_wconf 91' lang='lat' dir='ltr'>et</span> <span class='ocrx_word' id='word_1_874' title='bbox 2485 4806 2586 4876; x_wconf 90' lang='lat' dir='ltr'>qui</span> <span class='ocrx_word' id='word_1_875' title='bbox 2624 4821 2687 4858; x_wconf 85' lang='lat' dir='ltr'>ex</span> <span class='ocrx_word' id='word_1_876' title='bbox 2714 4804 2803 4857; x_wconf 91' lang='lat' dir='ltr'>his</span> <span class='ocrx_word' id='word_1_877' title='bbox 2833 4800 3113 4856; x_wconf 88' lang='lat' dir='ltr'>memoria</span> <span class='ocrx_word' id='word_1_878' title='bbox 3141 4800 3523 4865; x_wconf 86' lang='lat' dir='ltr'>continentur,</span> <span class='ocrx_word' id='word_1_879' title='bbox 3550 4816 3666 4853; x_wconf 91' lang='lat' dir='ltr'>non</span> <span class='ocrx_word' id='word_1_880' title='bbox 3696 4798 3768 4852; x_wconf 90' lang='lat' dir='ltr'>ad</span> 
     </span>
    </p>
   </div>
   <div class='ocr_carea' id='block_1_112' title="bbox 2073 4870 3769 4963">
    <p class='ocr_par' dir='ltr' id='par_1_112' title="bbox 2073 4870 3769 4963">
     <span class='ocr_line' id='line_1_112' title="bbox 2073 4870 3769 4963; baseline -0.006 -14"><span class='ocrx_word' id='word_1_881' title='bbox 2073 4870 2362 4949; x_wconf 50' lang='lat' dir='ltr'>carnalem</span> <span class='ocrx_word' id='word_1_882' title='bbox 2393 4870 2764 4963; x_wconf 74' lang='lat' dir='ltr'>voluptatem,</span> <span class='ocrx_word' id='word_1_883' title='bbox 2786 4891 2881 4943; x_wconf 90' lang='lat' dir='ltr'>sed</span> <span class='ocrx_word' id='word_1_884' title='bbox 2905 4890 2975 4943; x_wconf 89' lang='lat' dir='ltr'>ad</span> <span class='ocrx_word' id='word_1_885' title='bbox 3005 4889 3245 4943; x_wconf 89' lang='lat' dir='ltr'>salutem</span> <span class='ocrx_word' id='word_1_886' title='bbox 3268 4893 3487 4942; x_wconf 90' lang='lat' dir='ltr'>tantum</span> <span class='ocrx_word' id='word_1_887' title='bbox 3516 4886 3769 4957; x_wconf 90' lang='lat' dir='ltr'>corporis</span> 
     </span>
    </p>
   </div>
   <div class='ocr_carea' id='block_1_113' title="bbox 2074 4975 3767 5051">
    <p class='ocr_par' dir='ltr' id='par_1_113' title="bbox 2074 4975 3767 5051">
     <span class='ocr_line' id='line_1_113' title="bbox 2074 4975 3767 5051; baseline -0.008 -12"><span class='ocrx_word' id='word_1_888' title='bbox 2074 4984 2277 5038; x_wconf 88' lang='lat' dir='ltr'>refert:</span> <span class='ocrx_word' id='word_1_889' title='bbox 2314 4997 2626 5051; x_wconf 89' lang='lat' dir='ltr'>omnesque</span> <span class='ocrx_word' id='word_1_890' title='bbox 2657 4980 2785 5033; x_wconf 91' lang='lat' dir='ltr'>illos</span> <span class='ocrx_word' id='word_1_891' title='bbox 2816 4978 2915 5049; x_wconf 91' lang='lat' dir='ltr'>qui</span> <span class='ocrx_word' id='word_1_892' title='bbox 2959 4978 3027 5032; x_wconf 91' lang='lat' dir='ltr'>de</span> <span class='ocrx_word' id='word_1_893' title='bbox 3059 4976 3338 5047; x_wconf 89' lang='lat' dir='ltr'>adjunctis</span> <span class='ocrx_word' id='word_1_894' title='bbox 3371 4975 3578 5030; x_wconf 90' lang='lat' dir='ltr'>animis</span> <span class='ocrx_word' id='word_1_895' title='bbox 3631 4989 3767 5043; x_wconf 89' lang='lat' dir='ltr'>ope-</span> 
     </span>
    </p>
   </div>
   <div class='ocr_carea' id='block_1_114' title="bbox 2074 5062 3768 5141">
    <p class='ocr_par' dir='ltr' id='par_1_114' title="bbox 2074 5062 3768 5141">
     <span class='ocr_line' id='line_1_114' title="bbox 2074 5062 3768 5141; baseline -0.008 -14"><span class='ocrx_word' id='word_1_896' title='bbox 2074 5078 2291 5135; x_wconf 84' lang='lat' dir='ltr'>rantur,</span> <span class='ocrx_word' id='word_1_897' title='bbox 2324 5073 2411 5125; x_wconf 90' lang='lat' dir='ltr'>vel</span> <span class='ocrx_word' id='word_1_898' title='bbox 2434 5070 2532 5141; x_wconf 90' lang='lat' dir='ltr'>qui</span> <span class='ocrx_word' id='word_1_899' title='bbox 2562 5069 2632 5123; x_wconf 90' lang='lat' dir='ltr'>ad</span> <span class='ocrx_word' id='word_1_900' title='bbox 2664 5067 3056 5137; x_wconf 82' lang='lat' dir='ltr'>adjungendas</span> <span class='ocrx_word' id='word_1_901' title='bbox 3102 5071 3460 5129; x_wconf 77' lang='lat' dir='ltr'>eXSeruntur,</span> <span class='ocrx_word' id='word_1_902' title='bbox 3493 5068 3549 5117; x_wconf 91' lang='lat' dir='ltr'>et</span> <span class='ocrx_word' id='word_1_903' title='bbox 3578 5062 3678 5132; x_wconf 88' lang='lat' dir='ltr'>qui</span> <span class='ocrx_word' id='word_1_904' title='bbox 3700 5077 3768 5114; x_wconf 85' lang='lat' dir='ltr'>ex</span> 
     </span>
    </p>
   </div>
   <div class='ocr_carea' id='block_1_115' title="bbox 2072 5149 3767 5225">
    <p class='ocr_par' dir='ltr' id='par_1_115' title="bbox 2072 5149 3767 5225">
     <span class='ocr_line' id='line_1_115' title="bbox 2072 5149 3767 5225; baseline -0.008 -10"><span class='ocrx_word' id='word_1_905' title='bbox 2072 5162 2161 5216; x_wconf 89' lang='lat' dir='ltr'>his</span> <span class='ocrx_word' id='word_1_906' title='bbox 2191 5161 2474 5214; x_wconf 65' lang='lat' dir='ltr'>inhaerent</span> <span class='ocrx_word' id='word_1_907' title='bbox 2503 5156 2819 5218; x_wconf 66' lang='lat' dir='ltr'>memoriae,</span> <span class='ocrx_word' id='word_1_908' title='bbox 2852 5171 2969 5209; x_wconf 92' lang='lat' dir='ltr'>non</span> <span class='ocrx_word' id='word_1_909' title='bbox 3001 5155 3070 5208; x_wconf 90' lang='lat' dir='ltr'>ad</span> <span class='ocrx_word' id='word_1_910' title='bbox 3134 5154 3439 5225; x_wconf 88' lang='lat' dir='ltr'>superbam</span> <span class='ocrx_word' id='word_1_911' title='bbox 3485 5149 3767 5203; x_wconf 80' lang='lat' dir='ltr'>excellen-</span> 
     </span>
    </p>
   </div>
   <div class='ocr_carea' id='block_1_116' title="bbox 2074 5238 3766 5315">
    <p class='ocr_par' dir='ltr' id='par_1_116' title="bbox 2074 5238 3766 5315">
     <span class='ocr_line' id='line_1_116' title="bbox 2074 5238 3766 5315; baseline -0.009 -12"><span class='ocrx_word' id='word_1_912' title='bbox 2074 5249 2212 5303; x_wconf 89' lang='lat' dir='ltr'>tiam</span> <span class='ocrx_word' id='word_1_913' title='bbox 2244 5264 2427 5314; x_wconf 86' lang='lat' dir='ltr'>suam,</span> <span class='ocrx_word' id='word_1_914' title='bbox 2461 5246 2558 5300; x_wconf 89' lang='lat' dir='ltr'>sed</span> <span class='ocrx_word' id='word_1_915' title='bbox 2591 5246 2661 5299; x_wconf 93' lang='lat' dir='ltr'>ad</span> <span class='ocrx_word' id='word_1_916' title='bbox 2692 5244 2945 5315; x_wconf 88' lang='lat' dir='ltr'>ipsarum</span> <span class='ocrx_word' id='word_1_917' title='bbox 2975 5242 3300 5297; x_wconf 88' lang='lat' dir='ltr'>animarum</span> <span class='ocrx_word' id='word_1_918' title='bbox 3330 5238 3638 5294; x_wconf 88' lang='lat' dir='ltr'>utilitatem</span> <span class='ocrx_word' id='word_1_919' title='bbox 3676 5252 3766 5289; x_wconf 82' lang='lat' dir='ltr'>re-</span> 
     </span>
    </p>
   </div>
   <div class='ocr_carea' id='block_1_117' title="bbox 2139 5362 3769 5432">
    <p class='ocr_par' dir='ltr' id='par_1_117' title="bbox 2139 5362 3769 5432">
     <span class='ocr_line' id='line_1_117' title="bbox 2139 5362 3769 5432; baseline -0.009 -12"><span class='ocrx_word' id='word_1_920' title='bbox 2139 5375 2151 5407; x_wconf 86' lang='grc'>¹</span> <span class='ocrx_word' id='word_1_921' title='bbox 2172 5373 2255 5420; x_wconf 87' lang='lat' dir='ltr'>Er.</span> <span class='ocrx_word' id='word_1_922' title='bbox 2275 5372 2549 5420; x_wconf 88' lang='lat' dir='ltr'>etLov.:In</span> <span class='ocrx_word' id='word_1_923' title='bbox 2567 5366 2999 5432; x_wconf 72' lang='lat' dir='ltr'>quibusquidnisi</span> <span class='ocrx_word' id='word_1_924' title='bbox 3008 5368 3221 5432; x_wconf 78' lang='lat' dir='ltr'>numeri</span> <span class='ocrx_word' id='word_1_925' title='bbox 3236 5362 3488 5432; x_wconf 40' lang='lat' dir='ltr'>placent?</span> <span class='ocrx_word' id='word_1_926' title='bbox 3501 5362 3769 5432; x_wconf 41' lang='lat' dir='ltr'>Nonﬁenirn</span> 
     </span>
    </p>
   </div>
   <div class='ocr_carea' id='block_1_118' title="bbox 2071 5422 3771 5495">
    <p class='ocr_par' dir='ltr' id='par_1_118' title="bbox 2071 5422 3771 5495">
     <span class='ocr_line' id='line_1_118' title="bbox 2071 5422 3771 5495; baseline -0.009 -11"><span class='ocrx_word' id='word_1_927' title='bbox 2071 5434 2225 5485; x_wconf 76' lang='lat' dir='ltr'>aliud</span> <span class='ocrx_word' id='word_1_928' title='bbox 2258 5434 2467 5482; x_wconf 80' lang='lat' dir='ltr'>invenio</span> <span class='ocrx_word' id='word_1_929' title='bbox 2485 5422 2628 5495; x_wconf 77' lang='lat' dir='ltr'>quod</span> <span class='ocrx_word' id='word_1_930' title='bbox 2642 5432 2703 5480; x_wconf 77' lang='lat' dir='ltr'>in</span> <span class='ocrx_word' id='word_1_931' title='bbox 2724 5422 2805 5495; x_wconf 74' lang='lat' dir='ltr'>his</span> <span class='ocrx_word' id='word_1_932' title='bbox 2825 5429 3029 5493; x_wconf 78' lang='lat' dir='ltr'>a’quale</span> <span class='ocrx_word' id='word_1_933' title='bbox 3045 5441 3109 5478; x_wconf 89' lang='lat' dir='ltr'>ac</span> <span class='ocrx_word' id='word_1_934' title='bbox 3142 5422 3321 5477; x_wconf 64' lang='lat' dir='ltr'>simile</span> <span class='ocrx_word' id='word_1_935' title='bbox 3346 5424 3581 5473; x_wconf 79' lang='lat' dir='ltr'>dicatur.</span> <span class='ocrx_word' id='word_1_936' title='bbox 3600 5422 3771 5484; x_wconf 81' lang='lat' dir='ltr'>Elegi-</span> 
     </span>
    </p>
   </div>
   <div class='ocr_carea' id='block_1_119' title="bbox 2072 5493 3026 5570">
    <p class='ocr_par' dir='ltr' id='par_1_119' title="bbox 2072 5493 3026 5570">
     <span class='ocr_line' id='line_1_119' title="bbox 2072 5493 3026 5570; baseline -0.008 -25"><span class='ocrx_word' id='word_1_937' title='bbox 2072 5511 2193 5545; x_wconf 88' lang='lat' dir='ltr'>mus</span> <span class='ocrx_word' id='word_1_938' title='bbox 2222 5493 2509 5544; x_wconf 72' lang='lat' dir='ltr'>lectionem</span> <span class='ocrx_word' id='word_1_939' title='bbox 2525 5493 3026 5570; x_wconf 76' lang='lat' dir='ltr'>manuscriptorum.</span> 
     </span>
    </p>
   </div>
   <div class='ocr_carea' id='block_1_120' title="bbox 2138 5586 3229 5656">
    <p class='ocr_par' dir='ltr' id='par_1_120' title="bbox 2138 5586 3229 5656">
     <span class='ocr_line' id='line_1_120' title="bbox 2138 5586 3229 5656; baseline -0.01 -13"><span class='ocrx_word' id='word_1_940' title='bbox 2138 5596 2203 5656; x_wconf 85' lang='grc' dir='ltr'>(α)</span> <span class='ocrx_word' id='word_1_941' title='bbox 2226 5592 2340 5644; x_wconf 89' lang='lat' dir='ltr'>Vid.</span> <span class='ocrx_word' id='word_1_942' title='bbox 2373 5594 2597 5644; x_wconf 80' lang='lat' dir='ltr'>Rctract.</span> <span class='ocrx_word' id='word_1_943' title='bbox 2631 5592 2724 5641; x_wconf 91' lang='lat' dir='ltr'>lib.</span> <span class='ocrx_word' id='word_1_944' title='bbox 2760 5596 2808 5649; x_wconf 83' lang='grc'><strong>1,</strong></span> <span class='ocrx_word' id='word_1_945' title='bbox 2830 5605 2945 5653; x_wconf 84' lang='lat' dir='ltr'>cap.</span> <span class='ocrx_word' id='word_1_946' title='bbox 2978 5591 3055 5643; x_wconf 80' lang='grc'><strong>11,</strong></span> <span class='ocrx_word' id='word_1_947' title='bbox 3086 5600 3143 5635; x_wconf 92' lang='lat' dir='ltr'>n.</span> <span class='ocrx_word' id='word_1_948' title='bbox 3183 5586 3229 5633; x_wconf 71' lang='grc'>4.</span> 
     </span>
    </p>
   </div>
  </div>
