4098 6182
442 336 573 390 H87

437 460 615 533 digit:
658 459 770 514 illis
800 459 970 514 etiam
997 458 1097 531 qui
1125 458 1185 513 in
1232 461 1475 529 utroque
1504 474 1709 529 genere
1754 460 1917 530 quasi
1945 462 2137 517 mode-

438 553 657 604 ratores
687 549 1184 619 exploratoresque
1233 550 1569 601 caterorum
1615 546 2035 601 transeuntium
2077 546 2136 601 in

443 654 611 692 sensu
640 638 972 708 prasident,
1001 653 1118 690 non
1148 636 1217 689 ad
1247 635 1596 706 superﬂuam
1621 636 1708 690 vel
1755 636 2135 706 perniciosam

345 745 352 750 '
441 727 826 781 curiositatem
859 725 954 779 sed
987 725 1055 779 ad
1089 724 1468 778 necessariam
1491 724 1891 796 probationem
1916 726 2002 779 vel
2035 725 2136 780 im-

443 815 843 887 probationem
872 813 1091 867 utitur:
1124 829 1316 867 nonne
1369 821 1424 867 et
1472 813 1613 868 istos
1641 830 1840 869 omnes
1867 830 2135 868 numeros

440 904 577 975 agit,
607 909 665 958 et
682 902 852 956 nullis
885 917 1083 956 eorum
1117 901 1335 973 laqueis
1365 901 1733 972 implicatur?
1766 901 2133 974 Quandoqui-

438 993 571 1047 dem
598 995 655 1046 et
683 991 923 1045 salutem
953 989 1207 1062 corporis
1234 994 1297 1045 ut
1321 1006 1438 1044 non
1467 989 1816 1061 impediatur
1861 990 2038 1062 eligit.
2079 994 2137 1044 et

440 1096 639 1135 omnes
670 1095 762 1133 eas
816 1078 1062 1133 actiones
1115 1079 1186 1134 ad
1243 1078 1546 1134 utilitatem
1595 1078 1840 1150 proximi
1889 1082 2133 1147 revocat,

437 1185 612 1240 quem
641 1172 876 1240 propter
893 1167 1215 1222 communis
1240 1168 1386 1239 juris
1415 1169 1674 1222 naturale
1694 1167 1987 1222 vinculum
2015 1171 2134 1222 tan-

438 1274 614 1328 quam
646 1257 892 1328 seipsum
925 1257 1160 1328 diligere
1184 1257 1376 1327 jussus
1407 1261 1508 1311 est.
1543 1257 1616 1311 D.
1647 1257 1915 1326 Magnum
1941 1272 2134 1328 quem-

433 1345 566 1400 dam
591 1346 778 1400 virum
808 1349 864 1399 et
888 1362 1019 1400 vere
1058 1345 1539 1399 humanissimum
1564 1345 1860 1416 pradicas.

507 1435 602 1488 46.
642 1435 718 1488 Μ.
746 1433 868 1486 Non
898 1433 1076 1503 igitur
1111 1432 1339 1486 numeri
1381 1432 1481 1502 qui
1515 1436 1647 1486 sunt
1674 1431 1821 1486 infra
1852 1431 2132 1486 rationem

434 1525 490 1576 et
517 1521 577 1575 in
591 1538 692 1575 suo
715 1537 922 1591 genere
948 1521 1178 1590 pulchri
1195 1525 1348 1587 sunt,
1381 1521 1480 1574 sed
1510 1537 1670 1574 amor
1698 1519 1981 1574 inferioris
2000 1521 2131 1590 pul-

433 1609 774 1664 chritudinis
812 1609 1063 1663 animam
1118 1609 1361 1680 polluit:
1417 1626 1546 1680 qua
1589 1625 1717 1663 cum
1763 1609 1824 1663 in
1877 1609 1974 1662 illa
2014 1625 2131 1662 non

432 1698 604 1752 modo
647 1697 1054 1768 aequalitatem,
1090 1697 1159 1751 de
1201 1713 1315 1767 qua
1359 1713 1464 1766 pro
1494 1702 1752 1767 suscepto
1787 1713 1959 1768 opere
1997 1697 2130 1751 satis

431 1784 647 1838 dictum
679 1789 780 1847 est,
809 1784 906 1838 sed
932 1784 1103 1838 etiam
1136 1783 1396 1838 ordinem
1428 1784 1647 1855 diligat,
1675 1785 1867 1838 amisit
1893 1784 2016 1856 ipsa
2037 1801 2129 1839 or-

431 1873 625 1927 dinem
657 1889 855 1939 suum;
912 1889 1015 1926 nec
1070 1877 1265 1926 tamen
1302 1873 1536 1928 excessit
1591 1873 1853 1927 ordinem
1910 1889 2127 1941 rerum,

430 1959 897 2030 quandoquidem
944 1959 1022 2012 ibi
1057 1963 1160 2025 est,
1211 1965 1268 2013 et
1310 1959 1392 2013 ita
1428 1964 1533 2027 est,
1579 1960 1678 2015 ubi
1721 1977 1862 2029 esse,
1899 1965 1956 2016 et
1985 1978 2128 2034 quo-

427 2048 598 2102 modo
624 2063 744 2102 esse
774 2049 936 2114 tales,
962 2047 1457 2102 ordinatissimum
1483 2053 1584 2103 est.
1635 2049 1807 2104 Aliud
1841 2049 1994 2104 enim
2042 2056 2128 2106 cst

424 2141 620 2191 tenere
650 2136 934 2205 ordinem,
966 2135 1124 2192 aliud
1149 2137 1348 2192 ordine
1377 2138 1582 2192 teneri.
1625 2140 1803 2194 Tenet
1841 2139 2123 2207 ordinem,

424 2225 610 2295 seipsa
634 2229 752 2279 tota
781 2224 1024 2295 diligens
1055 2241 1169 2296 quo
1204 2242 1377 2296 supra
1407 2243 1464 2280 se
1514 2230 1618 2296 est,
1669 2227 1727 2282 id
1787 2232 1872 2283 est
1919 2230 2120 2298 Deum,

425 2312 602 2367 socias
629 2317 820 2366 autem
853 2312 1077 2366 animas
1123 2317 1400 2384 tanquam
1431 2315 1695 2386 seipsam.
1745 2317 1858 2370 Hac
1906 2316 2122 2387 quippe

422 2399 741 2454 dilectionis
771 2399 978 2454 virtute
1008 2399 1284 2454 inferiora
1322 2401 1568 2463 ordinat,
1602 2418 1706 2456 nec
1735 2403 1805 2456 ab
1836 2403 2123 2458 inferiori-

425 2487 532 2542 bus
564 2487 889 2543 sordidatur
940 2486 980 2542 ‘.
1035 2488 1422 2558 Quod.autem
1470 2489 1630 2544 illam
1677 2491 1949 2558 sordidat,
2007 2509 2123 2547 non

423 2582 510 2632 est
556 2578 795 2643 malum,
856 2576 993 2648 quia
1049 2577 1222 2631 etiam
1253 2593 1462 2647 corpus
1492 2583 1753 2632 creatura
1782 2578 1883 2633 Dei
1931 2583 2034 2646 est,
2067 2584 2125 2634 et

420 2665 606 2735 specie
636 2682 737 2720 sua
766 2666 1024 2736 quamvis
1057 2665 1256 2720 infima
1278 2667 1602 2733 decoratur,
1635 2667 1732 2722 sed
1755 2683 1874 2735 pra
1913 2668 2123 2722 anima

419 2752 695 2824 dignitate
712 2754 1104 2808 contemnitur
1129 2775 1142 2819 ;
1169 2754 1335 2808 sicuti
1366 2754 1492 2818 auri
1519 2755 1788 2826 dignitas,
1805 2756 1977 2810 etiam
1993 2772 2124 2827 pur-

418 2841 693 2912 gatissimi
730 2843 956 2914 argenti
993 2842 1406 2898 commixtione
1436 2843 1727 2898 sordescit.
1766 2844 2124 2916 Quapropter

419 2931 766 3002 quicumque
817 2931 886 2986 de
933 2936 1130 2986 nostra
1173 2948 1402 3004 quoque
1457 2932 1670 3002 panali
1705 2935 1728 2969 ²
1775 2933 2121 2989 mortalitate

417 3019 648 3074 numeri
673 3019 806 3074 facti
838 3025 994 3089 sunt,
1026 3036 1144 3074 non
1171 3037 1269 3074 eos
1317 3020 1646 3076 abdicemus
1675 3037 1709 3075 a
1749 3021 2121 3077 fabricatione

416 3108 626 3162 divina
654 3108 1062 3178 providentia,
1094 3125 1226 3164 cum
1260 3109 1374 3164 sint
1402 3110 1462 3164 in
1491 3126 1701 3181 genere
1725 3127 1825 3165 suo
1871 3111 2117 3182 pulchri.

417 3197 612 3268 Neque
638 3213 900 3252 amemus
931 3213 1046 3264 eos,
1078 3202 1145 3252 ut
1171 3198 1332 3268 quasi
1358 3199 1702 3269 perfruendo
1733 3199 1942 3254 talibus
1969 3200 2121 3255 beati

418 3285 758 3340 efﬁciamur.
790 3285 888 3339 His
909 3285 1141 3348 etenim,
1164 3285 1442 3356 uqoniam
1459 3288 1804 3358 temporales
1824 3292 1972 3351 sunt,
1994 3293 2122 3343 tan-

414 3390 589 3445 quam
623 3373 819 3428 tabula
840 3374 900 3427 in
920 3373 1208 3441 ﬂuctibus,
1239 3390 1428 3445 neque
1451 3375 1771 3446 abjiciendo
1789 3375 1951 3446 quasi
1982 3392 2118 3431 one-

413 3477 591 3528 rosos,
633 3478 822 3535 neque
856 3463 1248 3534 amplectendo
1287 3463 1453 3536 quasi
1499 3464 1783 3532 fundatos,
1827 3465 1926 3520 sed
1971 3465 2118 3520 bene

412 3551 625 3605 utendo
656 3551 999 3606 carebimus.
1031 3554 1079 3606 A
1099 3552 1404 3608 dilectione
1435 3557 1626 3607 autem
1670 3553 1916 3624 proximi
1959 3556 2120 3608 tanta

413 3643 628 3709 quanta
654 3639 1018 3710 pracipitur,
1048 3639 1397 3696 certissimus
1417 3641 1629 3711 gradus
1658 3640 1919 3708 fitnobis,
1947 3644 2011 3694 ut
2028 3640 2118 3694 in-

410 3727 734 3782 hareamus
763 3729 903 3794 Deo,
933 3733 990 3782 et
1013 3745 1132 3783 non
1158 3732 1458 3784 teneamur
1504 3733 1729 3784 tantum
1759 3729 2118 3784 ordinatione

411 3814 586 3880 illius,
619 3815 716 3868 sed
743 3819 1006 3869 nostrum
1065 3817 1239 3871 etiam
1260 3818 1522 3873 ordinem
1559 3818 1960 3873 inconcussum
2003 3833 2120 3872 cer-

411 3906 650 3972 tumque
681 3906 1004 3957 teneamus.

479 3993 570 4045 47.
603 3992 692 4044 An
715 3990 955 4045 fortasse
979 3991 1242 4045 ordinem
1256 4008 1372 4046 non
1386 3991 1576 4063 diligit
1590 3993 1783 4048 anima
1801 3993 1914 4049 illis
1946 3997 2117 4052 etiam

413 4079 668 4134 numeris
699 4079 1061 4134 sensualibus
1087 4081 1485 4135 attestantibus
1507 4081 1706 4136 ?Unde
1733 4098 1868 4153 ergo
1897 4083 2119 4154 primus

412 4185 515 4240 pes
554 4173 640 4223 est
684 4168 1078 4240 pyrrhichius,
1118 4171 1400 4224 secundus
1450 4169 1695 4232 iambus,
1742 4171 1944 4226 tertius
1999 4178 2117 4227 tro-

411 4256 623 4323 chaeus,
658 4260 715 4310 et
732 4256 1004 4327 deinceps
1033 4257 1268 4312 cateri?
1287 4258 1394 4313 Sed
1409 4258 1541 4328 jure
1570 4259 1679 4314 hoc
1707 4259 1914 4315 dixeris
1943 4262 2117 4317 ratio-

409 4361 543 4399 nem
574 4345 765 4416 potius
795 4351 1054 4400 secutam
1101 4363 1244 4414 esse,
1277 4363 1394 4402 non
1424 4365 1674 4404 sensum.
1706 4348 1850 4413 Quid
1901 4349 2116 4421 itaque,

407 4433 553 4488 illud
587 4450 780 4488 nonne
829 4434 1198 4488 sensualibus
1225 4437 1482 4490 numeris
1524 4437 1780 4492 dandum
1821 4443 1926 4508 est,
1965 4439 2118 4510 quod

407 4537 540 4576 cum
588 4527 812 4576 tantum
861 4522 1147 4594 temporis
1195 4527 1493 4595 occupent,
1542 4524 1700 4578 verbi
1745 4525 1945 4596 gratia,
1993 4531 2117 4580 octo

407 4609 599 4678 longa
629 4610 878 4680 syllaba,
918 4615 1210 4682 quantum
1239 4609 1523 4665 sexdecim
1550 4610 1770 4681 breves,
1815 4611 1876 4665 in
1915 4612 2116 4668 eodem

407 4700 602 4750 tamen
633 4697 818 4766 spatio
847 4699 1048 4753 breves
1078 4699 1266 4770 longis
1289 4698 1480 4770 potius
1506 4698 2118 4771 misceriexspectant?

408 4784 488 4838 De
511 4799 626 4853 quo
659 4800 829 4839 sensu
874 4802 1011 4842 cum
1040 4787 1186 4841 ratio
1209 4787 1430 4858 judicat
1457 4790 1513 4842 et
1560 4788 1614 4842 ei
1655 4789 2116 4860 proceleumatici

407 4870 586 4942 pedes
615 4887 735 4925 esse
783 4875 1033 4943 aquales
1086 4875 1350 4946 spondeis
1398 4875 1641 4946 pedibus
1684 4876 2112 4948 renuntiantur,

407 4959 550 5014 nihil
581 4959 737 5014 aliud
767 4960 859 5014 hic
895 4963 1086 5018 valere
1117 4964 1356 5031 invenit,
1397 4982 1570 5037 quam
1613 4966 1990 5021 ordinationis
2016 4983 2117 5037 po-

407 5049 671 5115 tentiam,
705 5049 847 5120 quia
876 5066 986 5104 nec
1014 5051 1198 5122 longa
1220 5053 1451 5124 syllaba
1467 5053 1578 5107 nisi
1597 5054 1857 5110 brevium
1884 5071 2113 5125 compa-

403 5137 626 5192 ratione
657 5139 843 5210 longa
883 5144 1038 5206 sunt,
1086 5156 1191 5195 nec
1236 5141 1434 5197 breves
1473 5159 1704 5198 rursum
1745 5144 1944 5199 breves
1982 5145 2115 5198 sunt

409 5225 518 5280 nisi
546 5227 980 5300 comparatione
1008 5229 1350 5300 longarum:
1395 5231 1636 5305 ideoque
1683 5233 1961 5290 iambicus
1988 5221 2111 5288 ver-

468 5402 483 5464 ξ
509 5402 585 5451 Ita
608 5403 730 5452 Mss.
765 5403 1032 5454 undecim.
1057 5403 1123 5453 At
1137 5403 1352 5453 Am.Er.
1379 5409 1430 5454 et
1445 5406 1568 5455 Lov.
1587 5406 2109 5464 habentordtnatur.

463 5463 485 5496 ³
506 5463 825 5532 Lov.,parili
843 5465 1319 5532 mortalitateﬁed
1339 5468 1529 5518 melius
1540 5469 1654 5518 Am.
1673 5474 1726 5518 et
1738 5471 1947 5521 Er.cum
1963 5472 2110 5532 Mss.,

398 5526 612 5641 '1’):ng
619 5526 744 5636 ktl
756 5543 934 5592 supra,
948 5543 1002 5581 n.
1017 5531 1077 5579 33
1099 5544 1110 5578 :
1137 5531 1257 5588 Quae
1267 5528 1332 5580 de
1343 5532 1534 5582 nostra
1554 5531 1759 5595 paenali
1772 5526 2113 5587 mortalitate

1714 334 1806 388 DE
1845 335 2128 403 MUSICA,
2178 335 2254 393 'S.
2289 335 2671 395 AUGUSTINI
3772 351 3868 403 1188

2247 479 2343 516 sus
2371 463 2689 534 quamlibet
2743 461 3076 533 productius
3113 463 3532 533 pronuntiatus,
3568 481 3676 522 non
3716 470 3870 526 amissa

2244 551 2445 622 regula
2470 550 2661 621 simpli
2701 555 2758 605 et
2796 550 2980 621 dupli,
3022 565 3126 605 nec
3152 566 3366 606 nomen
3392 552 3609 608 amittit:
3626 560 3680 609 at
3697 556 3872 612 illever-

2245 656 2340 693 sus
2367 639 2465 711 qui
2496 639 2836 711 pyrrhichiis
2881 640 3123 711 pedibus
3165 644 3403 707 constat,
3448 641 3703 710 paulatim
3730 646 3873 700 addita

2243 725 2652 795 pronuntiandi
2696 741 2879 794 mora,
2941 725 3006 779 fit
3049 729 3284 797 repente
3333 727 3678 798 spondiacus,
3715 729 3753 782 si
3795 748 3873 786 non

2244 814 2697 884 grammaticam,
2730 814 2827 868 sed
2869 814 3146 868 musicam
3185 815 3467 870 consulas.
3499 818 3568 869 At
3591 832 3711 871 vero
3741 818 3780 871 si
3803 819 3873 873 da-

2243 903 2476 973 ctylicus
2492 907 2592 958 aut
2610 901 2986 974 anapasticus
3011 903 3101 969 sit,
3126 903 3399 974 quoniam
3422 904 3605 974 longa
3629 905 3875 962 mixtarum

2242 989 2502 1045 brevium
2529 991 2954 1061 comparatione
2984 992 3325 1055 sentiuntur,
3350 992 3602 1063 qualibet
3619 1009 3762 1047 mora
3776 1011 3874 1065 pro-

2242 1079 2557 1148 nuntietur,
2590 1083 2774 1134 servat
2804 1097 3015 1135 nomen
3049 1097 3236 1135 suum.
3265 1081 3412 1145 Quid
3443 1082 3796 1137 additamenta
3819 1102 3874 1140 se-

2241 1168 2538 1240 mipedum
2587 1185 2707 1224 non
2749 1170 2949 1224 eadem
2975 1170 3100 1240 lege
3130 1169 3190 1223 in
3220 1169 3405 1240 capite
3438 1185 3550 1241 qua
3579 1170 3634 1224 in
3660 1171 3760 1226 ﬁne
3798 1188 3876 1226 ser-

2240 1257 2441 1323 vanda,
2501 1273 2606 1312 nec
2664 1257 2860 1312 omnia
2909 1259 3168 1329 quamvis
3224 1258 3297 1313 ad
3352 1259 3615 1313 eumdem
3662 1260 3873 1329 plausum

2241 1349 2600 1416 coaptentur,
2632 1345 2997 1401 adhibenda?
3028 1345 3167 1418 quid
3192 1346 3438 1400 duarum
3468 1345 3757 1416 aliquando
3785 1347 3875 1401 bre-

2239 1434 2397 1488 vium
2426 1434 2636 1504 potius,
2661 1450 2834 1506 quam
2863 1435 3035 1489 unius
3057 1435 3244 1505 longa
3269 1434 3331 1488 in
3347 1433 3460 1488 ﬁne
3477 1433 3679 1504 positio
3695 1436 3722 1488 ?
3733 1451 3875 1488 nonne

2239 1523 2363 1592 ipso
2394 1540 2564 1578 sensu
2602 1524 3055 1579 modiﬁcantur?
3079 1525 3189 1579 Nec
3234 1525 3294 1579 in
3333 1524 3424 1579 his
3459 1523 3775 1594 aqualitatis
3800 1541 3872 1578 nu-

2239 1627 2455 1680 merus,
2485 1611 2575 1665 cui
2607 1611 2751 1666 nihil
2783 1611 3024 1683 deperit,
3049 1612 3163 1666 sive
3197 1612 3340 1666 illud
3371 1611 3487 1665 sive
3516 1610 3665 1665 aliud
3699 1611 3777 1677 sit,
3803 1612 3874 1665 sed

2240 1699 2460 1754 ordinis
2487 1699 2780 1754 vinculum
2809 1701 3112 1771 reperitur.
3167 1701 3428 1772 Longum
3469 1704 3554 1754 est
3600 1715 3873 1770 percurrere

2239 1791 2443 1842 catera
2455 1788 2522 1843 ad
2537 1789 2798 1843 eamdem
2819 1789 2934 1843 vim
2965 1789 3310 1860 pertinentia
3336 1789 3394 1843 in
3423 1791 3672 1845 numeris
3696 1795 3874 1861 tempo-

2238 1893 2386 1931 rum.
2419 1877 2526 1932 Sed
2567 1893 2774 1948 nempe
2839 1878 3009 1932 etiam
3040 1878 3252 1933 formas
3297 1877 3551 1933 visibiles
3589 1895 3766 1934 sensus
3790 1879 3873 1948 ipse

2241 1970 2598 2036 aspernatur,
2629 1972 2724 2021 aut
2753 1983 2962 2037 pronas
2982 1971 3177 2021 contra
3207 1983 3380 2038 quam
3410 1967 3586 2034 decet,
3618 1970 3710 2022 aut
3735 1966 3873 2036 capite

2238 2055 2525 2121 deorsum,
2562 2059 2618 2110 et
2649 2055 2876 2121 similia,
2907 2055 2967 2109 in
3000 2055 3209 2126 quibus
3240 2071 3358 2109 non
3397 2056 3761 2127 inaequalitas,
3788 2071 3872 2107 ma-

2237 2147 2406 2196 nente
2435 2143 2685 2213 partium
2717 2142 3025 2214 parilitate,
3067 2143 3163 2197 sed
3193 2143 3534 2214 perversitas
3557 2143 3871 2215 improbatur.

2235 2233 2526 2285 Postremo
2572 2231 2632 2284 in
2685 2231 2952 2286 omnibus
2987 2231 3248 2287 sensibus
3294 2237 3350 2286 et
3395 2232 3662 2302 operibus
3697 2231 3871 2298 nostris,

2234 2335 2365 2373 cum
2395 2319 2623 2373 insolita
2648 2320 2943 2391 pleraque,
2967 2325 3023 2375 et
3045 2321 3116 2375 ob
3128 2321 3237 2375 hoc
3264 2321 3577 2392 injucunda
3589 2319 3870 2392 quibusdam

2235 2408 2506 2478 gradibus
2536 2409 2816 2480 appetitui
2858 2415 3055 2464 nostro
3099 2409 3494 2476 conciliamus,
3543 2414 3598 2463 et
3631 2425 3691 2462 ea
3727 2408 3870 2478 primo

2232 2497 2623 2564 tolerabiliter,
2649 2497 2855 2552 deinde
2881 2497 3125 2553 libenter
3145 2497 3461 2568 accipimus
3485 2518 3496 2563 ;
3519 2513 3700 2552 nonne
3717 2495 3870 2550 ordine

2232 2585 2585 2639 conteximus
2615 2587 3000 2656 voluptatem,”
3020 2591 3076 2641 et
3104 2586 3218 2640 nisi
3241 2586 3440 2656 priora
3468 2585 3683 2651 mediis,
3715 2590 3761 2638 et
3784 2599 3869 2638 me-

2233 2674 2326 2728 dia
2355 2674 2659 2744 postremis
2685 2674 3040 2729 concorditer
3069 2690 3210 2730 nexa
3242 2679 3394 2738 sunt,
3420 2675 3804 2730 abhorremus?

2303 2764 2397 2818 48.
2429 2762 2812 2826 Quamobrem
2843 2779 3029 2834 neque
3059 2762 3119 2817 in
3151 2763 3447 2835 voluptate
3483 2763 3704 2832 carnali,
3731 2776 3870 2831 neque

2229 2849 2293 2904 in
2322 2851 2634 2906 honoribus
2663 2856 2720 2906 et
2751 2852 3015 2907 laudibus
3045 2851 3370 2917 hominum,
3407 2868 3596 2923 neque
3629 2851 3685 2904 in
3721 2864 3869 2903 eorum

2231 2933 2624 3004 exploratione
2653 2951 2782 3005 qua
2811 2935 3126 2990 forinsecus
3155 2952 3364 3006 corpus
3395 2937 3696 3007 attingunt,
3724 2939 3868 2989 nostra

2229 3020 2441 3091 gaudia
2461 3021 2826 3091 collocemus,
2852 3021 3127 3077 habentes
3155 3023 3217 3076 in
3232 3022 3440 3078 intimo
3461 3025 3656 3089 Deum,
3677 3021 3762 3076 ubi
3785 3035 3868 3073 cer-

2229 3113 2354 3163 tum
2375 3114 2460 3163 est
2483 3113 2539 3163 et
2566 3109 3041 3165 incommutabile
3061 3127 3232 3166 omne
3245 3112 3400 3183 quod
3433 3127 3701 3166 amamus.
3727 3111 3794 3164 Ita
3810 3107 3868 3172 tit,

2229 3201 2294 3252 ut
2321 3202 2379 3252 et
2407 3214 2535 3253 cum
2559 3199 2766 3254 adsunt
2788 3199 2910 3254 hac
2937 3201 3298 3272 temporalia,
3331 3217 3456 3256 non
3497 3206 3680 3256 tamen
3705 3199 3771 3252 eis
3793 3198 3868 3250 im-

2228 3286 2532 3357 plicemur,
2565 3292 2622 3342 et
2648 3287 2771 3342 sine
2798 3304 2969 3342 sensu
2983 3289 3192 3343 doloris
3213 3306 3342 3361 qua
3363 3294 3527 3344 extra
3548 3303 3737 3359 corpus
3758 3286 3867 3344 sunt.

2229 3375 2450 3431 absint:
2480 3376 2671 3447 ipsum
2695 3381 2886 3431 autem
2913 3393 3137 3449 corpus,
3169 3383 3267 3432 aut
3297 3379 3482 3444 nullo,
3507 3382 3603 3433 aut
3631 3393 3729 3431 non
3753 3373 3867 3444 gravi

2228 3479 2399 3518 sensu
2430 3463 2642 3518 doloris
2671 3463 2977 3529 adimatur,
3019 3470 3076 3519 et
3094 3466 3532 3521 reformandum
3570 3471 3763 3520 natura
3787 3475 3868 3514 suae

2227 3556 2412 3606 morte
2435 3552 2720 3608 reddatur.
2745 3554 3001 3609 Attentio
3024 3571 3274 3626 namque
3291 3555 3505 3610 anima
3537 3555 3606 3610 ad
3633 3546 3869 3623 corporis‘

2227 3645 2450 3713 partem
2475 3640 2734 3712 inquieta
2765 3642 2996 3712 negotia
3025 3643 3330 3711 contrahit,
3377 3648 3437 3698 et
3472 3640 3758 3698 universali
3779 3639 3866 3706 lege

2225 3730 2484 3801 neglecta
2514 3729 2717 3801 privati
2746 3731 3044 3801 cujusdam
3093 3731 3284 3802 operis
3335 3748 3522 3799 amor,
3557 3731 3701 3803 quod
3731 3728 3865 3799 ipsum

2227 3821 2422 3872 tamen
2453 3817 2523 3872 ab
2553 3818 2924 3874 universitate
2966 3836 3140 3891 quam
3189 3821 3338 3875 Deus
3386 3821 3541 3892 regit
3587 3835 3693 3872 non
3731 3816 3864 3887 potest

2226 3905 2485 3960 alienari.
2520 3907 2718 3977 Itaque
2747 3907 3010 3962 subditur
3041 3908 3263 3979 legibus
3296 3908 3399 3980 qui
3430 3925 3549 3963 non
3575 3912 3716 3962 amat
3738 3906 3862 3973 leges.

2226 3993 2453 4049 CAPUT
2490 3995 2598 4050 XV.
2626 4026 2696 4034 —
2721 3996 3036 4066 Corporales
3063 4013 3313 4052 numeros
3337 4003 3469 4068 post
3487 3995 3861 4052 resurrectionem

2295 4088 2419 4152 aget
2435 4085 2621 4138 anima
2647 4087 2840 4153 quiete.
2877 4088 3122 4142 Virtutes
3152 4091 3390 4155 quatuor
3419 4087 3616 4158 quibus
3635 4086 3710 4139 hic
3733 4083 3864 4136 anima

2291 4175 2597 4242 perﬁcitur.

2295 4261 2384 4316 49.
2419 4261 2525 4316 Sed
2556 4261 2603 4315 si
2643 4261 2712 4316 de
2739 4262 2910 4317 rebus
2938 4261 3292 4333 incorporeis
3332 4266 3390 4317 et
3434 4263 3634 4318 eodem
3664 4257 3803 4316 modo
3825 4268 3863 4306 se

2227 4364 2454 4420 semper
2482 4349 2851 4418 habentibus,
2897 4352 3240 4422 plerumque
3270 4351 3644 4406 attentissime
3670 4345 3861 4417 cogitan-

2224 4442 2331 4508 tes,
2369 4435 2417 4493 si
2448 4455 2591 4510 quos
2621 4439 2766 4495 forte
2794 4441 2894 4496 illo
2924 4446 3184 4512 tempore
3213 4441 3441 4513 agimus
3479 4454 3731 4497 numeros
3765 4440 3865 4489 tem-

2223 4528 2451 4598 porales
2483 4528 2543 4582 in
2583 4529 2846 4600 quolibet
2871 4529 3124 4601 corporis
3171 4535 3355 4600 motu,
3395 4530 3551 4585 facili
3588 4544 3709 4583 sane
3741 4529 3864 4593 δίψη

2225 4616 2617 4685 usitatissimo,
2649 4617 2766 4672 sive
2789 4619 3240 4686 deambulantes,
3269 4619 3385 4673 sive
3406 4620 3718 4690 psallentes,
3742 4625 3862 4684 pror-

2223 4721 2318 4759 sus
2347 4704 2511 4759 nobis
2543 4707 2945 4776 ignorantibus
2975 4711 3296 4773 transeunt,
3333 4708 3594 4778 quamvis
3619 4702 3760 4760 nobis
3784 4713 3864 4752 non

2224 4793 2526 4864 agentibus
2573 4795 2720 4850 nulli
2765 4799 2993 4850 essent:
3040 4795 3086 4849 si
3139 4795 3385 4866 denique
3436 4795 3498 4850 in
3548 4794 3676 4866 ipsis
3713 4784 3863 4844 nostris

2223 4881 2489 4936 inanibus
2518 4881 3018 4953 phantasmatibus
3047 4900 3177 4938 cum
3204 4884 3464 4955 occupati
3494 4897 3698 4946 sumus,
3725 4871 3866 4931 simili

2222 4974 2312 5024 ter
2338 4969 2448 5024 ista
2494 4974 2849 5040 pratereunt
2874 4971 3176 5042 agentibus
3206 4988 3312 5026 nec
3339 4969 3700 5026 sentientibus
3727 4960 3859 5020 nobis,

2223 5063 2435 5130 quanto
2466 5059 2650 5130 magis
2681 5064 3020 5131 quantoque
3051 5060 3425 5129 constantius,
3445 5075 3563 5115 cum
3583 5047 3864 5123 corruptibili

2223 5149 2317 5203 hoc
2366 5149 2609 5203 induerit
2661 5151 3141 5220 incorruptionem,
3192 5154 3241 5204 et
3273 5150 3499 5204 mortale
3542 5148 3632 5201 hoc
3679 5137 3863 5196 inductit

2221 5238 2685 5293 immortalitatem
2735 5238 2779 5310 (Ι
2830 5239 2951 5294 Cor.
2996 5254 3088 5305 xv,
3128 5237 3244 5306 53),
3300 5237 3358 5292 id
3405 5241 3509 5305 est,
3552 5239 3613 5289 ut
3637 5233 3732 5287 hoc
3753 5227 3862 5282 idem

2220 5326 2451 5397 planius
2479 5327 2740 5398 eloquar,
2775 5342 2907 5381 cum
2932 5328 3080 5380 Deus
3107 5324 3475 5380 vivificaverit
3501 5320 3744 5377 mortalia
3772 5327 3862 5367 cor-

2220 5428 2362 5485 pora
2390 5417 2604 5478 nostra,
2653 5413 2803 5468 sicut
2855 5412 3166 5484 Apostolus
3213 5412 3368 5482 dicit,
3409 5413 3632 5481 propter
3663 5403 3862 5474 spiritum

2220 5505 2524 5556 manentem
2553 5503 2612 5556 in
2638 5502 2796 5557 nobis
2831 5501 3008 5572 (Rom.
3039 5517 3158 5568 vm,
3194 5504 3308 5571 ll):
3355 5503 3567 5572 quanto
3608 5509 3728 5566 ergo
3763 5495 3863 5544 tunc

2292 5599 2306 5632 ¹
2338 5596 2558 5661 Legitur
2587 5597 2642 5648 in
2674 5597 2918 5663 pluribus
2939 5598 3083 5654 Mss.,
3107 5597 3167 5648 in
3190 5598 3432 5662 temporis
3456 5597 3674 5659 partem.
