4098 6182
479 288 607 340 1191

480 425 650 474 xxxv,
682 410 743 462 8-
756 407 858 478 t2).

549 501 642 552 55.
682 495 791 551 Sed
826 495 941 549 sive
972 495 1080 548 hoc
1108 493 1222 547 sive
1254 492 1404 546 aliud
1429 491 1488 544 in
1516 489 1606 544 his
1633 487 1818 543 verbis
1849 488 2174 558 intelligen-

481 586 619 640 dum
659 584 750 650 sit,
802 589 866 638 tu
917 582 1154 653 negabis
1197 581 1257 633 in
1289 581 1385 632 illa
1422 577 1770 648 perfectione
1811 593 1875 630 ac
1909 577 2177 631 beatitate

479 672 733 727 animam
762 671 1147 735 constitutam,
1183 673 1238 720 et
1267 667 1594 736 conspicere
1627 665 1950 732 veritatem,
1984 669 2039 717 et
2068 665 2178 716 im-

479 761 822 815 maculatam
852 773 1103 822 manere,
1154 760 1210 809 et
1251 755 1394 808 nihil
1433 754 1711 808 molestiae
1757 753 1877 824 pati
1906 768 2093 824 posse,
2125 758 2180 804 ct

481 847 582 902 uni
631 848 746 900 Deo
775 845 961 912 subdi,
1003 843 1220 898 caateris
1257 859 1390 896 vero
1437 842 1866 914 supereminere
1903 839 2124 894 naturis
2151 838 2180 892 ‘?

481 939 546 990 D.
581 937 700 988 Imo
729 933 895 987 aliter
922 949 1048 986 eam
1075 931 1549 1003 perfectissimam
1576 936 1634 985 et
1652 931 2040 985 beatissimam
2059 944 2178 982 esse

478 1037 646 1093 posse
675 1037 792 1074 non
819 1020 1011 1076 video.
1051 1022 1124 1074 M.
1155 1021 1286 1074 Haec
1311 1035 1447 1089 ergo
1479 1017 1906 1088 contemplatio,
1932 1015 2178 1070 sanctiﬁ-

480 1111 649 1176 catio,
700 1108 1148 1181 impassibilitas,
1202 1107 1490 1162 ordinatio
1537 1108 1682 1178 ejus,
1735 1111 1835 1161 aut
1887 1106 2000 1160 illm
2049 1109 2182 1159 sunt

481 1203 726 1270 quatuor
749 1198 989 1251 virtutes
1010 1197 1275 1268 perfectze
1306 1200 1477 1266 atque
1505 1199 1914 1249 consummatze
1943 1212 1956 1261 ;
1986 1198 2083 1248 aut
2108 1209 2179 1248 ne

481 1287 551 1341 de
581 1285 910 1340 nominibus
938 1301 1069 1339 cum
1099 1301 1188 1338 res
1213 1285 1567 1345 conveniant,
1595 1284 1803 1338 frustra
1832 1283 2176 1344 laboremus,

481 1391 586 1446 pro
629 1374 752 1427 istis
801 1373 1126 1439 virtutibus,
1158 1373 1386 1443 quibus
1436 1371 1745 1426 constituta
1792 1371 1852 1424 in
1893 1370 2181 1424 laboribus

481 1463 666 1517 utitur
682 1461 894 1527 anima,
916 1461 1058 1514 tales
1090 1460 1359 1530 quaedam
1385 1458 1659 1530 potentiae
1679 1459 1738 1511 in
1760 1463 1974 1512 aeterna
1995 1460 2048 1512 ei
2068 1458 2181 1512 vita

484 1550 782 1619 speranda:
813 1553 966 1602 sunt.

487 1639 712 1692 CAPUT
748 1637 905 1691 XVII.
939 1667 1008 1675 ——
1047 1636 1203 1701 Quod
1234 1637 1512 1704 peccatrix
1542 1636 1726 1688 anima
1754 1648 1998 1688 numeros
2029 1638 2180 1702 agat,

786 1728 836 1777 et
862 1726 1100 1795 numeris
1139 1727 1355 1789 agatur.
1391 1722 1666 1777 Conclusio
1687 1722 1884 1789 operis.

557 1815 644 1866 56.
679 1813 791 1865 Nos
822 1816 1047 1865 tantum
1085 1809 1542 1875 meminerimus,
1579 1809 1730 1880 quod
1761 1809 1832 1862 ad
1863 1811 2184 1878 susceptam

484 1903 825 1970 praesentem
854 1897 1296 1968 disputationem
1327 1897 1574 1950 maxime
1603 1897 1871 1966 pertinet,
1898 1895 1952 1949 id
1976 1894 2187 1965 agiper

483 1987 903 2058 providentiam
949 1987 1062 2048 Dei,
1095 2003 1200 2057 per
1243 2002 1416 2056 quam
1459 1990 1662 2040 cuncta
1690 1984 1900 2039 creavit
1929 1989 1984 2038 et
2018 1983 2182 2054 regit,

484 2081 550 2130 ut
587 2075 760 2131 etiam
791 2075 1075 2146 peccatrix
1106 2080 1163 2129 et
1191 2091 1511 2128 aerumnosa
1544 2074 1734 2128 anima
1762 2072 2018 2127 numeris
2048 2088 2184 2142 aga-

485 2170 600 2231 tur,
628 2169 686 2218 et
714 2180 987 2218 numeros
1017 2169 1150 2234 agat
1179 2179 1360 2234 usque
1387 2163 1457 2216 ad
1487 2161 1745 2215 intimam
1776 2161 1964 2215 carnis
1993 2176 2186 2215 corru-

486 2253 746 2323 ptionem
774 2273 785 2306 :
828 2251 928 2323 qui
957 2255 1108 2306 certe
1139 2251 1366 2305 numeri
1397 2251 1588 2304 minus
1627 2251 1930 2320 minusque
1958 2249 2185 2320 pulchri

489 2356 610 2394 esse
641 2343 899 2410 possunt,
939 2339 1170 2408 penitus
1200 2355 1332 2392 vero
1379 2355 1570 2392 carere
1607 2338 2032 2409 pulchritudine
2067 2353 2185 2390 non

489 2432 750 2498 possunt.
783 2428 930 2480 Deus
957 2432 1148 2481 autem
1169 2442 1391 2480 summe
1417 2426 1624 2492 bonus,
1649 2432 1706 2480 et
1735 2442 1956 2480 summe
1971 2425 2181 2496 justus,

489 2515 636 2570 nulli
699 2515 917 2569 invidet
971 2515 1408 2585 pulchritudini,
1457 2531 1587 2584 quae
1643 2515 1756 2568 sive
1821 2514 2186 2568 damnatione

491 2604 720 2669 animm,
757 2603 872 2656 sive
903 2603 1276 2673 regressione,
1299 2603 1416 2656 sive
1437 2603 1834 2674 permansione
1856 2602 2182 2655 fabricatur.

493 2693 777 2746 Numerus
808 2695 1001 2744 autem
1023 2696 1080 2744 et
1109 2692 1179 2744 ab
1203 2707 1318 2744 uno
1346 2691 1569 2762 iucipit,
1596 2695 1651 2744 et
1680 2690 2006 2760 aequalitate
2026 2706 2091 2743 ac
2111 2689 2186 2742 si-

488 2779 816 2834 militudine
838 2780 1076 2850 pulcher
1107 2783 1209 2842 est,
1245 2784 1301 2834 et
1325 2780 1525 2834 ordine
1558 2780 1873 2850 copulatur.
1902 2778 2189 2850 Quamobg

489 2884 610 2922 rem
641 2868 902 2938 quisquis
947 2868 1156 2921 fatetur
1187 2869 1405 2922 nullam
1444 2885 1563 2922 esse
1595 2873 1878 2934 naturam,
1913 2884 2041 2938 qua:
2072 2883 2187 2921 non

488 2961 554 3011 ut
597 2957 668 3010 sit
699 2955 980 3026 quidquid
1010 2960 1113 3019 est,
1150 2961 1384 3026 appetat
1421 2957 1723 3022 unitatem,
1753 2955 1955 3027 suique
1987 2955 2188 3009 similis

489 3045 550 3098 in
577 3049 856 3115 quantum
893 3048 1080 3114 potest
1108 3060 1229 3098 esse
1264 3049 1518 3111 conetur,
1552 3049 1724 3116 atque
1759 3044 2019 3098 ordinem
2049 3060 2189 3114 pro-

491 3134 681 3204 prium
713 3133 800 3186 vel
832 3131 970 3185 locis
997 3133 1087 3185 vel
1117 3133 1488 3202 temporibus,
1522 3134 1608 3186 vel
1638 3133 1698 3186 in
1733 3149 1968 3202 corpore
1992 3131 2010 3164 ⁴
2046 3149 2186 3204 quo-

489 3223 621 3276 dam
670 3221 1012 3275 libramento
1043 3221 1285 3274 salutem
1327 3237 1488 3275 suam
1534 3223 1766 3275 teneat:
1816 3221 1981 3275 debet
2024 3221 2189 3275 fateri

490 3310 560 3364 ab
591 3325 704 3363 uno
730 3307 1010 3380 principio
1041 3324 1146 3378 per
1166 3309 1446 3379 aequalem
1467 3308 1551 3362 illi
1571 3325 1636 3362 ac
1663 3309 1908 3364 similem
1940 3309 2188 3379 speciem

492 3397 704 3452 divitiis
732 3397 1005 3452 bonitatis
1038 3397 1183 3466 ejus,
1225 3413 1338 3467 qua
1367 3397 1516 3451 inter
1555 3413 1614 3452 se
1643 3413 1827 3452 unum
1861 3403 1917 3452 et
1964 3398 2033 3452 de
2074 3414 2190 3452 uno

493 3503 670 3540 unum
697 3485 1030 3540 charissima
1052 3484 1094 3554 ²,
1119 3487 1184 3539 ut
1206 3485 1286 3539 ita
1313 3485 1518 3553 dicam,
1546 3487 1823 3540 charitate
1843 3486 2188 3557 junguntur,

490 3574 684 3630 omnia
733 3575 881 3628 facta
925 3590 1046 3628 esse
1077 3579 1249 3645 atque
1279 3574 1508 3629 condita
1537 3591 1914 3646 quaecumque
1945 3579 2097 3638 sunt,
2130 3574 2191 3629 in

491 3668 1018 3735 quantumcumque
1049 3668 1200 3717 sunt.

563 3757 650 3806 57.
681 3754 867 3816 Quare
897 3753 991 3806 ille
1023 3769 1216 3806 versus
1245 3768 1275 3805 a
1305 3752 1472 3807 nobis
1499 3751 1843 3822 propositus,
1878 3755 2012 3807 Deus
2042 3769 2190 3807 crea-

492 3844 575 3893 tor
615 3843 871 3904 omnium,
907 3856 1024 3893 non
1057 3839 1242 3894 solum
1288 3839 1523 3894 auribus
1555 3856 1695 3894 sono
1731 3857 2062 3908 numeroso,
2094 3841 2188 3895 sed

494 3927 676 3980 multo
705 3926 897 3997 magis‘
927 3931 1011 3981 est
1040 3927 1246 3981 anima:
1279 3927 1576 3981 sententiae
1607 3927 1845 3981 sanitate
1876 3933 1932 3982 et
1954 3928 2191 3982 veritate

495 4013 872 4085 gratissimus.
915 4013 1031 4068 Nisi
1078 4015 1224 4068 forte
1269 4019 1460 4069 movet
1507 4019 1562 4070 te
1602 4015 1836 4070 tarditas
1868 4032 2088 4079 eorum,
2130 4020 2194 4071 ut

495 4101 692 4155 mitius
713 4102 936 4173 loquar,
959 4100 1060 4172 qui
1081 4106 1293 4172 negant
1317 4103 1386 4156 de
1411 4101 1591 4156 nihilo
1621 4102 1746 4157 ﬁeri
1770 4119 1931 4174 posse
1952 4103 2189 4174 aliquid,

495 4207 626 4245 cum
662 4190 720 4244 id
749 4189 1115 4262 omnipotens
1147 4192 1292 4244 Deus
1322 4190 1518 4244 fecisse
1548 4190 1786 4245 dicatur.
1827 4195 1914 4246 An
1946 4208 2080 4246 vero
2108 4193 2194 4246 fa-

498 4280 602 4334 ber
644 4283 834 4350 potest
874 4279 1315 4334 rationabilibus
1345 4279 1601 4332 numeris
1648 4279 1748 4350 qui
1790 4285 1922 4334 sunt
1967 4280 2026 4334 in
2075 4285 2196 4336 arte

498 4369 642 4439 ejus,
695 4369 983 4423 sensuales
1029 4383 1297 4421 numeros
1329 4367 1428 4438 qui
1480 4372 1615 4422 sunt
1671 4368 1730 4422 in
1785 4369 2196 4424 consuetudine

501 4458 624 4527 ejus
672 4455 925 4528 operari;
975 4461 1034 4511 et
1097 4455 1453 4509 sensualibus
1506 4456 1760 4509 numeris
1805 4473 2196 4528 progressores

503 4545 631 4598 illos
664 4545 870 4615 quibus
901 4545 1161 4599 membra
1187 4543 1250 4621 in
1273 4544 1562 4614 operando
1589 4549 1799 4610 movet,
1827 4545 1898 4599 ad
1916 4562 2060 4616 quos
2072 4547 2194 4616 jam

499 4632 797 4687 intervalla
833 4638 1161 4703 temporum
1192 4632 1503 4702 pertinent,
1548 4635 1604 4686 et
1645 4631 1731 4686 his
1763 4649 1959 4687 rursus
1985 4634 2195 4690 formas

495 4719 744 4774 visibiles
779 4721 848 4775 de
871 4721 1024 4791 ligno
1048 4720 1335 4789 fabricari,
1362 4721 1617 4774 locorum
1648 4719 1960 4776 intervallis
1998 4739 2198 4778 nume-

502 4824 696 4863 rosas:
728 4812 783 4862 et
828 4825 1021 4863 rerum
1061 4813 1268 4864 natura
1302 4809 1402 4864 Dei
1436 4809 1672 4863 nutibus
1702 4809 1971 4880 serviens,
2005 4811 2195 4882 ipsum

499 4897 725 4968 lignum
759 4897 826 4950 de
856 4901 1010 4950 terra
1056 4902 1114 4950 et
1151 4898 1370 4951 caeteris
1399 4897 1699 4952 elementis
1729 4898 1911 4953 facere
1946 4915 2063 4953 non
2093 4918 2196 4970 po-

555 5023 569 5054 ¹
605 5019 688 5087 Er.
722 5023 776 5068 et
808 5019 954 5075 Lov.,
987 5019 1305 5087 incorporeo
1346 5021 1573 5087 quodam
1610 5021 1940 5087 libramento.
1981 5023 2195 5087 Aliquot

492 5082 635 5139 Mss,
657 5083 724 5147 ing
740 5094 984 5147 corporeo
1006 5082 1252 5144 quodam.
1272 5083 1338 5131 At
1355 5082 1470 5147 itm.
1498 5088 1549 5133 et
1570 5084 1776 5133 codices
1797 5084 2030 5147 plerique
2051 5082 2193 5136 vete-

492 5158 576 5194 res
592 5143 901 5208 prmferunt,
927 5143 982 5191 in
1011 5155 1234 5208 c_orp_ore
1253 5145 1487 5208 quodam
1508 5160 1518 5192 :
1538 5147 1679 5208 quod
1705 5143 1872 5208 magis
1889 5143 2190 5208 probamus.

552 5211 573 5242 ²
594 5205 869 5269 Insignior
891 5206 986 5253 iste
1025 5205 1088 5252 de
1119 5205 1380 5269 Triui’tate
1409 5205 1569 5255 locus
1590 5209 1644 5256 in
1675 5205 1998 5257 editionibus
2025 5210 2109 5259 Er.
2143 5215 2195 5260 et

489 5271 615 5320 Lov.
635 5266 842 5335 necnon
860 5268 913 5316 in
933 5266 1320 5335 recentioribus
1340 5268 1540 5335 aliquot
1557 5269 1677 5335 Mss.
1701 5270 1774 5318 ita
1787 5275 2035 5335 corrupte
2068 5272 2195 5335 legi-

489 5336 576 5380 tur
598 5347 609 5380 :
637 5335 752 5388 Qua
786 5333 932 5381 inter
954 5342 1006 5378 se
1025 5341 1191 5378 unum
1212 5331 1263 5379 et
1285 5329 1388 5378 duo
1414 5329 1752 5389 charissima,
1785 5335 1846 5382 ut
1881 5329 1961 5383 itd
1981 5329 2183 5384 dicari.

491 5394 551 5442 in
581 5393 809 5442 editione
838 5397 1014 5441 autem
1041 5392 1193 5440 Am.:
1245 5394 1361 5448 Qua
1402 5391 1548 5442 inter
1590 5407 1642 5443 se
1683 5407 1856 5444 unum
1885 5398 1936 5445 et
1979 5395 2044 5446 de
2092 5410 2194 5445 uno

487 5467 659 5519 unum
677 5454 969 5504 charisma:
1004 5457 1057 5504 et
1084 5457 1151 5519 ut
1177 5455 1259 5504 tta
1285 5452 1478 5504 dicam.
1510 5454 2000 5519 Redintegravimus
2021 5461 2191 5507 totum

490 5517 556 5598 δά
582 5516 742 5566 libros
766 5521 968 5566 veteres
992 5516 1207 5579 optimae
1237 5519 1362 5565 not!
1387 5553 1398 5565 .

1795 278 1890 333 DE
1928 274 2213 343 MUSICA,
2255 273 2310 329 S.
2351 273 2737 332 AUGUSTINI

3800 288 3898 338 H92

2286 400 2424 463 test;
2454 401 2511 452 et
2539 395 2664 467 ipsa
2695 401 2952 450 extrema
2990 411 3107 450 non
3139 398 3366 466 poterat
3391 397 3460 452 de
3489 399 3637 452 nullo
3662 399 3718 454 ‘?
3751 402 3843 456 lmo
3863 413 3902 460 et

2285 485 2506 539 arboris
2550 484 2756 538 locales
2795 499 3085 549 numeros,
3126 485 3470 556 temporales
3497 488 3705 541 numeri
3729 496 3901 546 antece-

2284 574 2421 627 dant
2463 589 2691 626 necesse
2734 576 2836 627 est.
2891 572 3125 626 Nullum
3170 578 3255 627 est
3301 573 3455 628 enim
3489 573 3732 645 stirpium
3773 594 3903 648 genus

2284 662 2439 732 quod
2461 678 2580 715 non
2612 661 2781 715 certis
2811 677 2916 731 pro
2957 677 3060 714 suo
3095 661 3311 716 semine
3353 661 3776 719 dimensionibus
3802 672 3905 722 tem-

2283 765 2491 819 porum
2521 751 2577 802 et
2623 749 2921 814 coalescat,
2955 753 3013 803 et
3040 749 3348 820 germinet,
3381 753 3436 804 et
3465 749 3524 804 in
3555 767 3709 805 auras
3735 754 3905 820 emicet,

2283 841 2340 891 et
2376 836 2512 890 folia
2540 836 2807 906 explicet,
2854 841 2912 890 et
2958 837 3282 901 roboretur,
3311 842 3369 892 et
3411 837 3522 892 sive
3565 838 3803 907 fructum,
3829 843 3909 896 sive

2285 924 2464 995 ipsius
2494 924 2638 996 ligni
2664 924 3060 979 occultissimis
3092 926 3346 980 numeris
3376 926 3489 981 vim
3524 943 3707 982 rursus
3733 930 3908 984 seminis

2283 1013 2492 1067 referat
2522 1029 2535 1066 :
2570 1017 2784 1084 quanto
2813 1013 2998 1084 magis
3035 1013 3373 1069 animalium
3404 1030 3652 1087 corpora,
3681 1016 3735 1070 in
3758 1017 3910 1088 quibus

2285 1101 2585 1155 intervalla
2612 1101 3010 1156 membrorum
3036 1118 3400 1156 numerosam
3424 1104 3752 1174 parilitatem
3779 1107 3910 1159 multo

2284 1188 2470 1260 magis
2499 1189 2819 1260 aspectibus
2848 1190 3132 1245 offerunt?
3171 1193 3261 1245 An
3290 1191 3399 1245 ista
3437 1191 3505 1246 de
3531 1192 3802 1246 elementis
3824 1195 3910 1248 ﬁeri

2284 1282 2541 1346 possunt,
2575 1284 2633 1332 et
2661 1278 2784 1349 ipsa
2812 1279 3095 1333 elementa
3110 1295 3227 1334 non
3253 1284 3561 1350 potuerunt
3579 1279 3696 1334 fieri
3719 1281 3779 1334 de
3804 1281 3909 1335 nihi-

2286 1367 2384 1421 lo?
2411 1366 2582 1431 Quasi
2608 1382 2742 1420 vero
2773 1367 3089 1438 quidquam
3121 1367 3192 1423 sit
3232 1368 3290 1422 in
3323 1368 3404 1422 eis
3431 1369 3596 1423 vilius
3624 1374 3678 1423 et
3701 1369 3909 1439 abjeclius

2289 1472 2462 1526 quam
2509 1459 2663 1510 terra
2692 1460 2794 1509 est.
2830 1456 2968 1519 Quae
3007 1455 3194 1526 primo
3229 1457 3556 1527 generalem
3587 1458 3807 1528 speciem
3828 1475 3910 1511 cor.

2287 1543 2444 1614 poris
2471 1544 2662 1610 habet,
2685 1545 2744 1598 in
2773 1561 2886 1616 qua
2916 1545 3104 1598 unitas
3123 1546 3388 1616 quaedam
3419 1550 3474 1600 et
3502 1547 3719 1600 numeri
3744 1551 3792 1601 et
3815 1547 3909 1599 ordo

2289 1648 2410 1687 esse
2439 1632 2813 1686 convincitur.
2863 1633 3120 1703 Namque
3149 1634 3221 1688 ab
3269 1634 3461 1704 aliqua
3500 1633 3759 1704 impertili
3785 1640 3912 1688 nota’

2288 1720 2348 1774 in
2380 1719 2804 1790 longitudinem
2835 1735 3059 1773 necesse
3101 1725 3186 1774 est
3208 1721 3542 1792 porrigatur
3571 1722 3812 1792 qualibet
3833 1724 3913 1791 ejus

2293 1808 2662 1880 quantumvis
2699 1824 2874 1878 parva
2903 1808 3202 1879 particula,
3233 1809 3464 1864 tertiam
3494 1810 3828 1865 latitudinem
3851 1827 3913 1863 su-

2291 1901 2433 1962 mat,
2483 1901 2540 1949 et
2581 1901 2844 1966 quartam
2877 1896 3238 1951 altitudinem
3283 1915 3397 1968 qua
3443 1915 3648 1969 corpus
3689 1898 3912 1968 impletur.

2296 1985 2455 2039 Unde
2469 2001 2607 2055 ergo
2631 1985 2732 2038 iste
2755 2002 2788 2038 a
2807 1984 2994 2054 primo
3015 2001 3196 2056 usque
3212 1986 3281 2040 ad
3293 1992 3564 2056 quartum
3578 1987 3913 2057 progressionis

2292 2072 2538 2127 modus?
2570 2072 2727 2126 Unde
2778 2077 2834 2126 et
2873 2072 3170 2143 aequalitas
3208 2088 3441 2144 quoque
3474 2074 3736 2144 partium,
3764 2075 3913 2144 quain

2291 2160 2659 2231 longitudine
2689 2166 2746 2214 et
2766 2159 3066 2214 latitudine
3093 2164 3148 2214 et
3175 2160 3479 2215 altitudine
3502 2161 3912 2234 reperitur?Unde

2292 2249 2744 2303 corrationalitas
2765 2248 3029 2319 quzedam
3054 2248 3154 2315 (ita
3172 2249 3327 2303 enim
3352 2251 3532 2304 malui
3558 2251 3839 2322 analogiam
3857 2267 3915 2302 vo-

2293 2338 2461 2407 care),
2491 2341 2551 2391 ut
2581 2353 2753 2408 quam
2787 2337 3067 2391 rationem
3097 2338 3268 2392 habet
3297 2339 3600 2408 longitudo
3632 2339 3699 2394 ad
3724 2339 3911 2410 imperti-

2294 2426 2406 2479 lem
2438 2431 2657 2491 notam,
2696 2426 2956 2480 eamdem
2988 2426 3228 2480 latitudo
3259 2427 3328 2480 ad
3358 2428 3784 2498 longitudinem,
3809 2433 3851 2480 et
3872 2426 3914 2477 ad

2292 2513 2660 2568 latitudinem
2696 2515 2906 2569 habeat
2939 2514 3229 2570 altitudo?
3260 2515 3440 2582 Unde,
3478 2533 3687 2586 quasso,
3717 2515 3821 2580 ista,
3846 2515 3914 2565 nisi

2295 2603 2366 2657 ab
2396 2603 2493 2656 illo
2526 2619 2754 2656 summo
2792 2606 2965 2673 atque
3003 2607 3220 2656 aeterno
3266 2604 3595 2676 principatu
3624 2618 3914 2660 numerorum

2295 2695 2352 2746 et
2405 2689 2800 2744 similitudinis
2857 2695 2916 2745 et
2969 2692 3313 2762 requalitatis
3357 2698 3415 2748 et
3463 2694 3675 2748 ordinis
3714 2691 3916 2746 veniunt?

2294 2779 2468 2850 Atqui
2524 2779 2646 2832 haec
2697 2779 2742 2832 si
2789 2783 2956 2834 terra;
3013 2781 3315 2847 ademeris,
3369 2781 3520 2836 nihil
3574 2782 3691 2836 erit.
3722 2780 3915 2845 Quocirca

2296 2867 2662 2938 omnipotens
2688 2869 2837 2922 Deus
2865 2872 3078 2922 terram
3107 2868 3257 2932 fecit,
3291 2872 3346 2924 et
3369 2869 3440 2924 de
3466 2869 3642 2924 nihilo
3672 2874 3800 2924 terra
3822 2867 3914 2920 facta

2295 2960 2398 3011 est.

2369 3046 2455 3098 58.
2481 3043 2628 3107 Quid
2648 3045 2863 3114 porro?
2889 3045 3015 3115 ipsa
3042 3045 3257 3116 species
3285 3062 3399 3118 qua
3421 3047 3559 3102 item
3590 3065 3622 3102 a
3648 3046 3828 3101 caeteris
3842 3045 3911 3096 εἰει

2295 3131 2505 3186 mentis
2536 3135 2688 3186 terra
2713 3132 3274 3204 discernitur,nonne
3298 3139 3355 3190 et
3377 3153 3563 3190 unum
3581 3135 3776 3208 aliquid
3793 3147 3911 3204 quan-

2296 3223 2422 3274 tum
2449 3220 2664 3291 accepit
2693 3225 2960 3288 ostentat,
2991 3226 3049 3276 et
3076 3223 3235 3276 nulla
3264 3240 3398 3294 pars
3424 3226 3548 3296 ejus
3577 3243 3609 3279 a
3631 3229 3738 3279 toto
3764 3226 3827 3277 est
3839 3220 3910 3274 dis-

2297 3309 2520 3376 similis,
2555 3313 2612 3363 et
2643 3311 2979 3365 earumdem
3006 3311 3264 3382 partium
3289 3314 3644 3368 connexione
3671 3317 3812 3383 atque
3833 3322 3912 3361 wn-

2299 3397 2494 3452 cordia
2509 3413 2612 3452 suo
2629 3413 2838 3468 genere
2861 3399 3295 3455 saluberrimam
3316 3402 3513 3456 sedem
3536 3402 3770 3457 inﬁmam
3785 3393 3910 3452 tenet?

2299 3486 2403 3541 Cui
2435 3486 2870 3556 superfunditur
2899 3504 3178 3559 aquarum
3210 3493 3438 3557 natura,
3469 3491 3652 3545 nitens
3681 3494 3730 3544 et
3751 3489 3843 3559 ipsa
3869 3481 3909 3535 ad

2297 3573 2601 3642 unitatem,
2636 3574 2946 3645 speciosior
2975 3581 3030 3630 et
3057 3577 3408 3647 perlucidior
3456 3584 3688 3650 propter
3717 3575 3909 3643 majorem

2299 3661 2735 3718 similitudinem
2781 3663 3058 3735 partium,
3105 3669 3162 3719 et
3203 3666 3532 3721 custodiens
3563 3668 3736 3721 locum
3769 3658 3909 3716 ordinis

2301 3755 2358 3805 et
2387 3751 2585 3806 salutis
2619 3769 2755 3806 suae.
2789 3753 2936 3817 Quid
2968 3755 3038 3808 de
3068 3754 3213 3809 aeris
3242 3759 3452 3810 natura
3482 3756 3687 3823 dicam,
3715 3751 3850 3808 multo
3866 3746 3911 3799 fa-

2300 3839 2493 3894 ciliore
2518 3842 2821 3911 complexu
2847 3841 2916 3895 ad
2947 3841 3224 3897 unitatem
3257 3843 3505 3912 nitente,
3534 3849 3589 3899 et
3608 3847 3750 3898 tanto
3773 3835 3907 3909 specie

2303 3928 2449 3982 siore
2477 3928 2662 3999 aquis,
2689 3945 2863 4000 quam
2893 3929 3007 3985 illa)
3033 3931 3203 3985 terris
3225 3936 3376 4000 sunt,
3410 3936 3678 4004 tantoque
3705 3925 3909 4000 superiore

2302 4017 2373 4071 ad
2418 4017 2659 4071 salutem
2705 4018 2772 4070 '?
2812 4017 2960 4082 Quid
3003 4018 3072 4073 de
3115 4019 3243 4074 cmli
3286 4036 3568 4091 supremo
3613 4017 3815 4079 ambitu,
3841 4023 3908 4080 quo

2304 4109 2421 4160 tota
2467 4104 2812 4160 universitas
2852 4105 3168 4161 visibilium
3214 4124 3532 4178 corporum
3563 4101 3909 4164 terminatur,tt

2305 4209 2531 4248 summa
2587 4193 2649 4248 in
2695 4194 2804 4248 hoc
2852 4210 3059 4265 genere
3090 4196 3326 4267 species,
3375 4214 3442 4252 ac
3489 4194 3820 4252 saluberrima
3846 4183 3908 4240 loci

2307 4282 2638 4337 excellentia
2654 4286 2682 4338 Ὺ
2709 4284 2821 4337 Ista
2851 4287 3000 4338 certe
3029 4285 3224 4338 omnia
3253 4302 3381 4356 quae
3408 4286 3650 4341 carnalis
3675 4295 3831 4338 sensus
3849 4273 3910 4329 mi.

2307 4370 2542 4426 nisterio
2556 4387 2950 4439 numeramus,
2975 4376 3033 4428 et
3053 4389 3435 4445 quaecumque
3457 4374 3519 4428 in
3541 4375 3620 4429 eis
3645 4364 3910 4436 ειωῌοωιεε

2306 4475 2578 4514 numeros
2608 4459 2708 4531 qui
2737 4460 3006 4516 videntur
3035 4477 3155 4516 esse
3185 4461 3247 4516 in
3272 4462 3468 4534 aliquo
3486 4458 3750 4527 statu,nisi
3771 4463 3910 4527 pm?

2308 4547 2576 4602 dentibus
2607 4548 2823 4602 intimis
2862 4554 2919 4603 et
2963 4549 3025 4603 in
3056 4549 3281 4605 silentio
3321 4551 3721 4623 temporalibus
3742 4536 3911 4599 numﬂi‘

2309 4635 2410 4706 qui
2441 4639 2574 4690 sunt
2598 4635 2659 4689 in
2688 4640 2869 4702 motu,
2912 4652 3017 4691 nec
3045 4637 3298 4709 accipere
3330 4639 3458 4692 illos
3487 4639 3730 4709 possunt,
3755 4645 3834 4686 nec
3854 4628 3910 4678 ha'

2310 4720 2464 4776 bere.
2509 4722 2642 4776 Illos
2673 4722 2875 4778 itidem
2907 4729 3233 4796 temporum
3263 4726 3579 4781 intervallis
3598 4725 3755 4796 agiles
3775 4727 3912 4790 er'

2310 4906 2320 4916 O
2370 4839 2796 4916 ‘uExpungenda
2823 4848 3094 4916 videretur
3115 4851 3374 4916 particula
3403 4865 3624 4916 negans,
3654 4845 3742 4896 nisi
3760 4837 3914 4916 exstan

2307 4907 2367 4976 in
2389 4907 2573 4976 Mssi‘a
2597 4907 2799 4976 quibus
2819 4914 2996 4960 tamen
3034 4907 3155 4960 cum
3181 4913 3358 4961 absint
3381 4907 3824 4976 sequentia‘verba.
3852 4909 3914 4976 fe:

2308 4968 2451 5042 licet,
2477 4971 2529 5019 et
2557 4968 3094 5042 ipsa‘extremaaon
3121 4979 3351 5042 poterat
3372 4975 3435 5023 de
3453 4968 3619 5042 ξιυιιο,
3649 4968 3913 5042 fatemvﬂf’f‘

2309 5034 2515 5097 tantam
2555 5031 2617 5080 iis
2639 5033 2795 5097 tidem
2823 5048 2937 5083 esse
2969 5031 3309 5085 tribuendam
3339 5037 3438 5085 hoc
3467 5037 3599 5096 loco,
3623 5034 3703 5097 qui
3730 5031 3915 5079 liberm“

2309 5105 2429 5140 rum
2454 5091 2599 5154 lapsu
2621 5095 2838 5144 vitiatus
2862 5097 2946 5144 sit.

2365 5143 2568 5220 21.06.,
2605 5143 3030 5220 importunam.
3061 5159 3126 5207 Et
3159 5173 3370 5209 rursum
3403 5159 3638 5211 inferius.
3694 5143 3916 5220 impafﬁf

2298 5218 2399 5284 not
2413 5204 2642 5284 am,_s'ea
2654 5204 2847 5284 melius
2867 5204 3667 5284 istan-scaenasane:,
3686 5204 3916 5284 διηρπηιές

2300 5280 2410 5350 ἑῃιρ
2421 5279 2659 5350 erlilem_:
2684 5295 2807 5350 nam
2830 5281 2917 5350 hic
2930 5284 3146 5350 nomine
3163 5289 3304 5350 notae
3325 5277 3630 5350 intelligitur
3643 5277 3916 5350 ριιῃςίξιξιιῇξξ

2301 5297 2410 5339 Imp
2421 5297 2626 5328 enuem
2649 5297 2659 5327 :
2684 5297 2807 5329 nam
2831 5297 2917 5330 mc
2930 5297 3146 5331 nomine
3163 5297 3304 5332 nota:
3325 5297 3490 5332 intem
3530 5297 3630 5330 uur
3643 5297 3849 5342 puucww
3864 5297 3916 5329 δέ

2301 5339 2419 5401 sign
2431 5353 2520 5388 um
2542 5341 2680 5408 unde
2694 5342 2835 5391 linea
2850 5343 3062 5408 ducitur
3078 5360 3091 5408 ς
3105 5345 3247 5408 quod
3263 5347 3318 5394 in
3340 5346 3471 5408 libro
3485 5297 3548 5392 ge
3568 5331 3918 5408 Ουωίίίθὲῗέωξ

2301 5395 2425 5466 mae,
2455 5416 2568 5466 cap.
2600 5407 2675 5462 ll,
2707 5418 2762 5454 n.
2790 5408 2867 5460 18.
2898 5407 2974 5454 sic
2997 5395 3249 5457 definitur
3275 5423 3285 5456 :
3320 5425 3345 5452 α
3383 5407 3513 5454 Nota
3544 5395 3650 5453 sine
3685 5395 3915 5466 Ρυίίδλῖἶῖ

2363 5465 2383 5497 ε
2407 5451 2536 5533 Levi
2554 5480 2564 5512 ε
2584 5451 3913 5533 Eiiaaro‘se‘c'am‘régmaspeaaae‘amsﬁ

2301 5527 2459 5576 “"3
2471 5529 2787 5591 :quantoque
2799 5516 2872 5580 αδ
2881 5516 3359 5592 8ωᾶρἧἧᾷὖίὲῖἧή
3370 5516 3630 5582 amaror
3640 5516 3764 5574 terra
3772 5516 3919 5568 κειαηπι
