4008 6184
144 277 283 329 1193

134 395 227 449 dit
257 398 313 447 et
339 391 630 447 modiﬁcat
655 392 843 446 vitalis
871 396 1081 459 motus,
1107 394 1356 448 serviens
1381 395 1623 449 Domino
1647 411 1841 450 rerum

138 482 426 545 omnium,
485 497 602 534 non
637 481 977 551 temporalia
1024 482 1239 536 habens
1278 482 1500 552 digesta
1544 484 1843 538 intervalla

138 585 515 624 numerorum
546 585 806 631 suorum,
840 570 932 623 sed
962 574 1220 640 tempora
1250 571 1609 625 ministrante
1637 576 1840 642 poten-

136 658 251 724 tia;
302 673 477 727 supra
520 672 692 727 quam
724 657 1028 710 rationales
1068 663 1124 711 et
1160 659 1570 713 intellectuales
1616 660 1841 714 numeri

138 747 443 801 beatarum
491 745 815 799 animarum
858 750 1028 816 atque
1059 751 1403 810 sanctarum,
1436 750 1621 818 legem
1656 749 1840 818 ipsam

140 836 270 899 Dei,
300 835 423 888 sine
454 849 568 904 qua
589 833 791 887 folium
816 834 885 888 de
915 832 1115 888 arbore
1137 850 1253 888 non
1281 835 1445 898 cadit,
1471 841 1527 889 et
1551 836 1641 889 cui
1661 836 1841 890 nostri

138 922 335 993 capilli
379 922 667 976 numerati
704 927 857 988 sunt,
904 922 1064 976 nulla
1095 922 1430 993 interposita
1455 928 1660 977 natura
1691 924 1839 978 exci-

137 1012 385 1082 pientes,
435 1026 617 1081 usque
667 1011 735 1065 ad
780 1016 1007 1064 terrena
1053 1016 1110 1065 et
1138 1011 1362 1067 inferna
1392 1012 1524 1082 jura
1553 1013 1840 1067 transmit-

137 1104 276 1153 tunt
304 1098 391 1168 (a).

717 1195 1010 1233 CONCLCSIO
1050 1196 1256 1234 OPERIS.

215 1271 304 1322 59.
339 1268 474 1331 Quae
503 1266 669 1336 potui
698 1272 757 1321 et
797 1267 941 1322 sicut
967 1268 1129 1338 potui
1158 1268 1225 1322 de
1264 1267 1439 1321 tantis
1464 1268 1719 1321 tantillus
1752 1273 1839 1321 te-

133 1371 268 1410 cum
298 1357 531 1409 contuli.
563 1356 897 1409 Sermonem
925 1361 1115 1410 autem
1145 1356 1296 1410 hunc
1321 1362 1581 1410 nostrum
1608 1358 1839 1410 manda-

136 1452 265 1499 tum
312 1444 514 1498 litteris
545 1444 591 1497 si
624 1444 722 1515 qui
752 1444 974 1513 legunt,
1005 1444 1182 1497 sciant
1209 1444 1393 1497 multo
1424 1442 1839 1497 inﬁrmioribus

135 1534 264 1587 haec
291 1550 410 1587 esse
436 1533 664 1603 scripta,
698 1548 871 1603 quam
905 1537 1040 1586 sunt
1060 1532 1143 1585 illi
1166 1532 1265 1603 qui
1294 1534 1464 1586 unius
1494 1531 1703 1586 summi
1738 1532 1839 1586 Dei

199 1638 273 1701 (a)
304 1638 417 1687 Vid.
442 1638 666 1687 Retract.
697 1638 791 1687 lib.
823 1641 867 1697 l,
895 1652 1007 1700 cap.
1040 1642 1087 1697 1,
1122 1651 1177 1685 n.
1204 1640 1249 1686 4.

1130 271 1224 325 DE
1263 269 1625 326 MAGISTRO
1664 270 1718 326 S.
1761 270 2166 339 AUGUSTINI,
2210 272 2424 329 LIBER
2464 274 2669 330 UNUS.

3512 283 3649 337 1194

1951 397 2495 451 consubstantialem
2537 404 2594 452 et
2620 399 3149 456 incommutabilem
3194 403 3546 471 Trinitatem,
3580 423 3648 462 ex

1949 501 2063 555 quo
2086 485 2407 555 omnia,per
2428 503 2599 556 quem
2622 488 2835 553 omnia,
2858 488 2917 541 in
2941 506 3055 559 quo
3076 491 3267 544 omnia
3288 492 3531 546 duorum
3550 495 3650 548 Te-

1950 578 2367 626 stamentorum
2392 575 2788 628 auctoritatem
2818 578 2995 631 secuti
3023 585 3368 633 venerantur
3387 587 3443 634 et
3458 582 3649 636 colunt

1950 676 2075 714 eam
2098 663 2690 732 credendo,sperando
2713 668 2767 717 et
2791 664 3177 733 diligendo.Hi
3195 669 3346 721 enim
3376 686 3487 722 non
3511 670 3651 723 scin-

1949 748 2265 803 tillantibus
2284 750 2554 804 humanis
2587 751 3140 818 ratiocinationibus,
3173 757 3267 809 sed
3300 757 3647 811 validissimo

1949 842 2006 891 et
2033 838 2475 907 ﬂagrantissimo
2496 840 2789 894 charitatis
2815 841 2945 911 igne
2975 845 3432 912 purgantur.Nos
3458 852 3649 899 autem

1948 926 2085 980 dum
2115 926 2490 996 negligendos
2522 944 2642 981 esse
2664 944 2779 982 non
2808 929 3199 984 existimamus
3222 948 3364 1001 quos
3396 933 3649 987 haeretici

1949 1015 2186 1068 rationis
2246 1020 2301 1068 et
2346 1016 2596 1071 scientia:
2644 1017 2831 1071 fallaci
2876 1019 3288 1089 pollicitatione
3322 1022 3645 1091 decipiunt;

1946 1102 2163 1157 tardius
2202 1104 2538 1169 incedimus,
2595 1106 3048 1161 consideratione
3096 1109 3351 1178 ipsarum
3401 1111 3643 1178 viarum,

1946 1207 2121 1262 quam
2168 1192 2349 1245 sancti
2386 1193 2492 1245 viri
2522 1193 2621 1263 qui
2660 1209 2753 1247 eas
2783 1196 3023 1250 volando
3054 1212 3169 1249 non
3208 1197 3519 1267 dignantur
3561 1204 3645 1253 at-

1947 1279 2198 1333 tendere.
2229 1279 2389 1342 Quod
2419 1286 2614 1333 tamen
2637 1281 2821 1335 facere
2852 1300 2968 1335 non
3000 1284 3475 1350 auderemus,nisi
3498 1288 3645 1339 mul-

1946 1372 2033 1420 tos
2060 1366 2186 1436 pios
2218 1368 2480 1421 Ecclesiae
2511 1368 2801 1421 catholicas
2844 1371 3045 1423 matris
3079 1372 3313 1441 optimae
3343 1374 3512 1442 ﬁlios,
3548 1376 3647 1444 qui

1946 1454 2264 1523 puerilibus
2313 1454 2516 1508 studiis
2555 1456 2830 1525 loquendi
2872 1474 2935 1510 ac
2985 1459 3295 1513 disserendi
3323 1462 3647 1516 facultatem

1948 1546 2230 1611 quantum
2279 1542 2411 1594 satis
2442 1548 2525 1596 est
2567 1544 2853 1598 consecuti
2893 1551 3100 1610 essent,
3147 1548 3347 1601 eadem
3392 1548 3649 1603 refellen-

1947 1629 2155 1683 dorum
2183 1629 2585 1684 haereticorum
2620 1632 2951 1685 necessitate
2981 1633 3180 1687 fecisse
3213 1633 3552 1688 videremus.

1421 1841 2338 1948 ADMONITIO

1144 2015 1249 2078 DE
1297 2012 1710 2090 SEQUENTE
1759 2015 1992 2082 LIBRO
2042 2017 2148 2081 DE
2194 2017 2626 2085 MAGISTRO.

207 2154 475 2227 Opusculi
510 2153 800 2225 sequentis
831 2156 1059 2207 aetatem
1096 2152 1288 2222 prodit
1309 2152 1429 2223 ipse
1462 2154 1584 2224 ejus
1611 2161 1809 2209 auctor
1837 2157 1896 2210 in
1927 2156 2074 2209 libro
2101 2171 2253 2209 nono
2285 2156 2741 2222 Confessionum,
2771 2156 2957 2226 capite
2987 2163 3166 2224 sexto,
3199 2160 3299 2214 ubi
3327 2166 3647 2230 praenotata

134 2246 299 2316 quod
334 2266 359 2293 α
392 2259 677 2298 annorum
707 2243 887 2296 ferme
920 2241 1245 2313 quindecim
1276 2248 1393 2296 erat
1425 2267 1446 2292 ι
1482 2244 1806 2299 Adeodatus
1838 2244 2065 2315 quando
2098 2242 2208 2313 ipsi
2241 2244 2521 2315 sociisque
2568 2246 2949 2300 Mediolanum
2994 2247 3265 2317 Baptismi
3297 2248 3651 2320 percipiendi

134 2348 312 2388 causa
336 2332 708 2403 pergentibus
738 2346 926 2385 comes
955 2331 1256 2400 adjunctus
1281 2336 1383 2397 est,
1426 2335 1666 2386 testatur
1694 2332 1937 2387 subinde
1980 2332 2132 2387 hunc
2163 2332 2462 2402 dialogum
2500 2350 2631 2387 cum
2656 2335 2755 2387 illo
2786 2340 2910 2387 tum
2942 2334 3205 2389 habitum
3229 2336 3423 2399 fuisse,
3463 2360 3485 2386 ι
3520 2355 3649 2392 cum

132 2428 291 2475 esset
317 2421 378 2474 in
404 2420 569 2475 annis
596 2420 898 2488 sexdecim,
930 2438 959 2469 υ
991 2418 1049 2473 id
1081 2425 1164 2473 est
1192 2435 1343 2473 anno
1374 2421 1619 2474 secundo
1667 2422 1738 2475 ab
1777 2421 2038 2491 ipsorum
2077 2419 2442 2488 baptismate,
2497 2438 2612 2492 quo
2644 2427 2793 2475 certe
2824 2421 3037 2475 initiati
3065 2423 3223 2477 fuere
3255 2441 3406 2478 anno
3439 2426 3649 2480 Christi

133 2514 264 2565 387.
299 2510 656 2581 Quapropter
686 2509 841 2563 libris
870 2509 937 2563 de
968 2508 1171 2563 Genesi
1200 2512 1397 2563 contra
1424 2510 1781 2572 Manichaeos,
1815 2514 1872 2563 et
1902 2508 1971 2563 de
2004 2507 2231 2573 Musica,
2266 2508 2367 2579 qui
2400 2509 2626 2563 circiter
2655 2525 2867 2562 annum
2900 2512 3002 2564 389
3027 2510 3264 2579 perfecti
3288 2512 3534 2581 fuerant,
3562 2530 3651 2568 re-

136 2599 394 2666 censitis,
424 2599 631 2669 adjecit
650 2598 1002 2669 Augustinus
1027 2598 1088 2652 in
1119 2596 1265 2653 libro
1292 2597 1478 2669 primo
1509 2599 2019 2662 Retractationum,
2047 2595 2232 2665 capite
2262 2596 2620 2663 duodecimo,
2646 2612 2704 2651 se
2732 2596 2941 2650 librum
2975 2597 3044 2651 de
3073 2599 3339 2669 Magistro
3368 2617 3473 2670 per
3498 2600 3651 2656 idem

136 2693 372 2757 tempus
401 2687 709 2758 scripsisse.

1285 2774 1327 2809 5.
1366 2773 1721 2823 AUGUSTINUS,
1754 2773 1855 2810 LIB.
1896 2772 1947 2810 IX
1979 2771 2252 2821 CONFESS.,
2285 2771 2403 2807 CAP.
2433 2770 2505 2808 Vl.

212 2884 245 2915 (ι
269 2864 649 2935 Adjunximus
668 2862 838 2917 etiam
862 2862 1026 2916 nobis
1045 2878 1290 2933 puerum
1309 2862 1664 2917 Adeodatum
1686 2880 1753 2917 ex
1784 2878 1873 2916 me
1903 2865 2101 2915 natum
2134 2859 2438 2913 carnaliter
2463 2859 2532 2914 de
2557 2862 2785 2929 peccato
2809 2875 2959 2914 meo.
2983 2862 3061 2914 Tu
3081 2862 3227 2915 bene
3247 2862 3461 2915 feceras
3484 2880 3640 2919 eum.

133 2956 437 3007 Annorum
469 2957 589 3007 erat
613 2953 791 3006 ferme
812 2951 1163 3023 quindecim,
1193 2955 1250 3004 et
1268 2950 1503 3020 ingenio
1528 2950 1914 3021 praeveniebat
1938 2950 2150 3003 multos
2173 2964 2372 3019 graves
2402 2952 2457 3001 et
2480 2949 2676 3001 doctos
2704 2948 2917 3002 viros...
2953 2950 3183 3003 Munera
3213 2954 3314 3004 tua
3341 2950 3445 3005 tibi
3474 2952 3651 3006 conﬁ-

136 3048 338 3096 teor...
381 3044 473 3096 Est
498 3042 642 3095 liber
668 3046 862 3095 noster
882 3040 983 3110 qui
1000 3039 1328 3093 inscribitur
1348 3038 1418 3093 de
1445 3039 1711 3110 Magistro
1738 3056 1750 3093 :
1776 3040 1894 3109 ipse
1918 3038 1998 3092 ibi
2020 3052 2244 3091 mecum
2268 3037 2538 3106 loquitur.
2556 3036 2637 3090 Tu
2663 3036 2771 3090 scis
2798 3037 2950 3090 illius
2972 3054 3092 3091 esse
3113 3054 3277 3093 sensa
3306 3039 3498 3093 omnia
3519 3056 3647 3111 qua:

140 3132 485 3186 inseruntur
512 3130 593 3184 ibi
621 3146 688 3184 ex
714 3145 957 3199 persone
983 3127 1343 3181 collocutoris
1372 3127 1505 3194 mei,
1534 3144 1666 3182 cum
1696 3133 1843 3182 esset
1877 3126 1938 3180 in
1968 3125 2133 3179 annis
2162 3123 2464 3178 sexdecim.
2498 3125 2668 3178 Multa
2698 3125 2822 3195 ejus
2853 3125 2965 3179 alia
2996 3124 3349 3180 mirabiliora
3379 3132 3645 3198 expertus

143 3234 296 3274 sum.
333 3219 563 3273 Horrori
591 3218 738 3271 mihi
767 3222 889 3270 erat
918 3216 1060 3269 illud
1086 3214 1450 3285 ingenium...
1492 3236 1520 3265 »

252 3304 406 3372 Vide
442 3317 764 3393 praeterea
804 3303 1048 3369 librum
1098 3312 1160 3384 l,
1213 3325 1358 3391 cap.
1414 3312 1521 3383 12,
1574 3304 2175 3382 Retractationum,
2223 3299 2350 3365 col.
2395 3307 2548 3382 602,
2601 3323 2643 3366 a
2691 3300 2929 3383 verbis,
2974 3304 3100 3369 Per
3129 3305 3309 3369 idem
3352 3318 3639 3389 tempus,

146 3415 358 3481 usque
388 3392 480 3459 ad
504 3393 725 3474 verba,
761 3396 943 3460 Velle
984 3413 1139 3457 cum
1168 3394 1562 3476 loquimur?
1654 3393 1738 3456 M.

990 3620 1099 3724 s.
1201 3619 1846 3723 AURELII
1948 3617 2797 3765 AUGUSTINI

1404 3783 1958 3841 HIPPONENSIS
2009 3781 2390 3839 EPISCOPI

592 3924 1055 4112 DE
1334 3915 3203 4110 MAGISTRO

1398 4182 1832 4267 LIBER
1906 4178 2418 4267 UNUSW.

149 4352 212 4400 In
243 4363 348 4413 quo
377 4348 442 4398 de
478 4347 761 4398 verborum
792 4345 842 4393 vi
872 4348 1029 4407 atque
1058 4341 1231 4413 ofﬁcio
1261 4339 1561 4413 disputatur
1586 4339 1812 4413 copiose,
1854 4352 1959 4413 quo
1988 4338 2200 4387 demum
2231 4351 2341 4413 non
2366 4338 2542 4410 verbis
2563 4351 2682 4413 quas
2703 4339 2832 4389 foris
2858 4339 3017 4389 homo
3043 4340 3305 4402 personat,
3334 4337 3426 4387 sed
3454 4342 3653 4389 Interim

1049 4404 1268 4454 veritate
1298 4400 1441 4450 in‘tus
1467 4400 1685 4450 docente
1716 4400 1988 4450 scientiam
2008 4413 2185 4449 rerum
2218 4400 2443 4448 obtineri
2464 4400 2750 4450 evincatur.

263 4616 486 4670 CAPUT
526 4616 824 4670 PRIMUM.
858 4642 927 4653 —-
954 4613 1175 4667 Locutio
1204 4610 1278 4665 ad
1308 4609 1442 4678 quid
1470 4610 1744 4665 instituta.

227 4709 276 4759 l.
329 4708 675 4759 Aecusnxcs
729 4720 742 4757 :
790 4701 938 4767 Quid
976 4700 1081 4755 tibi
1121 4699 1383 4754 videmur
1437 4697 1662 4753 efﬁcere
1712 4697 1854 4750 velle

148 4809 286 4847 cum
316 4793 645 4863 loquimur?
688 4795 1011 4846 Annonarus
1045 4806 1058 4844 :
1093 4789 1382 4853 Quantum
1431 4787 1665 4857 quidem
1712 4785 1856 4840 mihi

150 4898 310 4937 nunc
339 4881 605 4948 occurrit,
648 4886 748 4935 aut
786 4880 1011 4945 docere,
1062 4883 1160 4931 aut
1197 4876 1435 4931 discere.
1482 4876 1629 4941 Aug.
1668 4875 1856 4929 Unum

150 4972 366 5025 horum
408 4970 572 5025 video
598 4975 656 5024 et
683 4968 969 5024 assentior
997 4984 1011 5023 :
1045 4981 1179 5021 nam
1200 4963 1489 5035 loquendo
1520 4980 1621 5016 nos
1652 4962 1856 5017 docere

1963 4606 2107 4660 velle
2155 4606 2524 4661 manifestum
2563 4612 2680 4674 est;
2721 4606 2937 4661 discere
2966 4608 3157 4659 autem
3183 4605 3512 4676 quomodo?
3540 4607 3650 4662 Ad.

1964 4694 2087 4759 Quo
2136 4694 2368 4748 tandem
2415 4710 2628 4761 censes,
2680 4693 2793 4747 nisi
2837 4708 2969 4747 cum
3018 4690 3478 4763 interrogamus?
3507 4696 3651 4762 Aug.

1964 4780 2147 4835 Etiam
2174 4787 2311 4835 tunc
2327 4781 2472 4835 nihil
2492 4781 2648 4835 aliud
2669 4796 2843 4850 quam
2867 4780 3067 4833 docere
3091 4795 3195 4833 nos
3209 4780 3352 4834 velle
3374 4780 3650 4851 intelligo.

1964 4871 2105 4925 Nam
2126 4886 2323 4942 quaero
2342 4870 2439 4925 abs
2458 4875 2533 4936 te,
2555 4874 2751 4923 utrum
2773 4869 2845 4922 ob
2875 4868 3045 4923 aliam
3072 4885 3298 4922 causam
3319 4869 3654 4939 interroges,

1965 4960 2025 5014 ni
2054 4965 2118 5015 ut
2147 4977 2277 5015 eum
2310 4975 2482 5031 quem
2534 4959 2851 5030 interrogas
2898 4959 3100 5014 doceas
3141 4960 3281 5031 quid
3322 4959 3496 5014 velis?
3540 4958 3653 5011 Ad.

1476 5064 1751 5101 ADIONITIO
1782 5064 1855 5099 PP.
1896 5062 2346 5098 BENEDICTINORUI.

217 5138 448 5188 Collatus
482 5142 561 5188 est
584 5138 688 5201 (hic
716 5138 867 5199 liber)
890 5149 1027 5201 cum
1060 5136 1179 5201 Mss.
1216 5130 1952 5201 Fiscannensinltiiehaelino,‘
1975 5126 2565 5201 Beccens‘i,.Victorinis
2592 5126 2778 5201 tribus,
2806 5126 3106 5201 ⁸Νεινειιιῐοίοίετι
3137 5124 3657 5201 duobus,Remensis

146 5186 556 5259 ecclesizeuno,
576 5186 863 5249 Vaticanae'
889 5197 1230 5247 Bibliothecae
1270 5208 1407 5254 uno;
1436 5186 1906 5242 cum'lectionibus
1934 5186 2098 5242 trium
2130 5190 2456 5253 Belgicorum
2502 5202 2595 5251 per
2623 5190 2973 5238 Lovanienses
2998 5188 3253 5251 vulgatis;
3284 5199 3509 5247 cumque
3547 5186 3656 5233 edi-

148 5264 391 5313 tionibus
421 5263 546 5312 Bad.
577 5264 691 5312 Am.
724 5262 809 5309 Er.
840 5264 893 5309 et
920 5261 1045 5307 Lov.

251 5344 807 5433 Comparavimus
839 5351 1173 5429 praterea
1227 5360 1338 5406 eas
1385 5358 1607 5405 omnes
1657 5335 1973 5404 editiones
2023 5333 2212 5401 initio
2248 5332 2822 5400 Retractationum
2856 5343 2919 5398 et
2967 5332 3490 5399 Confessionum
3527 5349 3658 5394 me-

149 5445 478 5500 moratas.

224 5541 296 5604 (a)
326 5538 562 5604 Scriptus
591 5540 798 5589 circiter
824 5549 1028 5586 annum
1051 5534 1242 5585 Christi
1273 5536 1381 5585 389.

472 5639 749 5704 PATROL.
800 5636 1048 5703 XXXII.

2848 5620 3336 5707 (Trente-lzuz't.)
