4008 6184
440 267 574 320 1195

434 390 642 443 Verum
671 381 828 438 dicis.
856 382 1001 448 Aug.
1030 376 1194 432 Vides
1215 391 1351 447 ergo
1373 375 1494 446 jam
1522 371 1662 426 nihil
1690 387 1793 425 nos
1816 370 2124 438 locutione,

433 476 544 534 nisi
575 478 637 528 ut
657 473 958 526 doceamus
979 469 1269 537 appetere.
1296 463 1404 517 Ad.
1435 463 1556 515 Non
1579 460 1748 530 plane
1771 458 1932 512 video
1957 475 1968 512 :
1993 473 2126 512 nam

435 565 482 618 si
509 563 649 617 nihil
681 564 766 614 est
793 557 947 612 aliud
977 555 1129 626 loqui
1149 568 1320 624 quam
1342 550 1512 604 verba
1536 546 1991 618 promere,video
2023 562 2126 600 nos

433 654 491 708 id
515 652 696 706 facere
714 663 843 702 cum
877 649 1187 698 cantamus.
1213 640 1374 705 Quod
1395 654 1526 693 cum
1557 637 1662 691 soli
1691 651 1840 706 saepe
1867 635 2122 701 facimus,

434 741 595 795 nullo
627 739 904 809 praesente
928 733 1025 804 qui
1047 732 1367 799 discat,non
1394 731 1533 799 puto
1557 743 1658 781 nos
1683 726 1885 780 docere
1912 723 2127 795 aliquid

433 827 597 881 velle.
628 827 773 891 Aug.
806 826 876 875 At
904 837 1010 890 ego
1041 824 1179 889 puto
1211 834 1332 872 esse
1365 816 1650 888 quoddam
1681 830 1860 884 genus
1890 811 2129 867 docendi

431 931 536 986 per
562 909 1471 977 commemorationem,1nagnum
1502 903 1820 974 sane,quod
1853 901 1913 956 in
1937 905 2130 955 nostra

431 1005 538 1057 hac
579 999 1055 1056 sermocinatione
1107 1013 1193 1049 res
1224 995 1347 1066 ipsa
1375 993 1667 1047 indicabit.
1701 991 1805 1046 Sed
1841 991 1886 1043 si
1919 995 1981 1044 tu
2013 1004 2130 1042 non

433 1089 724 1144 arbitraris
773 1103 877 1141 nos
924 1086 1139 1140 discere
1169 1100 1299 1138 cum
1340 1081 1729 1147 recordamur,
1778 1095 1883 1132 nec
1930 1078 2128 1132 docere

433 1179 596 1232 illum
623 1177 721 1248 qui
749 1177 1179 1239 commemorat,
1214 1188 1328 1225 non
1360 1169 1559 1224 resisto
1589 1167 1692 1221 tibi
1726 1184 1739 1220 :
1769 1171 1823 1220 et
1853 1167 1992 1221 duas
2009 1167 2131 1236 jam

432 1263 706 1336 loquendi
749 1277 944 1316 causas
983 1258 1285 1326 constituo,
1337 1261 1434 1310 aut
1480 1261 1543 1310 ut
1586 1256 1907 1320 doceamus,
1941 1257 2040 1307 aut
2069 1255 2133 1306 ut

435 1366 949 1407 commemoremus
974 1348 1059 1401 vel
1081 1347 1221 1400 alios
1242 1346 1328 1400 vel
1352 1345 1766 1414 nosmetipsos;
1787 1343 1939 1414 quod
1960 1343 2131 1396 etiam

436 1441 573 1495 dum
623 1442 937 1503 cantamus,
984 1434 1260 1489 efﬁcimus
1295 1449 1306 1486 :
1342 1449 1412 1486 an
1445 1431 1547 1486 tibi
1579 1447 1694 1485 non
1723 1431 1984 1484 videtur?
2012 1428 2126 1483 Ad.

438 1529 559 1582 Non
589 1542 824 1598 prorsus
854 1541 866 1578 :
903 1539 1037 1577 nam
1066 1537 1260 1575 rarum
1290 1519 1602 1573 admodum
1633 1521 1736 1584 est,
1773 1522 1835 1570 ut
1863 1532 1968 1587 ego
1999 1532 2130 1569 can-

435 1621 552 1670 tem
583 1610 1071 1669 commemorandi
1101 1626 1192 1664 me
1236 1609 1435 1679 gratia,
1480 1607 1578 1661 sed
1606 1604 2003 1660 tantummodo
2033 1604 2130 1658 de-

435 1704 709 1760 lectandi.
739 1704 883 1770 Aug.
919 1700 1094 1754 Video
1126 1698 1265 1770 quid
1287 1697 1514 1751 sentias.
1540 1695 1647 1750 Sed
1669 1711 1859 1748 nonne
1889 1692 2132 1747 attendis

437 1793 492 1848 id
524 1793 677 1864 quod
709 1796 762 1845 te
795 1790 1036 1844 delectat
1059 1788 1118 1840 in
1139 1790 1310 1840 cantu
1339 1783 1790 1838 modulationem
1822 1782 2130 1853 quamdam

438 1897 558 1935 esse
589 1879 739 1944 soni;
776 1893 904 1948 quae
936 1875 1211 1946 quoniam
1242 1873 1427 1927 verbis
1457 1875 1512 1926 et
1539 1871 1669 1926 addi
1696 1875 1752 1924 et
1778 1869 1999 1924 detrahi
2028 1887 2130 1939 po-

437 1972 565 2034 test,
599 1966 751 2021 aliud
781 1969 865 2019 est
905 1963 1085 2034 loqui,
1129 1961 1280 2016 aliud
1315 1966 1398 2014 est
1427 1959 1693 2014 cantare?
1725 1961 1865 2013 Nam
1896 1963 1952 2013 et
1980 1958 2134 2013 tibiis

437 2062 492 2112 et
515 2057 730 2111 cithara
770 2057 1052 2121 cantatur,
1086 2055 1141 2105 et
1187 2066 1312 2104 aves
1343 2053 1592 2116 cantant,
1624 2053 1680 2103 et
1707 2065 1812 2103 nos
1845 2048 2131 2102 interdum

438 2145 560 2201 sine
595 2142 774 2199 verbis
805 2141 1088 2196 musicum
1119 2139 1336 2209 aliquid
1368 2155 1656 2205 sonamus,
1685 2137 1782 2209 qui
1815 2153 1986 2192 sonus
2007 2153 2134 2191 can-

439 2237 528 2288 tus
557 2232 668 2287 dici
696 2234 900 2302 potest,
934 2227 1144 2282 locutio
1187 2243 1307 2281 non
1344 2231 1526 2298 potest
1566 2243 1578 2281 :
1613 2242 1685 2280 an
1713 2226 2026 2297 quidquam
2053 2230 2137 2280 est

441 2321 594 2391 quod
623 2319 972 2374 contradicas
994 2317 1021 2370 ‘I
1051 2317 1160 2371 A'd.
1194 2316 1345 2370 Nihil
1376 2333 1529 2371 sane.

509 2413 562 2463 2.
598 2411 746 2473 Aug.
782 2406 1016 2459 Videtur
1047 2420 1182 2474 ergo
1214 2403 1454 2469 tibi,nisi
1477 2407 1575 2457 aut
1599 2403 1962 2469 docendi,aut
1985 2419 2135 2456 com-

443 2493 796 2549 memorandi
814 2509 982 2547 causa
1007 2509 1122 2546 non
1143 2508 1264 2546 esse
1282 2491 1600 2545 institutam
1623 2491 2130 2546 locutionem?Ad.

441 2581 878 2649 Videretur,nisi
910 2597 999 2634 me
1026 2584 1281 2634 moveret
1310 2580 1462 2650 quod
1495 2580 1633 2634 dum
1663 2595 1912 2648 oramus,
1935 2579 2134 2651 utique

440 2672 763 2742 loquimur;
807 2686 911 2724 nec
939 2675 1132 2723 tamen
1164 2670 1343 2723 Deum
1375 2673 1471 2722 aut
1501 2667 1687 2722 doceri
1719 2668 1934 2739 aliquid
1968 2686 2001 2722 a
2029 2685 2131 2722 no-

439 2759 545 2827 bis,
582 2764 681 2813 aut
710 2757 1148 2813 commemorari
1194 2757 1277 2810 fas
1320 2761 1402 2810 est
1431 2757 1684 2810 credere.
1727 2758 1874 2824 Aug.
1910 2756 2133 2811 Nescire

438 2851 492 2901 te
524 2847 768 2901 arbitror
797 2863 914 2900 non
957 2846 1032 2901 ob
1071 2844 1226 2899 aliud
1258 2844 1420 2898 nobis
1448 2849 1796 2916 praeceptum
1830 2860 1950 2899 esse
1982 2849 2046 2899 ut
2073 2845 2133 2898 in

438 2935 638 2989 clausis
665 2935 938 2989 cubiculis
970 2950 1198 2988 oremus
1222 2935 1432 3003 (Matth.
1457 2950 1530 2995 v1,
1554 2935 1626 3003 6),
1658 2949 1771 3004 quo
1801 2932 2034 2987 nomine
2066 2934 2133 2986 si-

437 3025 781 3094 gniﬁcantur
802 3022 1011 3077 mentis
1042 3021 1495 3093 penetralia,nisi
1527 3022 1680 3092 quod
1710 3023 1945 3088 Deus,ut
1972 3021 2132 3076 nobis

437 3113 587 3183 quod
609 3111 867 3182 cupimus
889 3109 1590 3181 prmstet,commemorari
1611 3114 1709 3163 aut
1729 3110 1919 3164 doceri
1939 3116 2134 3165 nostra

436 3199 722 3254 locutione
745 3215 860 3253 non
877 3197 1215 3270 quaerit.Qui
1237 3197 1802 3268 enimloquitur,su£e
1828 3199 2130 3252 voluntatis

437 3288 664 3359 signum
687 3287 835 3342 foras
864 3287 962 3340 dat
982 3303 1084 3356 per
1105 3287 1471 3340 articulatum
1501 3302 1706 3340 sonum
1731 3303 1743 3340 :
1771 3287 1920 3340 Deus
1941 3291 2131 3340 autem

437 3377 497 3431 in
527 3377 662 3447 ipsis
691 3375 984 3430 rationalis
1034 3374 1240 3429 animae
1280 3375 1528 3442 secretis,
1562 3374 1661 3444 qui
1692 3374 1865 3428 homo
1896 3373 2133 3428 interior

435 3469 685 3531 vocatur,
718 3467 774 3518 et
803 3463 1146 3535 quaerendus
1180 3466 1234 3516 et
1260 3461 1650 3532 deprecandus
1685 3466 1796 3528 est;
1825 3462 1945 3515 haec
1979 3463 2130 3516 enim

437 3571 537 3607 sua
553 3553 767 3623 templa
795 3568 914 3607 esse
936 3551 1226 3606 voluit.An
1251 3551 1402 3621 apud
1424 3550 1756 3622 Apostolum
1782 3566 1900 3604 non
1921 3550 2126 3621 legisti,

434 3644 665 3700 Nescitis
695 3643 826 3710 quia
865 3641 1120 3710 templum
1153 3642 1246 3694 Dei
1286 3641 1432 3701 estis,
1466 3643 1516 3693 et
1543 3641 1770 3708 spiritus
1797 3641 1895 3694 Dei
1919 3641 2132 3694 habitat

432 3733 492 3784 in
517 3730 666 3784 vobis
694 3730 732 3798 (Ι
757 3730 885 3782 Cor.
919 3745 998 3794 ιιι,
1027 3730 1144 3797 16);
1175 3732 1248 3794 et,
1281 3730 1343 3782 In
1364 3730 1616 3782 interiore
1648 3729 1856 3782 homine
1888 3729 2132 3783 habitare

433 3815 745 3872 Christum?
777 3816 994 3883 (Ephes.
1029 3832 1108 3882 ιιι,
1137 3818 1217 3880 16,
1251 3817 1351 3884 l7.)
1376 3817 1485 3869 Nec
1506 3817 1564 3869 in
1584 3817 1864 3886 propheta
1880 3817 2132 3871 animad-

432 3903 670 3970 vertisti,
698 3904 877 3956 Dicite
897 3905 956 3956 in
976 3903 1228 3956 cordibus
1251 3905 1466 3970 uestris,
1497 3909 1547 3956 et
1564 3906 1623 3957 in
1651 3904 1919 3959 cubilibus
1938 3908 2131 3960 vestris

431 3992 891 4061 compungimini:
920 3989 1225 4061 sacriﬁcate
1245 3992 1572 4059 sacrificium
1589 3991 1900 4060 justitiae,et
1919 3999 2130 4061 sperate

431 4083 490 4135 in
510 4081 742 4135 Domino
756 4081 784 4132 ?
799 4079 957 4144 (Psal.
976 4095 1045 4145 ιν,
1068 4082 1119 4145 5,
1145 4078 1220 4149 6.)
1241 4078 1344 4132 Ubi
1369 4084 1533 4150 putas
1547 4079 1884 4134 sacriﬁcium
1898 4081 2129 4152 iustitiae

431 4166 753 4236 sacriﬁcari,
777 4166 883 4220 nisi
914 4165 975 4220 in
1006 4167 1223 4237 templo
1255 4167 1482 4230 mentis,
1517 4171 1574 4221 et
1603 4167 1664 4221 in
1694 4167 1974 4222 cubilibus
2003 4185 2128 4223 cor-

431 4258 554 4312 dis?
567 4257 873 4312 Ubiautem
889 4254 1329 4310 sacriﬁcandum
1350 4255 1536 4324 est,ibi
1559 4261 1617 4310 et
1636 4257 2130 4323 orandum.Quare

430 4362 547 4401 non
574 4361 717 4416 opus
737 4348 820 4398 est
848 4344 1136 4398 locutione
1163 4360 1291 4398 cum
1323 4361 1569 4411 oramus,
1600 4345 1654 4400 id
1687 4350 1770 4400 est
1797 4347 2130 4402 sonantibus

431 4435 753 4502 verbis,nisi
773 4434 938 4496 forte,
961 4433 1108 4487 sicut
1143 4434 1460 4488 sacerdotes
1490 4433 1724 4501 faciunt,
1745 4434 2128 4506 signiﬁcandw

430 4523 636 4578 mentis
665 4539 782 4578 sua:
812 4538 1006 4592 causa,
1040 4538 1156 4576 non
1187 4526 1253 4575 ut
1283 4523 1448 4589 Deus,
1483 4522 1580 4575 sed
1613 4527 1676 4576 ut
1718 4523 1977 4578 homines
2022 4541 2127 4579 au-

429 4612 605 4677 diant,
639 4616 695 4666 et
723 4610 1097 4666 consensione
1120 4610 1368 4682 quadam
1399 4626 1502 4681 per
1527 4613 2129 4670 commemorationem

430 4699 854 4768 suspendantur
881 4700 942 4753 in
977 4701 1156 4754 Deum
1205 4717 1216 4754 :
1267 4715 1341 4753 an
1371 4703 1436 4753 tu
1473 4699 1628 4753 aliud
1658 4699 1983 4755 existimas?
2014 4703 2124 4758 Ad.

431 4786 676 4842 Omnino
711 4787 1014 4843 assentior.
1045 4789 1190 4856 Aug.
1217 4789 1341 4841 Non
1370 4792 1424 4841 te
1450 4803 1584 4858 ergo
1604 4793 1794 4842 mevet
1814 4790 1966 4861 quod
1979 4806 2128 4845 sum-

429 4891 557 4929 mus
579 4875 844 4946 Magister
860 4891 990 4928 cum
1019 4892 1179 4930 orare
1198 4877 1426 4930 doceret
1446 4877 1944 4948 discipulos,verba
1970 4896 2126 4950 quee-

427 4965 560 5019 dam
591 4962 784 5018 docuit
814 4965 1038 5033 (Matth.
1074 4979 1155 5031 v1,
1189 4965 1242 5034 9)
1267 4982 1279 5032 ;
1317 4965 1377 5020 in
1407 4981 1520 5036 quo
1550 4966 1695 5019 nihil
1725 4966 1878 5021 aliud
1906 4969 2128 5023 videtur

423 5051 829 5124 fecisse,quam
863 5051 1117 5106 docuisse
1140 5053 1427 5123 quomodo
1455 5052 1515 5107 in
1537 5054 1750 5109 orando
1771 5055 1927 5126 loqui
1948 5072 2125 5128 opor-

423 5144 603 5198 teret?
642 5142 756 5197 Ad.
792 5139 942 5196 Nihil
973 5157 1062 5193 me
1094 5141 1329 5195 omnino
1360 5141 1511 5197 istud
1552 5148 1742 5197 movet
1777 5161 1789 5197 :
1824 5160 1938 5198 non
1970 5145 2124 5199 enim

423 5232 614 5299 verba,
648 5232 745 5286 scd
779 5247 868 5284 res
893 5229 1042 5299 ipsas
1069 5245 1164 5282 eos
1195 5230 1379 5284 verbis
1405 5231 1616 5298 docuit,
1649 5231 1855 5303 quibus
1877 5237 1934 5287 et
1955 5233 2124 5304 seipsi

423 5320 998 5386 commonefacerent,
1032 5333 1064 5371 a
1095 5334 1229 5389 quo,
1261 5322 1316 5372 et
1346 5319 1483 5390 quid
1513 5324 1662 5374 esset
1691 5321 2122 5384 orandum,cum

421 5409 483 5464 in
507 5411 916 5481 penetralibus,
966 5412 1030 5463 ut
1065 5407 1282 5462 dictum
1314 5412 1414 5474 est,
1451 5409 1658 5464 mentis
1689 5417 1940 5466 orarent.
1971 5413 2117 5482 Aug.

425 5499 590 5556 Recte
622 5500 893 5571 intelligis
928 5515 940 5553 :
971 5498 1139 5568 simul
1182 5497 1334 5552 enim
1367 5503 1418 5552 te
1445 5500 1612 5554 credo
1643 5501 2116 5573 animadvertere,

1663 250 1756 305 DE
1796 245 2176 310 MAGISTBO,
2217 246 2270 301 S.
2315 246 2705 304 AUGUSTINI
3744 259 3836 311 ll96

2237 385 2461 440 etiamsi
2487 386 2792 458 quisquam
2813 383 3138 449 contendat,
3163 384 3422 454 quamvis
3444 385 3642 442 nullum
3663 389 3836 447 edamus

2236 490 2462 541 sonum,
2493 478 2688 529 tamen
2730 472 2866 544 quia
2909 472 3034 542 ipsa
3063 473 3235 526 verba
3266 473 3588 544 cogitamus,
3613 492 3700 530 nos
3731 478 3840 533 intus

2237 564 2388 634 apud
2418 563 2678 617 animum
2704 561 2879 632 loqui,
2914 561 2991 614 sic
3021 577 3248 632 quoque
3283 562 3560 617 lorutione
3586 564 3707 620 nihil
3734 568 3843 623 aliud

2239 667 2406 722 agere
2445 667 2618 722 quam
2646 666 3032 717 commonere,
3065 666 3196 704 cum
3229 653 3501 706 memoria
3526 653 3607 707 cui
3633 657 3770 710 verba
3791 658 3848 711 in-

2238 741 2477 808 haerent,
2510 757 2576 795 ea
2595 739 2934 795 revolvendo
2955 738 3088 792 facit
3103 739 3294 793 venire
3313 739 3375 792 in
3398 746 3630 796 mentem
3649 759 3723 797 res
3747 745 3850 816 ipsas

2239 845 2484 900 quarum
2515 829 2677 899 signa
2709 832 2842 882 sunt
2871 827 3062 881 verba.
3093 827 3209 881 Ad.
3236 827 3493 898 Intelligo
3519 847 3576 882 ac
3601 846 3785 901 sequor.

2240 917 2463 972 CAPUT
2489 918 2554 971 Il.
2590 947 2656 956 —
2695 916 2987 972 Verborum
3022 917 3362 984 signiﬁcatus
3402 919 3607 971 nonnisi
3640 919 3781 973 verbis
3801 920 3847 972 ab

2806 1007 3014 1060 homine
3045 1004 3370 1059 ostenditur.

2311 1097 2362 1149 3.
2395 1094 2539 1163 Aug.
2569 1094 2802 1150 Constat
2825 1109 2960 1164 ergo
2981 1093 3130 1146 inter
3153 1109 3255 1146 nos
3272 1093 3444 1147 verba
3464 1093 3614 1162 signa
3632 1110 3751 1148 esse.
3769 1096 3848 1150 Ad.

2242 1182 2490 1236 Constat.
2540 1182 2683 1249 Aug.
2731 1181 2914 1246 Quid?
2957 1181 3205 1252 signum,
3240 1181 3350 1234 nisi
3380 1181 3590 1252 aliquid
3617 1182 3848 1252 signiﬁcet,

2241 1275 2424 1341 potest
2453 1287 2573 1326 esse
2600 1269 2867 1341 signum?
2896 1269 3006 1324 Ad.
3031 1270 3157 1324 Non
3189 1274 3393 1340 potest.
3421 1273 3567 1337 Aug.
3589 1270 3715 1334 Quot
3732 1272 3851 1324 verba

2241 1364 2373 1414 sunt
2403 1360 2463 1413 in
2486 1360 2591 1413 hoc
2617 1375 2805 1424 versu,

2365 1454 2418 1504 Si
2443 1454 2575 1503 nihil
2595 1468 2660 1504 ex
2685 1457 2833 1503 tanta
2855 1454 3058 1517 superis
3091 1452 3263 1516 placet
3283 1453 3414 1502 urbe
3442 1452 3686 1515 relinqui?

3015 1533 3248 1596 (.Eneid.
3279 1533 3375 1583 ub.
3407 1535 3455 1591 2,
3485 1546 3534 1584 υ.
3564 1531 3681 1596 659.)

2240 1623 2355 1678 Ad.
2401 1622 2558 1678 Octo.
2603 1625 2748 1690 Aug.
2801 1623 2934 1678 Octo
2977 1639 3112 1694 ergo
3159 1624 3320 1694 signa
3371 1628 3521 1678 sunt.
3568 1622 3662 1676 Ad.
3701 1623 3766 1676 Ita
3783 1628 3850 1675 est.

2243 1712 2391 1780 Aug.
2446 1712 2622 1767 Credo
2665 1717 2719 1766 te
2766 1711 2918 1766 hunc
2963 1728 3191 1766 versum
3236 1713 3574 1783 intelligere.
3621 1710 3718 1765 Ad.
3759 1710 3853 1765 Satis

2241 1799 2505 1855 arbitror.
2561 1802 2711 1868 Aug.
2766 1800 2862 1854 Dic
2896 1800 3040 1854 mihi
3085 1801 3222 1870 quid
3264 1801 3490 1870 singula
3535 1800 3692 1853 verba
3729 1799 3848 1868 signi-

2242 1888 2431 1942 ﬁcent.
2465 1888 2574 1942 Ad.
2608 1888 2774 1943 Video
2805 1889 3038 1959 quidem
3069 1888 3206 1960 quid
3239 1888 3541 1959 signiﬁcet,
3570 1890 3640 1955 si;
3667 1889 3746 1941 sed
3767 1888 3850 1940 nul-

2241 1977 2362 2031 lum
2393 1976 2549 2030 aliud
2577 1977 2955 2048 verbum,quo
2987 1977 3044 2031 id
3073 1977 3284 2048 exponi
3308 1977 3731 2048 possit,invenio.
3756 1977 3850 2041 Aug.

2244 2065 2454 2120 Saltem
2484 2064 2628 2120 illud
2654 2065 2895 2132 invenis,
2923 2065 3203 2137 quidquid
3229 2065 3581 2137 significatur
3600 2065 3695 2118 hoc
3720 2064 3850 2125 verbo,

2245 2153 2477 2208 ubinam
2505 2153 2612 2208 sit?
2640 2155 2756 2208 Ad.
2786 2154 3018 2208 Videtur
3047 2155 3190 2209 mihi
3221 2154 3398 2225 quod,
3419 2157 3487 2221 si,
3522 2152 3851 2208 dubitationem

2245 2241 2528 2312 signiﬁcet
2560 2259 2571 2296 :
2598 2243 2718 2313 jam
2749 2243 3153 2310 dubitatio,ubi
3181 2243 3290 2297 nisi
3318 2243 3384 2297 in
3413 2242 3598 2296 animo
3626 2239 3733 2295 est?
3754 2240 3852 2306 Aug.

2245 2331 2472 2401 Accipio
2501 2331 2764 2400 interim;
2812 2348 3154 2402 persequere
3196 2337 3423 2387 caetera.
3457 2331 3564 2386 Ad.
3594 2330 3741 2394 Nihil,
3761 2327 3850 2398 quid

2246 2420 2399 2474 aliud
2429 2419 2732 2490 signiﬁcat,
2763 2419 2870 2473 nisi
2885 2418 2943 2473 id
2961 2419 3112 2490 quod
3138 2436 3254 2473 non
3271 2421 3399 2474 est?
3422 2422 3568 2487 Aug.
3599 2419 3769 2471 Verum
3783 2415 3853 2467 tor-

2245 2511 2389 2562 tasse
2422 2507 2560 2562 dicis
2589 2509 2721 2562 :sed
2737 2513 2964 2562 revocat
2994 2524 3085 2562 me
3110 2509 3181 2562 ab
3203 2508 3561 2563 assentiendo
3588 2506 3717 2578 quod
3741 2517 3850 2573 supe~

2246 2595 2364 2651 rius
2384 2596 2725 2663 concessisti,
2739 2613 2853 2651 non
2874 2613 2992 2651 esse
3013 2597 3241 2668 signum
3261 2597 3377 2650 nisi
3394 2595 3604 2667 aliquid
3623 2592 3850 2665 signiticet;

2246 2685 2399 2754 quod
2430 2691 2622 2740 autem
2653 2701 2766 2739 non
2796 2689 2899 2752 est,
2929 2685 3088 2739 nullo
3129 2686 3300 2739 modo
3335 2701 3460 2739 esse
3490 2682 3684 2755 aliquid
3708 2684 3850 2752 potest.

2245 2773 2430 2837 Quare
2448 2774 2760 2829 secundum
2783 2774 3018 2829 verbum
3037 2775 3096 2828 iu
3117 2775 3223 2828 hoc
3251 2790 3423 2827 versu
3449 2789 3560 2827 non
3581 2776 3657 2826 est
3673 2769 3849 2838 signum,

2243 2862 2379 2933 quia
2406 2879 2520 2916 non
2541 2861 2824 2932 signiﬁcat
2843 2862 3089 2934 aliquid;
3112 2867 3168 2916 et
3187 2862 3331 2916 falso
3364 2862 3514 2916 inter
3539 2876 3636 2914 nos
3653 2854 3847 2916 constitit,

2244 2949 2398 3021 quod
2428 2949 2622 3004 omnia
2640 2950 2812 3004 verba
2831 2951 2996 3021 signa
3016 2950 3147 3018 sint,
3162 2956 3262 3005 aut
3282 2967 3458 3005 omne
3476 2951 3680 3021 signum
3698 2943 3847 3015 aliquid

2243 3038 2542 3109 signiﬁcet.
2575 3039 2687 3094 Ad.
2719 3039 2898 3094 Nimis
2927 3040 3159 3111 quidem
3191 3055 3393 3111 urges;
3427 3040 3522 3094 sed
3558 3035 3750 3109 quando
3773 3045 3844 3085 non

2243 3126 2520 3181 habemus
2550 3127 2686 3198 quid
2717 3128 3365 3199 signiﬁcemus,omnino
3386 3130 3554 3183 stulte
3580 3126 3770 3180 verbum
3785 3119 3846 3173 ali-

2243 3215 2394 3285 quod
2425 3216 2742 3285 promimus
2767 3233 2779 3270 :
2800 3221 2861 3271 tu
2881 3222 3074 3271 autem
3097 3233 3248 3271 nunc
3267 3233 3498 3272 mecum
3516 3212 3844 3286 loquendo,cre-

2243 3303 2315 3357 do
2351 3303 2504 3374 quod
2541 3305 2766 3359 nullum
2795 3321 3000 3359 sonum
3028 3305 3238 3360 frustra
3268 3306 3505 3374 emittis,
3540 3304 3630 3359 sed
3659 3298 3842 3356 omnibus

2245 3403 2373 3457 quae
2400 3403 2498 3440 ore
2519 3391 2616 3441 tuo
2640 3393 2969 3458 erumpunt,
2994 3387 3222 3459 signum
3248 3389 3394 3443 mihi
3415 3389 3513 3444 das
3532 3393 3591 3442 ut
3615 3383 3842 3450 intelligam

2243 3475 2489 3545 aliquid,-
2519 3482 2867 3548 quapropter
2897 3494 3011 3531 non
3045 3482 3099 3531 te
3123 3482 3354 3548 oportet
3381 3479 3512 3532 istas
3541 3477 3665 3530 duas
3680 3469 3842 3543 syllabas

2244 3563 2539 3619 enuntiare
2564 3564 2700 3619 dum
2731 3565 3003 3636 loqueris,
3027 3565 3074 3619 si
3093 3583 3196 3637 per
3215 3583 3309 3620 eas
3326 3584 3444 3621 non
3467 3564 3717 3637 signiﬁcas
3738 3554 3841 3628 quid“

2243 3667 2435 3722 quam.
2468 3652 2526 3706 Si
2553 3657 2742 3707 autem
2769 3654 2925 3708 vides
2953 3651 3460 3726 necessariam‘per
3480 3671 3568 3709 eas
3597 3643 3842 3708 enuntiatio

2242 3755 2376 3793 nem
2407 3740 2551 3809 ﬁeri,
2582 3757 2801 3812 nosque
2834 3742 3024 3796 doceri
3055 3744 3140 3797 vel
3163 3743 3522 3798 commoneri
3549 3758 3664 3796 cum
3687 3733 3840 3792 auribus

2243 3826 2526 3899 insonant,
2550 3828 2707 3884 vides
2737 3831 2912 3885 etiam
2944 3832 3198 3902 profecto
3230 3832 3372 3903 quid
3409 3833 3571 3886 velim
3599 3829 3761 3889 dicere,
3783 3815 3837 3872 sed

2242 3917 2523 3986 explicare
2554 3933 2668 3972 non
2697 3934 2952 3988 possum.
2984 3919 3133 3988 Aug.
3168 3920 3313 3985 Quid
3347 3921 3523 3992 igitur
3545 3912 3771 3973 facimus?
3789 3914 3839 3961 An

2241 4004 2598 4060 alfectionem
2648 4007 2827 4061 animi
2860 4009 3188 4079 quamdam,
3220 4025 3353 4064 cum
3387 4026 3510 4065 rem
3536 4022 3641 4061 non
3667 4002 3840 4063 videtet

2241 4096 2433 4146 tamen
2482 4109 2598 4148 non
2642 4110 2761 4150 esse
2805 4095 3042 4165 invenit,
3076 4101 3175 4151 aut
3203 4097 3488 4152 invenisse
3517 4112 3573 4150 se
3611 4095 3752 4164 putat.
3776 4087 3837 4140 Ῐιοε

2242 4181 2410 4235 verbo
2433 4181 2742 4252 signiﬁcari
2765 4183 3008 4240 dicimus
3029 4185 3244 4255 potius,
3269 4202 3447 4257 quam
3459 4201 3576 4239 rem
3594 4184 3745 4252 ipsam
3761 4186 3838 4244 (Ιυε

2239 4271 2398 4324 nulla
2429 4272 2551 4326 est?
2581 4271 2692 4326 Ad.
2723 4273 2876 4328 Istud
2904 4274 3094 4344 ipsum
3116 4279 3200 4328 est
3222 4275 3463 4330 fortasse
3486 4272 3626 4345 quod
3645 4265 3838 4338 explicare

2241 4359 2539 4414 moliebar.
2573 4360 2718 4428 Aug.
2753 4362 3126 4416 Transeamus
3152 4378 3288 4434 ergo
3315 4362 3470 4430 hinc,
3511 4371 3712 4432 quoquo
3735 4348 3838 4406 modo

2241 4462 2298 4498 se
2328 4446 2516 4511 habet,
2549 4464 2621 4502 ne
2652 4465 2741 4502 res
2761 4449 3170 4503 absurdissima
3199 4450 3364 4505 nobis
3395 4449 3615 4504 accidat.
3644 4441 3734 4498 Ad.
3754 4438 3837 4501 Ουεε

2241 4535 2511 4590 tandem?
2539 4537 2684 4605 Aug.
2718 4537 2773 4592 Si
2804 4538 2944 4592 nihil
2977 4556 3080 4593 nos
3106 4543 3315 4605 teneat,
3340 4544 3398 4594 et
3419 4554 3600 4593 moras
3618 4532 3836 4606 patiamur-

2239 4622 2347 4676 Ad.
2368 4623 2693 4678 Ridiculum
2709 4625 2815 4678 hoc
2836 4625 3072 4696 quidem
3092 4630 3261 4690 est,et
3282 4631 3473 4681 tamen
3491 4621 3660 4680 nescio
3675 4627 3840 4690 quone

2239 4711 2311 4764 do
2341 4710 2504 4765 video
2524 4728 2688 4782 posse
2720 4714 3052 4784 contingere
3074 4735 3088 4780 ;
3109 4713 3227 4768 imo
3249 4716 3420 4785 plane
3433 4715 3588 4768 video
3600 4703 3836 4774 contigisse.

2308 4801 2362 4852 4.
2395 4802 2545 4868 Aug.
2567 4800 2680 4855 Suo
2703 4802 2826 4855 loco
2849 4817 3028 4872 genus
3053 4802 3156 4856 hoc
3177 4803 3589 4874 repugnantia,
3610 4799 3648 4851 si
3669 4786 3838 4850 Deussi-

2239 4886 2638 4957 verit,planius
2659 4889 3076 4959 intelligemus:
3100 4906 3253 4945 nunc
3265 4892 3334 4945 ad
3350 4891 3510 4945 illum
3524 4900 3718 4943 versum
3736 4887 3774 4933 te
3785 4890 3838 4928 re-

2235 4973 2405 5042 fer,et
2418 4992 2643 5039 conare,
2653 4983 2715 5031 ut
2732 4981 3118 5048 potes,ccetera
3137 4980 3259 5050 ejus
3276 4980 3446 5034 verba
3457 4977 3593 5050 quid
3606 4964 3839 5044 signiﬁcent

2237 5064 2511 5134 pandere.
2564 5066 2673 5120 Ad.
2715 5067 2904 5121 Tertia
2932 5068 3268 5138 prmpositio
3301 5075 3406 5137 est,
3432 5085 3516 5136 er,
3544 5081 3635 5136 pro
3662 5075 3764 5131 qua,
3785 5051 3836 5112 ἀει

2235 5169 2557 5222 possumus,
2590 5159 2655 5208 ut
2680 5154 2945 5222 arbitror,
2975 5155 3183 5211 dicere.
3217 5157 3361 5226 Aug.
3396 5157 3513 5210 Non
3542 5153 3593 5207 id
3621 5140 3838 5221 quaer-0,!!!

2233 5257 2339 5311 pro
2367 5259 2479 5297 una
2498 5259 2632 5297 voce
2655 5243 2954 5298 notissima
2973 5244 3145 5298 aliam
3167 5261 3361 5300 vocem
3377 5235 3836 5315 atquenotissimam,

2233 5346 2362 5401 quae
2394 5331 2544 5386 idem
2574 5332 2859 5404 signiﬁcet
2884 5333 3068 5401 dicas;
3113 5333 3159 5388 si
3191 5338 3379 5389 tamen
3408 5333 3554 5388 idem
3592 5319 3836 5396 signiﬁcat:

2235 5419 2332 5473 sed
2358 5419 2591 5476 interim
2623 5421 2998 5477 concedamus
3044 5422 3125 5477 ita
3168 5439 3313 5478 esse.
3353 5425 3508 5477 Certe
3546 5418 3588 5472 si
3611 5415 3748 5487 poeta
3769 5403 3837 5457 is“

2232 5523 2370 5576 non,
2402 5524 2468 5564 ex
2499 5515 2654 5566 tanta
2680 5511 2828 5579 urbe,
2864 5509 2983 5577 sed,
3017 5509 3083 5566 de
3111 5515 3287 5582 tanta,
3309 5509 3546 5574 dixisset,
3575 5505 3822 5577 quaererem
