4098 6182
246 294 378 345 1197

240 430 355 486 que
385 413 485 468 abs
504 417 559 468 te
581 413 740 484 quid,
768 414 852 481 de,
885 412 1227 485 signiﬁcaret
1250 432 1265 483 ;
1298 414 1529 478 diceres,
1554 432 1642 485 em,
1664 432 1792 470 cum
1812 417 1935 470 haec

239 503 356 557 duo
398 503 570 557 verba
605 508 811 570 essent,
860 504 917 558 id
961 508 1043 557 est
1080 503 1262 575 signa,
1294 521 1476 559 unum
1506 504 1743 577 aliquid,
1773 509 1837 559 ut
1874 508 1936 559 tu

238 595 433 661 putas,
460 590 840 662 signiﬁcantia
866 605 878 646 :
901 607 1036 662 ergo
1064 596 1256 647 autem
1286 593 1558 663 idipsum,
1586 593 1777 648 nescio
1798 593 1935 664 quid

239 695 445 745 unum,
478 680 633 752 quod
671 679 762 734 his
806 680 1029 734 duobus
1060 682 1233 751 signis
1265 682 1636 751 signiﬁcatur,
1671 682 1926 753 inquiro.

238 769 356 823 Ad.
382 768 515 823 Mihi
540 768 767 823 videtur
797 770 1170 824 secretionem
1194 771 1499 840 quamdam
1522 770 1842 841 signiﬁcare
1865 770 1934 824 ab

238 872 306 911 ea
337 873 395 909 re
425 856 484 910 in
512 873 625 927 qua
653 856 837 911 fuerat
865 857 1103 928 aliquid,
1134 859 1287 928 quod
1328 875 1392 912 ex
1424 859 1522 912 illa
1551 876 1671 912 esse
1705 858 1932 924 dicitur,

239 944 357 998 sive
389 943 487 997 illa
518 960 633 998 non
678 948 925 1011 maneat,
959 949 1023 999 ut
1064 946 1121 999 in
1160 945 1265 999 hoc
1297 962 1482 1008 versu,
1522 962 1638 1000 non
1669 949 1936 1000 manente

238 1032 399 1095 urbe,
424 1036 694 1103 poterant
714 1032 894 1104 aliqui
915 1049 984 1089 ex
1007 1033 1103 1086 illa
1120 1050 1241 1088 esse
1261 1034 1387 1104 Troj
1398 1033 1489 1087 ani
1509 1049 1522 1087 :
1548 1033 1661 1087 sive
1684 1038 1932 1101 maneat,

239 1120 383 1175 sicut
409 1137 476 1174 ex
507 1122 646 1176 urbe
670 1122 852 1177 Roma
871 1121 1112 1176 dicimus
1134 1139 1255 1178 esse
1282 1123 1668 1193 negotiatores
1698 1123 1757 1177 in
1784 1124 1933 1178 Afri-

240 1222 323 1260 ca.
358 1209 509 1274 Aug.
550 1207 620 1260 Ut
648 1207 952 1261 concedam
989 1206 1092 1261 tibi
1124 1207 1245 1261 hch
1274 1208 1352 1261 ita
1386 1224 1527 1274 esse,
1560 1225 1663 1261 nec
1694 1225 1933 1263 enume-

238 1310 362 1348 rem
404 1310 576 1364 quam
605 1295 785 1348 multa
814 1294 1048 1349 fortasse
1080 1300 1288 1367 praeter
1314 1297 1460 1350 hanc
1490 1301 1645 1351 tuam
1676 1297 1932 1367 regulam

239 1381 637 1453 reperiantur;
672 1382 810 1437 illud
855 1389 1002 1438 certe
1032 1383 1136 1438 tibi
1176 1385 1465 1439 attendere
1496 1385 1658 1439 facile
1702 1389 1804 1451 est,
1836 1401 1932 1439 ex-

238 1470 494 1542 posuisse
520 1476 577 1526 te
593 1472 777 1527 verbis
799 1472 989 1539 verba,
1013 1472 1068 1526 id
1096 1477 1180 1526 est
1196 1472 1373 1543 signis
1397 1473 1579 1543 signa,
1604 1472 1931 1543 eisdemque

236 1560 547 1615 notissimis
567 1560 865 1615 notissima
888 1578 901 1616 :
926 1578 1031 1632 ego
1060 1566 1250 1615 autem
1280 1562 1377 1615 illa
1399 1561 1520 1632 ipsa
1541 1577 1787 1632 quorum
1813 1561 1933 1615 haec

237 1650 400 1722 signa
431 1655 583 1715 sunt,
617 1649 780 1715 mihi,
814 1650 858 1703 si
888 1666 1107 1720 posses,
1138 1651 1340 1704 vellem
1373 1655 1435 1704 ut
1465 1650 1812 1705 ostenderes.

236 1739 461 1797 CAPUT
506 1739 602 1793 III.
642 1769 707 1778 -—
738 1741 832 1793 An
864 1754 948 1793 res
981 1740 1171 1807 aliqua
1209 1742 1505 1795 monstrari
1542 1739 1749 1809 absque
1778 1742 1933 1809 signo

984 1830 1176 1897 possit.

309 1921 361 1973 5.
410 1916 520 1972 Ad.
572 1916 741 1971 Miror
787 1920 841 1971 te
891 1916 1130 1979 nescire,
1171 1916 1255 1970 vel
1286 1916 1475 1987 potius
1522 1916 1793 1970 simulare
1836 1932 1931 1969 ne-

240 2004 531 2073 scientem,
562 2003 932 2075 responsione
956 2020 1082 2058 mea
1109 2002 1233 2057 ﬁeri
1264 2005 1417 2074 quod
1439 2004 1520 2058 vis
1548 2004 1781 2058 omnino
1818 2020 1934 2057 non

241 2110 435 2164 posse;
465 2092 747 2165 siquidem
775 2092 1246 2158 sermocinamur,
1270 2093 1368 2147 ubi
1390 2110 1503 2147 non
1521 2110 1822 2159 possumus
1843 2108 1932 2146 re—

242 2182 518 2254 spondere
563 2182 673 2236 nisi
704 2182 912 2236 verbis.
946 2183 1029 2236 Tu
1059 2185 1249 2236 autem
1291 2198 1380 2235 res
1419 2181 1628 2253 quieris
1658 2198 1750 2235 eas
1783 2197 1932 2252 quae,

241 2272 538 2343 quodlibet
567 2270 700 2337 sint,
730 2271 903 2326 verba
943 2274 1091 2324 certe
1135 2287 1245 2324 non
1276 2275 1427 2338 sunt,
1470 2287 1610 2342 quas
1641 2274 1835 2324 tamen
1867 2286 1935 2323 ex

239 2376 331 2415 me
349 2365 407 2415 tu
423 2376 650 2432 quoque
672 2360 857 2413 verbis
878 2359 1101 2431 quaeris.
1132 2358 1293 2413 Prior
1310 2360 1501 2430 itaque
1523 2363 1588 2413 tu
1607 2359 1729 2413 sine
1748 2358 1934 2412 verbis

239 2466 451 2521 quaere,
473 2454 536 2504 ut
548 2466 654 2521 ego
674 2448 877 2503 deinde
900 2448 1003 2502 ista
1021 2448 1349 2502 conditione
1364 2449 1760 2519 respondeam.
1779 2450 1929 2515 Aug.

239 2539 372 2593 Jure
412 2539 554 2610 agis,
596 2538 776 2592 fateor
804 2555 817 2591 :
850 2537 948 2592 sed
988 2537 1032 2591 si
1066 2553 1383 2608 quaererem
1413 2537 1535 2593 ista:
1566 2541 1677 2591 tres
1706 2536 1934 2606 syllabae

238 2627 380 2699 quid
412 2626 753 2698 signiﬁcent,
802 2642 931 2680 cum
982 2625 1209 2692 dicitur,
1254 2625 1466 2691 Paries,
1519 2642 1711 2680 nonne
1742 2641 1934 2695 posses

241 2716 420 2787 digito
451 2714 769 2781 ostendere,
804 2719 868 2768 ut
896 2729 1003 2784 ego
1029 2730 1260 2785 prorsus
1290 2731 1413 2768 rem
1443 2714 1625 2785 ipsam
1656 2713 1928 2775 viderem,

239 2806 399 2875 cujus
447 2803 678 2875 signum
721 2807 807 2857 est
850 2802 957 2857 hoc
1004 2802 1361 2873 trisyllabum
1392 2802 1649 2863 verbum,
1694 2801 1931 2856 demon-

239 2895 451 2947 strante
487 2894 564 2957 te,
596 2890 750 2944 nulla
792 2894 985 2943 tamen
1018 2889 1191 2943 verba
1229 2890 1531 2943 referente.
1573 2888 1687 2942 Ad.
1725 2888 1836 2941 Hoc
1874 2887 1931 2940 in

240 2979 371 3034 solis
393 2978 718 3033 nominibus
740 2978 945 3048 quibus
966 2994 1206 3048 corpora
1230 2976 1644 3047 signiﬁcantur,
1669 2975 1714 3029 si
1735 2975 1933 3029 eadem

242 3084 480 3138 corpora
538 3067 844 3138 praesentia
873 3067 1004 3133 sint,
1054 3065 1180 3120 ﬁeri
1229 3081 1395 3136 posse
1440 3064 1714 3119 concedo.
1779 3065 1933 3132 Aug.

244 3158 388 3211 Num
412 3157 659 3210 colorem
680 3171 885 3226 corpus
903 3155 1164 3223 dicimus,
1189 3171 1262 3208 an
1281 3170 1393 3208 non
1413 3152 1605 3224 potius
1627 3152 1931 3223 quamdam

241 3245 495 3316 corporis
516 3243 847 3316 qualitatem
869 3243 897 3296 ‘?
916 3244 1030 3298 Ad.
1058 3244 1141 3297 Ita
1162 3246 1262 3296 est.
1287 3243 1438 3309 Aug.
1469 3242 1580 3296 Cur
1605 3256 1741 3311 ergo
1763 3245 1821 3295 et
1842 3240 1933 3295 hic

241 3334 418 3404 digito
444 3332 821 3389 demonstrari
848 3333 1076 3402 potest?
1098 3334 1183 3385 An
1212 3330 1374 3385 addis
1400 3329 1732 3401 corporibus
1762 3329 1931 3383 etiam

241 3437 549 3493 corporum
578 3420 903 3492 qualitates,
935 3424 1000 3473 ut
1035 3419 1409 3474 nihilominus
1442 3419 1615 3472 etiam
1644 3417 1782 3471 istas.
1802 3433 1932 3472 cum

241 3515 552 3583 przesentes
581 3514 731 3572 sunt,
769 3509 957 3563 doceri
992 3508 1114 3562 sine
1144 3507 1330 3562 verbis
1362 3505 1624 3577 possint?
1662 3506 1777 3560 Ad.
1819 3507 1933 3576 Ego

240 3616 372 3654 cum
402 3614 639 3670 corpora
661 3598 932 3666 dicerem,
964 3596 1157 3652 omnia
1177 3595 1496 3666 corporalia
1525 3594 1767 3665 intelligi
1790 3595 1935 3648 vole-

238 3689 395 3755 bam,
424 3688 481 3743 id
507 3692 593 3743 est
612 3686 805 3742 omnia
825 3703 955 3758 qua:
975 3686 1034 3740 in
1056 3684 1392 3756 corporibus
1411 3683 1755 3737 sentiuntur.
1780 3685 1931 3751 Aug.

240 3776 549 3833 Considera
580 3780 797 3846 tamen,
828 3779 1023 3829 utrum
1053 3773 1228 3829 etiam
1256 3772 1390 3827 hinc
1419 3771 1608 3842 aliqua
1647 3770 1751 3825 tibi
1781 3769 1932 3824 exci-

241 3867 449 3939 pienda
487 3866 618 3920 sint.
664 3866 780 3921 Ad.
833 3866 981 3919 Bene
1033 3864 1334 3918 admones:
1384 3877 1499 3915 non
1548 3860 1702 3914 enim
1741 3859 1937 3914 omnia

240 3955 586 4027 corporalia,
639 3954 737 4008 sed
780 3953 972 4007 omnia
1006 3951 1249 4006 visibilia
1280 3950 1465 4006 dicere
1495 3949 1692 4004 debui.
1734 3949 1937 4003 Fateor

242 4045 400 4100 enim
421 4060 645 4111 sonum,
675 4043 933 4109 odorem,
962 4057 1249 4113 saporem,
1272 4039 1627 4112 gravitatem,
1664 4038 1933 4105 calorem,

244 4138 302 4189 et
330 4132 441 4187 alia
499 4148 628 4203 quae
668 4131 739 4185 ad
779 4135 1013 4185 caeteros
1042 4145 1238 4183 sensus
1265 4127 1577 4198 pertinent,
1607 4143 1937 4198 quanquam

248 4221 446 4277 sentiri
483 4220 605 4275 sine
644 4218 976 4291 corporibus
1025 4220 1334 4289 nequeant,
1379 4220 1434 4270 et
1475 4220 1779 4286 propterea
1828 4216 1941 4269 sint

245 4309 587 4381 corporalia,
626 4325 744 4364 non
783 4312 977 4362 tamen
1006 4306 1183 4377 digito
1216 4320 1381 4377 posse
1417 4302 1743 4358 monstrari.
1775 4306 1932 4370 Aug.

246 4401 628 4470 Nunquamne
649 4396 838 4452 vidisti
866 4401 926 4450 ut
947 4395 1210 4451 homines
1231 4410 1359 4447 cum
1382 4392 1569 4447 surdis
1597 4396 1754 4462 gestu
1780 4391 1942 4463 quasi

246 4487 721 4548 sermocinentur,
756 4485 979 4557 ipsique
1026 4483 1184 4539 surdi
1231 4497 1347 4536 non
1396 4480 1588 4534 minus
1628 4484 1813 4550 gestu,
1855 4480 1943 4534 vel

245 4582 527 4649 quaerant,
570 4576 658 4630 vel
699 4575 1101 4646 respondeant,
1151 4571 1239 4626 vel
1278 4571 1539 4639 doceant,
1568 4570 1654 4623 vel
1691 4568 1946 4623 indicent

245 4671 347 4721 aut
373 4665 568 4721 omnia
596 4681 725 4735 qua:
755 4664 970 4728 volunt,
1005 4665 1103 4716 aut
1132 4664 1279 4715 certe
1310 4658 1602 4730 plurima?
1625 4658 1787 4722 Quod
1815 4674 1941 4711 cum

245 4754 333 4823 ﬁt,
368 4771 483 4809 non
510 4753 711 4824 utique
751 4754 871 4807 sola
899 4750 1144 4805 visibilia
1174 4748 1296 4803 sine
1324 4747 1511 4802 verbis
1545 4746 1943 4812 ostenduntur,

248 4844 347 4898 sed
377 4846 431 4897 et
462 4842 587 4897 soni
617 4846 671 4898 et
710 4857 960 4912 sapores,
999 4842 1053 4893 et
1083 4842 1287 4892 caetera
1316 4836 1674 4907 hujusmodi.
1718 4836 1859 4890 Nam
1891 4840 1947 4889 et

248 4931 554 4987 histriones
578 4936 722 4986 totas
753 4931 811 4984 in
833 4927 1071 4984 theatris
1088 4927 1308 4981 fabulas
1337 4925 1457 4979 sine
1481 4924 1669 4979 verbis
1688 4924 1945 4978 saltando

246 5020 589 5091 plerumque
603 5018 871 5090 aperiunt
889 5021 945 5071 et
966 5018 1279 5086 exponunt.
1296 5013 1411 5067 Ad.
1434 5011 1583 5067 Nihil
1596 5012 1777 5066 habeo
1795 5011 1949 5082 quod

250 5109 658 5174 contradicam,
691 5106 801 5161 nisi
831 5106 983 5177 quod
1014 5104 1178 5168 illud,
1211 5119 1296 5169 em,
1333 5117 1446 5156 non
1483 5101 1654 5156 modo
1694 5116 1821 5170 ego,
1854 5100 1950 5155 sed

251 5213 357 5251 nec
385 5197 508 5268 ipse
539 5197 774 5268 quidem
808 5195 1043 5248 saltator
1068 5191 1271 5248 histrio
1304 5189 1408 5246 tibi
1448 5190 1569 5244 sine
1598 5188 1784 5244 verbis
1814 5187 1951 5260 quid

253 5285 537 5359 signiﬁcet
564 5288 757 5356 posset
780 5282 1096 5337 ostendere.

324 5378 378 5431 6.
414 5378 565 5444 Aug.
608 5374 818 5427 Verum
866 5370 1104 5423 fortasse
1153 5368 1326 5423 dicis:
1367 5367 1465 5422 sed
1499 5366 1783 5437 ﬁngamus
1820 5382 1950 5421 eum

251 5480 458 5536 posse;
492 5479 628 5524 non,
662 5466 727 5517 ut
768 5459 1036 5526 arbitror,
1071 5456 1318 5524 dubitas,
1350 5455 1608 5528 quisquis
1636 5456 1732 5510 ille
1761 5460 1952 5511 motus

253 5550 506 5621 corporis
539 5549 730 5616 fuerit,
765 5564 879 5621 quo
923 5545 1065 5601 mihi
1108 5560 1230 5599 rem
1268 5560 1396 5615 quae
1424 5544 1535 5599 hoc
1564 5542 1736 5598 verbo
1767 5541 1951 5613 signi-

1766 293 1979 349 LIBER
2020 294 2224 351 UNUS.

3612 310 3745 363 1198

2046 416 2268 485 ﬁcatur,
2300 419 2690 474 demonstrare
2734 420 3050 490 conabitur,
3105 438 3223 477 non
3267 424 3450 495 ipsam
3495 442 3617 481 rem
3656 430 3741 483 fu-

2044 509 2232 561 turam
2250 524 2392 577 esse,
2413 508 2510 563 sed
2532 508 2779 579 signum.
2804 510 2987 574 Quare
3013 510 3104 565 hic
3120 528 3350 583 quoque
3372 530 3485 568 non
3508 516 3740 587 quidem

2043 595 2215 649 verbo
2249 595 2507 661 verbum,
2538 596 2634 650 sed
2675 600 2868 651 tamen
2901 598 3063 668 signo
3099 600 3328 669 signum
3369 601 3741 658 nihilominus

2044 681 2345 749 indicabit;
2374 688 2435 738 ut
2461 689 2517 738 et
2545 686 2655 739 hoc
2689 687 3167 756 monosyllabum,
3202 705 3289 753 ea),
3321 695 3376 743 et
3403 690 3499 745 ille
3526 697 3737 762 gestus,

2042 786 2218 826 unam
2238 788 2353 825 rem
2375 773 2683 844 quamdam
2698 773 3038 845 significent,
3064 792 3235 846 quam
3255 776 3395 830 mihi
3410 794 3514 847 ego
3538 780 3741 834 vellem

2044 875 2161 913 non
2173 860 2548 930 signiﬁcando
2564 862 2949 917 monstrari.A
2960 863 3131 927 d.Qui
3146 868 3331 935 potest
3344 866 3494 935 quod
3510 867 3739 937 quaeris,

2043 964 2142 1002 oro
2173 949 2276 1003 te?
2316 952 2465 1017 Aug.
2514 950 2811 1015 Quomodo
2861 952 3049 1021 paries
3094 953 3301 1023 potuit.
3351 955 3465 1008 Ad.
3510 957 3589 1009 Ne
3618 956 3743 1026 ipse

2044 1036 2301 1108 quidem,
2345 1043 2627 1110 quantum
2674 1040 2821 1093 ratio
2852 1040 3227 1111 progrediens
3271 1042 3483 1111 docuit,
3523 1045 3745 1099 ostendi

2044 1126 2167 1180 sine
2189 1126 2352 1197 signo
2372 1131 2579 1197 potest.
2606 1128 2745 1181 Nam
2776 1132 2832 1182 et
2852 1128 3096 1183 intentio
3119 1130 3284 1200 digiti
3309 1147 3424 1185 non
3444 1136 3528 1185 est
3546 1132 3745 1203 utique

2044 1215 2251 1285 paries,
2273 1216 2370 1269 sed
2392 1216 2623 1285 signum
2641 1217 2807 1270 datur
2829 1233 2927 1286 per
2951 1218 3101 1288 quod
3131 1220 3320 1288 paries
3337 1220 3517 1289 possit
3540 1220 3736 1276 videri.

2044 1303 2194 1357 Nihil
2219 1303 2411 1374 itaque
2434 1303 2597 1357 video
2620 1304 2771 1374 quod
2792 1304 2914 1358 sine
2936 1305 3113 1376 signis
3135 1307 3356 1361 ostendi
3378 1313 3569 1378 queat.
3588 1312 3736 1377 Aug.

2041 1391 2208 1456 Quid,
2242 1392 2287 1444 si
2318 1408 2385 1445 ex
2415 1396 2469 1446 te
2501 1408 2818 1461 qumrerem
2848 1393 2982 1462 quid
3007 1393 3079 1447 sit
3106 1394 3418 1459 ambulare,
3445 1411 3742 1465 surgeres-

2043 1495 2154 1550 que
2186 1484 2242 1534 et
2270 1480 2328 1534 id
2359 1481 2601 1549 ageres?
2632 1496 2825 1533 nonne
2864 1495 2924 1533 re
2958 1479 3081 1549 ipsa
3120 1481 3313 1549 potius
3353 1498 3524 1551 quam
3560 1483 3745 1536 verbis

2043 1567 2113 1621 ad
2146 1582 2237 1621 me
2273 1568 2611 1634 docendum,
2645 1573 2744 1622 aut
2776 1566 2907 1620 ullis
2938 1567 3063 1620 aliis
3099 1566 3276 1637 signis
3304 1568 3545 1621 utereris
3567 1570 3594 1621 ?
3623 1569 3739 1622 Ad.

2044 1656 2245 1709 Fateor
2272 1656 2351 1709 ita
2380 1672 2522 1719 esse,
2557 1659 2613 1710 et
2641 1656 2820 1726 pudet
2849 1672 2938 1709 me
2964 1672 3086 1709 rem
3115 1656 3312 1709 tamin
3334 1662 3609 1726 promptu
3638 1673 3742 1726 po-

2042 1742 2207 1797 sitam
2238 1760 2353 1797 non
2393 1742 2634 1797 vidisse:
2668 1760 2733 1797 ex
2776 1759 2889 1813 qua
2934 1743 3106 1797 etiam
3142 1743 3283 1797 mihi
3326 1744 3509 1798 millia
3549 1761 3741 1799 rerum

2036 1831 2155 1902 jam
2197 1836 2519 1899 occurrunt,
2574 1847 2701 1903 quae
2746 1832 2885 1901 ipsae
2942 1847 3044 1901 per
3091 1846 3147 1884 se
3186 1832 3431 1898 valeant,
3480 1848 3597 1886 non
3638 1849 3741 1902 per

2043 1919 2207 1989 signa
2239 1919 2566 1986 monstrari,
2594 1924 2659 1973 ut
2702 1920 2893 1987 edere,
2924 1919 3141 1985 bibere,
3176 1920 3392 1988 sedere,
3424 1924 3593 1985 stare,
3626 1919 3739 1973 cla-

2041 2024 2219 2071 mare,
2253 2012 2310 2063 et
2346 2008 2792 2063 innumerabilia
2833 2013 3056 2063 caetera.
3103 2010 3255 2075 Aug.
3288 2011 3429 2079 Age,
3461 2025 3614 2063 nunc
3652 2008 3741 2063 dic

2042 2094 2206 2162 mihi,
2240 2095 2287 2149 si
2316 2096 2551 2149 omnino
2583 2095 2838 2149 nesciens
2868 2095 3038 2165 hujus
3062 2094 3216 2149 verbi
3246 2095 3382 2162 vim,
3411 2095 3509 2150 abs
3540 2100 3595 2149 te
3626 2112 3745 2150 am-

2040 2184 2272 2238 bulante
2304 2200 2623 2254 quaererem
2662 2183 2800 2255 quid
2846 2183 2919 2237 sit
2962 2183 3273 2247 ambulare,
3321 2183 3612 2253 quomodo
3652 2198 3742 2237 me

2041 2270 2319 2325 doceres?
2345 2271 2460 2325 Ad.
2503 2270 2756 2341 Idipsum
2795 2286 3023 2341 agerem
3054 2270 3348 2341 aliquanto
3380 2271 3641 2338 celerius,
3681 2275 3745 2325 ut

2042 2363 2169 2430 post
2222 2359 2729 2429 interrogationem
2773 2363 2932 2412 tuam
2964 2358 3153 2428 aliqua
3184 2358 3431 2412 novitate
3475 2359 3743 2412 admone-

2042 2447 2183 2500 reris
2203 2451 2289 2513 ;et
2306 2452 2501 2501 tamen
2516 2447 2659 2500 nihil
2678 2447 2834 2501 aliud
2857 2447 3038 2513 ﬁeret,
3063 2463 3235 2517 quam
3254 2446 3311 2501 id
3335 2447 3489 2517 quod
3514 2445 3744 2500 deberet

2043 2535 2286 2590 ostendi.
2322 2538 2469 2602 Aug.
2514 2534 2706 2589 Scisne
2755 2535 2905 2589 aliud
2947 2552 3066 2588 esse
3102 2535 3416 2601 ambulare,
3459 2534 3615 2590 aliud
3658 2533 3739 2587 fe-

2043 2624 2299 2678 stinare?
2330 2625 2471 2677 Nam
2503 2629 2559 2677 et
2588 2623 2687 2694 qui
2718 2623 2993 2689 ambulat,
3025 2640 3137 2677 non
3169 2624 3360 2678 statim
3387 2624 3655 2694 festinat;
3683 2630 3740 2681 et

2042 2713 2141 2783 qui
2172 2712 2418 2778 festinat,
2452 2729 2565 2765 non
2597 2712 2868 2765 continuo
2899 2712 3192 2766 ambulat:
3229 2712 3472 2766 dicimus
3502 2714 3654 2769 enim
3687 2719 3743 2769 et

2043 2800 2100 2853 in
2139 2800 2437 2854 scribendo
2469 2804 2525 2854 et
2561 2800 2618 2853 in
2659 2800 2921 2870 legendo,
2952 2800 3192 2870 aliisque
3223 2799 3742 2857 innumerabilibus

2041 2887 2211 2941 rebus
2242 2887 2685 2941 festinationem.
2742 2888 2926 2952 Quare
2966 2904 3094 2940 cum
3135 2887 3275 2941 illud
3319 2888 3470 2958 quod
3511 2890 3740 2959 agebas,

2041 2976 2281 3029 celerius
2309 2991 2507 3046 ageres
2538 2980 2665 3046 post
2694 2974 3209 3046 interrogationem
3240 2992 3449 3040 meam,
3475 2982 3741 3047 putarem

2041 3063 2333 3117 ambulare
2364 3062 2505 3117 nihil
2542 3079 2662 3117 esse
2717 3063 2870 3117 aliud
2922 3080 3094 3134 quam
3144 3063 3444 3118 festinare:
3488 3065 3543 3119 id
3587 3065 3740 3120 enim

2041 3150 2174 3204 novi
2203 3150 2539 3216 addideras;
2588 3155 2643 3204 et
2691 3152 2761 3205 ob
2811 3152 2920 3205 hoc
2948 3152 3194 3206 fallerer.
3229 3152 3343 3207 Ad.
3380 3152 3584 3208 Fateor
3620 3170 3742 3209 rem

2040 3256 2157 3295 non
2179 3256 2341 3310 posse
2371 3256 2472 3294 nos
2500 3244 2818 3294 monstrare
2850 3239 2973 3293 sine
2997 3240 3182 3311 signo,
3216 3240 3263 3293 si
3286 3256 3416 3295 cum
3439 3240 3497 3296 id
3522 3242 3746 3313 agimus

2040 3328 2498 3398 interrogemur:
2548 3327 2593 3381 si
2645 3327 2799 3381 enim
2848 3326 2989 3381 nihil
3032 3328 3327 3394 addamus,
3372 3330 3599 3399 putabit
3643 3330 3746 3402 qui

2040 3420 2221 3487 rogat,
2256 3417 2409 3470 nolle
2441 3433 2544 3470 nos
2583 3416 2907 3485 ostendere,
2954 3420 3397 3487 contemptoque
3442 3434 3521 3483 se,
3574 3418 3639 3495 in
3676 3436 3744 3473 eo

2042 3506 2194 3576 quod
2221 3505 2533 3576 agebamus
2562 3521 2944 3576 perseverare.
2977 3504 3083 3558 Sed
3118 3503 3162 3556 si
3195 3504 3264 3558 de
3296 3503 3385 3558 his
3416 3509 3581 3577 roget
3614 3523 3745 3576 quae

2042 3609 2209 3663 agere
2240 3609 2560 3664 possumus,
2600 3609 2702 3646 nec
2740 3609 2805 3646 eo
2845 3597 3036 3645 tamen
3076 3594 3335 3660 tempore
3364 3608 3478 3662 quo
3520 3592 3747 3663 agimus

2042 3686 2219 3753 roget,
2252 3696 2557 3751 possumus
2578 3686 2705 3751 post
2727 3681 2849 3751 ejus
2871 3679 3383 3751 interrogationem
3414 3680 3467 3735 id
3497 3682 3745 3753 agendo,

2041 3786 2102 3824 re
2136 3769 2259 3840 ipsa
2291 3768 2480 3839 potius
2524 3785 2695 3840 quam
2739 3767 2903 3839 signo
2933 3768 3325 3822 demonstrare
3359 3769 3509 3836 quod
3542 3773 3744 3840 rogat:

2041 3858 2154 3913 nisi
2196 3857 2340 3912 forte
2372 3859 2701 3928 loquentem
2750 3873 2840 3911 me
2881 3856 3196 3927 interroget
3246 3855 3382 3927 quid
3428 3858 3502 3911 sit
3544 3858 3741 3929 loqui:

2044 3946 2324 4018 quidquid
2357 3946 2511 4000 enim
2537 3944 2754 4012 dixero,
2777 3949 2842 3999 ut
2863 3961 2993 3999 eum
3020 3945 3274 4011 doceam,
3299 3944 3502 4016 loquar
3521 3961 3748 4000 necesse

2045 4046 2165 4089 est:
2204 4050 2269 4088 ex
2312 4050 2425 4105 quo
2463 4038 2688 4087 secutus
2718 4032 2954 4101 docebo,
2987 4032 3165 4086 donec
3197 4032 3248 4086 ei
3274 4032 3512 4102 planum
3540 4032 3744 4087 faciam

2046 4123 2201 4196 quod
2233 4123 2370 4190 vult,
2400 4138 2517 4177 non
2544 4121 2814 4176 recedens
2837 4139 2868 4175 a
2893 4138 2954 4176 re
2977 4121 3102 4193 ipsa
3134 4136 3307 4191 quam
3338 4121 3447 4174 sibi
3464 4121 3641 4176 voluit
3660 4122 3752 4175 de-

2047 4211 2376 4277 monstrari,
2409 4227 2514 4264 nec
2548 4210 2709 4281 signa
2754 4226 3019 4281 quaerens
3057 4208 3265 4280 quibus
3303 4224 3427 4261 eam
3459 4210 3750 4264 ostendam

2048 4304 2256 4371 praeter
2287 4298 2488 4369 ipsam.

2217 4387 2441 4442 CAPUT
2470 4386 2559 4440 IV.
2595 4415 2661 4425 —
2690 4387 2786 4439 An
2817 4388 2978 4452 signa
2997 4387 3169 4454 signis
3198 4387 3579 4439 monstrentur.

2119 4480 2173 4530 ‘7.
2219 4475 2363 4544 Aug.
2408 4474 2747 4529 Acutissime
2815 4474 3084 4529 omnino:
3143 4488 3318 4544 quare
3373 4472 3499 4527 vide
3555 4476 3750 4529 utrum

2051 4562 2353 4617 conveniat
2391 4562 2511 4633 jam
2557 4562 2713 4618 inter
2765 4579 2868 4617 nos
2903 4578 2969 4616 ea
3010 4577 3175 4631 posse
3218 4559 3595 4615 demonstrari
3633 4560 3754 4616 sine

2057 4654 2255 4725 signis,
2298 4670 2427 4725 quae
2475 4660 2573 4709 aut
2623 4671 2740 4709 non
2774 4653 2997 4725 agimns
3043 4668 3170 4706 cum
3208 4651 3651 4722 interrogamur,
3700 4658 3757 4708 et

2053 4747 2248 4798 tamen
2278 4743 2469 4798 statim
2515 4760 2682 4814 agere
2729 4757 3055 4813 possumus,
3100 4745 3199 4795 aut
3242 4740 3366 4813 ipsa
3406 4742 3570 4813 signa
3610 4743 3755 4797 forte

2055 4833 2297 4903 agimus.
2336 4834 2477 4888 Cum
2510 4833 2665 4887 enim
2698 4830 3009 4902 loquimur,
3057 4830 3218 4901 signa
3249 4830 3508 4899 facimus,
3544 4833 3611 4887 de
3641 4849 3754 4903 quo

2056 4923 2271 4978 dictum
2301 4927 2386 4977 est
2417 4921 2764 4993 signiﬁcare.
2795 4919 2911 4974 Ad.
2942 4919 3233 4974 Convenit.
3265 4923 3415 4988 Aug.
3455 4922 3593 4976 Cum
3622 4936 3756 4991 ergo

2058 5012 2128 5067 de
2165 5011 2511 5083 quibusdam
2555 5009 2733 5080 signis
2767 5008 3067 5081 quaeritur,
3099 5013 3337 5080 possunt
3380 5009 3558 5081 signis
3597 5010 3757 5078 signa

2058 5098 2388 5163 monstrari,
2420 5114 2553 5152 cum
2579 5101 2771 5151 autem
2806 5097 2875 5151 de
2905 5097 3074 5151 rebus
3104 5114 3233 5170 qua:
3264 5098 3427 5169 signa
3455 5113 3573 5151 non
3604 5101 3756 5163 sunt,

2060 5192 2159 5243 aut
2187 5204 2280 5242 eas
2312 5187 2532 5256 agendo
2564 5190 2695 5256 post
2724 5184 3153 5256 inquisitionem
3184 5187 3230 5240 si
3259 5186 3351 5257 agi
3373 5189 3630 5256 possunt,
3664 5188 3761 5238 aut

2059 5276 2221 5347 signa
2253 5274 2442 5329 dando
2465 5290 2568 5345 per
2598 5290 2726 5345 quae
2757 5273 3133 5329 animadverti
3165 5278 3400 5344 queant.
3430 5273 3635 5326 Ad.Ita
3657 5276 3757 5327 est.

2058 5367 2209 5433 Aug.
2237 5365 2301 5418 In
2336 5363 2441 5417 hac
2473 5362 2651 5433 igitur
2680 5361 2972 5433 tripartite
3002 5360 3403 5435 distributione
3432 5361 3593 5431 prius
3622 5360 3767 5415 illud

2060 5452 2508 5517 consideremus,
2551 5450 2599 5504 si
2628 5451 2833 5521 placet,
2865 5452 3016 5523 quod
3048 5450 3222 5521 signis
3252 5450 3414 5519 signa
3441 5455 3737 5505 monstran

2060 5546 2191 5597 tur:
2221 5556 2362 5595 num
2385 5539 2541 5595 enim
2570 5540 2691 5596 sola
2716 5540 2891 5595 verba
2919 5545 3050 5595 sunt
3066 5539 3273 5609 signa?
3302 5538 3415 5594 Ad.
3442 5539 3585 5595 Non.
3610 5541 3763 5610 Aug.
