  <div class='ocr_page' id='page_1' title='image "/cluster/home/n/w/nwhite01/storage/ocr_20150623/32/hvd.32044096580550/619.png"; bbox 0 0 4098 6182; ppageno 0'>
   <div class='ocr_carea' id='block_1_1' title="bbox 401 317 537 366">
    <p class='ocr_par' dir='ltr' id='par_1_1' title="bbox 401 317 537 366">
     <span class='ocr_line' id='line_1_1' title="bbox 401 317 537 366; baseline -0.007 0"><span class='ocrx_word' id='word_1_1' title='bbox 401 317 537 366; x_wconf 88' lang='grc'><strong>1119</strong></span> 
     </span>
    </p>
   </div>
   <div class='ocr_carea' id='block_1_2' title="bbox 396 429 2089 502">
    <p class='ocr_par' dir='ltr' id='par_1_2' title="bbox 396 429 2089 502">
     <span class='ocr_line' id='line_1_2' title="bbox 396 429 2089 502; baseline -0.001 -15"><span class='ocrx_word' id='word_1_2' title='bbox 396 433 630 488; x_wconf 86' lang='lat' dir='ltr'>Videtur</span> <span class='ocrx_word' id='word_1_3' title='bbox 649 446 784 500; x_wconf 89' lang='lat' dir='ltr'>ergo</span> <span class='ocrx_word' id='word_1_4' title='bbox 809 429 951 484; x_wconf 90' lang='lat' dir='ltr'>mihi</span> <span class='ocrx_word' id='word_1_5' title='bbox 974 429 1262 502; x_wconf 89' lang='lat' dir='ltr'>loquendo</span> <span class='ocrx_word' id='word_1_6' title='bbox 1278 446 1383 484; x_wconf 89' lang='lat' dir='ltr'>nos</span> <span class='ocrx_word' id='word_1_7' title='bbox 1409 436 1507 484; x_wconf 91' lang='lat' dir='ltr'>aut</span> <span class='ocrx_word' id='word_1_8' title='bbox 1527 431 1696 484; x_wconf 89' lang='lat' dir='ltr'>verba</span> <span class='ocrx_word' id='word_1_9' title='bbox 1717 431 1842 500; x_wconf 89' lang='lat' dir='ltr'>ipsa</span> <span class='ocrx_word' id='word_1_10' title='bbox 1863 431 2089 502; x_wconf 91' lang='lat' dir='ltr'>signare</span> 
     </span>
    </p>
   </div>
   <div class='ocr_carea' id='block_1_3' title="bbox 392 518 2092 590">
    <p class='ocr_par' dir='ltr' id='par_1_3' title="bbox 392 518 2092 590">
     <span class='ocr_line' id='line_1_3' title="bbox 392 518 2092 590; baseline -0.001 -14"><span class='ocrx_word' id='word_1_11' title='bbox 392 521 601 590; x_wconf 82' lang='lat' dir='ltr'>verbis,</span> <span class='ocrx_word' id='word_1_12' title='bbox 635 523 732 573; x_wconf 89' lang='lat' dir='ltr'>aut</span> <span class='ocrx_word' id='word_1_13' title='bbox 765 518 874 572; x_wconf 88' lang='lat' dir='ltr'>alia</span> <span class='ocrx_word' id='word_1_14' title='bbox 905 519 1089 589; x_wconf 90' lang='lat' dir='ltr'>signa,</span> <span class='ocrx_word' id='word_1_15' title='bbox 1121 520 1275 572; x_wconf 89' lang='lat' dir='ltr'>velut</span> <span class='ocrx_word' id='word_1_16' title='bbox 1305 524 1529 587; x_wconf 90' lang='lat' dir='ltr'>gestum</span> <span class='ocrx_word' id='word_1_17' title='bbox 1560 535 1690 572; x_wconf 92' lang='lat' dir='ltr'>cum</span> <span class='ocrx_word' id='word_1_18' title='bbox 1722 520 1963 574; x_wconf 88' lang='lat' dir='ltr'>dicimus</span> <span class='ocrx_word' id='word_1_19' title='bbox 1992 526 2092 574; x_wconf 89' lang='lat' dir='ltr'>aut</span> 
     </span>
    </p>
   </div>
   <div class='ocr_carea' id='block_1_4' title="bbox 392 606 2087 678">
    <p class='ocr_par' dir='ltr' id='par_1_4' title="bbox 392 606 2087 678">
     <span class='ocr_line' id='line_1_4' title="bbox 392 606 2087 678; baseline -0.001 -14"><span class='ocrx_word' id='word_1_20' title='bbox 392 610 681 676; x_wconf 79' lang='lat' dir='ltr'>litteram;</span> <span class='ocrx_word' id='word_1_21' title='bbox 731 623 864 661; x_wconf 89' lang='lat' dir='ltr'>nam</span> <span class='ocrx_word' id='word_1_22' title='bbox 899 607 986 660; x_wconf 91' lang='lat' dir='ltr'>his</span> <span class='ocrx_word' id='word_1_23' title='bbox 1027 607 1247 660; x_wconf 89' lang='lat' dir='ltr'>duobus</span> <span class='ocrx_word' id='word_1_24' title='bbox 1288 606 1474 668; x_wconf 81' lang='lat' dir='ltr'>verbis</span> <span class='ocrx_word' id='word_1_25' title='bbox 1514 623 1642 678; x_wconf 64' lang='lat' dir='ltr'>quae</span> <span class='ocrx_word' id='word_1_26' title='bbox 1674 608 2087 678; x_wconf 90' lang='lat' dir='ltr'>signiﬁcantur,</span> 
     </span>
    </p>
   </div>
   <div class='ocr_carea' id='block_1_5' title="bbox 391 695 2091 766">
    <p class='ocr_par' dir='ltr' id='par_1_5' title="bbox 391 695 2091 766">
     <span class='ocr_line' id='line_1_5' title="bbox 391 695 2091 766; baseline -0.002 -13"><span class='ocrx_word' id='word_1_27' title='bbox 391 699 769 753; x_wconf 81' lang='lat' dir='ltr'>nihilominus</span> <span class='ocrx_word' id='word_1_28' title='bbox 791 697 951 766; x_wconf 85' lang='lat' dir='ltr'>signa</span> <span class='ocrx_word' id='word_1_29' title='bbox 972 699 1134 749; x_wconf 90' lang='lat' dir='ltr'>sunt:</span> <span class='ocrx_word' id='word_1_30' title='bbox 1162 699 1258 748; x_wconf 89' lang='lat' dir='ltr'>aut</span> <span class='ocrx_word' id='word_1_31' title='bbox 1279 695 1494 766; x_wconf 91' lang='lat' dir='ltr'>aliquid</span> <span class='ocrx_word' id='word_1_32' title='bbox 1516 697 1670 749; x_wconf 84' lang='lat' dir='ltr'>aliud</span> <span class='ocrx_word' id='word_1_33' title='bbox 1693 697 1844 766; x_wconf 90' lang='lat' dir='ltr'>quod</span> <span class='ocrx_word' id='word_1_34' title='bbox 1862 697 2091 766; x_wconf 90' lang='lat' dir='ltr'>signum</span> 
     </span>
    </p>
   </div>
   <div class='ocr_carea' id='block_1_6' title="bbox 390 783 2091 852">
    <p class='ocr_par' dir='ltr' id='par_1_6' title="bbox 390 783 2091 852">
     <span class='ocr_line' id='line_1_6' title="bbox 390 783 2091 852; baseline -0.004 -10"><span class='ocrx_word' id='word_1_35' title='bbox 390 805 507 842; x_wconf 91' lang='lat' dir='ltr'>non</span> <span class='ocrx_word' id='word_1_36' title='bbox 538 787 630 852; x_wconf 87' lang='lat' dir='ltr'>sit,</span> <span class='ocrx_word' id='word_1_37' title='bbox 665 787 816 839; x_wconf 90' lang='lat' dir='ltr'>velut</span> <span class='ocrx_word' id='word_1_38' title='bbox 839 800 968 838; x_wconf 91' lang='lat' dir='ltr'>cum</span> <span class='ocrx_word' id='word_1_39' title='bbox 1000 783 1262 849; x_wconf 84' lang='lat' dir='ltr'>dicimus,</span> <span class='ocrx_word' id='word_1_40' title='bbox 1296 785 1494 852; x_wconf 82' lang='lat' dir='ltr'>Lapis;</span> <span class='ocrx_word' id='word_1_41' title='bbox 1529 784 1638 836; x_wconf 89' lang='lat' dir='ltr'>hoc</span> <span class='ocrx_word' id='word_1_42' title='bbox 1669 784 1823 837; x_wconf 91' lang='lat' dir='ltr'>enim</span> <span class='ocrx_word' id='word_1_43' title='bbox 1852 785 2091 837; x_wconf 84' lang='lat' dir='ltr'>verbum</span> 
     </span>
    </p>
   </div>
   <div class='ocr_carea' id='block_1_7' title="bbox 392 872 2092 946">
    <p class='ocr_par' dir='ltr' id='par_1_7' title="bbox 392 872 2092 946">
     <span class='ocr_line' id='line_1_7' title="bbox 392 872 2092 946; baseline -0.003 -17"><span class='ocrx_word' id='word_1_44' title='bbox 392 876 618 946; x_wconf 92' lang='lat' dir='ltr'>signum</span> <span class='ocrx_word' id='word_1_45' title='bbox 647 880 750 940; x_wconf 90' lang='lat' dir='ltr'>est,</span> <span class='ocrx_word' id='word_1_46' title='bbox 783 890 913 926; x_wconf 90' lang='lat' dir='ltr'>nam</span> <span class='ocrx_word' id='word_1_47' title='bbox 941 872 1223 942; x_wconf 91' lang='lat' dir='ltr'>signiﬁcat</span> <span class='ocrx_word' id='word_1_48' title='bbox 1249 872 1489 942; x_wconf 91' lang='lat' dir='ltr'>aliquid,</span> <span class='ocrx_word' id='word_1_49' title='bbox 1523 873 1618 925; x_wconf 91' lang='lat' dir='ltr'>sed</span> <span class='ocrx_word' id='word_1_50' title='bbox 1648 872 1707 926; x_wconf 93' lang='lat' dir='ltr'>id</span> <span class='ocrx_word' id='word_1_51' title='bbox 1739 874 1894 943; x_wconf 86' lang='lat' dir='ltr'>quod</span> <span class='ocrx_word' id='word_1_52' title='bbox 1926 889 1991 926; x_wconf 94' lang='lat' dir='ltr'>eo</span> <span class='ocrx_word' id='word_1_53' title='bbox 2021 872 2092 924; x_wconf 90' lang='lat' dir='ltr'>si-</span> 
     </span>
    </p>
   </div>
   <div class='ocr_carea' id='block_1_8' title="bbox 390 959 2090 1033">
    <p class='ocr_par' dir='ltr' id='par_1_8' title="bbox 390 959 2090 1033">
     <span class='ocr_line' id='line_1_8' title="bbox 390 959 2090 1033; baseline -0.001 -18"><span class='ocrx_word' id='word_1_54' title='bbox 390 963 712 1033; x_wconf 88' lang='lat' dir='ltr'>gniﬁcatur,</span> <span class='ocrx_word' id='word_1_55' title='bbox 765 978 882 1014; x_wconf 93' lang='lat' dir='ltr'>non</span> <span class='ocrx_word' id='word_1_56' title='bbox 946 960 1212 1013; x_wconf 88' lang='lat' dir='ltr'>continuo</span> <span class='ocrx_word' id='word_1_57' title='bbox 1258 959 1486 1030; x_wconf 91' lang='lat' dir='ltr'>signum</span> <span class='ocrx_word' id='word_1_58' title='bbox 1531 965 1648 1013; x_wconf 91' lang='lat' dir='ltr'>est:</span> <span class='ocrx_word' id='word_1_59' title='bbox 1701 961 1850 1030; x_wconf 88' lang='lat' dir='ltr'>quod</span> <span class='ocrx_word' id='word_1_60' title='bbox 1897 967 2090 1014; x_wconf 92' lang='lat' dir='ltr'>tamen</span> 
     </span>
    </p>
   </div>
   <div class='ocr_carea' id='block_1_9' title="bbox 389 1048 2089 1122">
    <p class='ocr_par' dir='ltr' id='par_1_9' title="bbox 389 1048 2089 1122">
     <span class='ocr_line' id='line_1_9' title="bbox 389 1048 2089 1122; baseline -0.001 -18"><span class='ocrx_word' id='word_1_61' title='bbox 389 1068 591 1122; x_wconf 93' lang='lat' dir='ltr'>genus,</span> <span class='ocrx_word' id='word_1_62' title='bbox 625 1050 683 1103; x_wconf 92' lang='lat' dir='ltr'>id</span> <span class='ocrx_word' id='word_1_63' title='bbox 715 1055 798 1102; x_wconf 90' lang='lat' dir='ltr'>est</span> <span class='ocrx_word' id='word_1_64' title='bbox 818 1066 946 1102; x_wconf 91' lang='lat' dir='ltr'>cum</span> <span class='ocrx_word' id='word_1_65' title='bbox 972 1048 1156 1102; x_wconf 86' lang='lat' dir='ltr'>verbis</span> <span class='ocrx_word' id='word_1_66' title='bbox 1187 1066 1252 1102; x_wconf 89' lang='lat' dir='ltr'>ea</span> <span class='ocrx_word' id='word_1_67' title='bbox 1279 1065 1406 1119; x_wconf 72' lang='lat' dir='ltr'>qua:</span> <span class='ocrx_word' id='word_1_68' title='bbox 1429 1049 1588 1118; x_wconf 90' lang='lat' dir='ltr'>signa</span> <span class='ocrx_word' id='word_1_69' title='bbox 1611 1066 1726 1102; x_wconf 90' lang='lat' dir='ltr'>non</span> <span class='ocrx_word' id='word_1_70' title='bbox 1753 1054 1884 1103; x_wconf 89' lang='lat' dir='ltr'>sunt</span> <span class='ocrx_word' id='word_1_71' title='bbox 1911 1050 2089 1121; x_wconf 90' lang='lat' dir='ltr'>signi-</span> 
     </span>
    </p>
   </div>
   <div class='ocr_carea' id='block_1_10' title="bbox 391 1137 2089 1208">
    <p class='ocr_par' dir='ltr' id='par_1_10' title="bbox 391 1137 2089 1208">
     <span class='ocr_line' id='line_1_10' title="bbox 391 1137 2089 1208; baseline -0.001 -15"><span class='ocrx_word' id='word_1_72' title='bbox 391 1141 655 1207; x_wconf 89' lang='lat' dir='ltr'>ﬁcantur,</span> <span class='ocrx_word' id='word_1_73' title='bbox 688 1155 801 1192; x_wconf 92' lang='lat' dir='ltr'>non</span> <span class='ocrx_word' id='word_1_74' title='bbox 833 1137 1082 1208; x_wconf 91' lang='lat' dir='ltr'>pertinet</span> <span class='ocrx_word' id='word_1_75' title='bbox 1101 1137 1170 1190; x_wconf 90' lang='lat' dir='ltr'>ad</span> <span class='ocrx_word' id='word_1_76' title='bbox 1196 1137 1341 1190; x_wconf 91' lang='lat' dir='ltr'>hanc</span> <span class='ocrx_word' id='word_1_77' title='bbox 1369 1143 1590 1207; x_wconf 89' lang='lat' dir='ltr'>partem</span> <span class='ocrx_word' id='word_1_78' title='bbox 1613 1154 1785 1208; x_wconf 87' lang='lat' dir='ltr'>quam</span> <span class='ocrx_word' id='word_1_79' title='bbox 1808 1138 2089 1192; x_wconf 81' lang='lat' dir='ltr'>discutere</span> 
     </span>
    </p>
   </div>
   <div class='ocr_carea' id='block_1_11' title="bbox 387 1226 2085 1301">
    <p class='ocr_par' dir='ltr' id='par_1_11' title="bbox 387 1226 2085 1301">
     <span class='ocr_line' id='line_1_11' title="bbox 387 1226 2085 1301; baseline -0.001 -20"><span class='ocrx_word' id='word_1_80' title='bbox 387 1229 811 1301; x_wconf 86' lang='lat' dir='ltr'>proposuimus.</span> <span class='ocrx_word' id='word_1_81' title='bbox 878 1226 1242 1296; x_wconf 90' lang='lat' dir='ltr'>Suscepimus</span> <span class='ocrx_word' id='word_1_82' title='bbox 1303 1226 1456 1279; x_wconf 91' lang='lat' dir='ltr'>enim</span> <span class='ocrx_word' id='word_1_83' title='bbox 1513 1227 1869 1280; x_wconf 85' lang='lat' dir='ltr'>considerare</span> <span class='ocrx_word' id='word_1_84' title='bbox 1923 1227 2085 1294; x_wconf 92' lang='lat' dir='ltr'>illud,</span> 
     </span>
    </p>
   </div>
   <div class='ocr_carea' id='block_1_12' title="bbox 390 1315 2089 1388">
    <p class='ocr_par' dir='ltr' id='par_1_12' title="bbox 390 1315 2089 1388">
     <span class='ocr_line' id='line_1_12' title="bbox 390 1315 2089 1388; baseline -0.001 -19"><span class='ocrx_word' id='word_1_85' title='bbox 390 1318 544 1388; x_wconf 91' lang='lat' dir='ltr'>quod</span> <span class='ocrx_word' id='word_1_86' title='bbox 588 1316 764 1386; x_wconf 82' lang='lat' dir='ltr'>signis</span> <span class='ocrx_word' id='word_1_87' title='bbox 799 1315 960 1386; x_wconf 91' lang='lat' dir='ltr'>signa</span> <span class='ocrx_word' id='word_1_88' title='bbox 1002 1319 1410 1382; x_wconf 81' lang='lat' dir='ltr'>monstrantur,</span> <span class='ocrx_word' id='word_1_89' title='bbox 1443 1320 1499 1368; x_wconf 87' lang='lat' dir='ltr'>et</span> <span class='ocrx_word' id='word_1_90' title='bbox 1532 1320 1720 1385; x_wconf 89' lang='lat' dir='ltr'>partes</span> <span class='ocrx_word' id='word_1_91' title='bbox 1750 1315 1806 1368; x_wconf 92' lang='lat' dir='ltr'>in</span> <span class='ocrx_word' id='word_1_92' title='bbox 1837 1332 1904 1369; x_wconf 92' lang='lat' dir='ltr'>eo</span> <span class='ocrx_word' id='word_1_93' title='bbox 1948 1316 2089 1370; x_wconf 89' lang='lat' dir='ltr'>duas</span> 
     </span>
    </p>
   </div>
   <div class='ocr_carea' id='block_1_13' title="bbox 388 1403 2087 1475">
    <p class='ocr_par' dir='ltr' id='par_1_13' title="bbox 388 1403 2087 1475">
     <span class='ocr_line' id='line_1_13' title="bbox 388 1403 2087 1475; baseline -0.002 -16"><span class='ocrx_word' id='word_1_94' title='bbox 388 1405 794 1475; x_wconf 86' lang='lat' dir='ltr'>comperimus,</span> <span class='ocrx_word' id='word_1_95' title='bbox 819 1421 948 1457; x_wconf 91' lang='lat' dir='ltr'>cum</span> <span class='ocrx_word' id='word_1_96' title='bbox 981 1408 1078 1457; x_wconf 90' lang='lat' dir='ltr'>aut</span> <span class='ocrx_word' id='word_1_97' title='bbox 1107 1403 1305 1456; x_wconf 89' lang='lat' dir='ltr'>eadem</span> <span class='ocrx_word' id='word_1_98' title='bbox 1332 1408 1432 1455; x_wconf 88' lang='lat' dir='ltr'>aut</span> <span class='ocrx_word' id='word_1_99' title='bbox 1461 1403 1570 1455; x_wconf 88' lang='lat' dir='ltr'>alia</span> <span class='ocrx_word' id='word_1_100' title='bbox 1591 1403 1752 1472; x_wconf 90' lang='lat' dir='ltr'>signa</span> <span class='ocrx_word' id='word_1_101' title='bbox 1783 1403 1959 1473; x_wconf 79' lang='lat' dir='ltr'>signis</span> <span class='ocrx_word' id='word_1_102' title='bbox 1987 1404 2087 1456; x_wconf 92' lang='lat' dir='ltr'>do-</span> 
     </span>
    </p>
   </div>
   <div class='ocr_carea' id='block_1_14' title="bbox 388 1490 2086 1548">
    <p class='ocr_par' dir='ltr' id='par_1_14' title="bbox 388 1490 2086 1548">
     <span class='ocr_line' id='line_1_14' title="bbox 388 1490 2086 1548; baseline -0.001 -1"><span class='ocrx_word' id='word_1_103' title='bbox 388 1510 582 1548; x_wconf 90' lang='lat' dir='ltr'>cemus</span> <span class='ocrx_word' id='word_1_104' title='bbox 602 1494 688 1546; x_wconf 88' lang='lat' dir='ltr'>vel</span> <span class='ocrx_word' id='word_1_105' title='bbox 712 1507 1229 1546; x_wconf 90' lang='lat' dir='ltr'>commemoramus</span> <span class='ocrx_word' id='word_1_106' title='bbox 1252 1508 1263 1545; x_wconf 91' lang='lat'>:</span> <span class='ocrx_word' id='word_1_107' title='bbox 1289 1507 1362 1544; x_wconf 92' lang='lat' dir='ltr'>an</span> <span class='ocrx_word' id='word_1_108' title='bbox 1394 1507 1507 1544; x_wconf 92' lang='lat' dir='ltr'>non</span> <span class='ocrx_word' id='word_1_109' title='bbox 1537 1491 1641 1544; x_wconf 87' lang='lat' dir='ltr'>tibi</span> <span class='ocrx_word' id='word_1_110' title='bbox 1665 1490 1900 1544; x_wconf 88' lang='lat' dir='ltr'>videbus</span> <span class='ocrx_word' id='word_1_111' title='bbox 1922 1492 1949 1543; x_wconf 91' lang='lat'>?</span> <span class='ocrx_word' id='word_1_112' title='bbox 1969 1490 2086 1545; x_wconf 85' lang='lat' dir='ltr'>Ad.</span> 
     </span>
    </p>
   </div>
   <div class='ocr_carea' id='block_1_15' title="bbox 391 1583 887 1637">
    <p class='ocr_par' dir='ltr' id='par_1_15' title="bbox 391 1583 887 1637">
     <span class='ocr_line' id='line_1_15' title="bbox 391 1583 887 1637; baseline -0.004 0"><span class='ocrx_word' id='word_1_113' title='bbox 391 1583 752 1637; x_wconf 83' lang='lat' dir='ltr'>Manifestum</span> <span class='ocrx_word' id='word_1_114' title='bbox 785 1587 887 1635; x_wconf 91' lang='lat' dir='ltr'>est.</span> 
     </span>
    </p>
   </div>
   <div class='ocr_carea' id='block_1_16' title="bbox 459 1667 2088 1740">
    <p class='ocr_par' dir='ltr' id='par_1_16' title="bbox 459 1667 2088 1740">
     <span class='ocr_line' id='line_1_16' title="bbox 459 1667 2088 1740; baseline -0.002 -15"><span class='ocrx_word' id='word_1_115' title='bbox 459 1674 510 1726; x_wconf 92' lang='lat'>8.</span> <span class='ocrx_word' id='word_1_116' title='bbox 545 1673 696 1739; x_wconf 98' lang='lat' dir='ltr'>Aug.</span> <span class='ocrx_word' id='word_1_117' title='bbox 740 1671 839 1724; x_wconf 90' lang='lat' dir='ltr'>Dic</span> <span class='ocrx_word' id='word_1_118' title='bbox 873 1682 1006 1740; x_wconf 90' lang='lat' dir='ltr'>ergo</span> <span class='ocrx_word' id='word_1_119' title='bbox 1055 1669 1216 1740; x_wconf 89' lang='lat' dir='ltr'>signa</span> <span class='ocrx_word' id='word_1_120' title='bbox 1259 1686 1386 1740; x_wconf 71' lang='lat' dir='ltr'>qua:</span> <span class='ocrx_word' id='word_1_121' title='bbox 1415 1669 1586 1722; x_wconf 89' lang='lat' dir='ltr'>verba</span> <span class='ocrx_word' id='word_1_122' title='bbox 1625 1672 1778 1734; x_wconf 92' lang='lat' dir='ltr'>sunt,</span> <span class='ocrx_word' id='word_1_123' title='bbox 1813 1667 1882 1720; x_wconf 90' lang='lat' dir='ltr'>ad</span> <span class='ocrx_word' id='word_1_124' title='bbox 1915 1683 2088 1738; x_wconf 87' lang='lat' dir='ltr'>quem</span> 
     </span>
    </p>
   </div>
   <div class='ocr_carea' id='block_1_17' title="bbox 388 1756 2086 1830">
    <p class='ocr_par' dir='ltr' id='par_1_17' title="bbox 388 1756 2086 1830">
     <span class='ocr_line' id='line_1_17' title="bbox 388 1756 2086 1830; baseline -0.004 -15"><span class='ocrx_word' id='word_1_125' title='bbox 388 1777 620 1815; x_wconf 88' lang='lat' dir='ltr'>sensum</span> <span class='ocrx_word' id='word_1_126' title='bbox 638 1759 982 1830; x_wconf 87' lang='lat' dir='ltr'>pertineant.</span> <span class='ocrx_word' id='word_1_127' title='bbox 1005 1759 1114 1812; x_wconf 82' lang='lat' dir='ltr'>Ad.</span> <span class='ocrx_word' id='word_1_128' title='bbox 1133 1760 1213 1812; x_wconf 82' lang='lat' dir='ltr'>Ad</span> <span class='ocrx_word' id='word_1_129' title='bbox 1229 1758 1508 1812; x_wconf 90' lang='lat' dir='ltr'>auditum.</span> <span class='ocrx_word' id='word_1_130' title='bbox 1524 1761 1672 1823; x_wconf 83' lang='lat' dir='ltr'>Aug.</span> <span class='ocrx_word' id='word_1_131' title='bbox 1695 1756 1836 1820; x_wconf 91' lang='lat' dir='ltr'>Quid</span> <span class='ocrx_word' id='word_1_132' title='bbox 1854 1757 2086 1826; x_wconf 89' lang='lat' dir='ltr'>gestus?</span> 
     </span>
    </p>
   </div>
   <div class='ocr_carea' id='block_1_18' title="bbox 386 1845 2084 1916">
    <p class='ocr_par' dir='ltr' id='par_1_18' title="bbox 386 1845 2084 1916">
     <span class='ocr_line' id='line_1_18' title="bbox 386 1845 2084 1916; baseline -0.004 -13"><span class='ocrx_word' id='word_1_133' title='bbox 386 1851 499 1904; x_wconf 87' lang='lat' dir='ltr'>Ad.</span> <span class='ocrx_word' id='word_1_134' title='bbox 543 1850 627 1903; x_wconf 80' lang='lat' dir='ltr'>Ad</span> <span class='ocrx_word' id='word_1_135' title='bbox 676 1849 880 1902; x_wconf 77' lang='lat' dir='ltr'>visum.</span> <span class='ocrx_word' id='word_1_136' title='bbox 927 1850 1076 1914; x_wconf 86' lang='lat' dir='ltr'>Aug.</span> <span class='ocrx_word' id='word_1_137' title='bbox 1120 1847 1288 1912; x_wconf 86' lang='lat' dir='ltr'>Quid,</span> <span class='ocrx_word' id='word_1_138' title='bbox 1322 1863 1452 1900; x_wconf 91' lang='lat' dir='ltr'>cum</span> <span class='ocrx_word' id='word_1_139' title='bbox 1485 1846 1652 1899; x_wconf 89' lang='lat' dir='ltr'>verba</span> <span class='ocrx_word' id='word_1_140' title='bbox 1682 1845 1891 1916; x_wconf 89' lang='lat' dir='ltr'>scripta</span> <span class='ocrx_word' id='word_1_141' title='bbox 1922 1845 2084 1898; x_wconf 88' lang='lat' dir='ltr'>inve-</span> 
     </span>
    </p>
   </div>
   <div class='ocr_carea' id='block_1_19' title="bbox 386 1935 2087 2005">
    <p class='ocr_par' dir='ltr' id='par_1_19' title="bbox 386 1935 2087 2005">
     <span class='ocr_line' id='line_1_19' title="bbox 386 1935 2087 2005; baseline -0.003 -14"><span class='ocrx_word' id='word_1_142' title='bbox 386 1939 629 1992; x_wconf 87' lang='lat' dir='ltr'>nimus?</span> <span class='ocrx_word' id='word_1_143' title='bbox 682 1954 822 1991; x_wconf 91' lang='lat' dir='ltr'>num</span> <span class='ocrx_word' id='word_1_144' title='bbox 873 1936 1042 1990; x_wconf 90' lang='lat' dir='ltr'>verba</span> <span class='ocrx_word' id='word_1_145' title='bbox 1090 1953 1206 1990; x_wconf 91' lang='lat' dir='ltr'>non</span> <span class='ocrx_word' id='word_1_146' title='bbox 1256 1942 1408 2001; x_wconf 92' lang='lat' dir='ltr'>sunt,</span> <span class='ocrx_word' id='word_1_147' title='bbox 1461 1952 1533 1988; x_wconf 90' lang='lat' dir='ltr'>an</span> <span class='ocrx_word' id='word_1_148' title='bbox 1578 1935 1742 2005; x_wconf 88' lang='lat' dir='ltr'>signa</span> <span class='ocrx_word' id='word_1_149' title='bbox 1780 1935 2087 1987; x_wconf 89' lang='lat' dir='ltr'>verborum</span> 
     </span>
    </p>
   </div>
   <div class='ocr_carea' id='block_1_20' title="bbox 386 2022 2088 2096">
    <p class='ocr_par' dir='ltr' id='par_1_20' title="bbox 386 2022 2088 2096">
     <span class='ocr_line' id='line_1_20' title="bbox 386 2022 2088 2096; baseline -0.004 -16"><span class='ocrx_word' id='word_1_150' title='bbox 386 2026 575 2080; x_wconf 87' lang='lat' dir='ltr'>verius</span> <span class='ocrx_word' id='word_1_151' title='bbox 619 2025 1060 2096; x_wconf 89' lang='lat' dir='ltr'>intelliguntur?</span> <span class='ocrx_word' id='word_1_152' title='bbox 1105 2030 1164 2078; x_wconf 94' lang='lat' dir='ltr'>ut</span> <span class='ocrx_word' id='word_1_153' title='bbox 1208 2025 1446 2078; x_wconf 85' lang='lat' dir='ltr'>verbum</span> <span class='ocrx_word' id='word_1_154' title='bbox 1495 2023 1568 2077; x_wconf 90' lang='lat' dir='ltr'>sit</span> <span class='ocrx_word' id='word_1_155' title='bbox 1616 2023 1770 2093; x_wconf 88' lang='lat' dir='ltr'>quod</span> <span class='ocrx_word' id='word_1_156' title='bbox 1809 2039 1938 2076; x_wconf 90' lang='lat' dir='ltr'>cum</span> <span class='ocrx_word' id='word_1_157' title='bbox 1981 2022 2088 2075; x_wconf 89' lang='lat' dir='ltr'>ali-</span> 
     </span>
    </p>
   </div>
   <div class='ocr_carea' id='block_1_21' title="bbox 387 2112 2086 2186">
    <p class='ocr_par' dir='ltr' id='par_1_21' title="bbox 387 2112 2086 2186">
     <span class='ocr_line' id='line_1_21' title="bbox 387 2112 2086 2186; baseline -0.002 -18"><span class='ocrx_word' id='word_1_158' title='bbox 387 2132 500 2186; x_wconf 89' lang='lat' dir='ltr'>quo</span> <span class='ocrx_word' id='word_1_159' title='bbox 543 2113 901 2185; x_wconf 88' lang='lat' dir='ltr'>signiﬁcatur</span> <span class='ocrx_word' id='word_1_160' title='bbox 944 2113 1241 2166; x_wconf 89' lang='lat' dir='ltr'>articulata</span> <span class='ocrx_word' id='word_1_161' title='bbox 1285 2129 1417 2165; x_wconf 89' lang='lat' dir='ltr'>voce</span> <span class='ocrx_word' id='word_1_162' title='bbox 1447 2112 1772 2181; x_wconf 81' lang='lat' dir='ltr'>profertur;</span> <span class='ocrx_word' id='word_1_163' title='bbox 1825 2127 1929 2164; x_wconf 84' lang='lat' dir='ltr'>vox</span> <span class='ocrx_word' id='word_1_164' title='bbox 1985 2127 2086 2164; x_wconf 85' lang='lat' dir='ltr'>au-</span> 
     </span>
    </p>
   </div>
   <div class='ocr_carea' id='block_1_22' title="bbox 386 2199 2081 2272">
    <p class='ocr_par' dir='ltr' id='par_1_22' title="bbox 386 2199 2081 2272">
     <span class='ocr_line' id='line_1_22' title="bbox 386 2199 2081 2272; baseline -0.004 -14"><span class='ocrx_word' id='word_1_165' title='bbox 386 2211 504 2258; x_wconf 87' lang='lat' dir='ltr'>tem</span> <span class='ocrx_word' id='word_1_166' title='bbox 548 2205 706 2257; x_wconf 89' lang='lat' dir='ltr'>nullo</span> <span class='ocrx_word' id='word_1_167' title='bbox 750 2203 863 2257; x_wconf 87' lang='lat' dir='ltr'>alio</span> <span class='ocrx_word' id='word_1_168' title='bbox 911 2219 1076 2256; x_wconf 91' lang='lat' dir='ltr'>sensu</span> <span class='ocrx_word' id='word_1_169' title='bbox 1128 2218 1301 2272; x_wconf 88' lang='lat' dir='ltr'>quam</span> <span class='ocrx_word' id='word_1_170' title='bbox 1343 2201 1545 2254; x_wconf 90' lang='lat' dir='ltr'>auditu</span> <span class='ocrx_word' id='word_1_171' title='bbox 1586 2199 1803 2270; x_wconf 87' lang='lat' dir='ltr'>percipi</span> <span class='ocrx_word' id='word_1_172' title='bbox 1858 2204 2081 2270; x_wconf 90' lang='lat' dir='ltr'>potest:</span> 
     </span>
    </p>
   </div>
   <div class='ocr_carea' id='block_1_23' title="bbox 387 2289 2083 2359">
    <p class='ocr_par' dir='ltr' id='par_1_23' title="bbox 387 2289 2083 2359">
     <span class='ocr_line' id='line_1_23' title="bbox 387 2289 2083 2359; baseline -0.001 -15"><span class='ocrx_word' id='word_1_173' title='bbox 387 2291 466 2344; x_wconf 87' lang='lat' dir='ltr'>ita</span> <span class='ocrx_word' id='word_1_174' title='bbox 501 2291 564 2343; x_wconf 90' lang='lat' dir='ltr'>ﬁt</span> <span class='ocrx_word' id='word_1_175' title='bbox 599 2295 668 2344; x_wconf 88' lang='lat' dir='ltr'>ut</span> <span class='ocrx_word' id='word_1_176' title='bbox 713 2307 845 2344; x_wconf 91' lang='lat' dir='ltr'>cum</span> <span class='ocrx_word' id='word_1_177' title='bbox 876 2289 1141 2343; x_wconf 88' lang='lat' dir='ltr'>scribitur</span> <span class='ocrx_word' id='word_1_178' title='bbox 1179 2291 1437 2354; x_wconf 85' lang='lat' dir='ltr'>verbum,</span> <span class='ocrx_word' id='word_1_179' title='bbox 1489 2289 1716 2359; x_wconf 91' lang='lat' dir='ltr'>signum</span> <span class='ocrx_word' id='word_1_180' title='bbox 1751 2289 1849 2342; x_wconf 90' lang='lat' dir='ltr'>ﬁat</span> <span class='ocrx_word' id='word_1_181' title='bbox 1886 2289 2083 2356; x_wconf 89' lang='lat' dir='ltr'>oculis,</span> 
     </span>
    </p>
   </div>
   <div class='ocr_carea' id='block_1_24' title="bbox 389 2377 2080 2449">
    <p class='ocr_par' dir='ltr' id='par_1_24' title="bbox 389 2377 2080 2449">
     <span class='ocr_line' id='line_1_24' title="bbox 389 2377 2080 2449; baseline 0.001 -19"><span class='ocrx_word' id='word_1_182' title='bbox 389 2395 502 2449; x_wconf 93' lang='lat' dir='ltr'>quo</span> <span class='ocrx_word' id='word_1_183' title='bbox 535 2379 674 2432; x_wconf 90' lang='lat' dir='ltr'>illud</span> <span class='ocrx_word' id='word_1_184' title='bbox 705 2379 856 2448; x_wconf 93' lang='lat' dir='ltr'>quod</span> <span class='ocrx_word' id='word_1_185' title='bbox 885 2379 955 2431; x_wconf 90' lang='lat' dir='ltr'>ad</span> <span class='ocrx_word' id='word_1_186' title='bbox 985 2395 1150 2432; x_wconf 88' lang='lat' dir='ltr'>aures</span> <span class='ocrx_word' id='word_1_187' title='bbox 1171 2378 1440 2448; x_wconf 87' lang='lat' dir='ltr'>pertinet,</span> <span class='ocrx_word' id='word_1_188' title='bbox 1474 2377 1702 2430; x_wconf 87' lang='lat' dir='ltr'>veniant</span> <span class='ocrx_word' id='word_1_189' title='bbox 1723 2377 1782 2430; x_wconf 92' lang='lat' dir='ltr'>in</span> <span class='ocrx_word' id='word_1_190' title='bbox 1810 2383 2080 2432; x_wconf 90' lang='lat' dir='ltr'>mentem.</span> 
     </span>
    </p>
   </div>
   <div class='ocr_carea' id='block_1_25' title="bbox 387 2467 2086 2537">
    <p class='ocr_par' dir='ltr' id='par_1_25' title="bbox 387 2467 2086 2537">
     <span class='ocr_line' id='line_1_25' title="bbox 387 2467 2086 2537; baseline 0 -17"><span class='ocrx_word' id='word_1_191' title='bbox 387 2467 503 2520; x_wconf 88' lang='lat' dir='ltr'>Ad.</span> <span class='ocrx_word' id='word_1_192' title='bbox 537 2467 783 2521; x_wconf 90' lang='lat' dir='ltr'>Omnino</span> <span class='ocrx_word' id='word_1_193' title='bbox 832 2469 1127 2523; x_wconf 90' lang='lat' dir='ltr'>assentior.</span> <span class='ocrx_word' id='word_1_194' title='bbox 1171 2471 1320 2533; x_wconf 85' lang='lat' dir='ltr'>Aug.</span> <span class='ocrx_word' id='word_1_195' title='bbox 1365 2468 1424 2520; x_wconf 94' lang='lat' dir='ltr'>Id</span> <span class='ocrx_word' id='word_1_196' title='bbox 1477 2483 1704 2537; x_wconf 90' lang='lat' dir='ltr'>quoque</span> <span class='ocrx_word' id='word_1_197' title='bbox 1749 2473 1802 2520; x_wconf 93' lang='lat' dir='ltr'>te</span> <span class='ocrx_word' id='word_1_198' title='bbox 1843 2467 2086 2520; x_wconf 83' lang='lat' dir='ltr'>arbitror</span> 
     </span>
    </p>
   </div>
   <div class='ocr_carea' id='block_1_26' title="bbox 387 2555 2084 2624">
    <p class='ocr_par' dir='ltr' id='par_1_26' title="bbox 387 2555 2084 2624">
     <span class='ocr_line' id='line_1_26' title="bbox 387 2555 2084 2624; baseline -0.001 -14"><span class='ocrx_word' id='word_1_199' title='bbox 387 2556 671 2623; x_wconf 82' lang='lat' dir='ltr'>assentiri,</span> <span class='ocrx_word' id='word_1_200' title='bbox 705 2573 834 2610; x_wconf 92' lang='lat' dir='ltr'>cum</span> <span class='ocrx_word' id='word_1_201' title='bbox 879 2557 1141 2622; x_wconf 87' lang='lat' dir='ltr'>dicimus,</span> <span class='ocrx_word' id='word_1_202' title='bbox 1185 2557 1422 2620; x_wconf 81' lang='lat' dir='ltr'>Nomen,</span> <span class='ocrx_word' id='word_1_203' title='bbox 1472 2555 1790 2624; x_wconf 90' lang='lat' dir='ltr'>signiﬁcare</span> <span class='ocrx_word' id='word_1_204' title='bbox 1833 2572 1935 2608; x_wconf 93' lang='lat' dir='ltr'>nos</span> <span class='ocrx_word' id='word_1_205' title='bbox 1981 2555 2084 2608; x_wconf 89' lang='lat' dir='ltr'>ali-</span> 
     </span>
    </p>
   </div>
   <div class='ocr_carea' id='block_1_27' title="bbox 387 2642 2086 2713">
    <p class='ocr_par' dir='ltr' id='par_1_27' title="bbox 387 2642 2086 2713">
     <span class='ocr_line' id='line_1_27' title="bbox 387 2642 2086 2713; baseline 0.002 -19"><span class='ocrx_word' id='word_1_206' title='bbox 387 2643 547 2713; x_wconf 84' lang='lat' dir='ltr'>quid.</span> <span class='ocrx_word' id='word_1_207' title='bbox 581 2644 696 2697; x_wconf 83' lang='lat' dir='ltr'>Ad.</span> <span class='ocrx_word' id='word_1_208' title='bbox 728 2645 934 2696; x_wconf 85' lang='lat' dir='ltr'>Verum</span> <span class='ocrx_word' id='word_1_209' title='bbox 955 2648 1055 2696; x_wconf 88' lang='lat' dir='ltr'>est.</span> <span class='ocrx_word' id='word_1_210' title='bbox 1083 2646 1234 2711; x_wconf 90' lang='lat' dir='ltr'>Aug.</span> <span class='ocrx_word' id='word_1_211' title='bbox 1267 2642 1410 2706; x_wconf 88' lang='lat' dir='ltr'>Quid</span> <span class='ocrx_word' id='word_1_212' title='bbox 1442 2644 1719 2696; x_wconf 84' lang='lat' dir='ltr'>tandem?</span> <span class='ocrx_word' id='word_1_213' title='bbox 1747 2644 1860 2697; x_wconf 84' lang='lat' dir='ltr'>Ad.</span> <span class='ocrx_word' id='word_1_214' title='bbox 1896 2643 1957 2698; x_wconf 90' lang='lat' dir='ltr'>ld</span> <span class='ocrx_word' id='word_1_215' title='bbox 1984 2645 2086 2697; x_wconf 85' lang='lat' dir='ltr'>sci-</span> 
     </span>
    </p>
   </div>
   <div class='ocr_carea' id='block_1_28' title="bbox 385 2730 2080 2802">
    <p class='ocr_par' dir='ltr' id='par_1_28' title="bbox 385 2730 2080 2802">
     <span class='ocr_line' id='line_1_28' title="bbox 385 2730 2080 2802; baseline 0.002 -18"><span class='ocrx_word' id='word_1_216' title='bbox 385 2730 518 2784; x_wconf 91' lang='lat' dir='ltr'>licet</span> <span class='ocrx_word' id='word_1_217' title='bbox 539 2731 689 2802; x_wconf 91' lang='lat' dir='ltr'>quod</span> <span class='ocrx_word' id='word_1_218' title='bbox 720 2732 972 2802; x_wconf 85' lang='lat' dir='ltr'>quidque</span> <span class='ocrx_word' id='word_1_219' title='bbox 999 2732 1341 2802; x_wconf 86' lang='lat' dir='ltr'>appellatur,</span> <span class='ocrx_word' id='word_1_220' title='bbox 1378 2732 1532 2784; x_wconf 86' lang='lat' dir='ltr'>velut</span> <span class='ocrx_word' id='word_1_221' title='bbox 1553 2732 1850 2797; x_wconf 84' lang='lat' dir='ltr'>Romulus,</span> <span class='ocrx_word' id='word_1_222' title='bbox 1882 2735 2080 2800; x_wconf 78' lang='lat' dir='ltr'>Roma,</span> 
     </span>
    </p>
   </div>
   <div class='ocr_carea' id='block_1_29' title="bbox 385 2820 2084 2886">
    <p class='ocr_par' dir='ltr' id='par_1_29' title="bbox 385 2820 2084 2886">
     <span class='ocr_line' id='line_1_29' title="bbox 385 2820 2084 2886; baseline 0 -14"><span class='ocrx_word' id='word_1_223' title='bbox 385 2820 581 2885; x_wconf 86' lang='lat' dir='ltr'>virtus,</span> <span class='ocrx_word' id='word_1_224' title='bbox 609 2821 835 2886; x_wconf 87' lang='lat' dir='ltr'>ﬂuvius,</span> <span class='ocrx_word' id='word_1_225' title='bbox 855 2820 1606 2874; x_wconf 74' lang='lat' dir='ltr'>etinnumerabiliaczetera.</span> <span class='ocrx_word' id='word_1_226' title='bbox 1627 2823 1776 2886; x_wconf 89' lang='lat' dir='ltr'>Aug.</span> <span class='ocrx_word' id='word_1_227' title='bbox 1805 2821 1948 2873; x_wconf 88' lang='lat' dir='ltr'>Num</span> <span class='ocrx_word' id='word_1_228' title='bbox 1976 2820 2084 2872; x_wconf 85' lang='lat' dir='ltr'>ista</span> 
     </span>
    </p>
   </div>
   <div class='ocr_carea' id='block_1_30' title="bbox 385 2909 2078 2979">
    <p class='ocr_par' dir='ltr' id='par_1_30' title="bbox 385 2909 2078 2979">
     <span class='ocr_line' id='line_1_30' title="bbox 385 2909 2078 2979; baseline 0 -17"><span class='ocrx_word' id='word_1_229' title='bbox 385 2914 629 2979; x_wconf 84' lang='lat' dir='ltr'>quatuor</span> <span class='ocrx_word' id='word_1_230' title='bbox 642 2909 872 2962; x_wconf 85' lang='lat' dir='ltr'>nomina</span> <span class='ocrx_word' id='word_1_231' title='bbox 890 2911 1075 2962; x_wconf 87' lang='lat' dir='ltr'>nullas</span> <span class='ocrx_word' id='word_1_232' title='bbox 1093 2926 1180 2963; x_wconf 89' lang='lat' dir='ltr'>res</span> <span class='ocrx_word' id='word_1_233' title='bbox 1194 2909 1682 2979; x_wconf 85' lang='lat' dir='ltr'>signiﬁcant?Ad.</span> <span class='ocrx_word' id='word_1_234' title='bbox 1704 2910 1823 2962; x_wconf 90' lang='lat' dir='ltr'>Imo</span> <span class='ocrx_word' id='word_1_235' title='bbox 1839 2909 2078 2978; x_wconf 78' lang='lat' dir='ltr'>aliquas.</span> 
     </span>
    </p>
   </div>
   <div class='ocr_carea' id='block_1_31' title="bbox 384 2997 2080 3064">
    <p class='ocr_par' dir='ltr' id='par_1_31' title="bbox 384 2997 2080 3064">
     <span class='ocr_line' id='line_1_31' title="bbox 384 2997 2080 3064; baseline 0 -14"><span class='ocrx_word' id='word_1_236' title='bbox 384 3001 533 3064; x_wconf 89' lang='lat' dir='ltr'>Aug.</span> <span class='ocrx_word' id='word_1_237' title='bbox 569 2999 718 3051; x_wconf 77' lang='lat' dir='ltr'>Num</span> <span class='ocrx_word' id='word_1_238' title='bbox 749 2998 892 3051; x_wconf 85' lang='lat' dir='ltr'>nihil</span> <span class='ocrx_word' id='word_1_239' title='bbox 935 2997 1107 3052; x_wconf 84' lang='lat' dir='ltr'>distat</span> <span class='ocrx_word' id='word_1_240' title='bbox 1137 2997 1286 3050; x_wconf 90' lang='lat' dir='ltr'>inter</span> <span class='ocrx_word' id='word_1_241' title='bbox 1315 2997 1434 3050; x_wconf 84' lang='lat' dir='ltr'>haec</span> <span class='ocrx_word' id='word_1_242' title='bbox 1480 2997 1734 3063; x_wconf 90' lang='lat' dir='ltr'>nomina,</span> <span class='ocrx_word' id='word_1_243' title='bbox 1775 3001 1828 3050; x_wconf 89' lang='lat' dir='ltr'>et</span> <span class='ocrx_word' id='word_1_244' title='bbox 1860 3013 1954 3050; x_wconf 91' lang='lat' dir='ltr'>eas</span> <span class='ocrx_word' id='word_1_245' title='bbox 1992 3013 2080 3050; x_wconf 89' lang='lat' dir='ltr'>res</span> 
     </span>
    </p>
   </div>
   <div class='ocr_carea' id='block_1_32' title="bbox 383 3086 2078 3157">
    <p class='ocr_par' dir='ltr' id='par_1_32' title="bbox 383 3086 2078 3157">
     <span class='ocr_line' id='line_1_32' title="bbox 383 3086 2078 3157; baseline 0.001 -20"><span class='ocrx_word' id='word_1_246' title='bbox 383 3101 512 3156; x_wconf 65' lang='lat' dir='ltr'>quae</span> <span class='ocrx_word' id='word_1_247' title='bbox 538 3086 628 3139; x_wconf 89' lang='lat' dir='ltr'>his</span> <span class='ocrx_word' id='word_1_248' title='bbox 652 3086 1094 3157; x_wconf 85' lang='lat' dir='ltr'>signiﬁcantur?</span> <span class='ocrx_word' id='word_1_249' title='bbox 1123 3087 1227 3140; x_wconf 84' lang='lat' dir='ltr'>Ad.</span> <span class='ocrx_word' id='word_1_250' title='bbox 1259 3087 1380 3139; x_wconf 91' lang='lat' dir='ltr'>Imo</span> <span class='ocrx_word' id='word_1_251' title='bbox 1413 3086 1746 3157; x_wconf 89' lang='lat' dir='ltr'>plurimum.</span> <span class='ocrx_word' id='word_1_252' title='bbox 1777 3090 1929 3153; x_wconf 79' lang='lat' dir='ltr'>Aug.</span> <span class='ocrx_word' id='word_1_253' title='bbox 1954 3087 2078 3139; x_wconf 91' lang='lat' dir='ltr'>Vel-</span> 
     </span>
    </p>
   </div>
   <div class='ocr_carea' id='block_1_33' title="bbox 383 3174 2078 3245">
    <p class='ocr_par' dir='ltr' id='par_1_33' title="bbox 383 3174 2078 3245">
     <span class='ocr_line' id='line_1_33' title="bbox 383 3174 2078 3245; baseline 0.001 -19"><span class='ocrx_word' id='word_1_254' title='bbox 383 3175 499 3227; x_wconf 92' lang='lat' dir='ltr'>lem</span> <span class='ocrx_word' id='word_1_255' title='bbox 531 3175 629 3228; x_wconf 89' lang='lat' dir='ltr'>ahs</span> <span class='ocrx_word' id='word_1_256' title='bbox 676 3180 731 3228; x_wconf 92' lang='lat' dir='ltr'>te</span> <span class='ocrx_word' id='word_1_257' title='bbox 771 3175 988 3240; x_wconf 85' lang='lat' dir='ltr'>audire,</span> <span class='ocrx_word' id='word_1_258' title='bbox 1023 3175 1296 3245; x_wconf 89' lang='lat' dir='ltr'>quidnam</span> <span class='ocrx_word' id='word_1_259' title='bbox 1342 3174 1394 3228; x_wconf 91' lang='lat' dir='ltr'>id</span> <span class='ocrx_word' id='word_1_260' title='bbox 1439 3175 1530 3229; x_wconf 91' lang='lat' dir='ltr'>sit.</span> <span class='ocrx_word' id='word_1_261' title='bbox 1584 3175 1693 3228; x_wconf 85' lang='lat' dir='ltr'>Ad.</span> <span class='ocrx_word' id='word_1_262' title='bbox 1744 3176 1856 3228; x_wconf 83' lang='lat' dir='ltr'>Hoc</span> <span class='ocrx_word' id='word_1_263' title='bbox 1894 3175 1979 3227; x_wconf 80' lang='lat' dir='ltr'>vel</span> <span class='ocrx_word' id='word_1_264' title='bbox 2018 3174 2078 3228; x_wconf 91' lang='lat' dir='ltr'>in</span> 
     </span>
    </p>
   </div>
   <div class='ocr_carea' id='block_1_34' title="bbox 384 3264 2080 3335">
    <p class='ocr_par' dir='ltr' id='par_1_34' title="bbox 384 3264 2080 3335">
     <span class='ocr_line' id='line_1_34' title="bbox 384 3264 2080 3335; baseline 0.001 -19"><span class='ocrx_word' id='word_1_265' title='bbox 384 3264 604 3335; x_wconf 90' lang='lat' dir='ltr'>primis,</span> <span class='ocrx_word' id='word_1_266' title='bbox 637 3264 789 3335; x_wconf 93' lang='lat' dir='ltr'>quod</span> <span class='ocrx_word' id='word_1_267' title='bbox 813 3265 932 3318; x_wconf 62' lang='lat' dir='ltr'>hinc</span> <span class='ocrx_word' id='word_1_268' title='bbox 960 3265 1124 3335; x_wconf 90' lang='lat' dir='ltr'>signa</span> <span class='ocrx_word' id='word_1_269' title='bbox 1146 3270 1299 3333; x_wconf 92' lang='lat' dir='ltr'>sunt,</span> <span class='ocrx_word' id='word_1_270' title='bbox 1324 3264 1418 3318; x_wconf 92' lang='lat' dir='ltr'>illa</span> <span class='ocrx_word' id='word_1_271' title='bbox 1445 3281 1559 3317; x_wconf 93' lang='lat' dir='ltr'>non</span> <span class='ocrx_word' id='word_1_272' title='bbox 1590 3269 1740 3317; x_wconf 92' lang='lat' dir='ltr'>sunt.</span> <span class='ocrx_word' id='word_1_273' title='bbox 1781 3267 1932 3331; x_wconf 91' lang='lat' dir='ltr'>Aug.</span> <span class='ocrx_word' id='word_1_274' title='bbox 1960 3265 2080 3317; x_wconf 86' lang='lat' dir='ltr'>Pla-</span> 
     </span>
    </p>
   </div>
   <div class='ocr_carea' id='block_1_35' title="bbox 383 3352 2077 3424">
    <p class='ocr_par' dir='ltr' id='par_1_35' title="bbox 383 3352 2077 3424">
     <span class='ocr_line' id='line_1_35' title="bbox 383 3352 2077 3424; baseline 0.001 -19"><span class='ocrx_word' id='word_1_275' title='bbox 383 3358 542 3406; x_wconf 92' lang='lat' dir='ltr'>cetne</span> <span class='ocrx_word' id='word_1_276' title='bbox 579 3354 932 3422; x_wconf 87' lang='lat' dir='ltr'>appellemus</span> <span class='ocrx_word' id='word_1_277' title='bbox 975 3353 1370 3423; x_wconf 88' lang='lat' dir='ltr'>signiﬁcabilia</span> <span class='ocrx_word' id='word_1_278' title='bbox 1413 3369 1478 3406; x_wconf 90' lang='lat' dir='ltr'>ea</span> <span class='ocrx_word' id='word_1_279' title='bbox 1509 3369 1638 3424; x_wconf 64' lang='lat' dir='ltr'>quae</span> <span class='ocrx_word' id='word_1_280' title='bbox 1677 3352 1852 3422; x_wconf 84' lang='lat' dir='ltr'>signis</span> <span class='ocrx_word' id='word_1_281' title='bbox 1893 3353 2077 3423; x_wconf 89' lang='lat' dir='ltr'>signi-</span> 
     </span>
    </p>
   </div>
   <div class='ocr_carea' id='block_1_36' title="bbox 382 3439 2076 3515">
    <p class='ocr_par' dir='ltr' id='par_1_36' title="bbox 382 3439 2076 3515">
     <span class='ocr_line' id='line_1_36' title="bbox 382 3439 2076 3515; baseline 0.001 -22"><span class='ocrx_word' id='word_1_282' title='bbox 382 3439 538 3494; x_wconf 89' lang='lat' dir='ltr'>ﬁcari</span> <span class='ocrx_word' id='word_1_283' title='bbox 567 3445 806 3511; x_wconf 91' lang='lat' dir='ltr'>possunt</span> <span class='ocrx_word' id='word_1_284' title='bbox 835 3447 888 3494; x_wconf 91' lang='lat' dir='ltr'>et</span> <span class='ocrx_word' id='word_1_285' title='bbox 925 3441 1085 3512; x_wconf 88' lang='lat' dir='ltr'>signa</span> <span class='ocrx_word' id='word_1_286' title='bbox 1117 3458 1233 3515; x_wconf 90' lang='lat' dir='ltr'>non</span> <span class='ocrx_word' id='word_1_287' title='bbox 1263 3445 1415 3503; x_wconf 86' lang='lat' dir='ltr'>sunt,</span> <span class='ocrx_word' id='word_1_288' title='bbox 1449 3441 1594 3494; x_wconf 85' lang='lat' dir='ltr'>sicut</span> <span class='ocrx_word' id='word_1_289' title='bbox 1621 3457 1688 3494; x_wconf 87' lang='lat' dir='ltr'>ea</span> <span class='ocrx_word' id='word_1_290' title='bbox 1727 3458 1854 3511; x_wconf 68' lang='lat' dir='ltr'>quae</span> <span class='ocrx_word' id='word_1_291' title='bbox 1896 3441 2076 3496; x_wconf 91' lang='lat' dir='ltr'>videri</span> 
     </span>
    </p>
   </div>
   <div class='ocr_carea' id='block_1_37' title="bbox 379 3529 2076 3599">
    <p class='ocr_par' dir='ltr' id='par_1_37' title="bbox 379 3529 2076 3599">
     <span class='ocr_line' id='line_1_37' title="bbox 379 3529 2076 3599; baseline 0.001 -16"><span class='ocrx_word' id='word_1_292' title='bbox 379 3535 638 3599; x_wconf 89' lang='lat' dir='ltr'>possunt,</span> <span class='ocrx_word' id='word_1_293' title='bbox 662 3529 905 3584; x_wconf 90' lang='lat' dir='ltr'>visibilia</span> <span class='ocrx_word' id='word_1_294' title='bbox 927 3532 1310 3596; x_wconf 88' lang='lat' dir='ltr'>nominamus,</span> <span class='ocrx_word' id='word_1_295' title='bbox 1336 3535 1398 3583; x_wconf 87' lang='lat' dir='ltr'>ut</span> <span class='ocrx_word' id='word_1_296' title='bbox 1419 3530 1486 3583; x_wconf 91' lang='lat' dir='ltr'>de</span> <span class='ocrx_word' id='word_1_297' title='bbox 1513 3529 1602 3583; x_wconf 92' lang='lat' dir='ltr'>his</span> <span class='ocrx_word' id='word_1_298' title='bbox 1621 3529 1889 3599; x_wconf 89' lang='lat' dir='ltr'>deinceps</span> <span class='ocrx_word' id='word_1_299' title='bbox 1917 3547 2076 3584; x_wconf 92' lang='lat' dir='ltr'>com-</span> 
     </span>
    </p>
   </div>
   <div class='ocr_carea' id='block_1_38' title="bbox 379 3617 2077 3685">
    <p class='ocr_par' dir='ltr' id='par_1_38' title="bbox 379 3617 2077 3685">
     <span class='ocr_line' id='line_1_38' title="bbox 379 3617 2077 3685; baseline 0 -13"><span class='ocrx_word' id='word_1_300' title='bbox 379 3617 605 3672; x_wconf 88' lang='lat' dir='ltr'>modius</span> <span class='ocrx_word' id='word_1_301' title='bbox 627 3617 969 3671; x_wconf 84' lang='lat' dir='ltr'>disseramus</span> <span class='ocrx_word' id='word_1_302' title='bbox 988 3620 1017 3670; x_wconf 90' lang='lat'>?</span> <span class='ocrx_word' id='word_1_303' title='bbox 1038 3618 1151 3672; x_wconf 88' lang='lat' dir='ltr'>Ad.</span> <span class='ocrx_word' id='word_1_304' title='bbox 1183 3620 1370 3672; x_wconf 85' lang='lat' dir='ltr'>Placet</span> <span class='ocrx_word' id='word_1_305' title='bbox 1398 3635 1550 3672; x_wconf 91' lang='lat' dir='ltr'>vero.</span> <span class='ocrx_word' id='word_1_306' title='bbox 1584 3620 1731 3685; x_wconf 85' lang='lat' dir='ltr'>Aug.</span> <span class='ocrx_word' id='word_1_307' title='bbox 1760 3618 1905 3682; x_wconf 90' lang='lat' dir='ltr'>Quid</span> <span class='ocrx_word' id='word_1_308' title='bbox 1924 3619 1950 3672; x_wconf 70' lang='grc' dir='ltr'>Τ</span> <span class='ocrx_word' id='word_1_309' title='bbox 1979 3620 2077 3672; x_wconf 91' lang='lat' dir='ltr'>illa</span> 
     </span>
    </p>
   </div>
   <div class='ocr_carea' id='block_1_39' title="bbox 378 3708 2075 3779">
    <p class='ocr_par' dir='ltr' id='par_1_39' title="bbox 378 3708 2075 3779">
     <span class='ocr_line' id='line_1_39' title="bbox 378 3708 2075 3779; baseline 0.002 -19"><span class='ocrx_word' id='word_1_310' title='bbox 378 3713 626 3779; x_wconf 86' lang='lat' dir='ltr'>quatuor</span> <span class='ocrx_word' id='word_1_311' title='bbox 672 3708 832 3779; x_wconf 91' lang='lat' dir='ltr'>signa</span> <span class='ocrx_word' id='word_1_312' title='bbox 872 3725 999 3778; x_wconf 62' lang='lat' dir='ltr'>quae</span> <span class='ocrx_word' id='word_1_313' title='bbox 1033 3708 1204 3778; x_wconf 90' lang='lat' dir='ltr'>paulo</span> <span class='ocrx_word' id='word_1_314' title='bbox 1236 3714 1366 3761; x_wconf 87' lang='lat' dir='ltr'>ante</span> <span class='ocrx_word' id='word_1_315' title='bbox 1405 3709 1808 3779; x_wconf 89' lang='lat' dir='ltr'>pronuntiasti,</span> <span class='ocrx_word' id='word_1_316' title='bbox 1846 3709 2075 3763; x_wconf 92' lang='lat' dir='ltr'>nullone</span> 
     </span>
    </p>
   </div>
   <div class='ocr_carea' id='block_1_40' title="bbox 379 3795 2074 3866">
    <p class='ocr_par' dir='ltr' id='par_1_40' title="bbox 379 3795 2074 3866">
     <span class='ocr_line' id='line_1_40' title="bbox 379 3795 2074 3866; baseline -0.001 -17"><span class='ocrx_word' id='word_1_317' title='bbox 379 3797 489 3849; x_wconf 89' lang='lat' dir='ltr'>alio</span> <span class='ocrx_word' id='word_1_318' title='bbox 504 3797 665 3865; x_wconf 89' lang='lat' dir='ltr'>signo</span> <span class='ocrx_word' id='word_1_319' title='bbox 681 3797 1112 3865; x_wconf 89' lang='lat' dir='ltr'>signiﬁcantur?</span> <span class='ocrx_word' id='word_1_320' title='bbox 1133 3796 1244 3849; x_wconf 86' lang='lat' dir='ltr'>Ad.</span> <span class='ocrx_word' id='word_1_321' title='bbox 1272 3795 1444 3849; x_wconf 80' lang='lat' dir='ltr'>Miror</span> <span class='ocrx_word' id='word_1_322' title='bbox 1463 3797 1748 3866; x_wconf 89' lang='lat' dir='ltr'>quodjam</span> <span class='ocrx_word' id='word_1_323' title='bbox 1766 3795 1908 3849; x_wconf 89' lang='lat' dir='ltr'>mihi</span> <span class='ocrx_word' id='word_1_324' title='bbox 1928 3795 2074 3849; x_wconf 81' lang='lat' dir='ltr'>exci-</span> 
     </span>
    </p>
   </div>
   <div class='ocr_carea' id='block_1_41' title="bbox 377 3883 2074 3955">
    <p class='ocr_par' dir='ltr' id='par_1_41' title="bbox 377 3883 2074 3955">
     <span class='ocr_line' id='line_1_41' title="bbox 377 3883 2074 3955; baseline 0.001 -19"><span class='ocrx_word' id='word_1_325' title='bbox 377 3883 860 3948; x_wconf 82' lang='lat' dir='ltr'>dissearbitraris,</span> <span class='ocrx_word' id='word_1_326' title='bbox 895 3883 1049 3953; x_wconf 93' lang='lat' dir='ltr'>quod</span> <span class='ocrx_word' id='word_1_327' title='bbox 1079 3899 1145 3936; x_wconf 87' lang='lat' dir='ltr'>ea</span> <span class='ocrx_word' id='word_1_328' title='bbox 1175 3899 1302 3952; x_wconf 69' lang='lat' dir='ltr'>quae</span> <span class='ocrx_word' id='word_1_329' title='bbox 1334 3884 1681 3950; x_wconf 90' lang='lat' dir='ltr'>scribuntur,</span> <span class='ocrx_word' id='word_1_330' title='bbox 1714 3901 1914 3937; x_wconf 90' lang='lat' dir='ltr'>eorum</span> <span class='ocrx_word' id='word_1_331' title='bbox 1945 3901 2074 3955; x_wconf 77' lang='lat' dir='ltr'>quae</span> 
     </span>
    </p>
   </div>
   <div class='ocr_carea' id='block_1_42' title="bbox 377 3969 2064 4042">
    <p class='ocr_par' dir='ltr' id='par_1_42' title="bbox 377 3969 2064 4042">
     <span class='ocr_line' id='line_1_42' title="bbox 377 3969 2064 4042; baseline 0.001 -19"><span class='ocrx_word' id='word_1_332' title='bbox 377 3987 509 4024; x_wconf 92' lang='lat' dir='ltr'>voce</span> <span class='ocrx_word' id='word_1_333' title='bbox 548 3970 938 4040; x_wconf 89' lang='lat' dir='ltr'>proferuntur,</span> <span class='ocrx_word' id='word_1_334' title='bbox 974 3971 1274 4040; x_wconf 89' lang='lat' dir='ltr'>signorum</span> <span class='ocrx_word' id='word_1_335' title='bbox 1305 3969 1466 4040; x_wconf 89' lang='lat' dir='ltr'>signa</span> <span class='ocrx_word' id='word_1_336' title='bbox 1497 3987 1615 4024; x_wconf 87' lang='lat' dir='ltr'>esse</span> <span class='ocrx_word' id='word_1_337' title='bbox 1652 3973 2064 4042; x_wconf 89' lang='lat' dir='ltr'>comperimus.</span> 
     </span>
    </p>
   </div>
   <div class='ocr_carea' id='block_1_43' title="bbox 375 4057 2074 4128">
    <p class='ocr_par' dir='ltr' id='par_1_43' title="bbox 375 4057 2074 4128">
     <span class='ocr_line' id='line_1_43' title="bbox 375 4057 2074 4128; baseline 0.001 -15"><span class='ocrx_word' id='word_1_338' title='bbox 375 4059 521 4126; x_wconf 86' lang='lat' dir='ltr'>Aug.</span> <span class='ocrx_word' id='word_1_339' title='bbox 556 4057 653 4111; x_wconf 90' lang='lat' dir='ltr'>Dic</span> <span class='ocrx_word' id='word_1_340' title='bbox 677 4057 824 4110; x_wconf 88' lang='lat' dir='ltr'>inter</span> <span class='ocrx_word' id='word_1_341' title='bbox 852 4058 960 4110; x_wconf 89' lang='lat' dir='ltr'>ista</span> <span class='ocrx_word' id='word_1_342' title='bbox 986 4058 1122 4128; x_wconf 89' lang='lat' dir='ltr'>quid</span> <span class='ocrx_word' id='word_1_343' title='bbox 1149 4057 1358 4112; x_wconf 86' lang='lat' dir='ltr'>distet?</span> <span class='ocrx_word' id='word_1_344' title='bbox 1379 4059 1488 4112; x_wconf 85' lang='lat' dir='ltr'>Ad.</span> <span class='ocrx_word' id='word_1_345' title='bbox 1523 4059 1681 4123; x_wconf 92' lang='lat' dir='ltr'>Quod</span> <span class='ocrx_word' id='word_1_346' title='bbox 1711 4059 1810 4114; x_wconf 90' lang='lat' dir='ltr'>illa</span> <span class='ocrx_word' id='word_1_347' title='bbox 1831 4060 2074 4114; x_wconf 89' lang='lat' dir='ltr'>visibilia</span> 
     </span>
    </p>
   </div>
   <div class='ocr_carea' id='block_1_44' title="bbox 375 4147 2070 4212">
    <p class='ocr_par' dir='ltr' id='par_1_44' title="bbox 375 4147 2070 4212">
     <span class='ocr_line' id='line_1_44' title="bbox 375 4147 2070 4212; baseline 0.001 -11"><span class='ocrx_word' id='word_1_348' title='bbox 375 4153 528 4212; x_wconf 86' lang='lat' dir='ltr'>sunt,</span> <span class='ocrx_word' id='word_1_349' title='bbox 573 4147 693 4200; x_wconf 65' lang='lat' dir='ltr'>haec</span> <span class='ocrx_word' id='word_1_350' title='bbox 734 4147 1023 4200; x_wconf 90' lang='lat' dir='ltr'>audibilia.</span> <span class='ocrx_word' id='word_1_351' title='bbox 1073 4147 1184 4200; x_wconf 87' lang='lat' dir='ltr'>Cur</span> <span class='ocrx_word' id='word_1_352' title='bbox 1222 4147 1377 4200; x_wconf 91' lang='lat' dir='ltr'>enim</span> <span class='ocrx_word' id='word_1_353' title='bbox 1428 4153 1483 4201; x_wconf 87' lang='lat' dir='ltr'>et</span> <span class='ocrx_word' id='word_1_354' title='bbox 1535 4148 1642 4201; x_wconf 90' lang='lat' dir='ltr'>hoc</span> <span class='ocrx_word' id='word_1_355' title='bbox 1694 4165 1907 4202; x_wconf 90' lang='lat' dir='ltr'>nomen</span> <span class='ocrx_word' id='word_1_356' title='bbox 1955 4166 2070 4203; x_wconf 93' lang='lat' dir='ltr'>non</span> 
     </span>
    </p>
   </div>
   <div class='ocr_carea' id='block_1_45' title="bbox 375 4231 2070 4306">
    <p class='ocr_par' dir='ltr' id='par_1_45' title="bbox 375 4231 2070 4306">
     <span class='ocr_line' id='line_1_45' title="bbox 375 4231 2070 4306; baseline -0.001 -14"><span class='ocrx_word' id='word_1_357' title='bbox 375 4237 658 4303; x_wconf 88' lang='lat' dir='ltr'>admittas,</span> <span class='ocrx_word' id='word_1_358' title='bbox 705 4236 751 4290; x_wconf 90' lang='lat' dir='ltr'>si</span> <span class='ocrx_word' id='word_1_359' title='bbox 791 4236 1125 4290; x_wconf 85' lang='lat' dir='ltr'>admisimus</span> <span class='ocrx_word' id='word_1_360' title='bbox 1156 4231 1594 4306; x_wconf 82' lang='lat' dir='ltr'>signiﬁcabilia‘?</span> <span class='ocrx_word' id='word_1_361' title='bbox 1639 4238 1785 4306; x_wconf 87' lang='lat' dir='ltr'>Aug.</span> <span class='ocrx_word' id='word_1_362' title='bbox 1834 4239 2070 4292; x_wconf 90' lang='lat' dir='ltr'>Prorsus</span> 
     </span>
    </p>
   </div>
   <div class='ocr_carea' id='block_1_46' title="bbox 372 4327 2071 4398">
    <p class='ocr_par' dir='ltr' id='par_1_46' title="bbox 372 4327 2071 4398">
     <span class='ocr_line' id='line_1_46' title="bbox 372 4327 2071 4398; baseline 0.001 -18"><span class='ocrx_word' id='word_1_363' title='bbox 372 4327 630 4394; x_wconf 88' lang='lat' dir='ltr'>admitto,</span> <span class='ocrx_word' id='word_1_364' title='bbox 657 4332 712 4381; x_wconf 92' lang='lat' dir='ltr'>et</span> <span class='ocrx_word' id='word_1_365' title='bbox 738 4332 966 4398; x_wconf 86' lang='lat' dir='ltr'>gratum</span> <span class='ocrx_word' id='word_1_366' title='bbox 992 4327 1193 4380; x_wconf 86' lang='lat' dir='ltr'>habeo.</span> <span class='ocrx_word' id='word_1_367' title='bbox 1221 4327 1327 4380; x_wconf 88' lang='lat' dir='ltr'>Sed</span> <span class='ocrx_word' id='word_1_368' title='bbox 1355 4343 1551 4380; x_wconf 86' lang='lat' dir='ltr'>rursus</span> <span class='ocrx_word' id='word_1_369' title='bbox 1581 4343 1800 4398; x_wconf 66' lang='lat' dir='ltr'>quaaro,</span> <span class='ocrx_word' id='word_1_370' title='bbox 1824 4333 2071 4398; x_wconf 90' lang='lat' dir='ltr'>quatuor</span> 
     </span>
    </p>
   </div>
   <div class='ocr_carea' id='block_1_47' title="bbox 372 4413 2064 4488">
    <p class='ocr_par' dir='ltr' id='par_1_47' title="bbox 372 4413 2064 4488">
     <span class='ocr_line' id='line_1_47' title="bbox 372 4413 2064 4488; baseline -0.001 -18"><span class='ocrx_word' id='word_1_371' title='bbox 372 4417 491 4470; x_wconf 65' lang='lat' dir='ltr'>hinc</span> <span class='ocrx_word' id='word_1_372' title='bbox 503 4417 664 4488; x_wconf 87' lang='lat' dir='ltr'>signa</span> <span class='ocrx_word' id='word_1_373' title='bbox 684 4417 919 4470; x_wconf 90' lang='lat' dir='ltr'>nullone</span> <span class='ocrx_word' id='word_1_374' title='bbox 941 4415 1052 4468; x_wconf 89' lang='lat' dir='ltr'>alio</span> <span class='ocrx_word' id='word_1_375' title='bbox 1071 4415 1232 4484; x_wconf 87' lang='lat' dir='ltr'>signo</span> <span class='ocrx_word' id='word_1_376' title='bbox 1251 4413 1489 4468; x_wconf 88' lang='lat' dir='ltr'>audibili</span> <span class='ocrx_word' id='word_1_377' title='bbox 1510 4414 1815 4484; x_wconf 89' lang='lat' dir='ltr'>signiﬁcari</span> <span class='ocrx_word' id='word_1_378' title='bbox 1833 4422 2064 4486; x_wconf 84' lang='lat' dir='ltr'>queant,</span> 
     </span>
    </p>
   </div>
   <div class='ocr_carea' id='block_1_48' title="bbox 373 4504 2068 4576">
    <p class='ocr_par' dir='ltr' id='par_1_48' title="bbox 373 4504 2068 4576">
     <span class='ocr_line' id='line_1_48' title="bbox 373 4504 2068 4576; baseline 0.001 -17"><span class='ocrx_word' id='word_1_379' title='bbox 373 4510 436 4559; x_wconf 91' lang='lat' dir='ltr'>ut</span> <span class='ocrx_word' id='word_1_380' title='bbox 466 4507 704 4560; x_wconf 90' lang='lat' dir='ltr'>visibilia</span> <span class='ocrx_word' id='word_1_381' title='bbox 733 4507 1065 4561; x_wconf 85' lang='lat' dir='ltr'>recordatus</span> <span class='ocrx_word' id='word_1_382' title='bbox 1097 4522 1156 4558; x_wconf 90' lang='lat' dir='ltr'>es</span> <span class='ocrx_word' id='word_1_383' title='bbox 1175 4504 1202 4557; x_wconf 86' lang='lat'>?</span> <span class='ocrx_word' id='word_1_384' title='bbox 1235 4504 1342 4558; x_wconf 83' lang='lat' dir='ltr'>Ad.</span> <span class='ocrx_word' id='word_1_385' title='bbox 1380 4506 1491 4557; x_wconf 84' lang='lat' dir='ltr'>Hoc</span> <span class='ocrx_word' id='word_1_386' title='bbox 1523 4522 1752 4576; x_wconf 89' lang='lat' dir='ltr'>quoque</span> <span class='ocrx_word' id='word_1_387' title='bbox 1783 4507 2068 4560; x_wconf 88' lang='lat' dir='ltr'>recentius</span> 
     </span>
    </p>
   </div>
   <div class='ocr_carea' id='block_1_49' title="bbox 374 4592 2065 4665">
    <p class='ocr_par' dir='ltr' id='par_1_49' title="bbox 374 4592 2065 4665">
     <span class='ocr_line' id='line_1_49' title="bbox 374 4592 2065 4665; baseline 0.002 -19"><span class='ocrx_word' id='word_1_388' title='bbox 374 4592 588 4646; x_wconf 89' lang='lat' dir='ltr'>dictum</span> <span class='ocrx_word' id='word_1_389' title='bbox 607 4595 890 4648; x_wconf 88' lang='lat' dir='ltr'>recordor.</span> <span class='ocrx_word' id='word_1_390' title='bbox 920 4597 1059 4648; x_wconf 78' lang='lat' dir='ltr'>Nam</span> <span class='ocrx_word' id='word_1_391' title='bbox 1083 4611 1295 4648; x_wconf 91' lang='lat' dir='ltr'>nomen</span> <span class='ocrx_word' id='word_1_392' title='bbox 1318 4595 1719 4664; x_wconf 84' lang='lat' dir='ltr'>responderem</span> <span class='ocrx_word' id='word_1_393' title='bbox 1743 4595 2065 4665; x_wconf 89' lang='lat' dir='ltr'>signiﬁcare</span> 
     </span>
    </p>
   </div>
   <div class='ocr_carea' id='block_1_50' title="bbox 373 4680 2062 4752">
    <p class='ocr_par' dir='ltr' id='par_1_50' title="bbox 373 4680 2062 4752">
     <span class='ocr_line' id='line_1_50' title="bbox 373 4680 2062 4752; baseline 0.004 -20"><span class='ocrx_word' id='word_1_394' title='bbox 373 4680 611 4750; x_wconf 77' lang='lat' dir='ltr'>aliquid,</span> <span class='ocrx_word' id='word_1_395' title='bbox 629 4687 686 4733; x_wconf 91' lang='lat' dir='ltr'>et</span> <span class='ocrx_word' id='word_1_396' title='bbox 704 4681 833 4735; x_wconf 91' lang='lat' dir='ltr'>huic</span> <span class='ocrx_word' id='word_1_397' title='bbox 853 4681 1257 4750; x_wconf 90' lang='lat' dir='ltr'>signiﬁcationi</span> <span class='ocrx_word' id='word_1_398' title='bbox 1285 4687 1533 4752; x_wconf 89' lang='lat' dir='ltr'>quatuor</span> <span class='ocrx_word' id='word_1_399' title='bbox 1553 4682 1654 4735; x_wconf 87' lang='lat' dir='ltr'>ista</span> <span class='ocrx_word' id='word_1_400' title='bbox 1675 4683 2027 4752; x_wconf 89' lang='lat' dir='ltr'>subjeceram</span> <span class='ocrx_word' id='word_1_401' title='bbox 2049 4701 2062 4751; x_wconf 90' lang='lat'>;</span> 
     </span>
    </p>
   </div>
   <div class='ocr_carea' id='block_1_51' title="bbox 373 4768 2061 4842">
    <p class='ocr_par' dir='ltr' id='par_1_51' title="bbox 373 4768 2061 4842">
     <span class='ocr_line' id='line_1_51' title="bbox 373 4768 2061 4842; baseline 0.003 -21"><span class='ocrx_word' id='word_1_402' title='bbox 373 4772 428 4821; x_wconf 89' lang='lat' dir='ltr'>ct</span> <span class='ocrx_word' id='word_1_403' title='bbox 466 4768 605 4820; x_wconf 91' lang='lat' dir='ltr'>illud</span> <span class='ocrx_word' id='word_1_404' title='bbox 638 4775 825 4822; x_wconf 90' lang='lat' dir='ltr'>autem</span> <span class='ocrx_word' id='word_1_405' title='bbox 874 4776 930 4822; x_wconf 91' lang='lat' dir='ltr'>et</span> <span class='ocrx_word' id='word_1_406' title='bbox 965 4771 1109 4839; x_wconf 65' lang='lat' dir='ltr'>haec,</span> <span class='ocrx_word' id='word_1_407' title='bbox 1141 4771 1187 4822; x_wconf 90' lang='lat' dir='ltr'>si</span> <span class='ocrx_word' id='word_1_408' title='bbox 1228 4770 1464 4840; x_wconf 85' lang='lat' dir='ltr'>quidem</span> <span class='ocrx_word' id='word_1_409' title='bbox 1509 4787 1643 4823; x_wconf 92' lang='lat' dir='ltr'>voce</span> <span class='ocrx_word' id='word_1_410' title='bbox 1675 4772 2061 4842; x_wconf 88' lang='lat' dir='ltr'>proferuntur,</span> 
     </span>
    </p>
   </div>
   <div class='ocr_carea' id='block_1_52' title="bbox 373 4855 2063 4928">
    <p class='ocr_par' dir='ltr' id='par_1_52' title="bbox 373 4855 2063 4928">
     <span class='ocr_line' id='line_1_52' title="bbox 373 4855 2063 4928; baseline 0.003 -18"><span class='ocrx_word' id='word_1_411' title='bbox 373 4855 644 4910; x_wconf 87' lang='lat' dir='ltr'>audibilia</span> <span class='ocrx_word' id='word_1_412' title='bbox 668 4871 786 4909; x_wconf 89' lang='lat' dir='ltr'>esse</span> <span class='ocrx_word' id='word_1_413' title='bbox 813 4874 1112 4926; x_wconf 84' lang='lat' dir='ltr'>cognosco.</span> <span class='ocrx_word' id='word_1_414' title='bbox 1136 4861 1282 4926; x_wconf 87' lang='lat' dir='ltr'>Aug.</span> <span class='ocrx_word' id='word_1_415' title='bbox 1312 4858 1458 4922; x_wconf 88' lang='lat' dir='ltr'>Quid</span> <span class='ocrx_word' id='word_1_416' title='bbox 1486 4875 1620 4928; x_wconf 86' lang='lat' dir='ltr'>ergo</span> <span class='ocrx_word' id='word_1_417' title='bbox 1644 4859 1792 4913; x_wconf 87' lang='lat' dir='ltr'>inter</span> <span class='ocrx_word' id='word_1_418' title='bbox 1810 4861 2063 4915; x_wconf 88' lang='lat' dir='ltr'>audibile</span> 
     </span>
    </p>
   </div>
   <div class='ocr_carea' id='block_1_53' title="bbox 370 4945 2058 5019">
    <p class='ocr_par' dir='ltr' id='par_1_53' title="bbox 370 4945 2058 5019">
     <span class='ocr_line' id='line_1_53' title="bbox 370 4945 2058 5019; baseline 0.002 -20"><span class='ocrx_word' id='word_1_419' title='bbox 370 4945 595 5016; x_wconf 91' lang='lat' dir='ltr'>signum</span> <span class='ocrx_word' id='word_1_420' title='bbox 620 4950 678 4998; x_wconf 92' lang='lat' dir='ltr'>et</span> <span class='ocrx_word' id='word_1_421' title='bbox 701 4945 970 4998; x_wconf 85' lang='lat' dir='ltr'>audibilia</span> <span class='ocrx_word' id='word_1_422' title='bbox 989 4946 1325 5016; x_wconf 88' lang='lat' dir='ltr'>signiﬁcata,</span> <span class='ocrx_word' id='word_1_423' title='bbox 1356 4963 1484 5018; x_wconf 80' lang='lat' dir='ltr'>quae</span> <span class='ocrx_word' id='word_1_424' title='bbox 1507 4964 1703 5002; x_wconf 87' lang='lat' dir='ltr'>rursus</span> <span class='ocrx_word' id='word_1_425' title='bbox 1725 4949 1884 5019; x_wconf 89' lang='lat' dir='ltr'>signa</span> <span class='ocrx_word' id='word_1_426' title='bbox 1908 4955 2058 5018; x_wconf 92' lang='lat' dir='ltr'>sunt,</span> 
     </span>
    </p>
   </div>
   <div class='ocr_carea' id='block_1_54' title="bbox 368 5033 2058 5108">
    <p class='ocr_par' dir='ltr' id='par_1_54' title="bbox 368 5033 2058 5108">
     <span class='ocr_line' id='line_1_54' title="bbox 368 5033 2058 5108; baseline 0.004 -21"><span class='ocrx_word' id='word_1_427' title='bbox 368 5034 642 5088; x_wconf 84' lang='lat' dir='ltr'>interest?</span> <span class='ocrx_word' id='word_1_428' title='bbox 659 5033 769 5087; x_wconf 82' lang='lat' dir='ltr'>Ad.</span> <span class='ocrx_word' id='word_1_429' title='bbox 793 5033 1094 5087; x_wconf 88' lang='lat' dir='ltr'>lnterillud</span> <span class='ocrx_word' id='word_1_430' title='bbox 1109 5036 1340 5104; x_wconf 89' lang='lat' dir='ltr'>quidem</span> <span class='ocrx_word' id='word_1_431' title='bbox 1360 5037 1513 5108; x_wconf 92' lang='lat' dir='ltr'>quod</span> <span class='ocrx_word' id='word_1_432' title='bbox 1536 5037 1799 5105; x_wconf 90' lang='lat' dir='ltr'>dicimus,</span> <span class='ocrx_word' id='word_1_433' title='bbox 1818 5039 2058 5108; x_wconf 79' lang='lat' dir='ltr'>Nomen,</span> 
     </span>
    </p>
   </div>
   <div class='ocr_carea' id='block_1_55' title="bbox 368 5123 2057 5197">
    <p class='ocr_par' dir='ltr' id='par_1_55' title="bbox 368 5123 2057 5197">
     <span class='ocr_line' id='line_1_55' title="bbox 368 5123 2057 5197; baseline 0.002 -20"><span class='ocrx_word' id='word_1_434' title='bbox 368 5128 425 5178; x_wconf 85' lang='lat' dir='ltr'>et</span> <span class='ocrx_word' id='word_1_435' title='bbox 469 5124 590 5176; x_wconf 68' lang='lat' dir='ltr'>haec</span> <span class='ocrx_word' id='word_1_436' title='bbox 624 5128 864 5192; x_wconf 87' lang='lat' dir='ltr'>quatuor</span> <span class='ocrx_word' id='word_1_437' title='bbox 907 5139 1035 5192; x_wconf 66' lang='lat' dir='ltr'>quae</span> <span class='ocrx_word' id='word_1_438' title='bbox 1073 5123 1473 5192; x_wconf 86' lang='lat' dir='ltr'>signiﬁcationi</span> <span class='ocrx_word' id='word_1_439' title='bbox 1519 5126 1642 5196; x_wconf 81' lang='lat' dir='ltr'>ejus</span> <span class='ocrx_word' id='word_1_440' title='bbox 1689 5127 2057 5197; x_wconf 90' lang='lat' dir='ltr'>subjecimus,</span> 
     </span>
    </p>
   </div>
   <div class='ocr_carea' id='block_1_56' title="bbox 365 5210 2058 5284">
    <p class='ocr_par' dir='ltr' id='par_1_56' title="bbox 365 5210 2058 5284">
     <span class='ocr_line' id='line_1_56' title="bbox 365 5210 2058 5284; baseline 0.001 -18"><span class='ocrx_word' id='word_1_441' title='bbox 365 5214 471 5266; x_wconf 89' lang='lat' dir='ltr'>hoc</span> <span class='ocrx_word' id='word_1_442' title='bbox 501 5212 710 5266; x_wconf 88' lang='lat' dir='ltr'>distare</span> <span class='ocrx_word' id='word_1_443' title='bbox 739 5210 917 5277; x_wconf 81' lang='lat' dir='ltr'>video,</span> <span class='ocrx_word' id='word_1_444' title='bbox 955 5211 1107 5282; x_wconf 88' lang='lat' dir='ltr'>quod</span> <span class='ocrx_word' id='word_1_445' title='bbox 1139 5212 1278 5266; x_wconf 90' lang='lat' dir='ltr'>illud</span> <span class='ocrx_word' id='word_1_446' title='bbox 1309 5214 1559 5268; x_wconf 90' lang='lat' dir='ltr'>audibile</span> <span class='ocrx_word' id='word_1_447' title='bbox 1591 5215 1820 5284; x_wconf 90' lang='lat' dir='ltr'>signum</span> <span class='ocrx_word' id='word_1_448' title='bbox 1869 5220 1953 5268; x_wconf 92' lang='lat' dir='ltr'>est</span> <span class='ocrx_word' id='word_1_449' title='bbox 1982 5215 2058 5267; x_wconf 89' lang='lat' dir='ltr'>si-</span> 
     </span>
    </p>
   </div>
   <div class='ocr_carea' id='block_1_57' title="bbox 365 5299 2059 5374">
    <p class='ocr_par' dir='ltr' id='par_1_57' title="bbox 365 5299 2059 5374">
     <span class='ocr_line' id='line_1_57' title="bbox 365 5299 2059 5374; baseline 0.001 -20"><span class='ocrx_word' id='word_1_450' title='bbox 365 5317 608 5372; x_wconf 89' lang='lat' dir='ltr'>gnorum</span> <span class='ocrx_word' id='word_1_451' title='bbox 639 5299 1016 5355; x_wconf 90' lang='lat' dir='ltr'>audibilinm:</span> <span class='ocrx_word' id='word_1_452' title='bbox 1045 5301 1163 5354; x_wconf 67' lang='lat' dir='ltr'>haec</span> <span class='ocrx_word' id='word_1_453' title='bbox 1185 5317 1314 5355; x_wconf 85' lang='lat' dir='ltr'>vero</span> <span class='ocrx_word' id='word_1_454' title='bbox 1346 5303 1620 5356; x_wconf 89' lang='lat' dir='ltr'>audibilia</span> <span class='ocrx_word' id='word_1_455' title='bbox 1641 5303 1873 5374; x_wconf 88' lang='lat' dir='ltr'>quidem</span> <span class='ocrx_word' id='word_1_456' title='bbox 1897 5303 2059 5374; x_wconf 89' lang='lat' dir='ltr'>signa</span> 
     </span>
    </p>
   </div>
   <div class='ocr_carea' id='block_1_58' title="bbox 365 5389 2055 5462">
    <p class='ocr_par' dir='ltr' id='par_1_58' title="bbox 365 5389 2055 5462">
     <span class='ocr_line' id='line_1_58' title="bbox 365 5389 2055 5462; baseline 0.002 -20"><span class='ocrx_word' id='word_1_457' title='bbox 365 5395 512 5456; x_wconf 83' lang='lat' dir='ltr'>sunt,</span> <span class='ocrx_word' id='word_1_458' title='bbox 547 5408 660 5444; x_wconf 93' lang='lat' dir='ltr'>non</span> <span class='ocrx_word' id='word_1_459' title='bbox 706 5395 898 5444; x_wconf 90' lang='lat' dir='ltr'>tamen</span> <span class='ocrx_word' id='word_1_460' title='bbox 931 5389 1243 5459; x_wconf 88' lang='lat' dir='ltr'>signorum,</span> <span class='ocrx_word' id='word_1_461' title='bbox 1289 5391 1386 5444; x_wconf 92' lang='lat' dir='ltr'>sed</span> <span class='ocrx_word' id='word_1_462' title='bbox 1432 5407 1627 5445; x_wconf 90' lang='lat' dir='ltr'>rerum</span> <span class='ocrx_word' id='word_1_463' title='bbox 1672 5394 1882 5462; x_wconf 89' lang='lat' dir='ltr'>partim</span> <span class='ocrx_word' id='word_1_464' title='bbox 1921 5393 2055 5445; x_wconf 76' lang='lat' dir='ltr'>visi-</span> 
     </span>
    </p>
   </div>
   <div class='ocr_carea' id='block_1_59' title="bbox 363 5478 2054 5552">
    <p class='ocr_par' dir='ltr' id='par_1_59' title="bbox 363 5478 2054 5552">
     <span class='ocr_line' id='line_1_59' title="bbox 363 5478 2054 5552; baseline 0.002 -20"><span class='ocrx_word' id='word_1_465' title='bbox 363 5478 587 5543; x_wconf 89' lang='lat' dir='ltr'>bilium,</span> <span class='ocrx_word' id='word_1_466' title='bbox 637 5478 783 5532; x_wconf 90' lang='lat' dir='ltr'>sicut</span> <span class='ocrx_word' id='word_1_467' title='bbox 829 5483 913 5532; x_wconf 91' lang='lat' dir='ltr'>est</span> <span class='ocrx_word' id='word_1_468' title='bbox 967 5478 1263 5541; x_wconf 84' lang='lat' dir='ltr'>Romulus,</span> <span class='ocrx_word' id='word_1_469' title='bbox 1316 5479 1515 5548; x_wconf 81' lang='lat' dir='ltr'>Roma,</span> <span class='ocrx_word' id='word_1_470' title='bbox 1563 5480 1808 5548; x_wconf 76' lang='lat' dir='ltr'>fluvius;</span> <span class='ocrx_word' id='word_1_471' title='bbox 1848 5482 2054 5552; x_wconf 86' lang='lat' dir='ltr'>partim</span> 
     </span>
    </p>
   </div>
   <div class='ocr_carea' id='block_1_60' title="bbox 363 5564 1338 5635">
    <p class='ocr_par' dir='ltr' id='par_1_60' title="bbox 363 5564 1338 5635">
     <span class='ocr_line' id='line_1_60' title="bbox 363 5564 1338 5635; baseline 0.004 -17"><span class='ocrx_word' id='word_1_472' title='bbox 363 5564 834 5635; x_wconf 83' lang='lat' dir='ltr'>intelligibilium,</span> <span class='ocrx_word' id='word_1_473' title='bbox 864 5566 1008 5620; x_wconf 88' lang='lat' dir='ltr'>sicut</span> <span class='ocrx_word' id='word_1_474' title='bbox 1037 5571 1122 5620; x_wconf 88' lang='lat' dir='ltr'>est</span> <span class='ocrx_word' id='word_1_475' title='bbox 1142 5565 1338 5623; x_wconf 86' lang='lat' dir='ltr'>virtus.</span> 
     </span>
    </p>
   </div>
   <div class='ocr_carea' id='block_1_61' title="bbox 1622 307 2660 377">
    <p class='ocr_par' dir='ltr' id='par_1_61' title="bbox 1622 307 2660 377">
     <span class='ocr_line' id='line_1_61' title="bbox 1622 307 2660 377; baseline -0.003 -14"><span class='ocrx_word' id='word_1_476' title='bbox 1622 311 1716 363; x_wconf 89' lang='lat' dir='ltr'>DE</span> <span class='ocrx_word' id='word_1_477' title='bbox 1756 309 2137 377; x_wconf 81' lang='lat' dir='ltr'>MAGISTRO,</span> <span class='ocrx_word' id='word_1_478' title='bbox 2180 308 2233 364; x_wconf 93' lang='lat' dir='ltr'>S.</span> <span class='ocrx_word' id='word_1_479' title='bbox 2277 307 2660 364; x_wconf 79' lang='lat' dir='ltr'>AUGUSTINI</span> 
     </span>
    </p>
   </div>
   <div class='ocr_carea' id='block_1_62' title="bbox 3775 314 3914 364">
    <p class='ocr_par' dir='ltr' id='par_1_62' title="bbox 3775 314 3914 364">
     <span class='ocr_line' id='line_1_62' title="bbox 3775 314 3914 364; baseline 0 -1"><span class='ocrx_word' id='word_1_480' title='bbox 3775 314 3914 364; x_wconf 68' lang='lat'>1200</span> 
     </span>
    </p>
   </div>
   <div class='ocr_carea' id='block_1_63' title="bbox 2270 429 3916 505">
    <p class='ocr_par' dir='ltr' id='par_1_63' title="bbox 2270 429 3916 505">
     <span class='ocr_line' id='line_1_63' title="bbox 2270 429 3916 505; baseline 0.002 -20"><span class='ocrx_word' id='word_1_481' title='bbox 2270 435 2322 485; x_wconf 86' lang='lat'>9.</span> <span class='ocrx_word' id='word_1_482' title='bbox 2357 433 2500 499; x_wconf 85' lang='lat' dir='ltr'>Aug.</span> <span class='ocrx_word' id='word_1_483' title='bbox 2545 429 2773 500; x_wconf 82' lang='lat' dir='ltr'>Accipio</span> <span class='ocrx_word' id='word_1_484' title='bbox 2806 433 2861 483; x_wconf 90' lang='lat' dir='ltr'>et</span> <span class='ocrx_word' id='word_1_485' title='bbox 2907 431 3126 500; x_wconf 89' lang='lat' dir='ltr'>probo:</span> <span class='ocrx_word' id='word_1_486' title='bbox 3179 431 3278 484; x_wconf 90' lang='lat' dir='ltr'>sed</span> <span class='ocrx_word' id='word_1_487' title='bbox 3311 431 3492 486; x_wconf 90' lang='lat' dir='ltr'>scisne</span> <span class='ocrx_word' id='word_1_488' title='bbox 3523 434 3729 487; x_wconf 84' lang='lat' dir='ltr'>omnia</span> <span class='ocrx_word' id='word_1_489' title='bbox 3779 452 3916 505; x_wconf 75' lang='lat' dir='ltr'>quae</span> 
     </span>
    </p>
   </div>
   <div class='ocr_carea' id='block_1_64' title="bbox 2198 518 3918 592">
    <p class='ocr_par' dir='ltr' id='par_1_64' title="bbox 2198 518 3918 592">
     <span class='ocr_line' id='line_1_64' title="bbox 2198 518 3918 592; baseline 0.003 -20"><span class='ocrx_word' id='word_1_490' title='bbox 2198 535 2332 573; x_wconf 90' lang='lat' dir='ltr'>voce</span> <span class='ocrx_word' id='word_1_491' title='bbox 2379 519 2678 572; x_wconf 88' lang='lat' dir='ltr'>articulata</span> <span class='ocrx_word' id='word_1_492' title='bbox 2720 534 2850 571; x_wconf 91' lang='lat' dir='ltr'>cum</span> <span class='ocrx_word' id='word_1_493' title='bbox 2901 518 3094 589; x_wconf 90' lang='lat' dir='ltr'>aliquo</span> <span class='ocrx_word' id='word_1_494' title='bbox 3127 519 3452 589; x_wconf 88' lang='lat' dir='ltr'>signiﬁcatu</span> <span class='ocrx_word' id='word_1_495' title='bbox 3503 523 3918 592; x_wconf 84' lang='lat' dir='ltr'>proferuntur,</span> 
     </span>
    </p>
   </div>
   <div class='ocr_carea' id='block_1_65' title="bbox 2200 605 3920 678">
    <p class='ocr_par' dir='ltr' id='par_1_65' title="bbox 2200 605 3920 678">
     <span class='ocr_line' id='line_1_65' title="bbox 2200 605 3920 678; baseline 0.001 -16"><span class='ocrx_word' id='word_1_496' title='bbox 2200 609 2369 662; x_wconf 88' lang='lat' dir='ltr'>verba</span> <span class='ocrx_word' id='word_1_497' title='bbox 2388 605 2704 678; x_wconf 87' lang='lat' dir='ltr'>appellari?</span> <span class='ocrx_word' id='word_1_498' title='bbox 2723 607 2833 660; x_wconf 89' lang='lat' dir='ltr'>Ad.</span> <span class='ocrx_word' id='word_1_499' title='bbox 2849 606 2990 661; x_wconf 90' lang='lat' dir='ltr'>Scio.</span> <span class='ocrx_word' id='word_1_500' title='bbox 3017 611 3168 675; x_wconf 86' lang='lat' dir='ltr'>Aug.</span> <span class='ocrx_word' id='word_1_501' title='bbox 3195 610 3337 678; x_wconf 88' lang='lat' dir='ltr'>Ergo</span> <span class='ocrx_word' id='word_1_502' title='bbox 3360 615 3414 662; x_wconf 91' lang='lat' dir='ltr'>et</span> <span class='ocrx_word' id='word_1_503' title='bbox 3428 627 3636 664; x_wconf 90' lang='lat' dir='ltr'>nomen</span> <span class='ocrx_word' id='word_1_504' title='bbox 3660 611 3920 665; x_wconf 78' lang='lat' dir='ltr'>verbum</span> 
     </span>
    </p>
   </div>
   <div class='ocr_carea' id='block_1_66' title="bbox 2200 695 3918 769">
    <p class='ocr_par' dir='ltr' id='par_1_66' title="bbox 2200 695 3918 769">
     <span class='ocr_line' id='line_1_66' title="bbox 2200 695 3918 769; baseline 0.001 -19"><span class='ocrx_word' id='word_1_505' title='bbox 2200 702 2302 762; x_wconf 91' lang='lat' dir='ltr'>est,</span> <span class='ocrx_word' id='word_1_506' title='bbox 2335 696 2802 768; x_wconf 89' lang='lat' dir='ltr'>quandoquidem</span> <span class='ocrx_word' id='word_1_507' title='bbox 2823 695 2879 749; x_wconf 93' lang='lat' dir='ltr'>id</span> <span class='ocrx_word' id='word_1_508' title='bbox 2910 696 3166 749; x_wconf 89' lang='lat' dir='ltr'>videmus</span> <span class='ocrx_word' id='word_1_509' title='bbox 3193 714 3323 751; x_wconf 92' lang='lat' dir='ltr'>cum</span> <span class='ocrx_word' id='word_1_510' title='bbox 3354 699 3548 769; x_wconf 90' lang='lat' dir='ltr'>aliquo</span> <span class='ocrx_word' id='word_1_511' title='bbox 3572 699 3918 769; x_wconf 87' lang='lat' dir='ltr'>signiﬁcatu</span> 
     </span>
    </p>
   </div>
   <div class='ocr_carea' id='block_1_67' title="bbox 2201 785 3928 854">
    <p class='ocr_par' dir='ltr' id='par_1_67' title="bbox 2201 785 3928 854">
     <span class='ocr_line' id='line_1_67' title="bbox 2201 785 3928 854; baseline 0 -15"><span class='ocrx_word' id='word_1_512' title='bbox 2201 786 2496 840; x_wconf 86' lang='lat' dir='ltr'>articulata</span> <span class='ocrx_word' id='word_1_513' title='bbox 2521 802 2653 838; x_wconf 84' lang='lat' dir='ltr'>voce</span> <span class='ocrx_word' id='word_1_514' title='bbox 2681 785 2924 854; x_wconf 76' lang='lat' dir='ltr'>proferri</span> <span class='ocrx_word' id='word_1_515' title='bbox 2950 801 2962 850; x_wconf 91' lang='lat'>;</span> <span class='ocrx_word' id='word_1_516' title='bbox 2987 790 3042 838; x_wconf 92' lang='lat' dir='ltr'>et</span> <span class='ocrx_word' id='word_1_517' title='bbox 3072 802 3202 838; x_wconf 92' lang='lat' dir='ltr'>cum</span> <span class='ocrx_word' id='word_1_518' title='bbox 3231 785 3473 839; x_wconf 90' lang='lat' dir='ltr'>dicimus</span> <span class='ocrx_word' id='word_1_519' title='bbox 3501 786 3791 840; x_wconf 84' lang='lat' dir='ltr'>disertum</span> <span class='ocrx_word' id='word_1_520' title='bbox 3821 787 3928 839; x_wconf 88' lang='lat' dir='ltr'>ho-</span> 
     </span>
    </p>
   </div>
   <div class='ocr_carea' id='block_1_68' title="bbox 2201 872 3928 944">
    <p class='ocr_par' dir='ltr' id='par_1_68' title="bbox 2201 872 3928 944">
     <span class='ocr_line' id='line_1_68' title="bbox 2201 872 3928 944; baseline -0.001 -17"><span class='ocrx_word' id='word_1_521' title='bbox 2201 874 2415 927; x_wconf 87' lang='lat' dir='ltr'>minem</span> <span class='ocrx_word' id='word_1_522' title='bbox 2428 873 2594 927; x_wconf 91' lang='lat' dir='ltr'>bonis</span> <span class='ocrx_word' id='word_1_523' title='bbox 2606 873 2789 926; x_wconf 88' lang='lat' dir='ltr'>verbis</span> <span class='ocrx_word' id='word_1_524' title='bbox 2807 872 2908 938; x_wconf 91' lang='lat' dir='ltr'>uti,</span> <span class='ocrx_word' id='word_1_525' title='bbox 2929 873 3100 926; x_wconf 89' lang='lat' dir='ltr'>etiam</span> <span class='ocrx_word' id='word_1_526' title='bbox 3115 873 3444 926; x_wconf 84' lang='lat' dir='ltr'>nominibus</span> <span class='ocrx_word' id='word_1_527' title='bbox 3459 875 3663 944; x_wconf 90' lang='lat' dir='ltr'>utique</span> <span class='ocrx_word' id='word_1_528' title='bbox 3689 875 3928 941; x_wconf 87' lang='lat' dir='ltr'>utitur;</span> 
     </span>
    </p>
   </div>
   <div class='ocr_carea' id='block_1_69' title="bbox 2201 961 3927 1031">
    <p class='ocr_par' dir='ltr' id='par_1_69' title="bbox 2201 961 3927 1031">
     <span class='ocr_line' id='line_1_69' title="bbox 2201 961 3927 1031; baseline -0.001 -15"><span class='ocrx_word' id='word_1_529' title='bbox 2201 968 2412 1016; x_wconf 90' lang='lat' dir='ltr'>etcum</span> <span class='ocrx_word' id='word_1_530' title='bbox 2445 961 2566 1015; x_wconf 91' lang='lat' dir='ltr'>seni</span> <span class='ocrx_word' id='word_1_531' title='bbox 2609 961 2839 1014; x_wconf 92' lang='lat' dir='ltr'>domino</span> <span class='ocrx_word' id='word_1_532' title='bbox 2883 961 3036 1031; x_wconf 88' lang='lat' dir='ltr'>apud</span> <span class='ocrx_word' id='word_1_533' title='bbox 3079 962 3408 1015; x_wconf 90' lang='lat' dir='ltr'>Terentium</span> <span class='ocrx_word' id='word_1_534' title='bbox 3447 979 3644 1015; x_wconf 84' lang='lat' dir='ltr'>servus</span> <span class='ocrx_word' id='word_1_535' title='bbox 3687 963 3927 1025; x_wconf 86' lang='lat' dir='ltr'>retulit,</span> 
     </span>
    </p>
   </div>
   <div class='ocr_carea' id='block_1_70' title="bbox 2201 1049 3929 1118">
    <p class='ocr_par' dir='ltr' id='par_1_70' title="bbox 2201 1049 3929 1118">
     <span class='ocr_line' id='line_1_70' title="bbox 2201 1049 3929 1118; baseline 0 -14"><span class='ocrx_word' id='word_1_536' title='bbox 2201 1053 2348 1104; x_wconf 87' lang='lat' dir='ltr'>Bona</span> <span class='ocrx_word' id='word_1_537' title='bbox 2387 1050 2548 1103; x_wconf 86' lang='lat' dir='ltr'>verba</span> <span class='ocrx_word' id='word_1_538' title='bbox 2582 1065 2757 1118; x_wconf 69' lang='lat' dir='ltr'>quaaso</span> <span class='ocrx_word' id='word_1_539' title='bbox 2797 1051 2884 1118; x_wconf 88' lang='lat' dir='ltr'>(In</span> <span class='ocrx_word' id='word_1_540' title='bbox 2931 1049 3173 1114; x_wconf 83' lang='lat' dir='ltr'>Andria,</span> <span class='ocrx_word' id='word_1_541' title='bbox 3213 1056 3318 1103; x_wconf 83' lang='lat' dir='ltr'>act.</span> <span class='ocrx_word' id='word_1_542' title='bbox 3368 1054 3414 1114; x_wconf 86' lang='grc'><strong>1,</strong></span> <span class='ocrx_word' id='word_1_543' title='bbox 3449 1067 3589 1104; x_wconf 82' lang='lat' dir='ltr'>scen.</span> <span class='ocrx_word' id='word_1_544' title='bbox 3618 1055 3652 1103; x_wconf 76' lang='lat'>&#39;2</span> <span class='ocrx_word' id='word_1_545' title='bbox 3697 1068 3756 1103; x_wconf 89' lang='grc' dir='ltr'>υ.</span> <span class='ocrx_word' id='word_1_546' title='bbox 3809 1054 3929 1114; x_wconf 73' lang='lat'>33},</span> 
     </span>
    </p>
   </div>
   <div class='ocr_carea' id='block_1_71' title="bbox 2201 1137 3928 1203">
    <p class='ocr_par' dir='ltr' id='par_1_71' title="bbox 2201 1137 3928 1203">
     <span class='ocr_line' id='line_1_71' title="bbox 2201 1137 3928 1203; baseline -0.001 -10"><span class='ocrx_word' id='word_1_547' title='bbox 2201 1139 2381 1193; x_wconf 91' lang='lat' dir='ltr'>multa</span> <span class='ocrx_word' id='word_1_548' title='bbox 2411 1139 2504 1192; x_wconf 89' lang='lat' dir='ltr'>ille</span> <span class='ocrx_word' id='word_1_549' title='bbox 2536 1139 2711 1192; x_wconf 90' lang='lat' dir='ltr'>etiam</span> <span class='ocrx_word' id='word_1_550' title='bbox 2741 1138 2974 1191; x_wconf 91' lang='lat' dir='ltr'>nomina</span> <span class='ocrx_word' id='word_1_551' title='bbox 3004 1137 3242 1192; x_wconf 83' lang='lat' dir='ltr'>dixerat.</span> <span class='ocrx_word' id='word_1_552' title='bbox 3272 1138 3381 1193; x_wconf 88' lang='lat' dir='ltr'>Ad.</span> <span class='ocrx_word' id='word_1_553' title='bbox 3413 1140 3738 1192; x_wconf 83' lang='lat' dir='ltr'>Assentior.</span> <span class='ocrx_word' id='word_1_554' title='bbox 3767 1140 3928 1203; x_wconf 83' lang='lat' dir='ltr'>Aug.</span> 
     </span>
    </p>
   </div>
   <div class='ocr_carea' id='block_1_72' title="bbox 2200 1226 3930 1297">
    <p class='ocr_par' dir='ltr' id='par_1_72' title="bbox 2200 1226 3930 1297">
     <span class='ocr_line' id='line_1_72' title="bbox 2200 1226 3930 1297; baseline -0.001 -16"><span class='ocrx_word' id='word_1_555' title='bbox 2200 1227 2471 1282; x_wconf 85' lang='lat' dir='ltr'>Concedis</span> <span class='ocrx_word' id='word_1_556' title='bbox 2504 1227 2681 1297; x_wconf 89' lang='lat' dir='ltr'>igitur</span> <span class='ocrx_word' id='word_1_557' title='bbox 2713 1226 2782 1279; x_wconf 92' lang='lat' dir='ltr'>iis</span> <span class='ocrx_word' id='word_1_558' title='bbox 2813 1226 3033 1280; x_wconf 91' lang='lat' dir='ltr'>duabus</span> <span class='ocrx_word' id='word_1_559' title='bbox 3064 1226 3297 1296; x_wconf 86' lang='lat' dir='ltr'>syllabis</span> <span class='ocrx_word' id='word_1_560' title='bbox 3326 1243 3466 1297; x_wconf 89' lang='lat' dir='ltr'>quas</span> <span class='ocrx_word' id='word_1_561' title='bbox 3492 1227 3752 1291; x_wconf 86' lang='lat' dir='ltr'>edimus,</span> <span class='ocrx_word' id='word_1_562' title='bbox 3787 1243 3930 1280; x_wconf 89' lang='lat' dir='ltr'>cum</span> 
     </span>
    </p>
   </div>
   <div class='ocr_carea' id='block_1_73' title="bbox 2199 1315 3929 1384">
    <p class='ocr_par' dir='ltr' id='par_1_73' title="bbox 2199 1315 3929 1384">
     <span class='ocr_line' id='line_1_73' title="bbox 2199 1315 3929 1384; baseline 0 -15"><span class='ocrx_word' id='word_1_563' title='bbox 2199 1317 2460 1383; x_wconf 91' lang='lat' dir='ltr'>dicimus,</span> <span class='ocrx_word' id='word_1_564' title='bbox 2511 1316 2780 1380; x_wconf 84' lang='lat' dir='ltr'>Verbum,</span> <span class='ocrx_word' id='word_1_565' title='bbox 2828 1331 3038 1368; x_wconf 90' lang='lat' dir='ltr'>nomen</span> <span class='ocrx_word' id='word_1_566' title='bbox 3077 1331 3312 1384; x_wconf 89' lang='lat' dir='ltr'>quoque</span> <span class='ocrx_word' id='word_1_567' title='bbox 3357 1315 3694 1384; x_wconf 87' lang='lat' dir='ltr'>signiﬁcari,</span> <span class='ocrx_word' id='word_1_568' title='bbox 3745 1321 3807 1369; x_wconf 89' lang='lat' dir='ltr'>et</span> <span class='ocrx_word' id='word_1_569' title='bbox 3856 1318 3929 1369; x_wconf 79' lang='lat' dir='ltr'>ob</span> 
     </span>
    </p>
   </div>
   <div class='ocr_carea' id='block_1_74' title="bbox 2199 1404 3929 1474">
    <p class='ocr_par' dir='ltr' id='par_1_74' title="bbox 2199 1404 3929 1474">
     <span class='ocr_line' id='line_1_74' title="bbox 2199 1404 3929 1474; baseline 0 -17"><span class='ocrx_word' id='word_1_570' title='bbox 2199 1404 2306 1457; x_wconf 89' lang='lat' dir='ltr'>hoc</span> <span class='ocrx_word' id='word_1_571' title='bbox 2337 1404 2478 1457; x_wconf 90' lang='lat' dir='ltr'>illud</span> <span class='ocrx_word' id='word_1_572' title='bbox 2509 1404 2680 1474; x_wconf 87' lang='lat' dir='ltr'>hujus</span> <span class='ocrx_word' id='word_1_573' title='bbox 2711 1404 2937 1474; x_wconf 90' lang='lat' dir='ltr'>signum</span> <span class='ocrx_word' id='word_1_574' title='bbox 2969 1421 3108 1458; x_wconf 82' lang='lat' dir='ltr'>esse.</span> <span class='ocrx_word' id='word_1_575' title='bbox 3144 1405 3255 1458; x_wconf 80' lang='lat' dir='ltr'>Ad.</span> <span class='ocrx_word' id='word_1_576' title='bbox 3287 1405 3567 1459; x_wconf 90' lang='lat' dir='ltr'>Concedo.</span> <span class='ocrx_word' id='word_1_577' title='bbox 3602 1408 3765 1472; x_wconf 86' lang='lat' dir='ltr'>Aug.</span> <span class='ocrx_word' id='word_1_578' title='bbox 3807 1407 3929 1458; x_wconf 81' lang='lat' dir='ltr'>Hoc</span> 
     </span>
    </p>
   </div>
   <div class='ocr_carea' id='block_1_75' title="bbox 2197 1493 3932 1564">
    <p class='ocr_par' dir='ltr' id='par_1_75' title="bbox 2197 1493 3932 1564">
     <span class='ocr_line' id='line_1_75' title="bbox 2197 1493 3932 1564; baseline 0 -19"><span class='ocrx_word' id='word_1_579' title='bbox 2197 1508 2426 1564; x_wconf 91' lang='lat' dir='ltr'>quoque</span> <span class='ocrx_word' id='word_1_580' title='bbox 2475 1493 2819 1563; x_wconf 87' lang='lat' dir='ltr'>respondeas</span> <span class='ocrx_word' id='word_1_581' title='bbox 2863 1493 3054 1547; x_wconf 86' lang='lat' dir='ltr'>velim.</span> <span class='ocrx_word' id='word_1_582' title='bbox 3099 1494 3241 1547; x_wconf 92' lang='lat' dir='ltr'>Cum</span> <span class='ocrx_word' id='word_1_583' title='bbox 3286 1495 3520 1547; x_wconf 81' lang='lat' dir='ltr'>verbum</span> <span class='ocrx_word' id='word_1_584' title='bbox 3564 1493 3816 1564; x_wconf 89' lang='lat' dir='ltr'>signum</span> <span class='ocrx_word' id='word_1_585' title='bbox 3855 1494 3932 1546; x_wconf 79' lang='lat' dir='ltr'>sit</span> 
     </span>
    </p>
   </div>
   <div class='ocr_carea' id='block_1_76' title="bbox 2199 1579 3933 1650">
    <p class='ocr_par' dir='ltr' id='par_1_76' title="bbox 2199 1579 3933 1650">
     <span class='ocr_line' id='line_1_76' title="bbox 2199 1579 3933 1650; baseline -0.001 -16"><span class='ocrx_word' id='word_1_586' title='bbox 2199 1579 2467 1642; x_wconf 88' lang='lat' dir='ltr'>nominis,</span> <span class='ocrx_word' id='word_1_587' title='bbox 2493 1584 2549 1633; x_wconf 94' lang='lat' dir='ltr'>et</span> <span class='ocrx_word' id='word_1_588' title='bbox 2577 1595 2789 1633; x_wconf 85' lang='lat' dir='ltr'>nomen</span> <span class='ocrx_word' id='word_1_589' title='bbox 2816 1579 3046 1650; x_wconf 90' lang='lat' dir='ltr'>signum</span> <span class='ocrx_word' id='word_1_590' title='bbox 3084 1581 3158 1634; x_wconf 90' lang='lat' dir='ltr'>sit</span> <span class='ocrx_word' id='word_1_591' title='bbox 3189 1581 3471 1650; x_wconf 86' lang='lat' dir='ltr'>ﬂuminis,</span> <span class='ocrx_word' id='word_1_592' title='bbox 3500 1586 3557 1634; x_wconf 90' lang='lat' dir='ltr'>et</span> <span class='ocrx_word' id='word_1_593' title='bbox 3586 1585 3826 1634; x_wconf 87' lang='lat' dir='ltr'>ﬁumen</span> <span class='ocrx_word' id='word_1_594' title='bbox 3861 1581 3933 1633; x_wconf 68' lang='grc' dir='ltr'>εἰσ</span> 
     </span>
    </p>
   </div>
   <div class='ocr_carea' id='block_1_77' title="bbox 2200 1667 3920 1740">
    <p class='ocr_par' dir='ltr' id='par_1_77' title="bbox 2200 1667 3920 1740">
     <span class='ocr_line' id='line_1_77' title="bbox 2200 1667 3920 1740; baseline 0.001 -18"><span class='ocrx_word' id='word_1_595' title='bbox 2200 1684 2375 1739; x_wconf 91' lang='lat' dir='ltr'>gnum</span> <span class='ocrx_word' id='word_1_596' title='bbox 2403 1667 2472 1721; x_wconf 93' lang='lat' dir='ltr'>sit</span> <span class='ocrx_word' id='word_1_597' title='bbox 2493 1667 2575 1721; x_wconf 89' lang='lat' dir='ltr'>rei</span> <span class='ocrx_word' id='word_1_598' title='bbox 2596 1685 2724 1739; x_wconf 60' lang='lat' dir='ltr'>qua:</span> <span class='ocrx_word' id='word_1_599' title='bbox 2749 1669 2870 1738; x_wconf 88' lang='lat' dir='ltr'>jam</span> <span class='ocrx_word' id='word_1_600' title='bbox 2898 1668 3076 1722; x_wconf 91' lang='lat' dir='ltr'>videri</span> <span class='ocrx_word' id='word_1_601' title='bbox 3098 1675 3304 1740; x_wconf 90' lang='lat' dir='ltr'>potest,</span> <span class='ocrx_word' id='word_1_602' title='bbox 3329 1676 3394 1724; x_wconf 92' lang='lat' dir='ltr'>ut</span> <span class='ocrx_word' id='word_1_603' title='bbox 3421 1671 3573 1723; x_wconf 90' lang='lat' dir='ltr'>inter</span> <span class='ocrx_word' id='word_1_604' title='bbox 3603 1671 3763 1724; x_wconf 87' lang='lat' dir='ltr'>hanc</span> <span class='ocrx_word' id='word_1_605' title='bbox 3788 1687 3920 1723; x_wconf 89' lang='lat' dir='ltr'>rem</span> 
     </span>
    </p>
   </div>
   <div class='ocr_carea' id='block_1_78' title="bbox 2199 1755 3928 1827">
    <p class='ocr_par' dir='ltr' id='par_1_78' title="bbox 2199 1755 3928 1827">
     <span class='ocr_line' id='line_1_78' title="bbox 2199 1755 3928 1827; baseline -0.002 -16"><span class='ocrx_word' id='word_1_606' title='bbox 2199 1763 2255 1811; x_wconf 90' lang='lat' dir='ltr'>et</span> <span class='ocrx_word' id='word_1_607' title='bbox 2302 1759 2539 1822; x_wconf 85' lang='lat' dir='ltr'>ﬁumen,</span> <span class='ocrx_word' id='word_1_608' title='bbox 2584 1755 2641 1809; x_wconf 92' lang='lat' dir='ltr'>id</span> <span class='ocrx_word' id='word_1_609' title='bbox 2690 1763 2770 1809; x_wconf 91' lang='lat' dir='ltr'>est</span> <span class='ocrx_word' id='word_1_610' title='bbox 2806 1756 3034 1826; x_wconf 88' lang='lat' dir='ltr'>signum</span> <span class='ocrx_word' id='word_1_611' title='bbox 3075 1757 3215 1827; x_wconf 87' lang='lat' dir='ltr'>ejus,</span> <span class='ocrx_word' id='word_1_612' title='bbox 3251 1764 3308 1810; x_wconf 92' lang='lat' dir='ltr'>et</span> <span class='ocrx_word' id='word_1_613' title='bbox 3337 1757 3487 1810; x_wconf 90' lang='lat' dir='ltr'>inter</span> <span class='ocrx_word' id='word_1_614' title='bbox 3523 1757 3631 1810; x_wconf 92' lang='lat' dir='ltr'>hoc</span> <span class='ocrx_word' id='word_1_615' title='bbox 3677 1757 3928 1825; x_wconf 86' lang='lat' dir='ltr'>signum</span> 
     </span>
    </p>
   </div>
   <div class='ocr_carea' id='block_1_79' title="bbox 2197 1845 3924 1915">
    <p class='ocr_par' dir='ltr' id='par_1_79' title="bbox 2197 1845 3924 1915">
     <span class='ocr_line' id='line_1_79' title="bbox 2197 1845 3924 1915; baseline -0.002 -15"><span class='ocrx_word' id='word_1_616' title='bbox 2197 1851 2253 1900; x_wconf 93' lang='lat' dir='ltr'>et</span> <span class='ocrx_word' id='word_1_617' title='bbox 2283 1861 2490 1899; x_wconf 90' lang='lat' dir='ltr'>nomen</span> <span class='ocrx_word' id='word_1_618' title='bbox 2537 1845 2691 1915; x_wconf 88' lang='lat' dir='ltr'>quod</span> <span class='ocrx_word' id='word_1_619' title='bbox 2725 1845 2896 1914; x_wconf 83' lang='lat' dir='ltr'>hujus</span> <span class='ocrx_word' id='word_1_620' title='bbox 2938 1845 3088 1915; x_wconf 90' lang='lat' dir='ltr'>signi</span> <span class='ocrx_word' id='word_1_621' title='bbox 3136 1846 3368 1915; x_wconf 89' lang='lat' dir='ltr'>signum</span> <span class='ocrx_word' id='word_1_622' title='bbox 3408 1852 3492 1899; x_wconf 92' lang='lat' dir='ltr'>est</span> <span class='ocrx_word' id='word_1_623' title='bbox 3530 1845 3735 1898; x_wconf 79' lang='lat' dir='ltr'>dixisti</span> <span class='ocrx_word' id='word_1_624' title='bbox 3779 1845 3924 1914; x_wconf 84' lang='lat' dir='ltr'>quid</span> 
     </span>
    </p>
   </div>
   <div class='ocr_carea' id='block_1_80' title="bbox 2196 1932 3927 2005">
    <p class='ocr_par' dir='ltr' id='par_1_80' title="bbox 2196 1932 3927 2005">
     <span class='ocr_line' id='line_1_80' title="bbox 2196 1932 3927 2005; baseline -0.002 -17"><span class='ocrx_word' id='word_1_625' title='bbox 2196 1934 2456 2001; x_wconf 90' lang='lat' dir='ltr'>intersit;</span> <span class='ocrx_word' id='word_1_626' title='bbox 2498 1934 2636 2004; x_wconf 89' lang='lat' dir='ltr'>quid</span> <span class='ocrx_word' id='word_1_627' title='bbox 2675 1932 2946 1988; x_wconf 90' lang='lat' dir='ltr'>interesse</span> <span class='ocrx_word' id='word_1_628' title='bbox 2997 1935 3293 1988; x_wconf 90' lang='lat' dir='ltr'>arbitraris</span> <span class='ocrx_word' id='word_1_629' title='bbox 3337 1935 3487 1988; x_wconf 91' lang='lat' dir='ltr'>inter</span> <span class='ocrx_word' id='word_1_630' title='bbox 3523 1935 3772 2005; x_wconf 89' lang='lat' dir='ltr'>signum</span> <span class='ocrx_word' id='word_1_631' title='bbox 3822 1951 3927 1986; x_wconf 87' lang='lat' dir='ltr'>no-</span> 
     </span>
    </p>
   </div>
   <div class='ocr_carea' id='block_1_81' title="bbox 2196 2021 3926 2094">
    <p class='ocr_par' dir='ltr' id='par_1_81' title="bbox 2196 2021 3926 2094">
     <span class='ocr_line' id='line_1_81' title="bbox 2196 2021 3926 2094; baseline 0 -20"><span class='ocrx_word' id='word_1_632' title='bbox 2196 2021 2385 2086; x_wconf 90' lang='lat' dir='ltr'>minis,</span> <span class='ocrx_word' id='word_1_633' title='bbox 2417 2022 2570 2092; x_wconf 91' lang='lat' dir='ltr'>quod</span> <span class='ocrx_word' id='word_1_634' title='bbox 2613 2022 2851 2076; x_wconf 82' lang='lat' dir='ltr'>verbum</span> <span class='ocrx_word' id='word_1_635' title='bbox 2881 2039 3001 2076; x_wconf 89' lang='lat' dir='ltr'>esse</span> <span class='ocrx_word' id='word_1_636' title='bbox 3031 2024 3434 2094; x_wconf 90' lang='lat' dir='ltr'>comperimus,</span> <span class='ocrx_word' id='word_1_637' title='bbox 3471 2030 3526 2077; x_wconf 86' lang='lat' dir='ltr'>et</span> <span class='ocrx_word' id='word_1_638' title='bbox 3563 2025 3770 2093; x_wconf 89' lang='lat' dir='ltr'>ipsum</span> <span class='ocrx_word' id='word_1_639' title='bbox 3811 2039 3926 2075; x_wconf 83' lang='lat' dir='ltr'>no-</span> 
     </span>
    </p>
   </div>
   <div class='ocr_carea' id='block_1_82' title="bbox 2195 2109 3927 2182">
    <p class='ocr_par' dir='ltr' id='par_1_82' title="bbox 2195 2109 3927 2182">
     <span class='ocr_line' id='line_1_82' title="bbox 2195 2109 3927 2182; baseline 0 -18"><span class='ocrx_word' id='word_1_640' title='bbox 2195 2127 2330 2164; x_wconf 88' lang='lat' dir='ltr'>men</span> <span class='ocrx_word' id='word_1_641' title='bbox 2349 2110 2510 2180; x_wconf 87' lang='lat' dir='ltr'>cujus</span> <span class='ocrx_word' id='word_1_642' title='bbox 2531 2109 2760 2180; x_wconf 89' lang='lat' dir='ltr'>signum</span> <span class='ocrx_word' id='word_1_643' title='bbox 2781 2115 2909 2165; x_wconf 86' lang='lat' dir='ltr'>est?</span> <span class='ocrx_word' id='word_1_644' title='bbox 2927 2111 3042 2164; x_wconf 90' lang='lat' dir='ltr'>Ad.</span> <span class='ocrx_word' id='word_1_645' title='bbox 3066 2114 3180 2166; x_wconf 88' lang='lat' dir='ltr'>Hoc</span> <span class='ocrx_word' id='word_1_646' title='bbox 3206 2112 3416 2166; x_wconf 87' lang='lat' dir='ltr'>distare</span> <span class='ocrx_word' id='word_1_647' title='bbox 3437 2111 3734 2182; x_wconf 87' lang='lat' dir='ltr'>intelligo,</span> <span class='ocrx_word' id='word_1_648' title='bbox 3762 2111 3927 2182; x_wconf 90' lang='lat' dir='ltr'>quod</span> 
     </span>
    </p>
   </div>
   <div class='ocr_carea' id='block_1_83' title="bbox 2195 2198 3920 2270">
    <p class='ocr_par' dir='ltr' id='par_1_83' title="bbox 2195 2198 3920 2270">
     <span class='ocr_line' id='line_1_83' title="bbox 2195 2198 3920 2270; baseline -0.001 -17"><span class='ocrx_word' id='word_1_649' title='bbox 2195 2216 2260 2253; x_wconf 87' lang='lat' dir='ltr'>ea</span> <span class='ocrx_word' id='word_1_650' title='bbox 2272 2215 2400 2270; x_wconf 63' lang='lat' dir='ltr'>qua:</span> <span class='ocrx_word' id='word_1_651' title='bbox 2413 2198 2806 2269; x_wconf 90' lang='lat' dir='ltr'>signiﬁcantur</span> <span class='ocrx_word' id='word_1_652' title='bbox 2820 2200 3073 2266; x_wconf 89' lang='lat' dir='ltr'>nomine,</span> <span class='ocrx_word' id='word_1_653' title='bbox 3089 2201 3257 2254; x_wconf 91' lang='lat' dir='ltr'>etiam</span> <span class='ocrx_word' id='word_1_654' title='bbox 3274 2202 3442 2254; x_wconf 89' lang='lat' dir='ltr'>verbo</span> <span class='ocrx_word' id='word_1_655' title='bbox 3462 2201 3920 2270; x_wconf 87' lang='lat' dir='ltr'>signiﬁcantur;</span> 
     </span>
    </p>
   </div>
   <div class='ocr_carea' id='block_1_84' title="bbox 2195 2287 3922 2374">
    <p class='ocr_par' dir='ltr' id='par_1_84' title="bbox 2195 2287 3922 2374">
     <span class='ocr_line' id='line_1_84' title="bbox 2195 2287 3922 2374; baseline 0 -33"><span class='ocrx_word' id='word_1_656' title='bbox 2195 2293 2260 2341; x_wconf 90' lang='lat' dir='ltr'>ut</span> <span class='ocrx_word' id='word_1_657' title='bbox 2279 2287 2432 2340; x_wconf 91' lang='lat' dir='ltr'>enim</span> <span class='ocrx_word' id='word_1_658' title='bbox 2455 2303 2664 2340; x_wconf 90' lang='lat' dir='ltr'>nomen</span> <span class='ocrx_word' id='word_1_659' title='bbox 2685 2292 2768 2340; x_wconf 91' lang='lat' dir='ltr'>est</span> <span class='ocrx_word' id='word_1_660' title='bbox 2788 2290 3041 2353; x_wconf 86' lang='lat' dir='ltr'>verbum,</span> <span class='ocrx_word' id='word_1_661' title='bbox 3070 2289 3147 2342; x_wconf 90' lang='lat' dir='ltr'>ita</span> <span class='ocrx_word' id='word_1_662' title='bbox 3174 2296 3230 2344; x_wconf 91' lang='lat' dir='ltr'>et</span> <span class='ocrx_word' id='word_1_663' title='bbox 3256 2293 3472 2374; x_wconf 71' lang='lat' dir='ltr'>ﬁumen</span> <span class='ocrx_word' id='word_1_664' title='bbox 3502 2290 3756 2343; x_wconf 83' lang='lat' dir='ltr'>verbum</span> <span class='ocrx_word' id='word_1_665' title='bbox 3787 2294 3878 2342; x_wconf 80' lang='lat' dir='ltr'>est</span> <span class='ocrx_word' id='word_1_666' title='bbox 3909 2306 3922 2341; x_wconf 90' lang='lat'><strong>:</strong></span> 
     </span>
    </p>
   </div>
   <div class='ocr_carea' id='block_1_85' title="bbox 2196 2375 3918 2447">
    <p class='ocr_par' dir='ltr' id='par_1_85' title="bbox 2196 2375 3918 2447">
     <span class='ocr_line' id='line_1_85' title="bbox 2196 2375 3918 2447; baseline 0.001 -19"><span class='ocrx_word' id='word_1_667' title='bbox 2196 2392 2324 2444; x_wconf 67' lang='lat' dir='ltr'>qua:</span> <span class='ocrx_word' id='word_1_668' title='bbox 2371 2379 2562 2429; x_wconf 88' lang='lat' dir='ltr'>autem</span> <span class='ocrx_word' id='word_1_669' title='bbox 2613 2375 2784 2429; x_wconf 89' lang='lat' dir='ltr'>verbo</span> <span class='ocrx_word' id='word_1_670' title='bbox 2825 2376 3240 2446; x_wconf 89' lang='lat' dir='ltr'>signiﬁcantur,</span> <span class='ocrx_word' id='word_1_671' title='bbox 3275 2395 3388 2432; x_wconf 92' lang='lat' dir='ltr'>non</span> <span class='ocrx_word' id='word_1_672' title='bbox 3429 2377 3629 2430; x_wconf 86' lang='lat' dir='ltr'>omnia</span> <span class='ocrx_word' id='word_1_673' title='bbox 3671 2378 3918 2447; x_wconf 83' lang='lat' dir='ltr'>signiﬁ-</span> 
     </span>
    </p>
   </div>
   <div class='ocr_carea' id='block_1_86' title="bbox 2195 2464 3922 2538">
    <p class='ocr_par' dir='ltr' id='par_1_86' title="bbox 2195 2464 3922 2538">
     <span class='ocr_line' id='line_1_86' title="bbox 2195 2464 3922 2538; baseline 0.002 -20"><span class='ocrx_word' id='word_1_674' title='bbox 2195 2470 2394 2518; x_wconf 87' lang='lat' dir='ltr'>cantur</span> <span class='ocrx_word' id='word_1_675' title='bbox 2430 2469 2485 2518; x_wconf 92' lang='lat' dir='ltr'>et</span> <span class='ocrx_word' id='word_1_676' title='bbox 2526 2464 2772 2518; x_wconf 91' lang='lat' dir='ltr'>nomine.</span> <span class='ocrx_word' id='word_1_677' title='bbox 2817 2466 2958 2519; x_wconf 77' lang='lat' dir='ltr'>Nam</span> <span class='ocrx_word' id='word_1_678' title='bbox 2995 2473 3052 2521; x_wconf 93' lang='lat' dir='ltr'>et</span> <span class='ocrx_word' id='word_1_679' title='bbox 3095 2467 3256 2534; x_wconf 91' lang='lat' dir='ltr'>illud,</span> <span class='ocrx_word' id='word_1_680' title='bbox 3307 2471 3372 2529; x_wconf 74' lang='lat' dir='ltr'>si,</span> <span class='ocrx_word' id='word_1_681' title='bbox 3415 2467 3567 2538; x_wconf 91' lang='lat' dir='ltr'>quod</span> <span class='ocrx_word' id='word_1_682' title='bbox 3597 2467 3676 2519; x_wconf 83' lang='lat' dir='ltr'>&#39;in</span> <span class='ocrx_word' id='word_1_683' title='bbox 3724 2469 3922 2537; x_wconf 61' lang='lat' dir='ltr'>capite</span> 
     </span>
    </p>
   </div>
   <div class='ocr_carea' id='block_1_87' title="bbox 2194 2554 3922 2626">
    <p class='ocr_par' dir='ltr' id='par_1_87' title="bbox 2194 2554 3922 2626">
     <span class='ocr_line' id='line_1_87' title="bbox 2194 2554 3922 2626; baseline 0 -17"><span class='ocrx_word' id='word_1_684' title='bbox 2194 2555 2367 2609; x_wconf 88' lang='lat' dir='ltr'>habet</span> <span class='ocrx_word' id='word_1_685' title='bbox 2396 2554 2495 2608; x_wconf 91' lang='lat' dir='ltr'>abs</span> <span class='ocrx_word' id='word_1_686' title='bbox 2541 2560 2593 2608; x_wconf 93' lang='lat' dir='ltr'>te</span> <span class='ocrx_word' id='word_1_687' title='bbox 2640 2555 2968 2625; x_wconf 90' lang='lat' dir='ltr'>propositus</span> <span class='ocrx_word' id='word_1_688' title='bbox 3016 2573 3226 2619; x_wconf 88' lang='lat' dir='ltr'>versus,</span> <span class='ocrx_word' id='word_1_689' title='bbox 3277 2564 3333 2611; x_wconf 91' lang='lat' dir='ltr'>et</span> <span class='ocrx_word' id='word_1_690' title='bbox 3378 2558 3508 2625; x_wconf 92' lang='lat' dir='ltr'>hoc,</span> <span class='ocrx_word' id='word_1_691' title='bbox 3539 2574 3628 2622; x_wconf 58' lang='grc' dir='ltr'>ρετ,</span> <span class='ocrx_word' id='word_1_692' title='bbox 3680 2557 3761 2610; x_wconf 90' lang='lat' dir='ltr'>de</span> <span class='ocrx_word' id='word_1_693' title='bbox 3795 2573 3922 2626; x_wconf 90' lang='lat' dir='ltr'>quo</span> 
     </span>
    </p>
   </div>
   <div class='ocr_carea' id='block_1_88' title="bbox 2187 2643 3913 2715">
    <p class='ocr_par' dir='ltr' id='par_1_88' title="bbox 2187 2643 3913 2715">
     <span class='ocr_line' id='line_1_88' title="bbox 2187 2643 3913 2715; baseline 0.001 -19"><span class='ocrx_word' id='word_1_694' title='bbox 2187 2645 2308 2715; x_wconf 91' lang='lat' dir='ltr'>jam</span> <span class='ocrx_word' id='word_1_695' title='bbox 2359 2643 2455 2698; x_wconf 92' lang='lat' dir='ltr'>diu</span> <span class='ocrx_word' id='word_1_696' title='bbox 2490 2648 2722 2713; x_wconf 89' lang='lat' dir='ltr'>agentes</span> <span class='ocrx_word' id='word_1_697' title='bbox 2771 2643 2828 2696; x_wconf 93' lang='lat' dir='ltr'>in</span> <span class='ocrx_word' id='word_1_698' title='bbox 2867 2646 2987 2698; x_wconf 64' lang='lat' dir='ltr'>hinc</span> <span class='ocrx_word' id='word_1_699' title='bbox 3039 2645 3180 2698; x_wconf 91' lang='lat' dir='ltr'>duce</span> <span class='ocrx_word' id='word_1_700' title='bbox 3229 2645 3447 2699; x_wconf 86' lang='lat' dir='ltr'>ratione</span> <span class='ocrx_word' id='word_1_701' title='bbox 3501 2645 3913 2715; x_wconf 82' lang='lat' dir='ltr'>pervenimus,</span> 
     </span>
    </p>
   </div>
   <div class='ocr_carea' id='block_1_89' title="bbox 2193 2732 3917 2800">
    <p class='ocr_par' dir='ltr' id='par_1_89' title="bbox 2193 2732 3917 2800">
     <span class='ocr_line' id='line_1_89' title="bbox 2193 2732 3917 2800; baseline 0.001 -14"><span class='ocrx_word' id='word_1_702' title='bbox 2193 2732 2362 2786; x_wconf 86' lang='lat' dir='ltr'>verba</span> <span class='ocrx_word' id='word_1_703' title='bbox 2392 2738 2544 2800; x_wconf 87' lang='lat' dir='ltr'>sunt,</span> <span class='ocrx_word' id='word_1_704' title='bbox 2577 2748 2680 2785; x_wconf 90' lang='lat' dir='ltr'>nec</span> <span class='ocrx_word' id='word_1_705' title='bbox 2721 2737 2914 2786; x_wconf 91' lang='lat' dir='ltr'>tamen</span> <span class='ocrx_word' id='word_1_706' title='bbox 2941 2733 3206 2799; x_wconf 85' lang='lat' dir='ltr'>nomina;</span> <span class='ocrx_word' id='word_1_707' title='bbox 3239 2740 3293 2787; x_wconf 91' lang='lat' dir='ltr'>et</span> <span class='ocrx_word' id='word_1_708' title='bbox 3343 2734 3476 2787; x_wconf 88' lang='lat' dir='ltr'>talia</span> <span class='ocrx_word' id='word_1_709' title='bbox 3510 2735 3699 2786; x_wconf 85' lang='lat' dir='ltr'>multa</span> <span class='ocrx_word' id='word_1_710' title='bbox 3751 2733 3917 2787; x_wconf 81' lang='lat' dir='ltr'>inve-</span> 
     </span>
    </p>
   </div>
   <div class='ocr_carea' id='block_1_90' title="bbox 2193 2821 3909 2886">
    <p class='ocr_par' dir='ltr' id='par_1_90' title="bbox 2193 2821 3909 2886">
     <span class='ocr_line' id='line_1_90' title="bbox 2193 2821 3909 2886; baseline -0.001 -11"><span class='ocrx_word' id='word_1_711' title='bbox 2193 2822 2449 2876; x_wconf 86' lang='lat' dir='ltr'>niuntur.</span> <span class='ocrx_word' id='word_1_712' title='bbox 2481 2821 2864 2885; x_wconf 89' lang='lat' dir='ltr'>Quamobrem</span> <span class='ocrx_word' id='word_1_713' title='bbox 2894 2839 3024 2876; x_wconf 91' lang='lat' dir='ltr'>cum</span> <span class='ocrx_word' id='word_1_714' title='bbox 3055 2822 3249 2876; x_wconf 87' lang='lat' dir='ltr'>omnia</span> <span class='ocrx_word' id='word_1_715' title='bbox 3287 2823 3520 2876; x_wconf 89' lang='lat' dir='ltr'>nomina</span> <span class='ocrx_word' id='word_1_716' title='bbox 3549 2821 3736 2874; x_wconf 84' lang='lat' dir='ltr'>verba</span> <span class='ocrx_word' id='word_1_717' title='bbox 3771 2822 3909 2886; x_wconf 89' lang='lat' dir='ltr'>sint,</span> 
     </span>
    </p>
   </div>
   <div class='ocr_carea' id='block_1_91' title="bbox 2192 2909 3908 2980">
    <p class='ocr_par' dir='ltr' id='par_1_91' title="bbox 2192 2909 3908 2980">
     <span class='ocr_line' id='line_1_91' title="bbox 2192 2909 3908 2980; baseline 0 -16"><span class='ocrx_word' id='word_1_718' title='bbox 2192 2928 2309 2964; x_wconf 90' lang='lat' dir='ltr'>non</span> <span class='ocrx_word' id='word_1_719' title='bbox 2345 2915 2534 2964; x_wconf 83' lang='lat' dir='ltr'>autem</span> <span class='ocrx_word' id='word_1_720' title='bbox 2573 2909 2767 2963; x_wconf 91' lang='lat' dir='ltr'>omnia</span> <span class='ocrx_word' id='word_1_721' title='bbox 2809 2911 2979 2964; x_wconf 87' lang='lat' dir='ltr'>verba</span> <span class='ocrx_word' id='word_1_722' title='bbox 3024 2911 3259 2964; x_wconf 87' lang='lat' dir='ltr'>nomina</span> <span class='ocrx_word' id='word_1_723' title='bbox 3304 2912 3435 2975; x_wconf 89' lang='lat' dir='ltr'>sint,</span> <span class='ocrx_word' id='word_1_724' title='bbox 3484 2911 3742 2980; x_wconf 87' lang='lat' dir='ltr'>planum</span> <span class='ocrx_word' id='word_1_725' title='bbox 3783 2928 3908 2964; x_wconf 81' lang='lat' dir='ltr'>esse</span> 
     </span>
    </p>
   </div>
   <div class='ocr_carea' id='block_1_92' title="bbox 2192 2998 3913 3069">
    <p class='ocr_par' dir='ltr' id='par_1_92' title="bbox 2192 2998 3913 3069">
     <span class='ocr_line' id='line_1_92' title="bbox 2192 2998 3913 3069; baseline -0.001 -16"><span class='ocrx_word' id='word_1_726' title='bbox 2192 2999 2435 3053; x_wconf 88' lang='lat' dir='ltr'>arbitror</span> <span class='ocrx_word' id='word_1_727' title='bbox 2471 2998 2609 3069; x_wconf 92' lang='lat' dir='ltr'>quid</span> <span class='ocrx_word' id='word_1_728' title='bbox 2658 2998 2806 3051; x_wconf 88' lang='lat' dir='ltr'>inter</span> <span class='ocrx_word' id='word_1_729' title='bbox 2853 3001 3090 3054; x_wconf 90' lang='lat' dir='ltr'>verbum</span> <span class='ocrx_word' id='word_1_730' title='bbox 3136 3000 3301 3053; x_wconf 86' lang='lat' dir='ltr'>distet</span> <span class='ocrx_word' id='word_1_731' title='bbox 3331 3005 3386 3052; x_wconf 91' lang='lat' dir='ltr'>et</span> <span class='ocrx_word' id='word_1_732' title='bbox 3415 3016 3654 3064; x_wconf 87' lang='lat' dir='ltr'>nomen,</span> <span class='ocrx_word' id='word_1_733' title='bbox 3715 2999 3782 3052; x_wconf 86' lang='lat' dir='ltr'>id</span> <span class='ocrx_word' id='word_1_734' title='bbox 3829 3006 3913 3052; x_wconf 84' lang='lat' dir='ltr'>est</span> 
     </span>
    </p>
   </div>
   <div class='ocr_carea' id='block_1_93' title="bbox 2189 3085 3912 3158">
    <p class='ocr_par' dir='ltr' id='par_1_93' title="bbox 2189 3085 3912 3158">
     <span class='ocr_line' id='line_1_93' title="bbox 2189 3085 3912 3158; baseline 0.001 -20"><span class='ocrx_word' id='word_1_735' title='bbox 2189 3086 2337 3138; x_wconf 89' lang='lat' dir='ltr'>inter</span> <span class='ocrx_word' id='word_1_736' title='bbox 2367 3085 2592 3156; x_wconf 91' lang='lat' dir='ltr'>signum</span> <span class='ocrx_word' id='word_1_737' title='bbox 2639 3085 2786 3156; x_wconf 89' lang='lat' dir='ltr'>signi</span> <span class='ocrx_word' id='word_1_738' title='bbox 2818 3088 2938 3158; x_wconf 88' lang='lat' dir='ltr'>ejus</span> <span class='ocrx_word' id='word_1_739' title='bbox 2968 3088 3119 3158; x_wconf 86' lang='lat' dir='ltr'>quod</span> <span class='ocrx_word' id='word_1_740' title='bbox 3152 3089 3308 3141; x_wconf 88' lang='lat' dir='ltr'>nulla</span> <span class='ocrx_word' id='word_1_741' title='bbox 3351 3088 3459 3142; x_wconf 88' lang='lat' dir='ltr'>alia</span> <span class='ocrx_word' id='word_1_742' title='bbox 3494 3088 3666 3158; x_wconf 87' lang='lat' dir='ltr'>signa</span> <span class='ocrx_word' id='word_1_743' title='bbox 3718 3088 3912 3158; x_wconf 83' lang='lat' dir='ltr'>signi-</span> 
     </span>
    </p>
   </div>
   <div class='ocr_carea' id='block_1_94' title="bbox 2188 3175 3906 3247">
    <p class='ocr_par' dir='ltr' id='par_1_94' title="bbox 2188 3175 3906 3247">
     <span class='ocr_line' id='line_1_94' title="bbox 2188 3175 3906 3247; baseline 0.001 -20"><span class='ocrx_word' id='word_1_744' title='bbox 2188 3175 2336 3240; x_wconf 87' lang='lat' dir='ltr'>ﬁcat,</span> <span class='ocrx_word' id='word_1_745' title='bbox 2371 3180 2426 3228; x_wconf 85' lang='lat' dir='ltr'>et.</span> <span class='ocrx_word' id='word_1_746' title='bbox 2445 3175 2674 3245; x_wconf 88' lang='lat' dir='ltr'>signum</span> <span class='ocrx_word' id='word_1_747' title='bbox 2705 3175 2853 3244; x_wconf 88' lang='lat' dir='ltr'>signi</span> <span class='ocrx_word' id='word_1_748' title='bbox 2885 3177 3004 3245; x_wconf 88' lang='lat' dir='ltr'>ejus</span> <span class='ocrx_word' id='word_1_749' title='bbox 3032 3177 3187 3247; x_wconf 87' lang='lat' dir='ltr'>quod</span> <span class='ocrx_word' id='word_1_750' title='bbox 3219 3193 3415 3230; x_wconf 87' lang='lat' dir='ltr'>rursus</span> <span class='ocrx_word' id='word_1_751' title='bbox 3436 3177 3545 3229; x_wconf 89' lang='lat' dir='ltr'>alia</span> <span class='ocrx_word' id='word_1_752' title='bbox 3579 3177 3906 3246; x_wconf 81' lang='lat' dir='ltr'>signiﬁcat.</span> 
     </span>
    </p>
   </div>
   <div class='ocr_carea' id='block_1_95' title="bbox 2187 3263 3909 3336">
    <p class='ocr_par' dir='ltr' id='par_1_95' title="bbox 2187 3263 3909 3336">
     <span class='ocr_line' id='line_1_95' title="bbox 2187 3263 3909 3336; baseline 0 -19"><span class='ocrx_word' id='word_1_753' title='bbox 2187 3265 2332 3330; x_wconf 87' lang='lat' dir='ltr'>Aug.</span> <span class='ocrx_word' id='word_1_754' title='bbox 2371 3263 2718 3316; x_wconf 86' lang='lat' dir='ltr'>Concedisne</span> <span class='ocrx_word' id='word_1_755' title='bbox 2768 3280 2997 3317; x_wconf 92' lang='lat' dir='ltr'>omnem</span> <span class='ocrx_word' id='word_1_756' title='bbox 3054 3281 3266 3336; x_wconf 90' lang='lat' dir='ltr'>equum</span> <span class='ocrx_word' id='word_1_757' title='bbox 3329 3265 3541 3318; x_wconf 90' lang='lat' dir='ltr'>animal</span> <span class='ocrx_word' id='word_1_758' title='bbox 3593 3282 3751 3331; x_wconf 87' lang='lat' dir='ltr'>esse,</span> <span class='ocrx_word' id='word_1_759' title='bbox 3805 3282 3909 3318; x_wconf 86' lang='lat' dir='ltr'>nec</span> 
     </span>
    </p>
   </div>
   <div class='ocr_carea' id='block_1_96' title="bbox 2187 3350 3907 3420">
    <p class='ocr_par' dir='ltr' id='par_1_96' title="bbox 2187 3350 3907 3420">
     <span class='ocr_line' id='line_1_96' title="bbox 2187 3350 3907 3420; baseline 0.003 -19"><span class='ocrx_word' id='word_1_760' title='bbox 2187 3352 2379 3402; x_wconf 88' lang='lat' dir='ltr'>tamen</span> <span class='ocrx_word' id='word_1_761' title='bbox 2412 3365 2582 3402; x_wconf 90' lang='lat' dir='ltr'>omne</span> <span class='ocrx_word' id='word_1_762' title='bbox 2625 3350 2834 3404; x_wconf 88' lang='lat' dir='ltr'>animal</span> <span class='ocrx_word' id='word_1_763' title='bbox 2867 3367 3080 3420; x_wconf 90' lang='lat' dir='ltr'>equum</span> <span class='ocrx_word' id='word_1_764' title='bbox 3117 3352 3278 3406; x_wconf 82' lang='lat' dir='ltr'>esse?</span> <span class='ocrx_word' id='word_1_765' title='bbox 3311 3353 3424 3406; x_wconf 83' lang='lat' dir='ltr'>Ad.</span> <span class='ocrx_word' id='word_1_766' title='bbox 3471 3352 3613 3416; x_wconf 92' lang='lat' dir='ltr'>Quis</span> <span class='ocrx_word' id='word_1_767' title='bbox 3664 3353 3907 3406; x_wconf 78' lang='lat' dir='ltr'>dubita-</span> 
     </span>
    </p>
   </div>
   <div class='ocr_carea' id='block_1_97' title="bbox 2188 3437 3901 3512">
    <p class='ocr_par' dir='ltr' id='par_1_97' title="bbox 2188 3437 3901 3512">
     <span class='ocr_line' id='line_1_97' title="bbox 2188 3437 3901 3512; baseline 0.003 -23"><span class='ocrx_word' id='word_1_768' title='bbox 2188 3437 2372 3490; x_wconf 85' lang='lat' dir='ltr'>verit?</span> <span class='ocrx_word' id='word_1_769' title='bbox 2401 3439 2547 3503; x_wconf 87' lang='lat' dir='ltr'>Aug.</span> <span class='ocrx_word' id='word_1_770' title='bbox 2592 3439 2705 3491; x_wconf 82' lang='lat' dir='ltr'>Hoc</span> <span class='ocrx_word' id='word_1_771' title='bbox 2735 3454 2868 3507; x_wconf 87' lang='lat' dir='ltr'>ergo</span> <span class='ocrx_word' id='word_1_772' title='bbox 2912 3439 3065 3493; x_wconf 89' lang='lat' dir='ltr'>inter</span> <span class='ocrx_word' id='word_1_773' title='bbox 3109 3457 3319 3494; x_wconf 89' lang='lat' dir='ltr'>nomen</span> <span class='ocrx_word' id='word_1_774' title='bbox 3351 3447 3405 3494; x_wconf 91' lang='lat' dir='ltr'>et</span> <span class='ocrx_word' id='word_1_775' title='bbox 3434 3441 3709 3508; x_wconf 73' lang='lat' dir='ltr'>verbum,</span> <span class='ocrx_word' id='word_1_776' title='bbox 3747 3443 3901 3512; x_wconf 84' lang='lat' dir='ltr'>quod</span> 
     </span>
    </p>
   </div>
   <div class='ocr_carea' id='block_1_98' title="bbox 2186 3524 3905 3596">
    <p class='ocr_par' dir='ltr' id='par_1_98' title="bbox 2186 3524 3905 3596">
     <span class='ocr_line' id='line_1_98' title="bbox 2186 3524 3905 3596; baseline 0.004 -20"><span class='ocrx_word' id='word_1_777' title='bbox 2186 3524 2335 3578; x_wconf 90' lang='lat' dir='ltr'>inter</span> <span class='ocrx_word' id='word_1_778' title='bbox 2364 3541 2576 3596; x_wconf 90' lang='lat' dir='ltr'>equum</span> <span class='ocrx_word' id='word_1_779' title='bbox 2621 3531 2675 3579; x_wconf 91' lang='lat' dir='ltr'>et</span> <span class='ocrx_word' id='word_1_780' title='bbox 2705 3528 2916 3581; x_wconf 89' lang='lat' dir='ltr'>animal</span> <span class='ocrx_word' id='word_1_781' title='bbox 2953 3529 3206 3582; x_wconf 89' lang='lat' dir='ltr'>interest.</span> <span class='ocrx_word' id='word_1_782' title='bbox 3245 3529 3358 3582; x_wconf 68' lang='lat' dir='ltr'>Nisi</span> <span class='ocrx_word' id='word_1_783' title='bbox 3391 3531 3532 3583; x_wconf 87' lang='lat' dir='ltr'>forte</span> <span class='ocrx_word' id='word_1_784' title='bbox 3578 3531 3656 3583; x_wconf 84' lang='lat' dir='ltr'>ab</span> <span class='ocrx_word' id='word_1_785' title='bbox 3699 3547 3905 3583; x_wconf 82' lang='lat' dir='ltr'>assen-</span> 
     </span>
    </p>
   </div>
   <div class='ocr_carea' id='block_1_99' title="bbox 2186 3613 3905 3686">
    <p class='ocr_par' dir='ltr' id='par_1_99' title="bbox 2186 3613 3905 3686">
     <span class='ocr_line' id='line_1_99' title="bbox 2186 3613 3905 3686; baseline 0.003 -19"><span class='ocrx_word' id='word_1_786' title='bbox 2186 3613 2380 3667; x_wconf 88' lang='lat' dir='ltr'>tiendo</span> <span class='ocrx_word' id='word_1_787' title='bbox 2408 3614 2465 3667; x_wconf 91' lang='lat' dir='ltr'>id</span> <span class='ocrx_word' id='word_1_788' title='bbox 2495 3619 2549 3667; x_wconf 89' lang='lat' dir='ltr'>te</span> <span class='ocrx_word' id='word_1_789' title='bbox 2577 3621 2821 3680; x_wconf 86' lang='lat' dir='ltr'>revocat,</span> <span class='ocrx_word' id='word_1_790' title='bbox 2859 3616 3014 3686; x_wconf 89' lang='lat' dir='ltr'>quod</span> <span class='ocrx_word' id='word_1_791' title='bbox 3046 3617 3285 3670; x_wconf 89' lang='lat' dir='ltr'>dicimus</span> <span class='ocrx_word' id='word_1_792' title='bbox 3315 3623 3370 3671; x_wconf 92' lang='lat' dir='ltr'>et</span> <span class='ocrx_word' id='word_1_793' title='bbox 3401 3618 3512 3670; x_wconf 92' lang='lat' dir='ltr'>alio</span> <span class='ocrx_word' id='word_1_794' title='bbox 3556 3618 3745 3672; x_wconf 90' lang='lat' dir='ltr'>modo</span> <span class='ocrx_word' id='word_1_795' title='bbox 3779 3636 3905 3672; x_wconf 78' lang='lat' dir='ltr'>ver-</span> 
     </span>
    </p>
   </div>
   <div class='ocr_carea' id='block_1_100' title="bbox 2184 3701 3904 3777">
    <p class='ocr_par' dir='ltr' id='par_1_100' title="bbox 2184 3701 3904 3777">
     <span class='ocr_line' id='line_1_100' title="bbox 2184 3701 3904 3777; baseline 0.003 -22"><span class='ocrx_word' id='word_1_796' title='bbox 2184 3701 2344 3768; x_wconf 91' lang='lat' dir='ltr'>bum,</span> <span class='ocrx_word' id='word_1_797' title='bbox 2377 3718 2489 3773; x_wconf 91' lang='lat' dir='ltr'>quo</span> <span class='ocrx_word' id='word_1_798' title='bbox 2526 3703 2919 3772; x_wconf 88' lang='lat' dir='ltr'>signiﬁcantur</span> <span class='ocrx_word' id='word_1_799' title='bbox 2961 3721 3027 3758; x_wconf 89' lang='lat' dir='ltr'>ea</span> <span class='ocrx_word' id='word_1_800' title='bbox 3071 3722 3197 3776; x_wconf 81' lang='lat' dir='ltr'>quae</span> <span class='ocrx_word' id='word_1_801' title='bbox 3244 3722 3348 3776; x_wconf 88' lang='lat' dir='ltr'>per</span> <span class='ocrx_word' id='word_1_802' title='bbox 3397 3712 3670 3777; x_wconf 71' lang='lat' dir='ltr'>tempora</span> <span class='ocrx_word' id='word_1_803' title='bbox 3724 3709 3904 3764; x_wconf 80' lang='lat' dir='ltr'>decli-</span> 
     </span>
    </p>
   </div>
   <div class='ocr_carea' id='block_1_101' title="bbox 2185 3792 3901 3866">
    <p class='ocr_par' dir='ltr' id='par_1_101' title="bbox 2185 3792 3901 3866">
     <span class='ocr_line' id='line_1_101' title="bbox 2185 3792 3901 3866; baseline 0.006 -23"><span class='ocrx_word' id='word_1_804' title='bbox 2185 3797 2415 3857; x_wconf 91' lang='lat' dir='ltr'>nantur,</span> <span class='ocrx_word' id='word_1_805' title='bbox 2448 3797 2510 3844; x_wconf 91' lang='lat' dir='ltr'>ut</span> <span class='ocrx_word' id='word_1_806' title='bbox 2551 3792 2733 3846; x_wconf 90' lang='lat' dir='ltr'>scribo</span> <span class='ocrx_word' id='word_1_807' title='bbox 2767 3792 2986 3862; x_wconf 87' lang='lat' dir='ltr'>scripsi,</span> <span class='ocrx_word' id='word_1_808' title='bbox 3021 3793 3147 3862; x_wconf 92' lang='lat' dir='ltr'>lego</span> <span class='ocrx_word' id='word_1_809' title='bbox 3177 3794 3308 3863; x_wconf 84' lang='lat' dir='ltr'>legi,</span> <span class='ocrx_word' id='word_1_810' title='bbox 3342 3811 3469 3866; x_wconf 67' lang='lat' dir='ltr'>quae</span> <span class='ocrx_word' id='word_1_811' title='bbox 3514 3797 3901 3855; x_wconf 77' lang='lat' dir='ltr'>manifestum</span> 
     </span>
    </p>
   </div>
   <div class='ocr_carea' id='block_1_102' title="bbox 2184 3881 3904 3954">
    <p class='ocr_par' dir='ltr' id='par_1_102' title="bbox 2184 3881 3904 3954">
     <span class='ocr_line' id='line_1_102' title="bbox 2184 3881 3904 3954; baseline 0.005 -20"><span class='ocrx_word' id='word_1_812' title='bbox 2184 3885 2403 3934; x_wconf 89' lang='lat' dir='ltr'>estnon</span> <span class='ocrx_word' id='word_1_813' title='bbox 2431 3897 2549 3934; x_wconf 90' lang='lat' dir='ltr'>esse</span> <span class='ocrx_word' id='word_1_814' title='bbox 2581 3881 2961 3936; x_wconf 83' lang='lat' dir='ltr'>nomina.Ad.</span> <span class='ocrx_word' id='word_1_815' title='bbox 2995 3882 3193 3936; x_wconf 87' lang='lat' dir='ltr'>Dixisti</span> <span class='ocrx_word' id='word_1_816' title='bbox 3223 3884 3458 3936; x_wconf 91' lang='lat' dir='ltr'>omnino</span> <span class='ocrx_word' id='word_1_817' title='bbox 3483 3884 3644 3954; x_wconf 90' lang='lat' dir='ltr'>quod</span> <span class='ocrx_word' id='word_1_818' title='bbox 3677 3903 3780 3942; x_wconf 89' lang='lat' dir='ltr'>me</span> <span class='ocrx_word' id='word_1_819' title='bbox 3805 3891 3904 3942; x_wconf 83' lang='lat' dir='ltr'>du-</span> 
     </span>
    </p>
   </div>
   <div class='ocr_carea' id='block_1_103' title="bbox 2181 3968 3898 4037">
    <p class='ocr_par' dir='ltr' id='par_1_103' title="bbox 2181 3968 3898 4037">
     <span class='ocr_line' id='line_1_103' title="bbox 2181 3968 3898 4037; baseline 0.005 -15"><span class='ocrx_word' id='word_1_820' title='bbox 2181 3968 2364 4022; x_wconf 90' lang='lat' dir='ltr'>bitare</span> <span class='ocrx_word' id='word_1_821' title='bbox 2410 3969 2668 4024; x_wconf 84' lang='lat' dir='ltr'>faciebat.</span> <span class='ocrx_word' id='word_1_822' title='bbox 2711 3973 2858 4037; x_wconf 82' lang='lat' dir='ltr'>Aug.</span> <span class='ocrx_word' id='word_1_823' title='bbox 2914 3971 2992 4024; x_wconf 84' lang='lat' dir='ltr'>Ne</span> <span class='ocrx_word' id='word_1_824' title='bbox 3035 3975 3089 4025; x_wconf 88' lang='lat' dir='ltr'>te</span> <span class='ocrx_word' id='word_1_825' title='bbox 3135 3971 3283 4025; x_wconf 88' lang='lat' dir='ltr'>istud</span> <span class='ocrx_word' id='word_1_826' title='bbox 3329 3978 3570 4026; x_wconf 82' lang='lat' dir='ltr'>moveat.</span> <span class='ocrx_word' id='word_1_827' title='bbox 3635 3975 3898 4031; x_wconf 85' lang='lat' dir='ltr'>Dicimus</span> 
     </span>
    </p>
   </div>
   <div class='ocr_carea' id='block_1_104' title="bbox 2182 4058 3890 4132">
    <p class='ocr_par' dir='ltr' id='par_1_104' title="bbox 2182 4058 3890 4132">
     <span class='ocr_line' id='line_1_104' title="bbox 2182 4058 3890 4132; baseline 0.005 -22"><span class='ocrx_word' id='word_1_828' title='bbox 2182 4058 2334 4111; x_wconf 91' lang='lat' dir='ltr'>enim</span> <span class='ocrx_word' id='word_1_829' title='bbox 2356 4063 2412 4112; x_wconf 91' lang='lat' dir='ltr'>et</span> <span class='ocrx_word' id='word_1_830' title='bbox 2437 4059 2597 4130; x_wconf 89' lang='lat' dir='ltr'>signa</span> <span class='ocrx_word' id='word_1_831' title='bbox 2627 4059 3021 4113; x_wconf 90' lang='lat' dir='ltr'>universaliter</span> <span class='ocrx_word' id='word_1_832' title='bbox 3052 4059 3247 4113; x_wconf 91' lang='lat' dir='ltr'>omnia</span> <span class='ocrx_word' id='word_1_833' title='bbox 3273 4077 3403 4131; x_wconf 64' lang='lat' dir='ltr'>quae</span> <span class='ocrx_word' id='word_1_834' title='bbox 3428 4061 3772 4132; x_wconf 86' lang='lat' dir='ltr'>signiﬁcant</span> <span class='ocrx_word' id='word_1_835' title='bbox 3796 4067 3890 4119; x_wconf 83' lang='lat' dir='ltr'>ali-</span> 
     </span>
    </p>
   </div>
   <div class='ocr_carea' id='block_1_105' title="bbox 2181 4147 3888 4218">
    <p class='ocr_par' dir='ltr' id='par_1_105' title="bbox 2181 4147 3888 4218">
     <span class='ocr_line' id='line_1_105' title="bbox 2181 4147 3888 4218; baseline 0.005 -18"><span class='ocrx_word' id='word_1_836' title='bbox 2181 4147 2339 4218; x_wconf 68' lang='lat' dir='ltr'>quid,</span> <span class='ocrx_word' id='word_1_837' title='bbox 2374 4147 2470 4201; x_wconf 89' lang='lat' dir='ltr'>ubi</span> <span class='ocrx_word' id='word_1_838' title='bbox 2513 4149 2685 4202; x_wconf 90' lang='lat' dir='ltr'>etiam</span> <span class='ocrx_word' id='word_1_839' title='bbox 2715 4148 2882 4203; x_wconf 85' lang='lat' dir='ltr'>verba</span> <span class='ocrx_word' id='word_1_840' title='bbox 2921 4165 3040 4202; x_wconf 91' lang='lat' dir='ltr'>esse</span> <span class='ocrx_word' id='word_1_841' title='bbox 3071 4149 3409 4203; x_wconf 90' lang='lat' dir='ltr'>invenimus.</span> <span class='ocrx_word' id='word_1_842' title='bbox 3453 4151 3717 4205; x_wconf 86' lang='lat' dir='ltr'>Dicimus</span> <span class='ocrx_word' id='word_1_843' title='bbox 3751 4155 3888 4208; x_wconf 87' lang='lat' dir='ltr'>item</span> 
     </span>
    </p>
   </div>
   <div class='ocr_carea' id='block_1_106' title="bbox 2179 4235 3888 4309">
    <p class='ocr_par' dir='ltr' id='par_1_106' title="bbox 2179 4235 3888 4309">
     <span class='ocr_line' id='line_1_106' title="bbox 2179 4235 3888 4309; baseline 0.005 -21"><span class='ocrx_word' id='word_1_844' title='bbox 2179 4235 2342 4304; x_wconf 87' lang='lat' dir='ltr'>signa</span> <span class='ocrx_word' id='word_1_845' title='bbox 2371 4236 2660 4303; x_wconf 88' lang='lat' dir='ltr'>militaria,</span> <span class='ocrx_word' id='word_1_846' title='bbox 2706 4253 2834 4308; x_wconf 80' lang='lat' dir='ltr'>quae</span> <span class='ocrx_word' id='word_1_847' title='bbox 2858 4238 2978 4306; x_wconf 88' lang='lat' dir='ltr'>jam</span> <span class='ocrx_word' id='word_1_848' title='bbox 3023 4239 3251 4308; x_wconf 83' lang='lat' dir='ltr'>proprie</span> <span class='ocrx_word' id='word_1_849' title='bbox 3283 4239 3444 4309; x_wconf 90' lang='lat' dir='ltr'>signa</span> <span class='ocrx_word' id='word_1_850' title='bbox 3480 4242 3888 4306; x_wconf 85' lang='lat' dir='ltr'>nominantur,</span> 
     </span>
    </p>
   </div>
   <div class='ocr_carea' id='block_1_107' title="bbox 2179 4327 3886 4396">
    <p class='ocr_par' dir='ltr' id='par_1_107' title="bbox 2179 4327 3886 4396">
     <span class='ocr_line' id='line_1_107' title="bbox 2179 4327 3886 4396; baseline 0.005 -17"><span class='ocrx_word' id='word_1_851' title='bbox 2179 4342 2293 4396; x_wconf 92' lang='lat' dir='ltr'>quo</span> <span class='ocrx_word' id='word_1_852' title='bbox 2323 4327 2496 4380; x_wconf 88' lang='lat' dir='ltr'>verba</span> <span class='ocrx_word' id='word_1_853' title='bbox 2530 4343 2649 4380; x_wconf 91' lang='lat' dir='ltr'>non</span> <span class='ocrx_word' id='word_1_854' title='bbox 2693 4327 3008 4396; x_wconf 88' lang='lat' dir='ltr'>pertinent.</span> <span class='ocrx_word' id='word_1_855' title='bbox 3051 4329 3117 4381; x_wconf 85' lang='lat' dir='ltr'>Et</span> <span class='ocrx_word' id='word_1_856' title='bbox 3149 4334 3341 4382; x_wconf 89' lang='lat' dir='ltr'>tamen</span> <span class='ocrx_word' id='word_1_857' title='bbox 3377 4329 3423 4381; x_wconf 91' lang='lat' dir='ltr'>si</span> <span class='ocrx_word' id='word_1_858' title='bbox 3455 4329 3560 4383; x_wconf 90' lang='lat' dir='ltr'>tibi</span> <span class='ocrx_word' id='word_1_859' title='bbox 3602 4332 3886 4396; x_wconf 87' lang='lat' dir='ltr'>dicerem,</span> 
     </span>
    </p>
   </div>
   <div class='ocr_carea' id='block_1_108' title="bbox 2179 4414 3887 4492">
    <p class='ocr_par' dir='ltr' id='par_1_108' title="bbox 2179 4414 3887 4492">
     <span class='ocr_line' id='line_1_108' title="bbox 2179 4414 3887 4492; baseline 0.005 -25"><span class='ocrx_word' id='word_1_860' title='bbox 2179 4419 2241 4468; x_wconf 91' lang='lat' dir='ltr'>ut</span> <span class='ocrx_word' id='word_1_861' title='bbox 2261 4414 2446 4468; x_wconf 89' lang='lat' dir='ltr'>omnis</span> <span class='ocrx_word' id='word_1_862' title='bbox 2466 4432 2647 4486; x_wconf 91' lang='lat' dir='ltr'>equus</span> <span class='ocrx_word' id='word_1_863' title='bbox 2668 4415 2900 4482; x_wconf 90' lang='lat' dir='ltr'>animal,</span> <span class='ocrx_word' id='word_1_864' title='bbox 2925 4432 3035 4469; x_wconf 94' lang='lat' dir='ltr'>non</span> <span class='ocrx_word' id='word_1_865' title='bbox 3062 4421 3255 4470; x_wconf 87' lang='lat' dir='ltr'>autem</span> <span class='ocrx_word' id='word_1_866' title='bbox 3273 4434 3440 4471; x_wconf 90' lang='lat' dir='ltr'>omne</span> <span class='ocrx_word' id='word_1_867' title='bbox 3459 4418 3678 4473; x_wconf 86' lang='lat' dir='ltr'>animal</span> <span class='ocrx_word' id='word_1_868' title='bbox 3701 4438 3887 4492; x_wconf 86' lang='lat' dir='ltr'>equus</span> 
     </span>
    </p>
   </div>
   <div class='ocr_carea' id='block_1_109' title="bbox 2177 4505 3885 4578">
    <p class='ocr_par' dir='ltr' id='par_1_109' title="bbox 2177 4505 3885 4578">
     <span class='ocr_line' id='line_1_109' title="bbox 2177 4505 3885 4578; baseline 0.004 -20"><span class='ocrx_word' id='word_1_869' title='bbox 2177 4510 2280 4571; x_wconf 87' lang='lat' dir='ltr'>est,</span> <span class='ocrx_word' id='word_1_870' title='bbox 2298 4505 2372 4558; x_wconf 88' lang='lat' dir='ltr'>ita</span> <span class='ocrx_word' id='word_1_871' title='bbox 2385 4521 2553 4558; x_wconf 91' lang='lat' dir='ltr'>omne</span> <span class='ocrx_word' id='word_1_872' title='bbox 2576 4505 2809 4558; x_wconf 88' lang='lat' dir='ltr'>verbum</span> <span class='ocrx_word' id='word_1_873' title='bbox 2833 4505 3081 4575; x_wconf 89' lang='lat' dir='ltr'>signum,</span> <span class='ocrx_word' id='word_1_874' title='bbox 3097 4521 3211 4558; x_wconf 92' lang='lat' dir='ltr'>non</span> <span class='ocrx_word' id='word_1_875' title='bbox 3234 4511 3426 4560; x_wconf 88' lang='lat' dir='ltr'>autem</span> <span class='ocrx_word' id='word_1_876' title='bbox 3449 4523 3624 4560; x_wconf 89' lang='lat' dir='ltr'>omne</span> <span class='ocrx_word' id='word_1_877' title='bbox 3650 4509 3885 4578; x_wconf 83' lang='lat' dir='ltr'>signum</span> 
     </span>
    </p>
   </div>
   <div class='ocr_carea' id='block_1_110' title="bbox 2173 4593 3885 4664">
    <p class='ocr_par' dir='ltr' id='par_1_110' title="bbox 2173 4593 3885 4664">
     <span class='ocr_line' id='line_1_110' title="bbox 2173 4593 3885 4664; baseline 0.004 -18"><span class='ocrx_word' id='word_1_878' title='bbox 2173 4593 2412 4646; x_wconf 89' lang='lat' dir='ltr'>verbum</span> <span class='ocrx_word' id='word_1_879' title='bbox 2433 4599 2536 4660; x_wconf 89' lang='lat' dir='ltr'>est,</span> <span class='ocrx_word' id='word_1_880' title='bbox 2555 4593 2718 4660; x_wconf 91' lang='lat' dir='ltr'>nihil,</span> <span class='ocrx_word' id='word_1_881' title='bbox 2744 4598 2808 4647; x_wconf 89' lang='lat' dir='ltr'>ut</span> <span class='ocrx_word' id='word_1_882' title='bbox 2833 4594 3056 4664; x_wconf 89' lang='lat' dir='ltr'>opinor,</span> <span class='ocrx_word' id='word_1_883' title='bbox 3081 4594 3386 4649; x_wconf 88' lang='lat' dir='ltr'>dubitares.</span> <span class='ocrx_word' id='word_1_884' title='bbox 3414 4595 3531 4649; x_wconf 87' lang='lat' dir='ltr'>Ad.</span> <span class='ocrx_word' id='word_1_885' title='bbox 3554 4597 3685 4650; x_wconf 73' lang='lat' dir='ltr'>1am</span> <span class='ocrx_word' id='word_1_886' title='bbox 3711 4599 3885 4652; x_wconf 82' lang='lat' dir='ltr'>intel-</span> 
     </span>
    </p>
   </div>
   <div class='ocr_carea' id='block_1_111' title="bbox 2175 4681 3884 4752">
    <p class='ocr_par' dir='ltr' id='par_1_111' title="bbox 2175 4681 3884 4752">
     <span class='ocr_line' id='line_1_111' title="bbox 2175 4681 3884 4752; baseline 0.004 -18"><span class='ocrx_word' id='word_1_887' title='bbox 2175 4681 2312 4751; x_wconf 90' lang='lat' dir='ltr'>ligo,</span> <span class='ocrx_word' id='word_1_888' title='bbox 2362 4686 2418 4735; x_wconf 88' lang='lat' dir='ltr'>et</span> <span class='ocrx_word' id='word_1_889' title='bbox 2454 4698 2685 4752; x_wconf 88' lang='lat' dir='ltr'>prorsus</span> <span class='ocrx_word' id='word_1_890' title='bbox 2728 4682 3029 4747; x_wconf 88' lang='lat' dir='ltr'>assentior,</span> <span class='ocrx_word' id='word_1_891' title='bbox 3075 4682 3179 4735; x_wconf 91' lang='lat' dir='ltr'>hoc</span> <span class='ocrx_word' id='word_1_892' title='bbox 3223 4683 3492 4736; x_wconf 89' lang='lat' dir='ltr'>interesse</span> <span class='ocrx_word' id='word_1_893' title='bbox 3543 4684 3700 4737; x_wconf 89' lang='lat' dir='ltr'>inter</span> <span class='ocrx_word' id='word_1_894' title='bbox 3753 4689 3884 4741; x_wconf 87' lang='lat' dir='ltr'>uni-</span> 
     </span>
    </p>
   </div>
   <div class='ocr_carea' id='block_1_112' title="bbox 2173 4771 3887 4842">
    <p class='ocr_par' dir='ltr' id='par_1_112' title="bbox 2173 4771 3887 4842">
     <span class='ocr_line' id='line_1_112' title="bbox 2173 4771 3887 4842; baseline 0.004 -20"><span class='ocrx_word' id='word_1_895' title='bbox 2173 4771 2386 4823; x_wconf 87' lang='lat' dir='ltr'>versale</span> <span class='ocrx_word' id='word_1_896' title='bbox 2420 4771 2562 4824; x_wconf 90' lang='lat' dir='ltr'>illud</span> <span class='ocrx_word' id='word_1_897' title='bbox 2592 4771 2828 4825; x_wconf 91' lang='lat' dir='ltr'>verbum</span> <span class='ocrx_word' id='word_1_898' title='bbox 2858 4775 2915 4826; x_wconf 91' lang='lat' dir='ltr'>et</span> <span class='ocrx_word' id='word_1_899' title='bbox 2942 4787 3174 4837; x_wconf 91' lang='lat' dir='ltr'>nomen,</span> <span class='ocrx_word' id='word_1_900' title='bbox 3207 4772 3358 4842; x_wconf 89' lang='lat' dir='ltr'>quod</span> <span class='ocrx_word' id='word_1_901' title='bbox 3390 4772 3544 4826; x_wconf 90' lang='lat' dir='ltr'>inter</span> <span class='ocrx_word' id='word_1_902' title='bbox 3571 4775 3804 4830; x_wconf 82' lang='lat' dir='ltr'>animal</span> <span class='ocrx_word' id='word_1_903' title='bbox 3835 4785 3887 4829; x_wconf 79' lang='lat' dir='ltr'>et</span> 
     </span>
    </p>
   </div>
   <div class='ocr_carea' id='block_1_113' title="bbox 2175 4874 2408 4929">
    <p class='ocr_par' dir='ltr' id='par_1_113' title="bbox 2175 4874 2408 4929">
     <span class='ocr_line' id='line_1_113' title="bbox 2175 4874 2408 4929; baseline -0.004 -17"><span class='ocrx_word' id='word_1_904' title='bbox 2175 4874 2408 4929; x_wconf 88' lang='lat' dir='ltr'>equum.</span> 
     </span>
    </p>
   </div>
   <div class='ocr_carea' id='block_1_114' title="bbox 2248 4947 3882 5018">
    <p class='ocr_par' dir='ltr' id='par_1_114' title="bbox 2248 4947 3882 5018">
     <span class='ocr_line' id='line_1_114' title="bbox 2248 4947 3882 5018; baseline 0.004 -18"><span class='ocrx_word' id='word_1_905' title='bbox 2248 4949 2332 5004; x_wconf 85' lang='grc'>10.</span> <span class='ocrx_word' id='word_1_906' title='bbox 2364 4947 2509 5015; x_wconf 87' lang='lat' dir='ltr'>Aug.</span> <span class='ocrx_word' id='word_1_907' title='bbox 2543 4947 2733 5001; x_wconf 91' lang='lat' dir='ltr'>Scisne</span> <span class='ocrx_word' id='word_1_908' title='bbox 2765 4947 2958 5010; x_wconf 86' lang='lat' dir='ltr'>etiam,</span> <span class='ocrx_word' id='word_1_909' title='bbox 2985 4964 3114 5001; x_wconf 91' lang='lat' dir='ltr'>cum</span> <span class='ocrx_word' id='word_1_910' title='bbox 3137 4947 3398 5015; x_wconf 86' lang='lat' dir='ltr'>dicimus,</span> <span class='ocrx_word' id='word_1_911' title='bbox 3430 4949 3685 5018; x_wconf 80' lang='lat' dir='ltr'>Animal,</span> <span class='ocrx_word' id='word_1_912' title='bbox 3720 4953 3882 5006; x_wconf 85' lang='lat' dir='ltr'>aliud</span> 
     </span>
    </p>
   </div>
   <div class='ocr_carea' id='block_1_115' title="bbox 2173 5035 3882 5108">
    <p class='ocr_par' dir='ltr' id='par_1_115' title="bbox 2173 5035 3882 5108">
     <span class='ocr_line' id='line_1_115' title="bbox 2173 5035 3882 5108; baseline 0.003 -18"><span class='ocrx_word' id='word_1_913' title='bbox 2173 5051 2289 5090; x_wconf 84' lang='lat' dir='ltr'>esse</span> <span class='ocrx_word' id='word_1_914' title='bbox 2322 5036 2430 5090; x_wconf 88' lang='lat' dir='ltr'>hoc</span> <span class='ocrx_word' id='word_1_915' title='bbox 2461 5035 2813 5106; x_wconf 76' lang='lat' dir='ltr'>trisyllabum</span> <span class='ocrx_word' id='word_1_916' title='bbox 2839 5053 3070 5098; x_wconf 88' lang='lat' dir='ltr'>nomen,</span> <span class='ocrx_word' id='word_1_917' title='bbox 3101 5038 3251 5107; x_wconf 92' lang='lat' dir='ltr'>quod</span> <span class='ocrx_word' id='word_1_918' title='bbox 3283 5054 3416 5091; x_wconf 83' lang='lat' dir='ltr'>voce</span> <span class='ocrx_word' id='word_1_919' title='bbox 3446 5040 3744 5108; x_wconf 86' lang='lat' dir='ltr'>prolatum</span> <span class='ocrx_word' id='word_1_920' title='bbox 3779 5049 3882 5104; x_wconf 78' lang='lat' dir='ltr'>est,</span> 
     </span>
    </p>
   </div>
   <div class='ocr_carea' id='block_1_116' title="bbox 2170 5124 3881 5197">
    <p class='ocr_par' dir='ltr' id='par_1_116' title="bbox 2170 5124 3881 5197">
     <span class='ocr_line' id='line_1_116' title="bbox 2170 5124 3881 5197; baseline 0.004 -20"><span class='ocrx_word' id='word_1_921' title='bbox 2170 5125 2327 5179; x_wconf 87' lang='lat' dir='ltr'>aliud</span> <span class='ocrx_word' id='word_1_922' title='bbox 2356 5124 2413 5178; x_wconf 91' lang='lat' dir='ltr'>id</span> <span class='ocrx_word' id='word_1_923' title='bbox 2459 5125 2612 5195; x_wconf 90' lang='lat' dir='ltr'>quod</span> <span class='ocrx_word' id='word_1_924' title='bbox 2657 5124 3054 5196; x_wconf 89' lang='lat' dir='ltr'>signiﬁcatur?</span> <span class='ocrx_word' id='word_1_925' title='bbox 3085 5126 3200 5178; x_wconf 79' lang='lat' dir='ltr'>Ad.</span> <span class='ocrx_word' id='word_1_926' title='bbox 3237 5127 3360 5178; x_wconf 85' lang='lat' dir='ltr'>Jam</span> <span class='ocrx_word' id='word_1_927' title='bbox 3390 5127 3498 5179; x_wconf 92' lang='lat' dir='ltr'>hoc</span> <span class='ocrx_word' id='word_1_928' title='bbox 3527 5143 3707 5197; x_wconf 91' lang='lat' dir='ltr'>supra</span> <span class='ocrx_word' id='word_1_929' title='bbox 3738 5147 3881 5183; x_wconf 87' lang='lat' dir='ltr'>con-</span> 
     </span>
    </p>
   </div>
   <div class='ocr_carea' id='block_1_117' title="bbox 2167 5214 3880 5285">
    <p class='ocr_par' dir='ltr' id='par_1_117' title="bbox 2167 5214 3880 5285">
     <span class='ocr_line' id='line_1_117' title="bbox 2167 5214 3880 5285; baseline 0.002 -17"><span class='ocrx_word' id='word_1_930' title='bbox 2167 5214 2306 5268; x_wconf 91' lang='lat' dir='ltr'>cessi</span> <span class='ocrx_word' id='word_1_931' title='bbox 2332 5214 2400 5268; x_wconf 90' lang='lat' dir='ltr'>de</span> <span class='ocrx_word' id='word_1_932' title='bbox 2427 5214 2693 5268; x_wconf 90' lang='lat' dir='ltr'>omnibus</span> <span class='ocrx_word' id='word_1_933' title='bbox 2720 5214 2896 5284; x_wconf 88' lang='lat' dir='ltr'>signis</span> <span class='ocrx_word' id='word_1_934' title='bbox 2925 5220 2979 5268; x_wconf 88' lang='lat' dir='ltr'>et</span> <span class='ocrx_word' id='word_1_935' title='bbox 3008 5214 3495 5285; x_wconf 90' lang='lat' dir='ltr'>signiﬁcabilibus.</span> <span class='ocrx_word' id='word_1_936' title='bbox 3530 5220 3687 5282; x_wconf 88' lang='lat' dir='ltr'>Aug.</span> <span class='ocrx_word' id='word_1_937' title='bbox 3725 5218 3880 5272; x_wconf 74' lang='lat' dir='ltr'>Num</span> 
     </span>
    </p>
   </div>
   <div class='ocr_carea' id='block_1_118' title="bbox 2167 5301 3876 5375">
    <p class='ocr_par' dir='ltr' id='par_1_118' title="bbox 2167 5301 3876 5375">
     <span class='ocr_line' id='line_1_118' title="bbox 2167 5301 3876 5375; baseline 0.004 -21"><span class='ocrx_word' id='word_1_938' title='bbox 2167 5301 2362 5354; x_wconf 90' lang='lat' dir='ltr'>omnia</span> <span class='ocrx_word' id='word_1_939' title='bbox 2387 5302 2549 5372; x_wconf 86' lang='lat' dir='ltr'>signa</span> <span class='ocrx_word' id='word_1_940' title='bbox 2571 5302 2673 5356; x_wconf 90' lang='lat' dir='ltr'>tibi</span> <span class='ocrx_word' id='word_1_941' title='bbox 2699 5303 2964 5357; x_wconf 82' lang='lat' dir='ltr'>videntur</span> <span class='ocrx_word' id='word_1_942' title='bbox 2984 5303 3138 5357; x_wconf 87' lang='lat' dir='ltr'>aliud</span> <span class='ocrx_word' id='word_1_943' title='bbox 3163 5303 3482 5374; x_wconf 88' lang='lat' dir='ltr'>signiﬁcare</span> <span class='ocrx_word' id='word_1_944' title='bbox 3509 5323 3689 5375; x_wconf 89' lang='lat' dir='ltr'>quam</span> <span class='ocrx_word' id='word_1_945' title='bbox 3711 5313 3876 5372; x_wconf 87' lang='lat' dir='ltr'>sunt,</span> 
     </span>
    </p>
   </div>
   <div class='ocr_carea' id='block_1_119' title="bbox 2167 5389 3878 5461">
    <p class='ocr_par' dir='ltr' id='par_1_119' title="bbox 2167 5389 3878 5461">
     <span class='ocr_line' id='line_1_119' title="bbox 2167 5389 3878 5461; baseline 0.004 -19"><span class='ocrx_word' id='word_1_946' title='bbox 2167 5389 2310 5442; x_wconf 93' lang='lat' dir='ltr'>sicut</span> <span class='ocrx_word' id='word_1_947' title='bbox 2343 5391 2450 5444; x_wconf 92' lang='lat' dir='ltr'>hoc</span> <span class='ocrx_word' id='word_1_948' title='bbox 2495 5389 2874 5461; x_wconf 88' lang='lat' dir='ltr'>trisyllabum,</span> <span class='ocrx_word' id='word_1_949' title='bbox 2922 5407 3052 5444; x_wconf 90' lang='lat' dir='ltr'>cum</span> <span class='ocrx_word' id='word_1_950' title='bbox 3101 5391 3364 5458; x_wconf 90' lang='lat' dir='ltr'>dicimus,</span> <span class='ocrx_word' id='word_1_951' title='bbox 3410 5394 3662 5459; x_wconf 76' lang='lat' dir='ltr'>Animal,</span> <span class='ocrx_word' id='word_1_952' title='bbox 3708 5397 3878 5449; x_wconf 87' lang='lat' dir='ltr'>nullo</span> 
     </span>
    </p>
   </div>
   <div class='ocr_carea' id='block_1_120' title="bbox 2166 5478 3872 5552">
    <p class='ocr_par' dir='ltr' id='par_1_120' title="bbox 2166 5478 3872 5552">
     <span class='ocr_line' id='line_1_120' title="bbox 2166 5478 3872 5552; baseline 0.004 -20"><span class='ocrx_word' id='word_1_953' title='bbox 2166 5480 2339 5533; x_wconf 91' lang='lat' dir='ltr'>modo</span> <span class='ocrx_word' id='word_1_954' title='bbox 2363 5478 2516 5533; x_wconf 92' lang='lat' dir='ltr'>idem</span> <span class='ocrx_word' id='word_1_955' title='bbox 2539 5480 2821 5550; x_wconf 90' lang='lat' dir='ltr'>signiﬁcat</span> <span class='ocrx_word' id='word_1_956' title='bbox 2847 5481 2999 5552; x_wconf 92' lang='lat' dir='ltr'>quod</span> <span class='ocrx_word' id='word_1_957' title='bbox 3020 5493 3104 5535; x_wconf 86' lang='lat' dir='ltr'>est</span> <span class='ocrx_word' id='word_1_958' title='bbox 3125 5481 3313 5552; x_wconf 90' lang='lat' dir='ltr'>ipsum</span> <span class='ocrx_word' id='word_1_959' title='bbox 3331 5483 3360 5535; x_wconf 86' lang='lat'>?</span> <span class='ocrx_word' id='word_1_960' title='bbox 3385 5483 3502 5536; x_wconf 82' lang='lat' dir='ltr'>Ad.</span> <span class='ocrx_word' id='word_1_961' title='bbox 3533 5483 3662 5536; x_wconf 79' lang='lat' dir='ltr'>Non</span> <span class='ocrx_word' id='word_1_962' title='bbox 3691 5500 3872 5538; x_wconf 86' lang='lat' dir='ltr'>sane:</span> 
     </span>
    </p>
   </div>
   <div class='ocr_carea' id='block_1_121' title="bbox 2166 5569 3874 5641">
    <p class='ocr_par' dir='ltr' id='par_1_121' title="bbox 2166 5569 3874 5641">
     <span class='ocr_line' id='line_1_121' title="bbox 2166 5569 3874 5641; baseline 0.002 -17"><span class='ocrx_word' id='word_1_963' title='bbox 2166 5584 2300 5624; x_wconf 87' lang='lat' dir='ltr'>nam</span> <span class='ocrx_word' id='word_1_964' title='bbox 2330 5585 2458 5623; x_wconf 90' lang='lat' dir='ltr'>cum</span> <span class='ocrx_word' id='word_1_965' title='bbox 2488 5569 2748 5639; x_wconf 86' lang='lat' dir='ltr'>dicimus,</span> <span class='ocrx_word' id='word_1_966' title='bbox 2790 5569 3051 5641; x_wconf 86' lang='lat' dir='ltr'>Signum,</span> <span class='ocrx_word' id='word_1_967' title='bbox 3084 5587 3201 5626; x_wconf 93' lang='lat' dir='ltr'>non</span> <span class='ocrx_word' id='word_1_968' title='bbox 3247 5571 3434 5626; x_wconf 92' lang='lat' dir='ltr'>solum</span> <span class='ocrx_word' id='word_1_969' title='bbox 3462 5571 3629 5641; x_wconf 86' lang='lat' dir='ltr'>signa</span> <span class='ocrx_word' id='word_1_970' title='bbox 3657 5578 3874 5630; x_wconf 69' lang='lat' dir='ltr'>caetera</span> 
     </span>
    </p>
   </div>
  </div>
