4008 6184
232 252 355 302 1201

222 462 379 515 enim
411 461 669 523 verbum,
693 465 748 514 et
776 461 974 531 utique
1005 462 1202 515 omnia
1220 462 1391 516 verba
1407 462 1570 532 signa
1599 468 1749 517 sunt.
1774 465 1921 531 Aug.

224 549 412 612 Quid?
444 549 501 602 in
528 549 635 602 hoc
660 548 936 619 disyllabo
966 566 1096 603 cum
1125 549 1385 616 dicimus,
1419 551 1691 619 Verbum,
1732 568 1922 605 nonne

224 639 334 690 tale
361 637 578 708 aliquid
605 637 922 707 contingit?
954 640 1095 692 Nam
1121 638 1166 691 si
1197 655 1363 692 omne
1396 640 1548 709 quod
1578 656 1707 692 cum
1733 639 1923 710 aliquo

223 726 548 796 signiﬁcatu
578 725 871 779 articulata
899 743 1033 779 voce
1064 727 1368 796 profertur,
1400 727 1509 781 hoc
1537 728 1814 797 disyllabo
1848 727 1923 779 si-

221 816 548 884 gniﬁcatur,
569 814 741 867 etiam
764 814 951 885 ipsum
973 816 1081 868 hoc
1109 831 1317 884 genere
1350 815 1677 869 includitur.
1704 815 1811 869 Ad.
1841 817 1922 869 Ita

220 907 325 957 est.
360 904 504 969 Aug.
541 901 724 965 Quid?
751 918 964 955 nomen
1009 918 1197 955 nonne
1238 901 1503 955 similiter
1541 902 1751 955 habet?
1783 903 1922 955 Nam

220 996 277 1044 et
309 992 569 1043 omnium
601 1006 877 1060 generum
906 989 1140 1043 nomina
1173 989 1480 1059 signiﬁcat,
1509 994 1565 1043 et
1592 990 1782 1060 ipsum
1812 1006 1919 1043 no-

218 1095 355 1133 men
382 1079 607 1147 generis
638 1078 827 1131 neutri
857 1094 1069 1131 nomen
1089 1080 1190 1132 est.
1214 1081 1325 1146 An,
1356 1078 1401 1131 si
1428 1094 1493 1131 ex
1518 1083 1571 1132 te
1604 1095 1921 1148 quaererem

216 1185 348 1239 qua:
380 1185 512 1237 pars
553 1168 828 1221 orationis
873 1183 1104 1232 nomen,
1152 1183 1345 1236 posses
1384 1166 1526 1220 mihi
1573 1168 1921 1238 respondere

215 1259 394 1319 recte,
427 1253 558 1321 nisi,
593 1255 844 1309 nomen?
872 1254 982 1308 Ad.
1019 1256 1227 1308 Verum
1258 1254 1413 1307 dicis.
1449 1255 1593 1321 Aug.
1618 1256 1763 1309 Sunt
1784 1272 1920 1325 ergo

218 1342 384 1411 signa
412 1360 542 1413 qua:
574 1342 721 1395 inter
752 1342 863 1396 alia
891 1360 1017 1412 quae
1050 1342 1394 1413 signiﬁcant,
1423 1348 1477 1396 et
1519 1344 1705 1413 seipsa
1744 1344 1920 1414 signi-

215 1430 410 1483 ﬁcent.
439 1431 555 1484 Ad.
590 1432 748 1484 Sunt.
772 1432 915 1497 Aug.
946 1432 1091 1484 Num
1121 1432 1230 1484 tale
1262 1431 1364 1484 tibi
1394 1431 1617 1485 videtur
1646 1432 1750 1485 hoc
1781 1449 1922 1503 qua-

215 1518 597 1588 drisyllabum
636 1519 883 1589 signum,
925 1536 1054 1573 cum
1094 1519 1354 1585 dicimus,
1395 1520 1768 1590 Conjunctio?
1804 1520 1914 1575 Ad.

214 1608 386 1660 Nullo
412 1608 579 1661 modo
605 1624 617 1660 :
645 1623 773 1659 nam
798 1623 864 1661 ea
882 1624 1009 1677 quae
1037 1607 1340 1678 signiﬁcat,
1364 1624 1477 1662 non
1501 1612 1635 1661 sunt
1655 1611 1914 1676 nomina;

213 1695 325 1748 hoc
354 1701 545 1749 autem
575 1712 785 1749 nomen
818 1699 917 1748 est.

644 1784 869 1837 CAPUT
901 1784 961 1837 V.
992 1814 1061 1823 —
1087 1785 1255 1850 Signa
1280 1790 1486 1839 mutua.

293 1876 374 1926 Η.
408 1874 558 1938 Aug.
604 1873 751 1926 Bene
800 1872 1091 1925 attendisti
1119 1890 1130 1926 :
1163 1890 1313 1926 nunc
1360 1874 1498 1927 illud
1546 1874 1674 1927 vide
1723 1877 1917 1927 utrum

209 1960 583 2014 inveniantur
630 1961 790 2031 signa
852 1977 981 2031 quae
1032 1978 1089 2015 se
1148 1961 1391 2015 invicem
1459 1962 1806 2032 signiﬁcent,
1857 1966 1919 2015 ut

210 2050 701 2119 quemadmodum
730 2050 834 2102 hoc
865 2049 934 2103 ab
966 2050 1084 2115 illo,
1118 2049 1195 2103 sic
1226 2050 1366 2104 illud
1397 2052 1467 2104 ab
1499 2051 1606 2104 hoc
1635 2050 1917 2120 signiﬁce-

209 2141 340 2190 tur:
374 2154 491 2191 non
522 2137 672 2189 enim
712 2137 788 2189 ita
827 2142 961 2190 sunt
995 2136 1142 2191 inter
1180 2155 1237 2190 se
1268 2139 1373 2192 hoc
1404 2139 1913 2209 quadrisyllabum,

209 2242 347 2279 cum
380 2225 642 2293 dicimus,
689 2225 1043 2296 Conjunctio,
1087 2232 1142 2279 et
1171 2226 1267 2279 illa
1298 2243 1425 2297 quae
1460 2227 1530 2280 ab
1560 2228 1667 2280 hoc
1696 2228 1913 2299 signiti-

208 2319 439 2381 cantur,
470 2330 598 2367 cum
617 2313 880 2381 dicimus,
902 2314 979 2379 Si,
1004 2315 1106 2372 vel.
1134 2332 1286 2380 nam,
1309 2332 1576 2386 namque,
1602 2316 1731 2381 nisi,
1756 2334 1913 2388 ergo,

210 2402 512 2472 quoniam,
545 2406 601 2455 et
630 2402 873 2468 similia;
906 2418 1035 2455 nam
1067 2402 1186 2455 haec
1215 2403 1310 2456 illo
1352 2420 1467 2457 uno
1498 2405 1913 2475 signiﬁcantur,

212 2491 374 2543 nullo
405 2495 597 2543 autem
637 2491 845 2544 horum
891 2507 1066 2544 unum
1112 2491 1255 2545 illud
1301 2492 1791 2563 quadrisyllabum
1841 2495 1913 2547 si-

206 2578 539 2649 gniﬁcatur.
600 2579 713 2632 Ad.
782 2579 973 2645 Video,
1032 2584 1089 2633 et
1146 2596 1412 2650 quaenam
1467 2582 1628 2651 signa
1683 2582 1796 2636 sint
1854 2601 1912 2639 se

206 2666 457 2721 invicem
488 2668 887 2738 signiﬁcantia,
914 2668 1081 2737 cupio
1107 2685 1467 2739 cognoscere.
1496 2672 1639 2738 Aug.
1665 2673 1743 2724 Tu
1778 2688 1912 2743 ergo

208 2757 420 2822 nescis,
470 2772 599 2809 cum
648 2756 907 2821 dicimus,
961 2757 1180 2810 Nomen
1210 2761 1266 2810 et
1296 2757 1552 2823 verbum,
1602 2758 1714 2811 duo
1745 2759 1913 2811 verba

203 2862 318 2899 nos
348 2844 579 2898 dicere?
607 2846 723 2899 Ad.
764 2844 908 2898 Scio.
940 2847 1090 2911 Aug.
1142 2845 1327 2909 Quid?
1352 2846 1492 2899 illud
1537 2846 1739 2911 nescis,
1782 2864 1910 2901 cum

206 2933 477 2998 dicimus,
510 2934 723 2986 Nomen
755 2937 807 2986 et
839 2933 1096 2999 verbum,
1132 2933 1245 2986 duo
1290 2933 1522 2986 nomina
1554 2951 1657 2987 nos
1684 2934 1909 2989 dicere?

204 3022 322 3077 Ad.
350 3022 407 3075 ld
430 3036 658 3091 quoque
684 3020 815 3074 scio.
838 3022 982 3087 Aug.
1008 3020 1123 3075 Scis
1142 3020 1321 3091 igitur
1340 3026 1457 3075 tam
1480 3038 1690 3076 nomen
1712 3024 1908 3091 verbo,

206 3126 385 3181 quam
418 3109 589 3163 etiam
629 3110 864 3162 verbum
908 3109 1142 3162 nomine
1186 3109 1515 3179 signiﬁcari.
1560 3112 1668 3164 Ad.
1704 3114 1909 3167 Assen-

204 3198 339 3251 tior.
386 3198 531 3265 Aug.
573 3198 810 3250 Potesne
860 3197 1065 3259 dicere,
1116 3201 1345 3267 excepto
1378 3215 1444 3252 eo
1485 3200 1638 3269 quod
1691 3201 1908 3255 diverse

204 3285 541 3339 scribuntur
584 3289 641 3338 et
690 3289 915 3350 sonant,
962 3286 1098 3355 quid
1141 3286 1289 3339 inter
1325 3303 1383 3340 se
1437 3288 1741 3343 differant?
1789 3291 1905 3344 Ad.

204 3376 443 3429 Possum
476 3373 738 3439 fortasse;
776 3389 906 3427 nam
934 3372 991 3427 id
1027 3390 1146 3427 esse
1175 3374 1336 3428 video
1371 3376 1524 3446 quod
1564 3378 1733 3447 paulo
1777 3383 1907 3433 ante

207 3463 347 3517 dixi.
383 3463 565 3516 Verba
591 3461 743 3515 enim
776 3478 900 3514 cum
933 3461 1193 3527 dicimus,
1228 3479 1397 3516 omne
1428 3464 1576 3534 quod
1609 3464 1909 3519 articulata

206 3566 348 3602 voce
379 3565 507 3602 cum
539 3548 732 3619 aliquo
776 3548 1093 3618 signiﬁcatu
1134 3548 1440 3619 profertur,
1485 3550 1903 3619 signiﬁcamus;

209 3637 360 3691 unde
407 3654 576 3691 omne
607 3653 839 3702 nomen,
875 3643 929 3690 et
959 3637 1144 3706 ipsum
1178 3654 1306 3691 cum
1351 3638 1614 3705 dicimus,
1667 3641 1905 3701 Nomen,

206 3726 448 3780 verbum
478 3729 598 3778 est:
636 3730 694 3778 at
724 3742 839 3779 non
870 3741 1041 3778 omne
1069 3725 1301 3778 verbum
1334 3742 1540 3780 nomen
1571 3732 1672 3792 est,
1707 3744 1906 3798 quam-

207 3813 292 3867 vis
322 3830 533 3867 nomen
561 3813 650 3877 sit,
681 3830 809 3867 cum
841 3814 1103 3882 dicimus,
1136 3814 1403 3867 Verbum.

288 3904 369 3955 t2.
393 3904 538 3970 Aug.
555 3902 721 3967 Quid,
738 3902 783 3955 si
805 3903 1111 3973 quisquam
1133 3902 1235 3956 tibi
1256 3903 1503 3957 afﬁrmet
1525 3908 1578 3957 et
1598 3903 1822 3975 probet,
1846 3908 1910 3958 ut

210 4006 382 4044 omne
399 4006 607 4045 nomen
622 3990 855 4043 verbum
876 3996 976 4054 est,
994 3991 1074 4044 ita
1087 4007 1256 4044 omne
1270 3992 1506 4045 verbum
1524 4009 1733 4047 nomen
1749 4008 1869 4045 esse
1881 3993 1909 4047 ?

208 4078 497 4149 poterisne
513 4078 766 4131 invenire
792 4079 925 4148 quid
950 4079 1178 4155 distent,
1206 4084 1413 4148 praeter
1430 4080 1715 4133 diversum
1744 4082 1803 4134 in
1825 4082 1909 4134 lit-

208 4166 345 4219 teris
374 4166 616 4219 sonum?
640 4165 747 4218 Ad.
775 4167 898 4219 Non
926 4170 1149 4234 potero,
1182 4183 1283 4219 nec
1314 4167 1550 4219 omnino
1586 4168 1791 4221 distare
1806 4168 1909 4221 ali-

208 4253 347 4324 quid
370 4259 529 4324 puto.
552 4256 697 4320 Aug.
718 4253 887 4318 Quid,
906 4254 1159 4307 siomnia
1171 4254 1544 4324 quidemquae
1557 4270 1686 4308 voce
1700 4255 1907 4308 articu-

208 4343 325 4395 lata
338 4359 468 4395 cum
485 4342 679 4413 aliquo
702 4342 1024 4412 signiﬁcatu
1040 4344 1429 4411 proferuntur,
1448 4348 1501 4394 et
1518 4341 1687 4394 verba
1708 4347 1911 4396 suntet

209 4431 476 4493 nomina;
527 4432 625 4485 sed
674 4436 865 4484 tamen
910 4431 1021 4483 alia
1063 4431 1130 4484 de
1180 4447 1346 4484 causa
1388 4432 1581 4498 verba,
1618 4433 1673 4483 et
1702 4430 1811 4483 alia
1840 4431 1909 4485 de

212 4535 384 4571 causa
411 4518 647 4571 nomina
686 4520 855 4571 sunt?
883 4518 1102 4571 nihilne
1147 4517 1375 4571 distabit
1416 4518 1565 4571 inter
1612 4534 1825 4571 nomen
1856 4523 1913 4572 et

214 4606 489 4660 verbum?
516 4608 625 4661 Ad.
672 4608 971 4671 Quomodo
1007 4607 1153 4660 istud
1188 4607 1259 4659 sit
1290 4623 1399 4659 non
1438 4606 1725 4677 intelligo.
1763 4608 1907 4675 Aug.

215 4697 330 4749 Hoc
360 4695 557 4747 saltem
612 4695 902 4765 intelligis,
948 4711 1116 4747 omne
1154 4695 1464 4748 coloratum
1512 4694 1729 4749 visibile
1768 4712 1909 4757 esse,

215 4788 272 4835 et
301 4799 470 4836 omne
508 4782 727 4837 visibile
766 4784 1103 4847 coloratum,
1142 4784 1399 4853 quamvis
1437 4783 1557 4836 hzec
1596 4783 1708 4837 duo
1742 4784 1914 4837 verba

216 4872 477 4926 distincte
498 4872 937 4942 differenterque
961 4872 1299 4942 signiﬁcent.
1323 4872 1432 4926 Ad.
1460 4872 1740 4941 Intelligo.
1764 4874 1908 4939 Aug.

217 4958 362 5021 Quid
392 4957 437 5009 si
469 4974 604 5026 ergo
637 4958 713 5011 ita
744 4963 801 5011 et
826 4974 1000 5035 omne
1022 4958 1257 5011 verbum
1286 4974 1515 5021 nomen,
1546 4963 1601 5010 et
1628 4974 1793 5011 omne
1826 4975 1917 5011 no-

215 5062 349 5100 men
380 5046 619 5099 verbum
659 5052 760 5113 est,
794 5046 1052 5117 quamvis
1090 5046 1211 5099 haec
1243 5046 1363 5116 ipsa
1402 5046 1513 5099 duo
1547 5046 1799 5113 nomina,
1830 5048 1913 5099 vel

217 5136 330 5189 duo
358 5135 546 5199 verba,
582 5135 637 5189 id
669 5140 752 5188 est
791 5152 1001 5188 nomen
1034 5139 1088 5187 et
1118 5134 1377 5198 verbum,
1416 5134 1769 5188 dill‘crentem
1814 5136 1915 5188 ha-

216 5225 389 5279 beant
419 5223 932 5293 signiﬁcationem?
969 5224 1077 5277 Ad.
1118 5226 1242 5278 Jam
1281 5222 1445 5275 video
1488 5240 1647 5292 posse
1680 5222 1735 5275 id
1772 5223 1916 5276 acci-

128 5376 131 5379 _
218 5310 385 5363 dere:
420 5311 516 5364 sed
554 5311 838 5381 quomodo
871 5311 925 5364 id
958 5312 1192 5375 accidat,
1221 5315 1483 5380 exspecto
1520 5315 1580 5364 ut
1619 5312 1908 5365 ostendas.

216 5399 362 5464 Aug.
395 5398 575 5453 Omne
596 5398 746 5468 quod
768 5414 897 5451 cum
913 5399 1106 5469 aliquo
1126 5398 1448 5466 signiﬁcatu
1470 5397 1768 5453 articulata
1787 5416 1919 5453 voce

220 5487 569 5557 prorumpit,
615 5486 1037 5551 animadvertis,
1062 5491 1126 5540 ut
1155 5487 1379 5556 opinor,
1412 5491 1469 5540 et
1496 5503 1694 5540 aurem
1718 5488 1919 5542 verbe-

1741 253 1955 309 LlBER
2008 253 2213 310 UNUS.

224 388 604 443 quacumque
650 375 802 438 sunt,
836 373 933 427 sed
982 372 1154 427 etiam
1199 373 1450 443 seipsum
1498 374 1810 444 signiﬁcat;
1840 378 1925 428 est

3601 263 3733 316 l202

2036 392 2184 444 rare,
2214 380 2280 430 ut
2306 374 2505 429 sentiri
2532 392 2544 442 ;
2570 379 2626 431 et
2650 376 2942 431 memoriae
2964 378 3247 445 mandari,
3271 385 3334 433 ut
3358 383 3727 453 noscipossit,

2032 466 2144 525 Ad.
2178 465 2598 519 Animadverto.
2635 468 2782 531 Aug.
2830 467 2951 519 Duo
3012 483 3147 538 ergo
3196 470 3456 538 quaedam
3507 473 3729 525 contin-

2036 556 2205 621 gunt,
2238 569 2368 606 cum
2401 552 2617 621 aliquid
2650 553 2748 605 tali
2779 570 2913 606 voce
2943 555 3309 624 proferimus.
3344 559 3458 613 Ad.
3493 560 3573 612 Ita
3612 565 3719 614 est.

2033 642 2185 708 Aug.
2212 641 2378 705 Quid,
2414 640 2461 693 si
2489 641 2695 693 horum
2729 641 2972 695 duorum
3002 660 3065 694 ex
3099 660 3216 697 uno
3270 646 3553 715 appellata
3598 654 3731 701 sunt

2033 730 2225 793 verba,
2259 746 2321 782 ex
2355 730 2530 781 altero
2553 728 2787 781 nomina
2813 750 2827 795 ;
2854 716 3022 783 verba
3051 731 3263 785 scilicet
3293 751 3323 785 a
3354 736 3725 802 verberando,

2034 817 2270 870 nomina
2295 833 2427 870 vero
2454 834 2486 869 a
2504 818 2813 882 noscendo,
2852 822 2915 870 ut
2944 818 3081 871 illud
3110 820 3359 889 primum
3383 823 3452 875 ab
3471 824 3727 893 auribus,

2034 905 2139 958 hoc
2170 910 2359 958 autem
2392 906 2703 959 secundum
2735 906 2805 958 ab
2834 906 3024 959 animo
3054 908 3240 960 vocari
3275 911 3550 963 meruerit
3568 915 3596 963 ‘?

2110 996 2191 1046 13.
2234 994 2344 1048 Ad.
2384 994 2721 1059 Concedam,
2752 1011 2879 1047 cum
2905 994 3219 1047 ostenderis
3250 998 3543 1066 quomodo
3574 1003 3726 1053 recte

2033 1082 2316 1152 possimus
2344 1082 2538 1135 omnia
2568 1082 2739 1135 verba
2794 1083 3031 1135 nomina
3089 1082 3294 1137 dicere.
3352 1086 3502 1151 Aug.
3547 1088 3728 1141 Facile

2034 1175 2120 1223 est
2151 1190 2162 1223 :
2202 1186 2333 1223 nam
2368 1171 2536 1224 credo
2569 1174 2623 1223 te
2655 1171 2935 1239 accepisse
2966 1188 3029 1224 ac
3056 1176 3249 1225 tenere
3288 1189 3606 1242 pronomen
3640 1176 3729 1229 di-

2034 1261 2210 1324 ctum,
2246 1259 2397 1328 quod
2430 1275 2533 1328 pro
2566 1259 2688 1327 ipso
2720 1259 2953 1311 nomine
2982 1260 3183 1325 valeat,
3208 1278 3325 1313 rem
3348 1266 3539 1316 tamen
3570 1268 3729 1317 notet

2033 1346 2223 1399 minus
2252 1348 2423 1416 plena
2453 1347 2867 1415 signiﬁcatione
2890 1364 3059 1417 quam
3082 1365 3312 1403 nomen.
3336 1351 3496 1417 Nam,
3520 1356 3582 1403 ut
3603 1352 3727 1421 opi-

2032 1451 2155 1498 nor,
2190 1436 2447 1488 deﬁnivit
2476 1436 2571 1488 ille
2612 1436 2712 1501 ita,
2741 1452 2911 1504 quem
2960 1438 3331 1505 grammatico
3385 1440 3677 1493 reddidisti
3714 1457 3725 1492 :

2034 1524 2353 1576 Pronomen
2390 1528 2472 1576 est
2503 1538 2634 1593 pars
2664 1522 2954 1588 orationis,
2988 1540 3115 1587 quae
3146 1541 3250 1593 pro
3281 1525 3405 1594 ipso
3433 1528 3615 1596 posita
3634 1544 3730 1581 no-

2030 1611 2206 1676 mine,
2252 1611 2441 1665 minus
2495 1612 2728 1681 quidem
2773 1613 2961 1682 plene,
2993 1612 3146 1665 idem
3179 1618 3369 1666 tamen
3425 1614 3725 1683 signiﬁcat.

2030 1701 2142 1754 Ad.
2180 1701 2463 1754 Recordor
2495 1704 2548 1752 et
2574 1700 2773 1769 probo.
2806 1701 2957 1765 Aug.
3010 1701 3175 1753 Vides
3204 1700 3377 1771 igitur
3416 1705 3728 1758 secundum

2028 1790 2176 1843 hanc
2210 1790 2600 1843 deﬁnitionem
2633 1790 2805 1843 nullis
2862 1790 2969 1842 nisi
3002 1791 3329 1844 nominibus
3385 1793 3613 1859 servire,
3675 1799 3731 1847 et

2027 1895 2132 1948 pro
2162 1878 2249 1931 his
2277 1878 2411 1931 solis
2439 1878 2576 1947 poni
2609 1894 2773 1947 posse
2800 1878 3162 1948 pronomina,
3204 1879 3357 1931 velut
3405 1895 3534 1932 cum
3589 1880 3726 1933 dici-

2029 1983 2179 2031 mus,
2210 1966 2305 2019 Hic
2330 1966 2432 2029 vir,
2466 1967 2587 2036 ipse
2616 1983 2735 2030 rex,
2772 1966 2971 2019 eadem
3004 1966 3231 2031 mulier,
3254 1967 3361 2020 hoc
3408 1984 3633 2035 aurum,
3659 1969 3725 2022 il-
3804 1966 3807 1967 ⁷

2029 2054 2123 2108 lud
2156 2060 2456 2124 argentum
2483 2072 2495 2107 :
2532 2054 2643 2120 hic,
2674 2055 2813 2123 ipse,
2847 2056 3067 2119 eadem,
3100 2056 3228 2120 hoc,
3264 2055 3402 2108 illud
3433 2056 3726 2126 pronomi-

2027 2158 2102 2195 na
2122 2157 2281 2208 esse;
2312 2141 2419 2206 vir,
2448 2157 2566 2206 rex,
2603 2141 2829 2207 mulier,
2865 2158 3088 2208 aurum,
3114 2147 3440 2211 argentum,
3471 2144 3721 2206 nomina,

2028 2230 2233 2301 quibus
2262 2228 2487 2300 plenius
2512 2246 2685 2299 quam
2716 2229 2828 2282 illis
2858 2230 3294 2299 pronominibus
3325 2246 3414 2283 res
3446 2231 3725 2299 signiﬁca-

2026 2321 2100 2371 ιω
2133 2322 2285 2370 sunt.
2326 2317 2435 2371 Ad.
2472 2316 2644 2369 Video
2676 2320 2730 2368 et
2759 2315 3055 2369 assentior.
3090 2318 3240 2383 Aug.
3289 2318 3373 2369 Tu
3401 2333 3537 2386 ergo
3571 2334 3725 2371 nunc

2027 2403 2167 2457 mihi
2200 2419 2410 2473 paucas
2442 2403 2873 2473 conjunctiones
2902 2404 3184 2472 quaslibet
3211 2404 3464 2457 enuntia.
3492 2405 3608 2457 Ad.
3636 2407 3723 2473 Et,

2027 2508 2175 2563 quae,
2210 2496 2287 2557 at,
2321 2496 2509 2562 atque.
2551 2493 2699 2557 Aug.
2734 2493 2862 2544 llch
2892 2493 3086 2545 omnia
3123 2508 3251 2562 qua}
3285 2492 3493 2557 dixisti,
3536 2509 3722 2546 nonne

2027 2580 2410 2634 tibividentur
2435 2595 2552 2632 esse
2569 2579 2807 2632 nomina
2827 2583 2855 2632 ?
2878 2581 2989 2633 Ad.
3006 2581 3129 2633 Non
3152 2580 3408 2634 omnino.
3432 2582 3575 2648 Aug.
3608 2583 3721 2653 Ego

2024 2671 2225 2722 saltem
2258 2668 2361 2722 tlbi
2393 2672 2541 2721 recte
2574 2668 2799 2721 locutus
2832 2668 3043 2732 videor,
3104 2684 3233 2720 cum
3270 2668 3539 2734 dicerem,
3591 2671 3719 2723 Haec

2027 2758 2218 2811 omnia
2248 2773 2375 2826 quae
2401 2755 2639 2809 dixisti?
2666 2756 2775 2809 Ad.
2809 2757 3278 2825 Recteprorsus;
3307 2760 3363 2810 et
3402 2758 3519 2827 jam
3547 2756 3720 2811 intel-

2024 2846 2141 2915 ligo
2172 2861 2344 2913 quam
2376 2842 2716 2897 mirabiliter
2770 2844 3085 2896 ostenderis
3135 2860 3225 2897 me
3282 2844 3515 2897 nomina
3544 2862 3721 2898 enun-

2024 2934 2193 2987 tiasse
2227 2950 2239 2986 :
2274 2949 2388 2986 non
2419 2932 2571 2985 enim
2601 2933 2766 2985 aliter
2795 2932 2863 2985 de
2921 2932 3011 2985 his
3042 2937 3191 2985 recte
3249 2932 3359 2986 dici
3407 2933 3711 3003 potuisset.

2027 3022 2156 3075 Haec
2185 3020 2405 3075 omnia.
2439 3020 2545 3073 Sed
2574 3020 2729 3073 enim
2789 3035 2992 3073 vereor
3047 3020 3248 3084 adhuc,
3305 3037 3375 3074 ne
3416 3025 3717 3091 propterea

2023 3108 2170 3163 mihi
2201 3113 2353 3162 recte
2411 3108 2630 3160 locutus
2686 3107 2951 3177 videaris,
2983 3109 3135 3178 quod
3165 3109 3265 3161 has
3315 3113 3560 3179 quatuor
3587 3125 3718 3162 con-

2015 3197 2344 3269 junctiones
2371 3196 2542 3249 etiam
2574 3195 2746 3249 verba
2776 3212 2896 3249 esse
2929 3213 3041 3250 non
3072 3213 3245 3266 nego;
3281 3202 3343 3250 ut
3369 3196 3495 3251 ideo
3528 3198 3596 3250 de
3625 3197 3713 3251 his

2021 3292 2170 3340 recte
2202 3286 2313 3339 dici
2342 3284 2611 3355 potuerit,
2644 3285 2775 3337 Hazc
2804 3284 3019 3354 omnia,
3064 3286 3337 3355 quoniam
3393 3290 3543 3339 recte
3575 3286 3714 3339 dici-

2019 3380 2133 3441 tur,
2166 3376 2294 3428 Haec
2325 3374 2496 3427 verba
2524 3373 2735 3427 omnia.
2770 3373 2827 3427 Si
2845 3377 3034 3427 autem
3065 3391 3098 3427 a
3124 3390 3213 3427 me
3244 3390 3464 3443 qumras
3492 3390 3621 3444 quae
3643 3374 3715 3428 sit

2020 3480 2150 3534 pars
2176 3462 2468 3528 orationis,
2525 3463 2743 3529 Verba;
2773 3462 2915 3516 nihil
2950 3463 3102 3516 aliud
3134 3462 3486 3531 respondebo
3518 3480 3710 3533 quam,

2021 3553 2264 3606 Nomen.
2298 3551 2482 3615 Quare
2515 3552 2650 3604 huic
2703 3551 2925 3604 nomini
2984 3552 3215 3604 fortasse
3243 3566 3562 3621 pronomen
3612 3552 3711 3605 ad-

2011 3640 2277 3710 junctum
2305 3643 2407 3704 est,
2440 3643 2504 3691 ut
2535 3638 2629 3691 illa
2658 3643 2811 3691 recta
2836 3643 2981 3691 esset
3004 3638 3218 3692 locutio
3251 3643 3366 3691 tua.

2096 3728 2186 3783 14.
2223 3728 2367 3793 Aug.
2404 3728 2580 3779 Acute
2607 3726 2839 3795 quidem
2864 3724 3094 3793 falleris,
3116 3725 3213 3780 sed
3241 3730 3302 3779 ut
3331 3725 3447 3779 falli
3467 3726 3713 3796 desinas,

2020 3815 2240 3869 acutius
2266 3815 2494 3869 attende
2524 3814 2675 3884 quod
2705 3813 2911 3878 dicam,
2946 3814 2992 3867 si
3040 3818 3229 3867 tamen
3282 3813 3338 3867 id
3391 3813 3598 3880 dicere,
3652 3819 3717 3867 ut

2019 3904 2166 3969 volo,
2206 3904 2436 3957 valuero
2468 3920 2479 3956 :
2509 3919 2640 3956 nam
2661 3902 2847 3955 verbis
2877 3902 2945 3956 de
2976 3902 3161 3955 verbis
3191 3918 3357 3972 agere
3388 3906 3505 3956 tam
3531 3902 3715 3973 impli-

2020 3996 2207 4045 catum
2238 3996 2337 4056 est,
2370 4007 2542 4061 quam
2577 3990 2783 4060 digitos
2811 3989 3262 4059 digitisinsererc
3284 3996 3337 4043 et
3366 3989 3673 4043 confricare
3700 4006 3712 4053 ;

2019 4080 2120 4133 ubi
2148 4080 2239 4133 vix
2272 4078 2641 4149 dignoscitur,
2667 4077 2776 4131 nisi
2806 4078 2874 4130 ab
2899 4094 2964 4130 eo
2986 4077 3109 4147 ipso
3139 4078 3236 4148 qui
3264 4077 3320 4131 id
3350 4078 3487 4147 agit,
3511 4078 3610 4145 qui
3631 4076 3715 4130 di-

2021 4168 2125 4239 giti
2148 4168 2425 4238 pruriant.
2459 4172 2514 4220 et
2543 4166 2642 4237 qui
2680 4166 3025 4219 auxiliantur
3045 4165 3451 4235 prurientibus.
3480 4166 3589 4219 Ad.
3636 4166 3715 4217 En

2020 4260 2141 4309 toto
2170 4256 2361 4307 animo
2394 4255 2615 4317 adsum,
2647 4270 2780 4306 nam
2800 4254 2904 4307 ista
2924 4254 3044 4306 haec
3062 4252 3374 4305 similitudo
3407 4268 3497 4303 me
3528 4251 3714 4303 inten-

2020 4343 2302 4397 tissimum
2338 4342 2488 4395 fecit.
2522 4342 2667 4409 Aug.
2695 4341 2877 4395 Verba
2906 4345 3056 4394 certe
3088 4357 3250 4406 sono,
3282 4343 3337 4392 et
3368 4339 3565 4391 litteris
3586 4355 3715 4392 con-

2022 4435 2191 4485 stant.
2226 4431 2334 4484 Ad.
2363 4431 2445 4482 Ita
2477 4435 2578 4483 est.
2614 4430 2758 4496 Aug.
2795 4431 2937 4499 Ergo
2955 4434 3013 4482 ut
3043 4444 3109 4481 ea
3138 4427 3498 4497 potissimum
3528 4432 3716 4481 aucto-

2023 4519 2189 4572 ritate
2225 4523 2473 4587 utamur,
2536 4535 2663 4589 quee
2722 4518 2885 4571 nobis
2938 4515 3269 4571 charissima
3323 4520 3426 4579 est,
3480 4531 3607 4568 cum
3640 4515 3718 4568 ait

2024 4607 2235 4661 Paulus
2266 4608 2577 4676 apostolus,
2610 4610 2726 4663 Non
2755 4609 2947 4659 eratin
2978 4606 3186 4659 Christo
3220 4606 3316 4657 Est
3344 4608 3393 4656 et
3417 4606 3592 4667 Non‘,
3625 4604 3719 4658 sed

2026 4699 2121 4751 Est
2152 4698 2208 4748 in
2247 4696 2339 4749 illo
2369 4700 2491 4750 erat
2522 4696 2585 4759 (ll
2611 4696 2739 4749 Cor.
2775 4712 2812 4755 ι,
2850 4696 2959 4761 19),
2995 4708 3107 4745 non
3139 4692 3365 4762 opinor,
3400 4694 3717 4763 putandum

2026 4788 2109 4837 est
2138 4788 2252 4837 tres
2280 4783 2415 4837 istas
2443 4783 2678 4849 litteras,
2715 4799 2853 4853 quas
2883 4780 3250 4834 enuntiamus
3278 4796 3408 4833 cum
3456 4781 3715 4845 dicimus,

2025 4876 2122 4937 est,
2155 4871 2329 4925 fuisse
2359 4871 2417 4923 in
2469 4870 2712 4931 Christo;
2746 4870 2842 4923 sed
2877 4868 3014 4922 illud
3048 4869 3238 4938 potius
3285 4868 3436 4939 quod
3468 4868 3587 4921 istis
3618 4871 3716 4921 tri-

2026 4961 2131 5014 bus
2157 4960 2359 5013 litteris
2385 4958 2756 5029 signiﬁcatur.
2792 4958 2902 5010 Ad.
2929 4958 3133 5011 Verum
3154 4956 3314 5010 dicis.
3345 4955 3718 5023 Aug.lntelli-

2028 5048 2115 5118 gis
2144 5048 2321 5117 igitur
2347 5063 2478 5099 eum
2492 5045 2695 5115 quiait.
2720 5047 2815 5098 Est
2829 5047 2883 5097 in
2902 5047 2991 5099 illo
3014 5051 3149 5112 erat,
3176 5046 3313 5099 nihil
3336 5045 3491 5098 aliud
3515 5043 3718 5097 dixisse

2029 5152 2222 5207 quam,
2256 5137 2346 5188 Est
2375 5135 2695 5203 appellatur
2727 5134 2877 5203 quod
2918 5133 2975 5186 in
3031 5134 3128 5188 illo
3178 5138 3336 5187 erat:
3372 5138 3640 5201 tanquam
3674 5131 3719 5182 si

2031 5223 2277 5289 dixisset,
2311 5222 2498 5274 Virtus
2530 5222 2588 5274 in
2616 5221 2713 5275 illo
2744 5226 2865 5275 erat
2895 5242 2909 5287 ;
2939 5238 3055 5276 non
3105 5221 3301 5291 utique
3334 5220 3485 5272 aliud
3517 5218 3719 5271 dixisse

2032 5312 2402 5381 acciperetur,
2436 5310 2567 5374 nisi,
2604 5310 2780 5364 virtus
2811 5312 3130 5381 appellatur
3161 5308 3314 5379 quod
3342 5306 3402 5359 in
3432 5306 3528 5359 illo
3560 5310 3715 5359 erat:

2031 5418 2103 5454 ne
2136 5400 2275 5453 duas
2294 5398 2427 5452 istas
2458 5399 2698 5470 syllabas
2721 5416 2861 5470 quas
2894 5398 3275 5461 enuntiamus,
3308 5410 3437 5448 cum
3478 5394 3720 5447 dicimus

2097 5498 2109 5529 ¹
2145 5497 2237 5542 Ναὶ
2254 5497 2334 5541 καὶ
2361 5495 2434 5541 οὔ.
