4098 6182
436 263 568 316 1203

433 389 640 452 Virtus,
673 387 729 438 et
755 399 868 438 non
904 382 1046 438 illud
1080 380 1236 453 quod
1261 380 1349 435 his
1375 380 1594 434 duabus
1622 377 1851 450 syllabis
1906 375 2124 448 signiﬁ-

432 481 611 540 catur,
645 472 707 526 in
735 471 831 526 illo
855 472 1031 526 fuisse
1061 470 1489 525 arbitraremur.
1524 467 1634 523 Ad.
1673 466 1935 537 Intelligo
1966 481 2030 520 ac
2051 481 2131 519 se-

434 578 596 635 quor.
626 562 772 629 Aug.
807 559 1002 625 Quid?
1030 559 1171 612 illud
1208 574 1400 612 nonne
1440 555 1714 627 intelligis
1765 557 1936 610 etiam
1991 554 2131 608 nihil

433 652 707 706 interesse
735 655 928 703 utrum
975 647 1218 718 quisque
1248 645 1419 715 dicat,
1449 645 1636 698 Virtus
1667 645 2003 716 appellatur,
2036 659 2131 713 an,

435 739 626 795 Virtus
654 737 1031 793 nominatur?
1059 736 1174 789 Ad.
1199 733 1556 788 Manifestum
1573 737 1674 788 est.
1705 735 1850 802 Aug.
1883 735 2029 803 Ergo
2054 731 2132 786 ita

437 827 800 883 manifestum
834 829 940 889 est,
969 823 1114 877 nihil
1145 823 1417 877 interesse
1453 827 1649 876 utrum
1680 822 1809 892 quis
1840 821 2008 887 dicat,
2043 822 2135 874 Est

438 915 776 987 appellatur,
810 928 903 979 an,
937 913 1030 965 Est
1058 910 1392 964 nominatur
1421 911 1575 981 quod
1606 910 1665 964 in
1692 911 1788 964 illo
1845 913 1985 964 erat.
2019 909 2128 963 Ad.

437 1004 610 1057 Video
637 1006 693 1056 et
737 999 830 1054 hic
854 999 996 1053 nihil
1047 999 1275 1053 distare.
1310 1000 1461 1067 Aug.
1510 989 1710 1053 Iamne
1769 998 1946 1052 etiam
1975 997 2132 1051 vides

436 1092 574 1162 quid
606 1089 775 1143 velim
806 1088 1148 1142 ostendere?
1173 1087 1282 1142 Ad.
1319 1087 1585 1141 Nondum
1613 1102 1768 1141 sane.
1803 1086 1947 1154 Aug.
1977 1086 2134 1139 Itane

437 1185 500 1234 tu
533 1195 647 1233 non
673 1177 829 1232 vides
858 1193 1070 1230 nomen
1122 1192 1243 1230 esse
1273 1175 1329 1230 id
1363 1191 1476 1246 quo
1506 1192 1596 1229 res
1645 1175 1837 1246 aliqua
1868 1173 2132 1228 nomina-

437 1269 580 1322 tur?
609 1267 719 1322 Ad.
758 1267 872 1320 Hoc
930 1266 1100 1335 plane
1132 1263 1272 1318 nihil
1312 1263 1520 1318 certius
1548 1263 1732 1317 video.
1788 1265 1934 1332 Aug.
1969 1261 2136 1315 Vides

439 1372 596 1428 ergo,
633 1357 726 1410 Est
740 1370 950 1408 nomen
971 1370 1113 1420 esse,
1135 1352 1418 1424 siquidem
1442 1353 1582 1407 illud
1613 1352 1762 1423 quod
1786 1357 1908 1406 erat
1936 1351 1994 1404 in
2015 1350 2133 1415 illo,

441 1447 535 1499 Est
565 1443 914 1498 nominatur.
949 1443 1059 1497 Ad.
1115 1443 1330 1512 Negare
1355 1457 1471 1494 non
1501 1457 1756 1511 possum.
1794 1443 1939 1508 Aug.
1991 1441 2062 1492 At
2090 1438 2138 1492 si

441 1549 506 1588 ex
540 1537 596 1586 te
628 1547 948 1602 quaererem
979 1545 1109 1600 quae
1135 1529 1206 1583 sit
1226 1545 1358 1600 pars
1385 1528 1684 1596 orationis,
1707 1529 1830 1594 Est;
1872 1543 1988 1581 non
2015 1526 2136 1598 Opi-

442 1637 548 1675 nor
597 1636 826 1687 nomen,
859 1620 958 1673 sed
1010 1619 1245 1672 verbum
1288 1634 1409 1672 esse
1443 1618 1678 1684 diceres,
1735 1633 1864 1672 cum
1903 1616 1962 1670 id
1993 1617 2138 1670 ratio

441 1709 615 1763 etiam
644 1725 855 1762 nomen
888 1723 1008 1762 esse
1041 1707 1317 1761 docuerit.
1343 1707 1452 1762 Ad.
1487 1707 1570 1760 Ita
1599 1711 1684 1760 est
1703 1722 1937 1776 prorsus
1967 1709 2030 1759 ut
2060 1705 2140 1760 di-

440 1798 539 1852 cis.
573 1798 717 1865 Aug.
753 1798 899 1850 Num
920 1796 1106 1850 adhuc
1125 1794 1350 1849 dubitas
1379 1793 1518 1848 alias
1539 1810 1768 1865 quoque
1793 1798 1984 1864 partes
2013 1810 2139 1849 ora-

441 1885 618 1939 tionis
666 1884 867 1938 eodem
915 1884 1108 1949 modo,
1169 1899 1283 1954 quo
1338 1883 1870 1952 demonstravimus,
1906 1882 2144 1937 nomina

443 1990 564 2028 esse
585 1975 613 2026 ?
635 1974 752 2029 Ad.
790 1974 911 2027 Non
943 1971 1160 2038 dubito,
1186 1971 1654 2043 quandoquidem
1682 1971 1863 2025 fateor
1893 1969 2142 2042 easigni-

444 2061 611 2116 ﬁcare
643 2061 876 2133 aliquid.
897 2061 954 2116 Si
975 2065 1167 2114 autem
1190 2076 1277 2114 res
1298 2058 1435 2131 ipsae
1469 2076 1611 2130 quas
1640 2059 2142 2130 signiﬁcant,quid

445 2150 688 2221 singula:
717 2150 1098 2221 appellentur,
1157 2149 1213 2202 id
1244 2154 1327 2202 est
1357 2149 1754 2218 nominentur,
1788 2149 2139 2219 interroges;

447 2239 789 2309 respondere
823 2241 940 2291 nOn
969 2253 1223 2308 possum,
1251 2237 1360 2290 nisi
1391 2253 1485 2290 eas
1514 2237 1666 2306 ipsas
1713 2239 1903 2307 partes
1939 2235 2142 2289 oratio-

445 2324 553 2391 nis,
586 2341 725 2395 quas
750 2323 983 2378 nomina
1013 2340 1128 2377 non
1159 2339 1446 2390 vocamus,
1480 2323 1601 2393 sed,
1634 2327 1697 2376 nt
1725 2339 1914 2390 cerno,
1944 2337 2142 2378 vocare

449 2411 860 2466 convincimur.

523 2504 607 2554 l5.
640 2501 782 2567 Aug.
812 2499 1034 2553 Nihilne
1064 2503 1118 2553 te
1145 2503 1356 2564 movet,
1391 2515 1462 2553 ne
1519 2498 1646 2570 quis
1679 2499 1883 2553 existat
1914 2499 2014 2570 qui
2049 2515 2145 2554 no-

449 2591 626 2642 stram
655 2588 824 2642 istam
879 2587 1161 2641 rationem
1217 2587 1516 2641 labefactet
1573 2587 1832 2654 dicendo,
1873 2588 2142 2658 Apostolo

447 2692 567 2731 non
593 2676 916 2742 verborum,
951 2676 1047 2730 sed
1079 2691 1274 2729 rerum
1307 2675 1705 2729 auctoritatem
1735 2691 1856 2729 esse
1885 2675 2142 2730 tribuen-

449 2766 620 2832 dam;
651 2765 1026 2836 quamobrem
1065 2763 1502 2818 fundamentum
1532 2763 1918 2834 persuasionis
1975 2763 2144 2834 hujus

447 2865 566 2905 non
602 2855 720 2904 tam
762 2865 882 2905 esse
937 2850 1168 2905 ﬁrmum
1227 2867 1401 2921 quam
1456 2854 1726 2922 putamus
1761 2866 1774 2904 :
1809 2849 1935 2905 ﬁeri
1990 2851 2142 2905 enim

446 2955 613 3010 posse
645 2943 708 2993 ut
740 2940 970 3007 Paulus,
997 2955 1328 3011 quanquam
1359 2939 1560 2994 vixerit
1589 2939 2034 3010 praeceperitque
2062 2955 2144 2994 re-

448 3026 723 3095 ctissme‘,
757 3027 949 3082 minus
1001 3033 1194 3082 tamen
1231 3031 1381 3082 recte
1433 3029 1655 3082 locutus
1708 3028 1797 3094 sit,
1857 3044 1987 3082 cum
2045 3028 2144 3098 ait,

449 3117 547 3170 Est
569 3117 627 3167 in
661 3115 753 3168 illo
771 3119 931 3179 erat;
975 3113 1293 3184 praesertim
1343 3129 1474 3169 cum
1533 3131 1590 3168 se
1638 3115 1758 3186 ipse
1814 3114 2145 3185 imperitum

450 3217 713 3256 sermone
743 3202 1032 3256 fateatur?
1061 3201 1132 3272 (II
1159 3203 1277 3258 Cor.
1328 3218 1406 3268 x1,
1443 3201 1518 3274 6.)
1546 3218 1660 3273 quo
1690 3203 1923 3257 tandem
1972 3203 2144 3257 modo

451 3289 625 3344 istum
653 3289 1026 3344 refellendum
1062 3289 1400 3344 arbitraris?
1431 3290 1542 3344 Ad.
1577 3289 1729 3344 Nihil
1781 3290 1963 3345 habeo
1993 3290 2146 3362 quod

450 3377 858 3446 contradicam,
893 3383 948 3433 et
976 3383 1031 3433 te
1058 3394 1158 3432 oro
1209 3383 1276 3432 ut
1323 3377 1572 3449 aliquem
1603 3377 1672 3432 de
1719 3378 1833 3433 illis
1871 3378 2145 3450 reperias,

450 3467 659 3538 quibus
687 3467 992 3522 verborum
1024 3467 1223 3522 notitia
1241 3483 1466 3521 summa
1484 3467 1831 3532 conceditur,
1862 3468 2024 3538 cujus
2052 3483 2148 3523 au-

450 3556 706 3610 ctoritate
731 3557 920 3628 potius
949 3555 1006 3610 id
1046 3555 1200 3627 quod
1255 3554 1415 3626 cupis
1472 3555 1702 3609 efﬁcias.
1763 3560 1910 3624 Aug.
1964 3556 2147 3611 Minus

450 3642 603 3696 enim
631 3642 735 3697 tibi
763 3643 990 3697 videtur
1019 3642 1242 3709 idonea,
1271 3641 1505 3696 remotis
1536 3641 1985 3712 auctoritatibus,
2023 3643 2150 3715 ipsa

449 3731 618 3800 ratio,
647 3747 758 3802 qua
771 3731 1200 3786 demonstratur
1218 3730 1484 3785 omnibus
1501 3729 1760 3802 partibus
1777 3731 2054 3786 orationis
2076 3731 2148 3785 si-

450 3819 711 3891 gniﬁcari
739 3819 975 3890 aliquid,
998 3824 1052 3872 et
1073 3836 1136 3873 ex
1155 3835 1220 3872 eo
1242 3819 1548 3889 appellari;
1574 3819 1824 3873 siautem
1846 3821 2145 3890 appellari,

451 3912 507 3962 et
532 3907 854 3973 nominari;
892 3906 939 3960 si
966 3907 1275 3974 nominari,
1306 3906 1538 3960 nomine
1571 3907 1766 3979 utique
1809 3908 2098 3963 nominari
2129 3925 2143 3964 :

451 3995 601 4066 quod
630 3993 692 4048 in
722 3994 954 4049 diversis
970 3995 1184 4065 linguis
1209 3994 1473 4048 facillime
1488 3994 1801 4064 judicatur.
1827 3996 1963 4061 Quis
1993 3996 2146 4052 enim

450 4099 569 4138 non
598 4083 804 4151 videat,
838 4082 884 4136 si
904 4099 1126 4154 quaeras
1156 4082 1293 4154 quid
1319 4083 1497 4138 Graeci
1530 4083 1831 4138 nominent
1861 4085 2014 4155 quod
2041 4101 2146 4140 nos

449 4171 838 4241 nominamus,
868 4170 1022 4238 Quis,
1065 4170 1418 4242 responderi,
1449 4169 1547 4225 τίς·
1582 4171 1718 4243 quid
1756 4172 1932 4226 Graeci
1963 4174 2145 4228 nomi-

449 4264 589 4315 nent
617 4261 771 4332 quod
803 4277 903 4315 nos
963 4260 1352 4326 nominamus,
1411 4259 1567 4326 Volo,
1600 4261 1951 4331 responderi.
1984 4260 2142 4308 Θέλωο

447 4349 586 4421 quid
614 4349 792 4404 Graeci
824 4349 1130 4403 nominent
1157 4349 1311 4420 quod
1364 4365 1468 4402 nos
1527 4348 1918 4417 nominamus,
1977 4350 2145 4419 Bene,

449 4439 803 4508 responderi,
831 4437 1026 4491 καλῶς’
1061 4437 1200 4508 quid
1256 4436 1433 4491 Graeci
1488 4436 1789 4491 nominent
1835 4438 1987 4508 quod
2044 4455 2146 4494 nos

446 4527 838 4597 nominamus,
899 4526 1215 4597 Scriptum,
1284 4525 1640 4596 responderi,
1680 4527 1736 4572 τὸ
1769 4526 2100 4589 γεγραμμένον
2130 4543 2142 4556 ο

448 4617 584 4687 quid
614 4618 790 4672 Graeci
820 4617 1122 4672 nominent
1159 4617 1310 4688 quod
1369 4633 1475 4670 nos
1505 4615 1892 4683 nominamus,
1929 4618 2013 4684 Et,
2053 4634 2142 4673 re-

447 4704 732 4772 sponderi,
764 4704 846 4750 καὶ
871 4719 884 4732 ο
922 4704 1060 4775 quid
1091 4704 1268 4758 Graeci
1299 4703 1595 4758 nominent
1633 4703 1782 4774 quod
1812 4719 1916 4757 nos
1957 4705 2141 4759 nomi-

447 4809 672 4859 namus,
726 4793 831 4860 Ab,
883 4793 1237 4864 responderi,
1269 4792 1364 4840 ἀπὸ
1389 4809 1404 4821 ”
1440 4792 1579 4863 quid
1633 4791 1810 4846 Graeci
1841 4793 2146 4848 nominent

447 4881 602 4955 quod
628 4898 730 4936 nos
742 4882 1126 4948 nominamus,
1151 4883 1292 4947 Heu,
1309 4879 1666 4952 responderi,
1683 4878 1731 4926 οἵ
1752 4894 1764 4906 ⁸
1789 4884 1961 4951 atque
1973 4880 2033 4933 in
2055 4881 2143 4935 his

445 4971 709 5027 omnibus
734 4970 990 5048 partibus
1013 4970 1468 5042 orationis,quas
1498 4985 1651 5024 nunc
1680 4967 2032 5036 enumeravi,
2050 4985 2141 5024 re-

444 5067 531 5117 cte
558 5059 718 5132 loqui
740 5075 871 5113 eum
895 5058 992 5130 qui
1019 5058 1644 5130 sicinterrogetzquod,
1661 5058 1770 5112 nisi
1792 5056 2028 5112 nomina
2049 5073 2142 5112 es-

441 5153 588 5219 sent,
602 5148 728 5203 ﬁeri
741 5163 857 5202 non
871 5148 1092 5218 posset?
1105 5148 1214 5200 Hac
1232 5162 1366 5217 ergo
1379 5148 1633 5202 oratione
1652 5146 1892 5200 Paulum
1905 5150 2134 5216 aposto-

441 5238 560 5292 lum
578 5242 725 5292 recte
741 5238 993 5291 locutum
1019 5250 1160 5303 esse,
1178 5250 1308 5288 cum
1323 5235 1558 5289 remotis
1580 5235 1837 5289 omnium
1861 5235 2134 5306 eloquen-

441 5325 585 5381 tium
613 5325 1042 5381 auctoritatibus
1074 5323 1331 5378 obtinere
1358 5323 1684 5395 possimus;
1717 5324 1853 5395 quid
1885 5339 2028 5394 opus
2057 5327 2142 5378 est

443 5429 698 5485 quarere
727 5417 888 5485 cujus
943 5427 1188 5484 persona
1242 5405 1526 5466 sententia
1577 5416 1773 5467 nostra
1827 5411 2140 5468 iniciatur?

503 5512 519 5546 ¹
551 5511 672 5560 Mss.
693 5510 910 5572 habent,
941 5509 1138 5560 dixerit
1152 5508 1570 5574 praeceperitque
1588 5509 1884 5559 rectissime.

1682 257 1776 313 DE
1814 252 2200 323 MAGISTRO,
2243 253 2294 309 S.
2340 252 2726 310 AUGUSTlNI

3788 262 3887 316 12οἇ

2313 379 2395 431 l6.
2429 375 2537 431 Sed
2574 390 2648 430 ne
2685 376 2815 447 quis
2859 375 3080 431 tardior
3117 380 3218 431 aut
3253 377 3640 447 impudentior
3675 381 3881 438 nondum

2240 465 2419 531 cedat,
2452 468 2800 536 asseratque,
2839 463 2951 520 nisi
2980 464 3094 520 illis
3121 465 3466 533 auctoribus,
3497 467 3697 538 quibus
3722 471 3879 525 γει-δυο

2241 570 2370 609 rum
2393 555 2548 625 leges
2579 570 2858 609 consensu
2897 555 3156 608 omnium
3193 555 3547 624 tribuuntur,
3578 557 3724 610 nullo
3751 560 3881 614 modo

2240 659 2360 698 esse
2389 658 2713 710 cessurum;
2739 642 2877 714 quid
2916 642 2975 696 in
3006 643 3182 697 latina
3221 643 3418 714 lingua
3448 644 3791 700 excellentius
3815 647 3882 701 Ci-

2239 746 2442 786 cerone
2485 730 2725 784 inveniri
2778 731 2997 799 potest?
3045 733 3116 785 At
3157 731 3249 786 hic
3298 733 3359 786 in
3402 732 3518 785 suis
3569 733 3882 789 nobilissimis

2241 818 2596 873 orationibus
2641 835 2781 889 quas
2817 819 3074 873 Verrinas
3110 825 3334 883 vocant,
3385 821 3606 886 Coram,
3651 823 3886 893 preposi-

2242 907 2476 975 tionem,
2499 908 2615 961 sive
2631 907 2729 962 illo
2753 908 2876 961 loco
2899 908 3230 963 adverbium
3255 909 3347 977 sit,
3375 925 3590 963 nomen
3611 912 3881 980 appellavit.

2243 995 2652 1050 Verumtamen
2682 997 2818 1068 quia
2847 996 2972 1052 ﬁeri
2992 1002 3181 1068 potest
3205 1001 3270 1051 ut
3294 1013 3399 1069 ego
3428 998 3593 1052 illum
3618 999 3785 1052 locum
3812 1003 3886 1053 mi-

2242 1101 2351 1139 nus
2380 1085 2524 1139 bene
2556 1085 2898 1156 intelligam,
2931 1090 3364 1158 exponaturque
3392 1087 3531 1140 alias
3563 1087 3740 1152 aliter,
3769 1089 3886 1141 vela

2244 1189 2335 1227 me
2375 1173 2462 1228 vel
2509 1173 2579 1228 ab
2610 1174 2752 1240 alio;
2787 1178 2871 1228 est
2907 1175 2978 1229 ad
3006 1175 3160 1247 quod
3201 1175 3538 1246 responderi
3581 1191 3738 1245 posse
3779 1176 3886 1230 nihil

2242 1266 2406 1333 puto.
2441 1263 2696 1317 Tradunt
2723 1263 2880 1317 enim
2909 1263 3250 1318 nobilissimi
3281 1263 3729 1334 disputationum
3749 1265 3888 1332 magi-

2245 1350 2367 1416 stri,
2416 1351 2651 1405 nomine
2691 1356 2748 1405 et
2794 1351 2964 1406 verbo
3009 1352 3239 1422 plenam
3279 1356 3536 1405 constare
3576 1351 3884 1416 sententiam,

2246 1455 2375 1510 quae
2421 1437 2695 1492 atﬁrmari
2746 1439 3057 1511 negarique
3104 1440 3315 1511 possit:
3367 1439 3520 1511 quod
3565 1456 3736 1512 genus
3775 1440 3884 1493 idem

2243 1527 2462 1582 Tullius
2509 1528 2762 1598 quodam
2809 1529 2933 1582 loco
2982 1529 3417 1599 pronuntiatum
3467 1533 3661 1583 vocat:
3711 1532 3760 1580 et
3797 1544 3888 1581 cum

2246 1615 2404 1670 verbi
2433 1615 2598 1669 tertia
2625 1630 2868 1685 persona
2889 1619 2993 1681 est,
3027 1615 3440 1669 nominativum
3481 1632 3612 1670 cum
3649 1633 3711 1670 ea
3745 1633 3887 1670 casum

2248 1703 2498 1758 nominis
2549 1703 2709 1757 aiunt
2746 1719 2866 1757 esse
2915 1700 3213 1774 oportere;
3263 1709 3320 1758 et
3344 1709 3497 1758 recte
3547 1704 3740 1758 aiunt:
3775 1705 3889 1774 quod

2249 1809 2475 1847 mecum
2505 1793 2552 1846 si
2580 1792 2926 1862 consideres,
2948 1795 3102 1848 velut
3124 1809 3255 1848 cum
3278 1793 3544 1861 dicimus,
3570 1795 3739 1848 Homo
3757 1794 3886 1858 sedet,

2251 1882 2440 1952 Equus
2469 1881 2666 1948 currit,
2707 1881 2988 1953 agnoscis,
3025 1885 3092 1936 ut
3124 1881 3349 1953 opinor,
3382 1882 3498 1936 duo
3530 1897 3649 1936 esse
3679 1896 3888 1952 pronun-

2250 1969 2406 2025 tiata.
2440 1969 2550 2025 Ad.
2591 1971 2866 2041 Agnosco.
2917 1972 3067 2040 Aug.
3121 1970 3315 2024 Cernis
3343 1969 3403 2024 in
3442 1970 3678 2042 singulis
3719 1967 3888 2040 singula

2251 2075 2370 2113 esse
2399 2058 2648 2120 nomina,
2680 2058 2740 2112 in
2769 2075 2883 2113 uno
2909 2060 3107 2124 homo,
3140 2059 3200 2112 in
3233 2060 3410 2113 altero
3445 2075 3658 2131 equus;
3691 2063 3741 2112 et
3764 2057 3887 2111 verba

2251 2146 2495 2218 singula,
2543 2147 2604 2201 in
2654 2163 2767 2201 uno
2814 2148 2991 2217 sedet,
3022 2147 3081 2201 in
3115 2149 3290 2202 altero
3328 2147 3549 2202 currit?
3595 2147 3698 2203 Ad.
3737 2147 3886 2202 Cerno.

2250 2235 2401 2302 Aug.
2437 2236 2581 2306 Ergo
2613 2234 2659 2288 si
2699 2235 2970 2302 dicerem,
3007 2235 3160 2290 sedet
3194 2239 3440 2299 tantum,
3489 2240 3588 2290 aut
3614 2235 3773 2289 currit
3801 2238 3886 2286 tan-

2250 2327 2392 2386 tum,
2429 2327 2577 2377 recte
2607 2339 2638 2375 a
2667 2338 2758 2377 me
2790 2339 3096 2395 quaereres,
3132 2324 3261 2395 quis
3291 2324 3378 2378 vel
3412 2323 3587 2395 quid;
3623 2327 3684 2377 ut
3708 2335 3886 2391 respon‘

2252 2411 2469 2481 derem,
2507 2412 2709 2476 Homo,
2741 2413 2829 2465 vel
2859 2428 3058 2483 equus,
3106 2413 3193 2466 vel
3243 2411 3480 2481 animal,
3526 2413 3611 2466 vel
3657 2409 3886 2482 quodlibet

2253 2499 2426 2566 aliud,
2459 2516 2573 2570 quo
2601 2499 2781 2571 possit
2801 2517 3011 2554 nomen
3040 2499 3327 2554 redditum
3352 2501 3527 2554 verbo
3559 2499 3776 2570 implere
3797 2513 3882 2567 pre

2253 2588 2600 2648 nuntiatum,
2630 2588 2687 2642 id
2720 2593 2806 2643 est
2831 2588 2988 2642 illam
3037 2589 3379 2644 sententiam
3415 2606 3550 2660 quae
3595 2587 3830 2643 afﬁrmari
3850 2590 3884 2637 et

2253 2676 2450 2747 negari
2481 2679 2683 2747 potest.
2717 2676 2826 2730 Ad.
2859 2677 3140 2747 Intelligo.
3179 2677 3325 2744 Aug.
3355 2678 3604 2732 Attende
3641 2680 3827 2738 caetera,
3850 2679 3883 2726 et

2253 2763 2408 2835 ﬁnge
2435 2781 2537 2818 nos
2578 2764 2770 2819 videre
2802 2765 3017 2836 aliquid
3056 2765 3305 2837 longius,
3339 2769 3394 2819 et
3417 2766 3699 2821 incertum
3733 2763 3883 2818 habere

2253 2857 2449 2907 utrum
2499 2852 2709 2907 animal
2739 2852 2812 2907 sit
2847 2870 2920 2906 an
2967 2869 3188 2922 saxum,
3218 2855 3307 2908 vel
3336 2854 3480 2926 quid
3527 2853 3693 2920 aliud,
3736 2865 3882 2920 meque

2254 2940 2360 2996 tibi
2389 2941 2596 3009 dicere,
2631 2941 2774 3006 Quia
2797 2941 2970 2996 homo
2993 2946 3097 3008 est,
3129 2942 3340 2996 animal
3371 2947 3488 3010 est;
3525 2957 3704 2997 nonne
3728 2944 3881 2994 temere

2253 3027 2538 3082 dicerem?
2563 3028 2672 3082 Ad.
2704 3029 2938 3082 Temere
2969 3029 3240 3083 omnino:
3274 3029 3371 3084 sed
3401 3045 3520 3084 non
3551 3033 3746 3084 temere
3766 3025 3880 3096 plane

2254 3117 2490 3183 diceres,
2518 3115 2577 3171 Si
2605 3117 2775 3170 homo
2823 3121 2928 3184 est,
2961 3117 3175 3171 animal
3223 3122 3323 3171 est.
3378 3119 3534 3185 Aug.
3585 3118 3736 3171 Recte
3768 3112 3875 3168 dicis.

2257 3207 2455 3277 Itaque
2484 3204 2545 3258 in
2577 3204 2861 3259 locutione
2882 3211 2980 3260 tua
3009 3207 3196 3277 placet
3217 3205 3378 3273 mihi,
3401 3206 3494 3273 Si;
3525 3207 3700 3277 placet
3723 3207 3768 3257 et
3785 3200 3874 3255 tibi:

2255 3292 2484 3364 utrique
2512 3296 2704 3347 autem
2739 3297 2996 3348 nostrum
3028 3293 3090 3348 in
3125 3310 3251 3348 mea
3279 3294 3614 3364 disciplicet,
3646 3291 3781 3357 Quia.
3803 3288 3872 3343 Ad.

2254 3380 2568 3436 Assentior.
2599 3382 2744 3449 Aug.
2792 3381 2930 3437 Vide
2955 3383 3075 3454 jam
3113 3386 3306 3436 utrum
3335 3381 3460 3437 istas
3495 3383 3620 3438 duas
3653 3378 3872 3436 sententia

2253 3470 2426 3541 plena
2471 3470 2844 3540 pronuntiata
2899 3470 3048 3525 sint:
3103 3471 3292 3525 Placet
3336 3471 3401 3539 si,
3464 3470 3728 3542 displicet,
3769 3466 3871 3537 quia.

2256 3559 2365 3614 Ad.
2400 3559 2574 3613 Plena
2603 3559 2858 3614 omnino.
2889 3563 3038 3628 Aug.
3069 3561 3211 3631 Age,
3243 3575 3393 3613 nunc
3423 3559 3517 3614 dic
3547 3559 3680 3614 mihi
3706 3571 3802 3628 quae
3824 3551 3872 3605 ibi

2257 3646 2370 3700 sint
2392 3647 2582 3714 verba,
2629 3663 2756 3718 quae
2799 3646 3049 3701 nomina.
3096 3647 3208 3702 Ad.
3262 3646 3445 3701 Verba
3495 3648 3575 3702 ibi
3604 3646 3745 3700 video
3779 3654 3871 3698 esse.

2255 3733 2459 3805 placet,
2487 3739 2562 3800 et,
2594 3735 2888 3806 displicet:
2945 3734 3180 3789 nomina
3222 3751 3354 3789 vero
3389 3735 3532 3807 quid
3573 3734 3715 3789 aliud
3739 3743 3868 3802 qnam.

2257 3821 2322 3888 si,
2350 3825 2424 3890 et,
2457 3823 2628 3893 quia?
2657 3824 2801 3892 Aug.
2834 3825 2942 3878 Has
2972 3839 3109 3894 ergo
3141 3823 3280 3878 duas
3310 3824 3730 3895 conjunctiones
3757 3819 3869 3872 etiam

2256 3909 2490 3964 nomina
2520 3926 2640 3964 esse
2671 3911 2804 3965 satis
2851 3911 3158 3982 probatum
3209 3915 3310 3966 est.
3343 3911 3454 3966 Ad.
3507 3913 3726 3966 Prorsus
3757 3904 3862 3959 satis.

2255 3999 2402 4066 Aug.
2425 4000 2664 4053 Potesne
2688 3999 2813 4070 ipse
2834 4015 2936 4071 per
2956 4004 3010 4054 te
3038 4000 3096 4053 in
3126 3999 3253 4053 aliis
3273 3999 3534 4070 partibus
3555 3995 3790 4053 orationis
3803 3993 3867 4045 hoc

2257 4085 2410 4140 idem
2441 4087 2511 4142 ad
2539 4087 2800 4142 eamdem
2830 4087 3088 4159 regulam
3121 4087 3360 4142 docere?
3389 4089 3498 4142 Ad.
3529 4089 3756 4143 Possum.

2517 4177 2741 4231 CAPUT
2771 4177 2860 4230 VI.
2893 4206 2961 4216 —
2991 4177 3166 4244 Signa
3195 4178 3282 4231 sui
3310 4178 3683 4246 signiﬁcativa.

2331 4268 2414 4318 t7.
2444 4266 2590 4332 Aug.
2640 4266 3017 4319 Transeamus
3064 4280 3202 4336 ergo
3255 4264 3409 4332 hinc,
3455 4269 3513 4320 et
3543 4265 3656 4336 jam
3684 4260 3756 4316 dic
3777 4252 3867 4311 mihi

2255 4355 2447 4407 utrum
2478 4353 2624 4407 sicut
2671 4353 2865 4407 omnia
2911 4353 3081 4407 verba
3123 4355 3376 4419 nomina,
3407 4357 3465 4408 et
3492 4352 3675 4407 omnia
3707 4345 3866 4403 nomina

2253 4441 2426 4496 verba
2483 4458 2604 4496 esse
2651 4440 3056 4513 comperimus,
3105 4441 3187 4495 ita
3232 4441 3336 4496 tibi
3384 4446 3439 4497 et
3486 4441 3666 4496 omnia
3701 4433 3866 4491 nomina

2253 4529 2542 4596 vocabula,
2578 4534 2634 4584 et
2659 4530 2851 4584 omnia
2875 4530 3148 4584 vocabula
3187 4529 3423 4584 nomina
3459 4547 3580 4584 esse
3618 4528 3860 4583 videantur.

2220 4618 2363 4673 .Ad.
2397 4619 2571 4673 Plane
2601 4618 2749 4673 inter
2775 4618 2897 4672 haec
2926 4619 3063 4690 quid
3090 4618 3261 4674 distet
3289 4623 3497 4690 praeter
3525 4619 3773 4674 diversum
3795 4607 3865 4678 syl-

2253 4705 2511 4760 labarum
2543 4721 2750 4760 sonum
2777 4722 2893 4760 non
2925 4705 3110 4760 video.
3144 4707 3292 4774 Aug.
3329 4707 3438 4760 Nec
3467 4721 3571 4777 ego
3600 4701 3791 4758 interim
3809 4709 3865 4748 re-

2252 4791 2408 4858 sisto,
2457 4808 2789 4865 quanquam
2822 4810 2938 4848 non
2968 4793 3158 4848 desint
3187 4794 3288 4866 qui
3317 4795 3487 4849 etiam
3533 4785 3864 4864 signiﬁcatione

2250 4880 2355 4935 ista
2385 4879 2732 4949 discernunt,
2765 4897 3010 4952 quorum
3031 4883 3375 4938 sententiam
3405 4883 3569 4938 modo
3589 4875 3863 4935 considerare

2250 4985 2367 5024 non
2397 4985 2541 5041 opus
2572 4973 2672 5023 est.
2726 4970 2832 5024 Sed
2863 4975 3013 5024 certe
3062 4971 3469 5026 animadvertis
3498 4971 3566 5025 ad
3606 4985 3665 5022 ea
3700 4966 3794 5036 jam
3817 4957 3862 5010 εἱ·

2249 5073 2361 5128 gna
2393 5074 2492 5112 nos
2523 5057 2866 5129 pervenisse,
2900 5075 3026 5131 qua:
3054 5075 3112 5114 se
3145 5059 3389 5114 invicem
3419 5057 3728 5131 signiﬁcent,
3755 5046 3862 5103 Im“a

2247 5153 2456 5218 praeter
2479 5164 2684 5202 sonum
2715 5147 3002 5216 distantia,
3035 5151 3090 5202 et
3118 5165 3248 5220 qua:
3270 5149 3454 5220 seipsa
3475 5145 3755 5217 signiﬁcent
3772 5148 3861 5189 cum

2247 5235 2466 5290 caeteris
2492 5236 2760 5290 omnibus
2779 5236 3039 5306 partibus
3064 5236 3360 5291 orationis.
3386 5237 3492 5292 Ad.
3518 5236 3628 5289 Non
3645 5225 3857 5292 intelligo.

2247 5323 2392 5390 Ααθο
2426 5325 2550 5378 Non
2581 5339 2717 5396 ergo
2748 5323 3022 5396 intelligis
3048 5329 3104 5379 et
3134 5341 3346 5380 nomen
3384 5323 3640 5379 vocabulo
3663 5323 3708 5371 et
3736 5326 3858 5366 vocs-

2245 5411 2446 5466 bulum
2476 5412 2709 5467 nomine
2739 5412 3078 5485 signiﬁcari;
3112 5418 3168 5468 et
3196 5414 3273 5468 ita
3305 5418 3367 5468 ut
3393 5417 3590 5485 praeter
3615 5417 3780 5463 sonum
3798 5398 3857 5451 lit-

2247 5505 2500 5556 terarum
2537 5501 2686 5557 nihil
2721 5501 2966 5570 intersit,
3012 5506 3293 5573 quantum
3331 5503 3398 5557 ad
3433 5499 3671 5574 generale
3699 5499 3854 5548 nomen
