4098 6182
248 268 265 319 1
278 266 381 319 205

238 390 528 461 pertinet:
561 405 696 443 nam
716 394 771 443 et
800 389 1042 460 speciale
1072 406 1287 445 nomen
1308 391 1570 459 dicimus,
1606 392 1757 463 quod
1782 391 1934 446 inter

240 484 367 533 octo
392 482 580 550 partes
602 479 875 534 orationis
902 478 975 534 ita
1010 484 1114 544 est,
1154 487 1217 535 ut
1243 480 1379 535 alias
1408 487 1626 552 septem
1652 498 1769 535 non
1799 498 1932 535 con-

237 568 438 622 tineat.
485 567 599 621 Ad.
636 568 915 638 Intelligo.
949 569 1093 638 Aug.
1126 571 1197 623 At
1239 570 1347 623 hoc
1395 575 1477 623 est
1515 571 1669 641 quod
1709 570 1843 638 dixi,
1876 586 1933 624 se

236 656 482 711 invicem
516 655 837 725 signiﬁcare
867 657 1201 711 vocabulum
1235 662 1290 711 et
1314 674 1543 713 nomen.

312 748 397 800 18.
432 745 545 799 Ad.
567 746 776 811 Teneo,
801 746 897 799 sed
930 762 1124 816 quaero
1156 746 1294 817 quid
1326 747 1555 813 dixeris,
1592 747 1732 801 Cum
1758 747 1931 801 etiam

234 833 424 905 seipsa
456 832 781 903 signiﬁcant
818 850 945 887 cum
985 834 1110 888 aliis
1139 835 1398 905 partibus
1448 834 1740 890 orationis.
1784 836 1927 903 Aug.

234 923 436 977 Nonne
467 921 729 992 superior
758 921 902 975 ratio
915 922 1105 976 docuit
1124 939 1251 989 nos,
1285 939 1482 977 omnes
1502 928 1692 995 partes
1720 923 1930 977 oratio-

232 1010 342 1077 nis,
395 1013 449 1064 et
501 1008 737 1063 nomina
764 1026 927 1080 posse
958 1010 1069 1064 dici
1099 1015 1155 1065 et
1182 1011 1475 1078 vocabula,
1508 1012 1567 1066 id
1616 1016 1699 1067 est
1744 1016 1799 1067 et
1829 1028 1930 1067 no-

233 1100 391 1153 mine
422 1103 477 1152 et
510 1098 784 1152 vocabulo
814 1115 980 1169 posse
1010 1098 1364 1169 signiﬁcari?
1392 1100 1504 1155 Ad.
1533 1102 1615 1154 Ita
1645 1105 1747 1155 est.
1782 1102 1926 1167 Aug.

232 1186 379 1251 Quid
401 1188 430 1241 ?
458 1187 649 1256 ipsum
681 1202 913 1253 nomen,
936 1187 992 1241 id
1020 1192 1102 1241 est
1131 1204 1335 1242 sonum
1365 1188 1542 1242 istum
1575 1189 1795 1243 duabus
1819 1190 1927 1259 syl-

232 1276 380 1330 labis
429 1291 779 1347 expressum,
837 1275 883 1329 si
936 1293 1005 1330 ex
1053 1282 1108 1331 te
1164 1293 1418 1347 quaeram
1468 1277 1608 1348 quid
1655 1279 1927 1349 appelles,

232 1380 427 1418 nonne
468 1368 619 1418 recte
651 1364 793 1418 mihi
824 1365 1218 1435 respondebis,
1271 1366 1536 1420 Nomen?
1582 1366 1691 1420 Ad.
1736 1367 1924 1420 Recte.

230 1452 379 1518 Aug.
416 1452 562 1505 Num
593 1451 672 1506 ita
694 1468 751 1506 se
784 1451 1063 1522 signiﬁcat
1090 1454 1198 1507 hoc
1237 1453 1466 1523 signum
1496 1455 1652 1524 quod
1682 1458 1930 1525 quatuor

231 1539 462 1611 syllabis
512 1540 877 1595 enuntiemus
916 1557 1047 1595 cum
1092 1540 1352 1609 dicimus,
1398 1542 1782 1611 Conjunctio?
1814 1544 1929 1597 Hoc

231 1628 385 1682 enim
416 1644 627 1682 nomen
659 1628 809 1683 inter
838 1628 937 1683 illa
965 1646 1093 1700 quae
1138 1629 1439 1699 signiﬁcat,
1489 1630 1779 1683 numerari
1808 1647 1925 1684 non

229 1722 437 1788 potest.
471 1718 582 1772 Ad.
612 1718 783 1772 Recte
812 1717 1045 1787 accipio.
1093 1720 1245 1785 Aug.
1295 1719 1355 1772 Id
1403 1722 1489 1773 est
1528 1720 1683 1789 quod
1712 1718 1925 1773 dictum

230 1810 316 1860 est
347 1822 556 1859 nomen
586 1806 836 1875 seipsum
868 1805 1189 1876 signiﬁcare
1218 1822 1348 1860 cum
1378 1806 1504 1860 aliis
1550 1824 1679 1878 qua:
1705 1808 1924 1879 signiﬁ-

229 1898 354 1959 cat;
388 1894 540 1965 quod
574 1893 745 1947 etiam
776 1895 844 1948 de
876 1894 1144 1949 vocabulo
1174 1894 1301 1949 licet
1332 1911 1435 1965 per
1466 1895 1716 1965 teipsum
1758 1894 1923 1949 intel-

229 1982 392 2054 ligas.
424 1983 533 2037 Ad.
565 1984 689 2036 Jam
718 1982 881 2037 facile
937 1987 1021 2037 est
1067 1999 1079 2036 :
1115 1983 1213 2037 sed
1242 1982 1387 2037 illud
1420 1982 1563 2037 mihi
1596 1999 1745 2037 nunc
1772 1983 1928 2037 venit

230 2071 288 2126 in
327 2076 593 2134 mentem,
628 2087 842 2125 nomen
873 2076 927 2125 et
955 2072 1300 2141 generaliter
1331 2077 1386 2127 et
1414 2073 1735 2143 specialiter
1773 2073 1920 2140 dici;

229 2159 565 2214 vocabulum
597 2164 790 2215 autem
820 2160 969 2215 inter
1000 2164 1123 2215 octo
1152 2164 1343 2231 partes
1384 2161 1659 2216 orationis
1689 2178 1805 2216 non
1834 2177 1923 2215 ae-

230 2248 343 2318 cipi
368 2265 379 2303 :
413 2265 589 2319 quare
620 2249 727 2303 hoc
749 2264 975 2320 quoque
996 2249 1146 2303 inter
1175 2266 1233 2303 se
1263 2253 1472 2319 praeter
1502 2250 1789 2303 diversum
1834 2267 1922 2304 so-

228 2353 370 2391 num
399 2337 625 2391 differre
656 2337 918 2393 arbitror.
948 2338 1094 2405 Aug.
1131 2337 1276 2401 Quid
1299 2337 1325 2391 '?
1354 2354 1562 2392 nomen
1592 2343 1648 2392 et
1676 2337 1829 2399 ὄνομα
1845 2337 1925 2393 di-

226 2430 375 2479 stare
404 2425 555 2480 inter
583 2442 639 2479 se
672 2425 887 2496 aliquid
909 2430 1073 2496 putas
1104 2430 1311 2497 praeter
1338 2442 1567 2495 sonum,
1598 2443 1711 2497 quo
1750 2425 1924 2480 etiam

222 2514 437 2583 linguae
460 2513 863 2568 discernuntur
878 2514 1055 2568 latina
1073 2519 1245 2586 atque
1268 2531 1453 2585 graeca
1470 2515 1497 2569 ?
1525 2515 1637 2568 Ad.
1668 2514 1766 2568 Hic
1788 2530 1921 2568 vero

225 2601 369 2656 nihil
398 2602 548 2657 aliud
582 2602 861 2673 intelligo.
893 2603 1040 2670 Aug.
1082 2604 1423 2657 Perventum
1455 2606 1539 2656 est
1573 2618 1710 2673 ergo
1751 2603 1819 2656 ad
1858 2619 1925 2656 ea

224 2690 388 2761 signa
414 2707 541 2762 quae
574 2694 629 2745 et
658 2690 842 2761 seipsa
872 2690 1215 2762 signiﬁcent,
1250 2694 1305 2745 et
1334 2690 1485 2745 aliud
1524 2690 1594 2744 ab
1634 2690 1743 2743 alio
1775 2689 1921 2743 invi-

224 2795 349 2833 cem
379 2779 751 2849 signiﬁcetur,
786 2784 842 2832 et
870 2778 1151 2850 quidquid
1181 2779 1249 2833 ab
1300 2794 1414 2832 uno
1444 2779 1551 2831 hoc
1580 2782 1637 2832 et
1669 2778 1738 2831 ab
1772 2777 1918 2843 alio;

223 2872 279 2922 et
307 2867 451 2921 nihil
499 2871 710 2939 praeter
763 2884 964 2921 sonum
1004 2866 1156 2922 inter
1199 2883 1257 2921 se
1287 2866 1591 2921 differant:
1638 2881 1771 2919 nam
1814 2866 1923 2919 hoc

224 2960 493 3027 quartum
524 2956 694 3010 modo
723 2955 1081 3021 invenimus;
1115 2954 1224 3009 tria
1245 2955 1398 3009 enim
1432 2953 1749 3025 superiora,
1781 2958 1838 3008 et
1853 2954 1922 3008 de

224 3043 454 3097 nomine
477 3049 533 3098 et
545 3045 717 3098 verbo
733 3043 1150 3113 intelliguntur.
1166 3044 1275 3098 Ad.
1295 3042 1541 3098 Omnino
1556 3047 1917 3112 perventum.

333 3133 557 3187 CAPUT
585 3133 702 3186 VII.
733 3162 801 3172 —
820 3133 1080 3202 Epilogus
1096 3131 1511 3201 praecedentium
1551 3133 1810 3199 capitum.

300 3224 381 3275 19.
415 3220 563 3291 Aug.
597 3222 721 3275 Jam
743 3236 871 3291 quae
904 3219 1336 3273 sermocinando
1366 3218 1775 3283 invenerimus,
1822 3235 1917 3271 ve-

222 3308 325 3362 lim
372 3324 692 3363 recenseas.
752 3309 863 3363 Ad.
905 3308 1126 3362 Faciam
1158 3311 1439 3379 quantum
1470 3323 1723 3377 possum.
1779 3307 1919 3360 Nam

220 3396 409 3468 primo
428 3396 685 3451 omnium
702 3397 970 3451 recordor
988 3396 1321 3468 aliquandiu
1337 3412 1441 3449 nos
1459 3394 1727 3467 quaesisse
1748 3411 1920 3466 quam

220 3485 530 3540 obcausam
550 3487 877 3557 loquamur,
907 3485 1318 3555 inventumque
1350 3500 1469 3537 esse
1502 3483 1741 3537 docendi
1771 3499 1922 3536 com-

224 3574 647 3629 memorandive
691 3574 872 3644 gratia
916 3590 1019 3628 nos
1068 3572 1247 3643 loqui,
1298 3571 1765 3643 quandoquidem
1815 3587 1921 3625 nec

219 3679 349 3718 cum
380 3663 821 3733 interrogamus,
850 3661 1003 3716 aliud
1033 3661 1257 3732 agimus
1288 3676 1462 3730 quam
1492 3670 1553 3714 ut
1582 3660 1676 3713 ille
1706 3660 1806 3730 qui
1836 3659 1919 3713 in-

218 3756 541 3822 terrogatur
571 3752 748 3806 discat
770 3750 906 3821 quid
935 3750 1176 3804 velimus
1198 3748 1423 3814 audire;
1445 3753 1501 3802 et
1531 3748 1589 3801 in
1617 3748 1917 3815 cantando,

220 3840 373 3913 quod
400 3838 789 3893 delectationis
812 3855 979 3893 causa
1008 3838 1193 3892 facere
1224 3837 1504 3903 videmur,
1537 3852 1655 3891 non
1684 3837 1755 3891 sit
1784 3853 1917 3906 pro-

217 3928 411 4000 prium
441 3928 782 3993 locutionis;
834 3927 896 3981 in
927 3927 1144 3981 orando
1177 3928 1314 3992 Deo,
1344 3941 1517 3996 quem
1577 3924 1767 3980 doceri
1824 3930 1920 3979 aut

218 4016 658 4071 commemorari
687 4015 1009 4070 existimare
1038 4032 1158 4069 non
1196 4013 1599 4085 possumus,id
1630 4014 1801 4068 verba
1820 4031 1919 4068 va-

219 4106 395 4172 leant,
427 4110 491 4159 ut
533 4106 620 4171 vel
671 4121 773 4159 nos
832 4103 986 4174 ipsos
1037 4102 1631 4169 commonefaciamus,
1684 4103 1769 4155 vel
1823 4102 1919 4156 alii

218 4196 691 4246 commoueantur
720 4192 1097 4245 doceanturve
1128 4206 1231 4261 per
1259 4206 1384 4243 nos.
1423 4190 1632 4244 Deinde
1654 4206 1785 4243 cum
1829 4205 1919 4243 sa-

222 4282 293 4335 tis
323 4280 666 4334 constitisset
692 4280 866 4334 verba
895 4279 1039 4333 nihil
1072 4278 1221 4332 aliud
1264 4294 1383 4332 esse
1419 4294 1591 4348 quam
1621 4277 1783 4347 signa
1808 4293 1820 4344 ;
1852 4294 1919 4331 ea

221 4385 352 4422 vero
383 4384 511 4439 quae
532 4385 648 4421 non
675 4368 891 4439 aliquid
914 4366 1255 4437 signiﬁcent,
1276 4366 1436 4436 signa
1455 4382 1573 4419 esse
1596 4382 1709 4419 non
1727 4380 1915 4435 posse,

220 4456 567 4528 proposuisti
598 4472 846 4522 versum,
880 4456 1041 4526 cujus
1079 4454 1250 4509 verba
1276 4454 1501 4525 singula
1530 4453 1667 4524 quid
1699 4452 1915 4524 signiﬁ-

220 4550 436 4609 carent,
469 4560 705 4599 conarer
732 4543 1066 4599 ostendere:
1101 4544 1147 4598 is
1177 4548 1367 4597 autem
1399 4546 1551 4597 erat:

409 4634 460 4682 Si
492 4633 623 4682 nihil
648 4647 709 4682 ex
742 4637 889 4683 tanta
915 4632 1129 4695 Superis
1152 4633 1322 4695 placet
1353 4632 1477 4680 urbe
1507 4631 1750 4693 relinqui.

220 4723 394 4793 Cujus
425 4723 737 4777 secundum
769 4722 1004 4776 verbum
1037 4719 1295 4791 quamvis
1327 4719 1687 4773 notissimum
1718 4722 1773 4772 et
1794 4734 1914 4772 ma-

220 4810 672 4880 nifestissimum,
728 4810 866 4881 quid
916 4814 1111 4863 tamen
1166 4808 1529 4878 signiﬁcaret,
1584 4823 1701 4861 non
1755 4822 1918 4877 repe-

220 4898 533 4953 riebamus.
575 4901 830 4970 Cumque
862 4897 1004 4952 mihi
1037 4897 1325 4951 videretur
1356 4913 1471 4949 non
1502 4896 1711 4950 frustra
1743 4912 1841 4949 nos
1862 4895 1917 4949 id

219 4987 280 5041 in
309 4988 597 5058 loquendo
631 4988 1014 5059 interponere,
1049 4986 1145 5040 sed
1176 4986 1327 5057 quod
1360 5002 1427 5039 eo
1462 4985 1673 5055 aliquid
1718 4985 1916 5043 docea-

222 5091 353 5129 mus
380 5077 726 5143 audientem,
758 5077 941 5146 ipsam
972 5074 1177 5129 mentis
1221 5073 1595 5139 affectionem,
1632 5088 1760 5126 cum
1798 5088 1915 5126 rem

221 5181 397 5237 quam
428 5165 657 5237 quaerit,
692 5181 806 5219 non
829 5181 949 5217 esse
978 5164 1217 5232 invenit,
1251 5164 1336 5216 vel
1358 5162 1640 5216 invenisse
1656 5177 1712 5214 se
1734 5164 1917 5230 putat,

220 5254 331 5308 hoc
364 5254 537 5307 verbo
570 5255 806 5307 fortasse
843 5251 1086 5307 indicari
1114 5272 1128 5321 ;
1161 5250 1506 5322 respondisti
1554 5255 1615 5303 tu
1664 5249 1917 5320 quidem,

222 5342 323 5396 sed
382 5346 573 5395 tamen
630 5340 819 5395 nescio
864 5356 1037 5411 quam
1094 5340 1541 5411 profunditatem
1589 5337 1920 5408 quaestionis

216 5430 350 5501 joco
382 5431 619 5491 evitans,
652 5429 710 5483 in
742 5429 895 5484 aliud
937 5434 1161 5501 tempus
1192 5429 1589 5483 illustrandam
1611 5426 1916 5481 distulisti:

224 5533 329 5572 nec
359 5534 448 5573 me
483 5518 655 5575 debiti
685 5534 911 5591 quoque
945 5517 1028 5573 tui
1045 5517 1284 5572 oblitum
1306 5520 1497 5588 putes.
1533 5516 1668 5571 Inde
1689 5514 1918 5570 tertium

1764 267 1976 324 LIBER
2020 266 2113 324 UN
2121 268 2205 325 US
2217 309 2230 324 .

3618 274 3633 325 1
3648 271 3752 326 206

2043 391 2101 448 in
2132 408 2300 447 versu
2346 391 2582 446 verbum
2631 408 2758 445 cum
2804 396 3123 462 satagerem
3169 408 3471 463 exponere,
3505 394 3753 465 urgebat

2041 481 2142 534 abs
2172 486 2249 544 te,
2279 486 2343 535 ut
2372 497 2490 535 non
2520 480 2757 534 verbum
2808 480 2962 534 aliud
2996 481 3148 551 quod
3180 479 3333 534 idem
3365 482 3597 548 valeret,
3642 483 3738 537 sed

2041 584 2163 624 rem
2192 570 2377 640 ipsam
2406 570 2596 640 potius
2622 585 2750 641 qua:
2778 585 2881 639 per
2908 568 3078 622 verba
3106 568 3521 640 signiﬁcaretur
3549 576 3736 625 osten-

2041 660 2249 714 derem.
2286 659 2542 729 Cumque
2588 658 2646 713 id
2695 658 3208 712 sermocinantibus
3252 659 3417 712 nobis
3462 659 3588 713 ﬁeri
3620 677 3734 714 non

2040 763 2201 817 posse
2231 746 2515 814 dixissem,
2549 750 2781 800 ventum
2813 754 2894 801 est
2919 747 2989 799 ad
3011 762 3074 799 ea
3100 763 3226 816 quae
3250 746 3735 817 interrogantibus

2041 835 2217 905 digito
2248 839 2657 890 monstrantur.
2709 837 2837 889 Haec
2895 852 2999 906 ego
3048 836 3366 905 corporalia
3396 853 3512 889 esse
3544 837 3733 891 omnia

2040 923 2377 995 arbitrabar,
2436 925 2533 978 sed
2564 923 2887 979 invenimus
2912 925 3028 977 sola
3076 923 3336 977 visibilia.
3374 924 3514 977 Hinc
3547 926 3733 980 nescio

2039 1014 2324 1083 quomodo
2376 1013 2449 1068 ad
2498 1013 2701 1067 surdos
2751 1017 2808 1066 et
2858 1012 3167 1066 histriones
3229 1012 3579 1079 devenimus,
3636 1014 3735 1084 qui

2039 1117 2157 1155 non
2188 1118 2314 1173 quae
2348 1103 2469 1156 sola
2511 1101 2692 1155 videri
2722 1106 2978 1172 possunt,
3013 1102 3108 1155 sed
3158 1102 3336 1154 multa
3364 1106 3643 1171 praeterea
3673 1119 3734 1155 ac

2037 1206 2217 1261 prope
2250 1190 2445 1245 omnia
2471 1206 2597 1260 qua:
2625 1191 2939 1261 loquimur,
2973 1194 3133 1259 gestu
3166 1189 3287 1243 sine
3334 1206 3467 1243 voce
3509 1189 3732 1261 signiﬁ-

2038 1282 2204 1344 cant;
2234 1279 2465 1333 eosdem
2519 1283 2712 1331 tamen
2745 1282 2934 1347 gestus
2972 1277 3135 1348 signa
3164 1294 3281 1331 esse
3326 1278 3728 1349 comperimus,

2038 1367 2181 1419 Tum
2212 1382 2409 1419 rursus
2453 1382 2711 1437 quaerere
2757 1365 3054 1436 coepimus,
3101 1367 3391 1436 quomodo
3442 1383 3532 1420 res
3579 1366 3730 1437 ipsas

2036 1469 2164 1523 quae
2197 1453 2374 1524 signis
2413 1453 2826 1523 signiﬁcantur,
2869 1452 2991 1506 sine
3033 1452 3166 1506 ullis
3203 1452 3381 1522 signis
3413 1454 3731 1508 valeremus

2036 1542 2351 1608 ostendere,
2376 1557 2507 1595 cum
2537 1547 2595 1595 et
2623 1541 2719 1595 ille
2750 1541 2960 1612 paries,
2991 1545 3047 1595 et
3073 1541 3250 1610 color,
3291 1544 3347 1594 et
3375 1558 3543 1595 omne
3590 1542 3729 1595 visi-

2034 1629 2168 1699 bile,
2198 1630 2351 1700 quod
2376 1630 2692 1684 intentione
2723 1630 2887 1700 digiti
2911 1628 3250 1694 ostenditur,
3283 1628 3448 1699 signo
3481 1630 3729 1700 quodam

2033 1718 2462 1773 convinceretur
2484 1718 2724 1772 ostendi.
2752 1719 2849 1772 Hic
2869 1734 2973 1789 ego
2993 1734 3188 1771 errans
3210 1734 3337 1771 cum
3360 1718 3603 1772 inveniri
3617 1721 3729 1773 tale

2035 1806 2177 1860 nihil
2209 1823 2373 1878 posse
2400 1806 2688 1876 dixissem,
2711 1807 3214 1861 tandeminternos
3227 1806 3498 1870 constitit,
3523 1822 3589 1860 ea
3604 1823 3731 1876 pos-

2033 1910 2090 1949 se
2121 1895 2501 1949 demonstrari
2533 1895 2652 1948 sine
2684 1895 2867 1965 signo,
2900 1911 3028 1965 quae
3060 1910 3187 1947 cum
3211 1911 3242 1947 a
3262 1893 3427 1947 nobis
3458 1910 3727 1964 quierun-

2034 1987 2145 2051 tur,
2160 2000 2277 2038 non
2308 1983 2552 2054 agimus,
2568 1989 2623 2037 et
2636 1989 2762 2054 post
2774 1983 3200 2055 inquisitionem
3214 1998 3380 2053 agere
3394 1998 3725 2052 possumus;

2031 2072 2383 2127 locutionem
2414 2077 2605 2127 tamen
2637 2090 2703 2127 ex
2733 2089 2800 2127 eo
2831 2089 2945 2126 non
2962 2088 3081 2126 esse
3105 2087 3343 2142 genere:
3378 2070 3660 2142 siquidem
3673 2076 3731 2127 et

2032 2162 2335 2232 loquentes
2350 2178 2480 2215 cum
2495 2162 2920 2232 interrogamur
2941 2160 3078 2231 quid
3101 2160 3173 2214 sit
3193 2159 3421 2227 locutio,
3439 2160 3604 2214 istam
3626 2161 3730 2232 per

2034 2250 2278 2320 seipsam
2306 2251 2694 2305 demonstrare
2726 2249 2887 2303 facile
2919 2265 3036 2303 esse
3070 2249 3204 2302 satis
3229 2248 3513 2319 apparuit.

2102 2341 2190 2393 ‘20.
2228 2341 2298 2393 Ex
2333 2354 2445 2409 quo
2467 2338 2743 2392 admoniti
2775 2354 2974 2392 sumus
3013 2342 3109 2391 aut
3140 2337 3316 2406 signis
3360 2338 3522 2407 signa
3562 2354 3728 2391 mon-

2033 2429 2216 2495 strari,
2252 2433 2350 2482 aut
2380 2429 2557 2499 signis
2580 2429 2689 2482 alia
2719 2444 2847 2499 qua:
2880 2428 3041 2499 signa
3074 2444 3190 2480 non
3222 2430 3373 2492 sunt,
3421 2430 3518 2480 aut
3556 2427 3729 2481 etiam

2033 2518 2153 2571 sine
2184 2516 2346 2588 signo
2378 2534 2467 2571 res
2499 2534 2638 2588 quas
2668 2533 2836 2588 agere
2888 2520 3017 2587 post
3044 2514 3554 2585 interrogationem
3604 2532 3730 2586 pos-

2032 2623 2227 2661 sumus
2252 2622 2265 2659 :
2296 2606 2621 2676 horumque
2637 2605 2814 2660 trium
2839 2604 3090 2674 primum
3123 2603 3454 2673 diligentius
3476 2603 3729 2658 conside-

2032 2696 2275 2749 randum
2323 2694 2860 2764 discutiendumque
2901 2692 3271 2762 suscepimus.
3305 2692 3426 2755 Qua
3473 2692 3726 2761 disputa-

2031 2783 2186 2837 tione
2240 2782 2588 2836 declaratum
2636 2786 2738 2847 est,
2782 2781 2991 2852 partim
3038 2795 3157 2833 esse
3187 2779 3368 2849 signa,
3401 2794 3529 2849 quae
3560 2780 3630 2834 ab
3659 2779 3728 2833 iis

2032 2871 2209 2941 signis
2240 2887 2369 2941 qua}
2399 2870 2806 2941 signiﬁcarent,
2839 2867 3147 2937 signiﬁcari
3165 2866 3412 2919 vicissim
3448 2883 3562 2919 non
3594 2883 3727 2936 pos-

2031 2964 2175 3026 sent,
2236 2962 2295 3013 ut
2332 2963 2415 3012 est
2459 2958 2564 3012 hoc
2620 2956 3108 3028 quadrisyllabum
3155 2971 3306 3019 cum,
3366 2954 3725 3023 Conjunctio,

2029 3047 2302 3102 dicimus:
2337 3047 2549 3118 partim
2600 3063 2729 3116 quae
2778 3049 3033 3116 possent,
3088 3048 3153 3097 ut
3178 3059 3307 3096 cum
3341 3042 3600 3110 dicimus,
3642 3043 3726 3097 Si-

2030 3150 2231 3205 gnum,
2262 3135 2435 3188 etiam
2468 3135 2703 3188 verbum
2738 3132 3164 3203 signiﬁcamus;
3212 3136 3266 3185 et
3297 3146 3426 3185 cum
3456 3130 3720 3197 dicimus,

2028 3225 2298 3289 Verbum,
2330 3223 2501 3278 etiam
2533 3223 2758 3294 signum
2792 3222 3214 3293 signiﬁcamus;
3243 3236 3376 3273 nam
3407 3219 3635 3290 signum
3672 3225 3729 3274 et

2029 3314 2297 3379 Verbum,
2329 3316 2384 3366 et
2414 3312 2526 3366 duo
2561 3312 2743 3382 signa.
2774 3314 2830 3365 et
2860 3311 2970 3364 duo
3004 3310 3171 3362 verba
3202 3312 3350 3361 sunt.
3386 3308 3448 3361 In
3479 3309 3587 3361 hoc
3618 3324 3723 3362 au-

2029 3406 2147 3456 tem
2178 3417 2408 3471 genere,
2443 3416 2555 3471 quo
2596 3399 2837 3453 invicem
2882 3415 2939 3451 se
2987 3397 3150 3467 signa
3193 3396 3535 3466 signiﬁcant,
3570 3412 3725 3466 quae-

2029 3490 2160 3544 dam
2215 3506 2331 3543 non
2384 3493 2627 3553 tantum,
2682 3488 2945 3559 quaedam
2988 3488 3233 3551 tantum,
3285 3484 3548 3554 quaedam
3594 3500 3725 3537 vero

2030 3578 2201 3632 etiam
2232 3576 2381 3631 idem
2414 3577 2601 3630 valere
2633 3578 3012 3630 monstratum
3044 3577 3145 3626 est.
3171 3571 3393 3625 Etenim
3420 3571 3525 3624 hoc
3556 3570 3723 3640 disyl-

2028 3667 2241 3731 labum,
2302 3666 2457 3736 quod
2504 3669 2665 3718 sonat
2711 3679 2841 3717 cum
2887 3662 3148 3728 dicimus,
3198 3660 3458 3729 Signum,
3490 3675 3724 3729 prorsus

2028 3754 2221 3807 omnia
2252 3754 2459 3824 quibus
2490 3753 2740 3823 quidque
2762 3749 3116 3820 signiﬁcatur
3141 3748 3450 3818 signiﬁcat:
3476 3763 3590 3799 non
3624 3763 3725 3800 au-

2028 3845 2144 3895 tem
2176 3841 2434 3895 omnium
2455 3840 2751 3911 signorum
2782 3839 3010 3908 signum
3032 3841 3114 3890 est
3143 3852 3271 3890 cum
3305 3835 3563 3900 dicimus,
3595 3836 3725 3888 Ver-

2026 3930 2185 3996 bum,
2222 3930 2318 3983 sed
2350 3933 2573 3983 tantum
2613 3944 2814 3982 eorum
2860 3943 2989 3998 quae
3041 3925 3336 3979 articulata
3366 3938 3497 3977 voce
3527 3923 3721 3993 profe-

2026 4022 2249 4072 runtur.
2306 4019 2463 4072 Unde
2514 4017 2881 4071 manifestum
2929 4019 3032 4081 est,
3087 4013 3347 4085 quamvis
3402 4016 3458 4066 et
3486 4012 3723 4065 verbum

2026 4104 2211 4176 signo,
2270 4104 2499 4176 signum
2551 4105 2748 4167 verbo,
2802 4103 2859 4156 id
2900 4106 2985 4156 est
3040 4104 3096 4155 et
3136 4101 3264 4154 duae
3313 4099 3432 4153 istze
3494 4098 3723 4169 syllaba;

2026 4193 2152 4259 illis,
2190 4198 2245 4248 et
2288 4194 2401 4247 illae
2450 4191 2570 4246 istis
2600 4192 3016 4263 signiﬁcentur,
3069 4190 3197 4259 plus
3254 4191 3448 4240 tamen
3495 4186 3723 4256 signum

2026 4282 2209 4336 valere
2241 4297 2413 4351 quam
2442 4280 2701 4345 verbum,
2750 4280 2918 4349 plura
2967 4277 3181 4332 scilicet
3226 4274 3338 4328 illis
3369 4273 3588 4326 duabus
3619 4275 3723 4343 syl-

2026 4368 2188 4433 labis,
2220 4384 2393 4439 quam
2441 4368 2561 4421 istis
2600 4367 3073 4438 signiﬁcantibus.
3117 4362 3495 4418 Tantumdem
3528 4364 3721 4415 autem

2024 4458 2172 4511 valet
2216 4457 2479 4527 generale
2530 4456 2786 4524 verbum,
2836 4461 2891 4510 et
2936 4453 3200 4528 generale
3248 4465 3480 4503 nomen.
3526 4450 3721 4503 Docuit

2025 4544 2178 4599 enim
2198 4545 2343 4599 ratio
2376 4562 2572 4600 omnes
2602 4550 2790 4617 partes
2820 4542 3090 4598 orationis
3118 4539 3288 4593 etiam
3319 4538 3553 4591 nomina
3575 4554 3718 4607 esse,

2025 4634 2178 4705 quod
2210 4637 2264 4687 et
2301 4635 2645 4704 pronomina
2672 4634 2760 4687 his
2792 4631 2921 4687 addi
2967 4632 3226 4699 possunt,
3260 4631 3315 4680 et
3343 4627 3411 4681 de
3458 4626 3721 4681 omnibus

2025 4721 2135 4775 dici
2166 4724 2351 4792 potest
2379 4722 2533 4793 quod
2562 4721 2776 4792 aliquid
2806 4717 3125 4783 nominent,
3161 4719 3215 4769 et
3240 4715 3397 4768 nulla
3428 4730 3624 4769 earum
3649 4714 3721 4768 sit

2027 4825 2155 4880 quae
2178 4826 2291 4863 non
2322 4810 2491 4864 verbo
2515 4809 2782 4879 adjuncto
2797 4804 3235 4877 pronuntiatum
3257 4803 3436 4874 possit
3458 4803 3717 4873 implere.

2025 4897 2135 4952 Sed
2165 4914 2292 4952 cum
2348 4898 2706 4951 tantumdem
2751 4896 2975 4948 valeant
3025 4909 3239 4947 nomen
3282 4895 3334 4945 et
3364 4892 3621 4955 verbum,
3655 4906 3721 4943 eo

2028 4986 2182 5056 quod
2214 4986 2406 5039 omnia
2433 5001 2560 5056 quae
2592 4984 2761 5037 verba
2792 4988 2943 5045 sunt,
2974 4982 3086 5035 sint
3116 4980 3287 5035 etiam
3316 4979 3581 5043 nomina;
3602 4994 3721 5031 non

2028 5080 2219 5129 tamen
2270 5074 2417 5128 idem
2469 5073 2675 5127 valent.
2712 5071 2837 5125 Alia
2868 5070 3081 5141 quippe
3116 5071 3183 5123 de
3232 5084 3400 5122 causa
3437 5066 3629 5131 verba,
3665 5068 3721 5118 et

2027 5162 2138 5215 alia
2167 5162 2403 5215 nomina
2434 5160 2776 5231 nuncupari,
2807 5159 2941 5213 satis
2972 5157 3345 5230 probabiliter
3370 5153 3720 5223 disputatum

2029 5255 2129 5303 est.
2163 5250 2454 5319 Siquidem
2470 5250 2711 5303 alterum
2734 5250 2940 5302 horum
2971 5248 3042 5301 ad
3065 5247 3215 5301 auris
3243 5240 3718 5303 verberationem,

2029 5340 2269 5393 alterum
2299 5338 2369 5391 ad
2403 5337 2579 5392 animi
2602 5336 3222 5405 commemorationem
3253 5330 3560 5385 notandam
3600 5341 3720 5380 esse

2029 5430 2402 5495 compertum,
2439 5426 2524 5479 vel
2557 5442 2619 5479 ex
2669 5427 2776 5479 hoc
2832 5424 3077 5495 intelligi
3120 5423 3325 5493 potest,
3357 5415 3509 5488 quod
3554 5414 3612 5467 in
3642 5412 3706 5467 lo-

2034 5513 2260 5585 quando
2290 5512 2597 5569 rectissime
2626 5513 2883 5581 dicimus,
2918 5512 3075 5577 Quod
3097 5513 3182 5565 est
3205 5506 3337 5562 huic
3363 5504 3448 5560 rei
3486 5515 3719 5567 nomen,
3752 5560 3755 5561 ν
