4008 6184
196 278 219 328 1
232 277 336 327 '209

182 396 381 449 malus
411 398 528 448 tam
582 393 897 449 immanem
946 394 1190 450 bestiam
1247 396 1537 452 videretur
1583 398 1888 453 vomuisse.

180 484 303 537 Ad.
339 482 570 537 Minime
595 499 729 536 vero
756 488 879 537 erat
906 483 1153 538 arduum
1183 501 1394 540 scurrae
1422 486 1555 540 huic
1586 487 1847 542 resistere
1870 505 1884 554 ;

183 587 312 625 non
344 570 496 624 enim
528 571 900 625 concederem
932 588 1029 626 ore
1058 578 1258 627 nostro
1307 575 1464 628 exire
1487 576 1892 647 quodcumque

184 659 507 730 loquimur.
546 661 688 713 Nam
711 676 840 731 quae
870 660 1183 732 loquimur,
1218 678 1285 715 ea
1315 663 1704 731 signiﬁcamus
1734 685 1749 730 ;
1778 681 1891 718 non

185 754 388 801 autem
421 764 549 817 quae
582 764 670 800 res
721 748 1095 818 signiﬁcatur,
1128 750 1228 803 sed
1264 750 1495 820 signum
1525 768 1639 823 quo
1666 752 1888 821 signiﬁ-

184 840 357 889 catur
401 834 686 906 loquentis
715 852 813 889 ore
846 837 1122 905 procedit,
1156 838 1264 890 nisi
1307 855 1438 892 cum
1468 839 1591 910 ipsa
1620 840 1783 910 signa
1812 842 1892 894 si-

189 924 542 995 gniﬁcantur
572 940 584 976 :
619 924 772 994 quod
801 940 983 995 genus
1012 926 1182 995 paulo
1214 930 1345 981 ante
1378 928 1759 983 tractavimus.

266 1014 355 1066 24.
388 1014 533 1080 Aug.
564 1014 714 1066 Bene
736 1018 795 1066 tu
826 1014 1059 1082 quidem
1086 1015 1194 1068 hoc
1222 1016 1390 1069 modo
1422 1016 1692 1069 adversus
1728 1016 1893 1071 illum

189 1118 348 1155 esses
391 1104 623 1169 paratus
656 1118 668 1154 :
718 1106 1113 1155 verumtamen
1143 1102 1288 1156 mihi
1330 1103 1469 1174 quid
1501 1105 1889 1174 respondebis,

190 1194 395 1242 utrum
425 1189 598 1241 homo
627 1205 840 1242 nomen
871 1189 944 1243 sit
990 1191 1358 1262 requirenti?
1385 1193 1496 1247 Ad.
1556 1193 1723 1259 Quid,
1782 1194 1893 1247 nisi

192 1290 320 1328 esse
351 1291 562 1329 nomen
582 1276 608 1328 ?
637 1278 781 1343 Aug.
813 1278 958 1341 Quid
978 1278 1005 1331 ‘2
1031 1295 1160 1333 cum
1187 1284 1241 1333 te
1270 1280 1458 1347 video,
1508 1298 1649 1336 num
1678 1299 1893 1336 nomen

188 1363 362 1416 video
382 1362 408 1413 ?
437 1364 547 1418 Ad.
573 1365 717 1418 Non.
744 1367 890 1432 Aug.
917 1366 1081 1419 Visne
1100 1368 1276 1437 igitur
1302 1369 1486 1423 dicam
1517 1371 1669 1440 quod
1700 1371 1892 1441 sequi-

189 1451 331 1505 tur?
360 1452 472 1505 Ad.
503 1453 582 1506 Ne
612 1469 805 1522 quaeso
830 1471 843 1519 ;
878 1470 1012 1507 nam
1042 1455 1185 1509 mihi
1214 1456 1335 1526 ipse
1363 1458 1653 1521 renuntio,
1684 1475 1775 1512 me
1796 1460 1894 1512 ho-

186 1540 410 1593 minem
442 1556 559 1593 non
588 1556 731 1606 esse,
759 1540 857 1611 qui
902 1557 1112 1596 nomen
1143 1559 1263 1597 esse
1314 1545 1731 1615 responderim,
1762 1562 1893 1600 cum

185 1626 369 1681 homo
402 1631 594 1680 utrum
622 1644 836 1681 nomen
867 1634 1013 1683 esset
1037 1630 1377 1700 inquireres.
1431 1634 1555 1686 Jam
1586 1634 1737 1687 enim
1769 1635 1891 1704 pla-

188 1720 413 1779 cuerat,
444 1732 509 1769 ex
539 1732 605 1769 ea.
653 1733 714 1769 re
770 1733 899 1787 qum
957 1717 1394 1788 signiﬁcaretur,
1451 1726 1549 1774 aut
1603 1723 1888 1787 assentiri,

184 1811 294 1857 aut
321 1820 530 1874 negare
561 1805 713 1876 quod
742 1805 967 1859 dicitur.
997 1807 1144 1873 Aug.
1204 1812 1275 1861 At
1328 1809 1470 1861 mihi
1500 1810 1722 1864 videtur
1774 1828 1893 1865 non

184 1897 248 1946 te
281 1893 491 1946 frustra
515 1893 572 1945 in
603 1894 748 1946 hanc
778 1895 1211 1964 responsionem
1243 1896 1521 1950 decidisse
1547 1915 1560 1963 ;
1593 1913 1725 1951 nam
1756 1898 1893 1968 vigi-

186 1980 433 2033 lantiam
455 1985 611 2034 tuam
643 1981 930 2035 mentibus
960 1983 1168 2035 nostris
1188 1983 1369 2036 indita
1398 1984 1520 2055 ipsa
1548 1985 1640 2038 lex
1660 1985 1893 2039 rationis

189 2068 367 2123 evicit
396 2086 408 2123 :
447 2086 581 2122 nam
610 2069 659 2122 si
688 2085 1009 2140 qumrerem
1039 2072 1178 2141 quid
1230 2076 1377 2125 esset
1403 2072 1598 2138 homo,
1652 2089 1892 2144 respon-

188 2158 362 2212 deres
416 2158 673 2223 fortasse,
725 2158 990 2224 Animal;
1051 2159 1096 2211 si
1148 2164 1341 2214 autem
1394 2178 1711 2231 quaererem
1763 2178 1889 2232 qua:

186 2262 329 2317 pars
352 2245 628 2299 orationis
677 2250 824 2299 esset
877 2247 1072 2312 homo,
1105 2248 1263 2301 nullo
1320 2250 1490 2303 modo
1520 2266 1714 2319 posses
1737 2255 1889 2304 recte

188 2334 539 2404 taSpondere
577 2333 703 2396 nisi.
753 2335 975 2388 Nomen
1005 2351 1018 2388 :
1051 2336 1427 2405 quamobrem
1471 2354 1601 2392 cum
1635 2339 1806 2393 homo
1838 2344 1893 2393 et

188 2438 428 2485 nomen,
455 2426 510 2474 et
539 2422 751 2475 animal
785 2439 904 2476 esse
932 2423 1276 2492 inveniatur,
1305 2425 1447 2479 illud
1482 2426 1688 2480 dicitur
1729 2444 1795 2480 ex
1826 2444 1892 2482 ea

187 2515 359 2581 parte
390 2526 503 2580 qua
529 2510 758 2579 signum
791 2516 891 2573 est,
927 2511 1035 2565 hoc
1066 2528 1133 2565 ex
1160 2518 1321 2583 parte
1349 2513 1431 2567 rei
1461 2531 1633 2585 quam
1674 2516 1890 2584 signiﬁ-

184 2603 300 2652 cat.
334 2597 441 2662 Qui
471 2613 607 2666 ergo
632 2598 841 2667 quaerit
870 2604 1064 2653 utrum
1096 2600 1267 2653 homo
1298 2617 1510 2654 nomen
1543 2602 1635 2667 sit,
1668 2603 1813 2657 nihil
1841 2604 1891 2657 ei

182 2686 347 2740 aliud
377 2702 552 2757 quam
582 2702 701 2739 esse
731 2687 1109 2756 respondeam
1134 2704 1148 2741 :
1172 2689 1307 2741 satis
1336 2689 1491 2742 enim
1522 2690 1805 2759 signiﬁcat
1824 2708 1891 2745 ex

183 2789 262 2827 ea
291 2781 449 2844 parte
479 2789 536 2826 se
568 2774 711 2827 velle
740 2776 957 2836 audire,
1008 2792 1121 2846 qua
1177 2776 1407 2847 signum
1455 2782 1556 2832 est.
1592 2779 1648 2832 Si
1701 2784 1891 2834 autem

185 2860 406 2931 quaerit
436 2864 628 2914 utrum
663 2861 871 2915 animal
903 2863 993 2927 sit,
1024 2864 1206 2916 multo
1236 2865 1544 2934 proclivius
1593 2882 1840 2921 annuam
1874 2884 1885 2921 :

181 2948 464 3018 quoniam
502 2948 549 3001 si
580 2954 770 3002 tacens
802 2954 858 3003 et
887 2966 1095 3004 nomen
1126 2957 1182 3005 et
1211 2952 1445 3017 animal,
1498 2958 1721 3007 tantum
1752 2954 1887 3025 quid

181 3041 338 3090 esset
365 3037 535 3090 homo
566 3037 904 3108 requireret,
934 3039 1139 3109 placita
1169 3040 1266 3093 illa
1287 3041 1561 3111 loquendi
1591 3044 1787 3112 regula
1817 3045 1888 3097 ad

180 3125 250 3179 id
282 3126 435 3195 quod
465 3127 688 3181 duabus
711 3128 1331 3198 syllabissigniﬁcatur,
1366 3129 1591 3182 animus
1612 3136 1884 3196 curreret;

180 3228 374 3283 neque
397 3214 713 3285 quidquam
749 3216 1191 3285 responderetur
1211 3216 1318 3271 nisi
1347 3218 1582 3284 animal,
1605 3218 1690 3271 vel
1712 3218 1886 3272 etiam

179 3307 311 3356 tota
338 3304 594 3357 deﬁnitio
627 3304 927 3369 diceretur,
958 3306 1015 3359 id
1048 3310 1132 3359 est
1158 3306 1371 3360 animal
1423 3306 1699 3360 rationale
1730 3324 1885 3361 mor-

181 3391 304 3444 tale
351 3407 363 3445 :
418 3408 490 3445 an
533 3392 639 3445 tibi
685 3408 801 3445 non
858 3392 1123 3447 videtur?
1172 3394 1281 3449 Ad.
1336 3396 1571 3448 Prorsus
1610 3395 1886 3450 videtur:

183 3478 290 3531 sed
313 3495 442 3533 cum
479 3496 600 3534 esse
630 3496 840 3533 nomen
896 3482 1363 3551 concesserimus,
1413 3484 1698 3553 quomodo
1727 3485 1885 3539 illam

181 3569 609 3623 conclusionem
666 3570 835 3624 nimis
886 3572 1297 3625 contumeliosa
1356 3572 1712 3637 evitabimus,
1774 3591 1887 3644 qua

183 3672 295 3709 nos
344 3656 605 3711 homines
660 3676 777 3712 non
835 3674 954 3713 esse
1010 3659 1354 3713 conﬁcitur?
1392 3662 1535 3727 Aug.
1587 3660 1882 3723 Quomodo

181 3750 376 3815 putas,
405 3747 514 3799 nisi
543 3747 797 3801 docendo
854 3764 970 3801 non
1028 3764 1096 3801 ex
1148 3764 1214 3801 ea
1270 3753 1430 3817 parte
1484 3748 1721 3815 illatam,
1773 3766 1886 3819 qua

180 3833 564 3903 interroganti
633 3834 1136 3890 assentiebanzur?
1190 3838 1305 3890 Aut
1365 3836 1412 3889 si
1462 3853 1530 3889 ex
1595 3852 1661 3890 ea
1729 3843 1884 3907 parte

180 3921 343 3974 illam
372 3939 428 3975 se
458 3923 668 3977 fatetur
696 3923 928 3989 inferre,
963 3925 1121 3977 nullo
1155 3925 1322 3979 modo
1370 3929 1454 3978 est
1483 3924 1880 3980 formidanda:

180 4009 327 4079 quid
360 4010 511 4064 enim
542 4015 791 4065 metuam
817 4011 1132 4079 hominem,
1164 4013 1222 4067 id
1276 4018 1361 4066 est
1388 4019 1502 4067 tres
1534 4013 1668 4067 istas
1716 4016 1883 4085 sylla-

179 4098 287 4150 bas
317 4114 433 4151 non
462 4116 582 4152 esse
614 4116 703 4153 me
734 4100 1041 4155 conﬁteri?
1068 4100 1177 4154 Ad.
1214 4101 1365 4154 Nihil
1413 4106 1500 4155 est
1526 4103 1731 4155 verius.
1773 4105 1885 4157 Cur

180 4201 324 4254 ergo
353 4187 610 4241 animum
643 4188 902 4249 offendit,
935 4204 1065 4241 cum
1095 4188 1323 4253 dicitur,
1356 4204 1473 4241 non
1502 4206 1560 4242 es
1588 4190 1766 4259 igitur
1794 4192 1881 4244 ho‘

180 4290 321 4341 mo;
355 4291 484 4329 cum
517 4277 829 4331 secundum
861 4276 958 4330 illa
988 4292 1276 4344 concessa,
1335 4276 1483 4330 nihil
1534 4278 1720 4330 verius
1773 4278 1879 4332 dici

180 4362 497 4432 potuerit?
529 4365 671 4429 Aug.
716 4364 859 4428 Quia
908 4380 1023 4417 non
1054 4379 1289 4432 possum
1321 4379 1437 4415 non
1496 4369 1695 4433 putare
1725 4364 1794 4418 ad
1828 4365 1882 4418 id

179 4451 602 4505 conclusionem
628 4452 849 4517 referri,
900 4452 1055 4522 quod
1111 4451 1200 4505 his
1254 4450 1473 4504 duabus
1527 4452 1758 4520 syllabis
1815 4452 1884 4504 si-

178 4539 509 4607 gniﬁcatur,
541 4540 710 4594 simul
768 4546 937 4611 atque
968 4540 1075 4593 ista
1103 4540 1275 4593 verba
1303 4539 1619 4599 sonuerint.
1642 4555 1707 4591 ea
1734 4538 1884 4592 scili-

179 4631 275 4681 cet
322 4630 541 4698 regula,
601 4645 729 4699 quae
787 4628 1126 4683 naturaliter
1173 4628 1492 4698 plurimum
1550 4628 1720 4694 valet,
1778 4645 1880 4682 au-

180 4714 319 4769 ditis
348 4715 526 4786 signis
558 4717 626 4770 ad
656 4734 746 4771 res
800 4716 1143 4787 signiﬁcatus
1184 4717 1399 4770 feratur
1440 4716 1699 4770 intentio.
1750 4718 1871 4771 Ad.

176 4802 410 4874 Accipio
440 4805 596 4874 quod
620 4805 780 4860 dicis.

178 4892 409 4946 CAPUT
440 4895 525 4947 ΙΧ.
553 4923 620 4933 -ο
650 4895 741 4948 Αη
770 4910 852 4947 res
880 4910 1121 4964 qumque,
1158 4896 1242 4949 vel
1278 4896 1395 4963 ejus
1435 4897 1667 4963 cognitio
1704 4896 1882 4963 pluris

554 4983 803 5036 habenda
831 4986 904 5037 sit
933 4999 1097 5051 quam
1124 4985 1297 5052 ipsius
1328 4986 1508 5051 signa.

250 5072 339 5123 25.
369 5070 511 5137 Aug.
546 5072 671 5125 lam
704 5088 841 5141 ergo
866 5071 1151 5141 intelligas
1178 5072 1327 5136 volo,
1361 5087 1451 5123 res
1495 5088 1624 5142 quae
1654 5071 1877 5141 signiﬁ-

173 5161 401 5224 cantur,
435 5159 616 5229 pluris
647 5177 820 5230 quam
852 5160 1013 5231 signa
1045 5177 1164 5214 esse
1194 5159 1553 5230 pendendas.
1593 5160 1881 5231 Quidquid

172 5246 334 5299 enim
366 5254 603 5317 propter
631 5248 786 5301 aliud
816 5251 919 5314 est,
968 5248 1135 5302 vilius
1193 5248 1265 5301 sit
1288 5264 1513 5301 necesse
1569 5252 1653 5302 est
1706 5266 1881 5319 quam

172 5332 235 5386 id
264 5338 503 5403 propter
532 5334 681 5404 quod
717 5337 831 5397 est;
860 5333 967 5387 nisi
998 5339 1057 5386 tu
1086 5335 1240 5389 aliud
1270 5335 1576 5388 existimas.
1623 5336 1736 5389 Ad.
1776 5336 1880 5390 -Vi-

176 5420 347 5474 detur
376 5421 519 5475 mihi
550 5437 663 5475 non
688 5426 903 5475 temere
937 5422 1030 5476 hic
1072 5438 1193 5477 esse
1234 5422 1664 5478 assentiendum
1698 5442 1710 5479 :
1748 5442 1880 5479 nam

181 5526 314 5563 cum
340 5510 604 5581 dicimus,
637 5511 891 5577 Caanum,
927 5512 1093 5580 longe
1124 5512 1230 5565 hoc
1264 5528 1477 5566 nomen
1507 5512 1753 5567 arbitror
1798 5514 1882 5568 rei

1717 275 1929 333 LIBER
1968 275 2065 333 UN
2072 276 2172 332 US.

3570 276 3702 327 l2l0

2010 418 2183 473 quam
2214 403 2497 474 signiﬁcat
2525 400 2882 463 antecellere,
2932 398 3097 462 Quod
3126 398 3281 451 enim
3312 413 3416 452 nos
3466 397 3702 452 offendit

2004 492 2318 557 audientes,
2348 508 2467 545 non
2499 490 2569 543 ad
2600 489 2779 559 ipsius
2808 488 2964 542 verbi
3020 486 3268 557 pertinet
3322 502 3557 554 sonum;
3592 503 3703 539 caa-

2003 596 2145 633 num
2174 579 2328 634 enim
2358 595 2590 643 nomen,
2624 580 2842 630 mutata
2869 592 2982 629 una
3012 575 3204 629 littera
3232 574 3437 629 cmlum
3463 579 3581 638 est;
3616 574 3702 627 in-

2003 672 2089 722 ter
2112 668 2210 721 illa
2234 684 2366 721 vero
2400 684 2528 739 quae
2561 666 2649 719 his
2679 663 3008 718 nominibus
3054 663 3464 733 signiﬁcantur,
3513 677 3699 732 quan-

2002 761 2126 810 tum
2157 757 2326 810 distet
2377 757 2655 809 videmus.
2716 753 3099 815 Quamobrem
3157 767 3522 822 nequaquam
3569 750 3702 803 huic

2003 845 2166 916 signo
2198 845 2521 909 tribuerim,
2554 842 2707 914 quod
2735 843 2794 895 in
2829 858 2889 895 re
2918 856 3092 910 quam
3121 839 3403 909 signiﬁcat
3443 837 3694 905 odimus;

2004 939 2059 987 et
2090 939 2391 1004 propterea
2424 934 2532 986 hoc
2564 932 2648 985 illi
2670 932 2799 1001 jure
2854 934 3139 997 antepono
3174 945 3186 980 :
3220 927 3488 981 libentius
3545 926 3698 978 enim

2002 1022 2109 1075 hoc
2136 1022 2421 1087 audimus,
2454 1038 2627 1091 quam
2655 1021 2772 1073 ullo
2803 1034 2971 1071 sensu
3002 1016 3146 1070 illud
3167 1014 3521 1084 attingimus.
3544 1017 3696 1081 Aug.

2008 1110 2454 1180 Vigilantissime
2482 1108 2735 1163 omnino.
2772 1109 2967 1177 Itaque
2997 1105 3203 1158 falsum
3235 1108 3338 1167 est,
3373 1118 3569 1155 omnes
3609 1117 3699 1154 res

2003 1199 2183 1269 pluris
2214 1215 2385 1269 quam
2420 1214 2616 1251 earum
2647 1198 2810 1266 signa
2836 1211 2955 1248 esse
2995 1193 3339 1264 pendendas.
3374 1190 3481 1243 Ad.
3513 1192 3593 1243 Ita
3624 1189 3700 1241 vi-

2005 1287 2186 1341 detur.
2219 1290 2371 1355 Aug.
2403 1287 2499 1339 Dic
2529 1302 2664 1355 ergo
2698 1283 2839 1337 mihi
2869 1282 3007 1352 quid
3034 1280 3322 1334 arbitreris
3353 1295 3449 1332 eos
3476 1282 3699 1330 secutos

2005 1391 2147 1440 esse,
2180 1376 2276 1444 qui
2306 1374 2438 1427 huic
2459 1373 2542 1426 rei
2570 1378 2689 1425 tam
2714 1371 2878 1425 foedis
2908 1374 3078 1439 atque
3102 1366 3447 1437 aspernabili
3485 1381 3695 1419 nomen

2005 1463 2372 1524 indiderunt;
2413 1464 2499 1515 vel
2529 1468 2723 1514 utrum
2755 1476 2852 1512 eos
2879 1460 3102 1528 probes,
3137 1474 3208 1508 an
3240 1455 3547 1524 improbes.
3580 1455 3695 1507 Ad.

2006 1554 2122 1620 Ego
2152 1568 2285 1605 vero
2314 1551 2441 1605 illos
2497 1566 2602 1604 nec
2660 1548 2919 1619 probare,
2975 1562 3079 1600 nec
3136 1544 3460 1613 improbare
3492 1542 3697 1606 audeo,

2004 1657 2109 1694 nec
2129 1640 2263 1710 quid
2290 1639 2506 1693 fuerint
2526 1638 2702 1691 secuti
2731 1637 2865 1692 scio.
2897 1637 3040 1702 Aug.
3076 1636 3313 1687 Potesne
3339 1632 3540 1685 saltem
3560 1630 3700 1684 scire

2003 1729 2143 1799 quid
2170 1744 2233 1781 tu
2256 1728 2528 1798 sequaris,
2562 1743 2693 1779 cum
2726 1726 2833 1778 hoc
2860 1739 3067 1776 nomen
3100 1718 3405 1774 enuntias?
3436 1719 3548 1771 Ad.
3588 1720 3703 1771 Hoc

2003 1819 2172 1888 plane
2202 1833 2472 1886 possum;
2503 1832 2634 1869 nam
2649 1814 2969 1885 signiﬁcare
2999 1812 3148 1867 volo.
3175 1815 3239 1861 ut
3270 1825 3399 1862 eum
3432 1824 3560 1860 cum
3583 1823 3695 1877 quo

2003 1908 2212 1977 loquor
2241 1905 2474 1958 doceam
2505 1904 2592 1957 vel
2626 1903 2965 1956 admoneam
2996 1900 3063 1953 de
3093 1914 3154 1951 re
3215 1897 3332 1961 illa,
3369 1896 3521 1966 quod
3568 1910 3701 1947 eum

2004 1994 2196 2049 doceri
2222 1995 2309 2047 vel
2336 1992 2632 2047 admoneri
2690 1994 2952 2061 oportere
3011 1986 3275 2040 arbitror.
3307 1985 3449 2050 Aug.
3505 1982 3699 2047 Quid?

2002 2084 2192 2153 ipsum
2225 2084 2427 2137 docere
2453 2086 2551 2135 aut
2581 2081 2910 2143 admonere,
2969 2077 3083 2129 sive
3116 2073 3307 2129 doceri
3360 2078 3459 2127 aut
3495 2074 3697 2126 admo-

2004 2172 2152 2239 neri,
2214 2172 2367 2242 quod
2422 2170 2509 2224 vel
2566 2174 2631 2223 tu
2682 2168 2912 2223 exhibes
2964 2164 3263 2219 commode
3313 2178 3417 2233 per
3471 2163 3575 2215 hoc
3606 2176 3701 2213 no-

2005 2277 2160 2325 men,
2186 2261 2277 2313 vel
2308 2259 2604 2313 exhibetur
2631 2256 2735 2310 tibi
2762 2274 2774 2321 ;
2809 2271 2997 2309 nonne
3026 2253 3252 2307 charius
3304 2267 3478 2321 quam
3510 2250 3698 2319 ipsum

2001 2365 2213 2402 nomen
2239 2347 2569 2401 habendum
2593 2346 2722 2399 est?
2751 2345 2869 2398 Ad.
2894 2342 3150 2397 Concedo
3172 2341 3354 2411 ipsam
3381 2338 3698 2404 scientiam,

2004 2453 2134 2506 qua".
2165 2452 2269 2506 per
2298 2436 2406 2489 hoc
2433 2434 2661 2504 signum
2693 2432 2900 2488 evenit.
2944 2432 3124 2484 eidem
3154 2430 3319 2498 signo
3376 2444 3500 2481 esse
3537 2431 3696 2479 ante-

2002 2523 2367 2595 ponendam;
2404 2522 2497 2575 sed
2533 2538 2647 2574 non
2678 2520 2806 2573 ideo
2829 2519 3001 2573 etiam
3033 2534 3154 2571 rem
3182 2517 3365 2586 ipsam
3398 2520 3557 2585 puto.

2073 2615 2163 2666 26.
2185 2613 2335 2677 Aug.
2369 2612 2432 2664 In
2463 2609 2756 2679 illaigitur
2782 2606 3063 2661 sententia
3115 2610 3329 2671 nostra,
3372 2616 3700 2674 quanquam

2004 2700 2075 2753 sit
2104 2700 2330 2761 falsum,
2362 2714 2451 2751 res
2483 2713 2682 2750 omnes
2726 2695 2903 2766 signis
2950 2693 3064 2747 suis
3093 2691 3351 2763 praeponi
3404 2695 3696 2760 oportere;

2001 2805 2118 2842 non
2150 2792 2341 2840 tamen
2371 2786 2577 2839 falsum
2607 2790 2711 2849 est,
2745 2799 2915 2837 omne
2947 2780 3101 2852 quod
3130 2785 3364 2851 propter
3408 2778 3559 2830 aliud
3592 2780 3697 2839 est,

2001 2875 2167 2928 vilius
2197 2890 2315 2926 esse
2346 2889 2520 2943 quam
2551 2872 2604 2925 id
2636 2876 2873 2941 propter
2904 2869 3172 2939 quodest.
3200 2865 3461 2935 Cognitio
3481 2865 3696 2934 quippe

2001 2962 2166 3025 caeni,
2200 2966 2435 3032 propter
2464 2975 2637 3030 quam
2670 2962 2776 3012 hoc
2803 2974 3010 3011 nomen
3037 2961 3121 3010 est
3146 2955 3494 3018 institutum,
3518 2950 3700 3023 pluris

1998 3050 2260 3104 habenda
2290 3054 2375 3101 est
2400 3048 2520 3118 ipso
2568 3046 2819 3111 nomine,
2855 3045 3011 3115 quod
3042 3043 3225 3097 eidem
3278 3058 3438 3095 cceno
3473 3056 3695 3111 praepo-

1999 3138 2254 3193 nendum
2283 3153 2403 3190 esse
2434 3135 2839 3205 comperimus.
2879 3135 3002 3188 Non
3055 3132 3211 3186 enim
3272 3131 3345 3184 ob
3395 3129 3549 3183 aliud
3593 3129 3700 3181 ista

1998 3226 2249 3296 cognitio
2280 3226 2467 3295 signo,
2499 3225 2569 3278 de
2599 3241 2713 3294 quo
2743 3225 2967 3293 agimus
2992 3222 3239 3275 antelata
3269 3224 3373 3282 est,
3403 3218 3515 3272 nisi
3566 3217 3702 3288 quia

1996 3315 2138 3369 illud
2167 3320 2406 3384 propter
2434 3314 2601 3379 hanc,
2633 3329 2748 3366 non
2795 3314 2914 3365 haec
2963 3315 3197 3383 propter
3245 3307 3383 3362 illud
3415 3324 3533 3360 esse
3563 3322 3696 3359 con-

1997 3399 2259 3454 vincitur.
2299 3401 2438 3454 Nam
2469 3400 2547 3453 ita
2578 3415 2709 3477 curn
2766 3397 2999 3468 quidam
3052 3401 3300 3461 vorator,
3350 3393 3695 3460 ventrisque,

1997 3494 2061 3542 ut
2092 3490 2162 3541 ab
2189 3490 2455 3558 Apostolo
2488 3488 2717 3555 dicitur,
2750 3489 2935 3540 cultor
2965 3485 3134 3555 (Rom.
3182 3500 3292 3549 xvr,
3346 3484 3453 3547 18),
3487 3480 3701 3533 diceret

1996 3577 2127 3630 ideo
2154 3593 2210 3628 se
2261 3577 2469 3641 vivere,
2503 3581 2567 3629 ut
2605 3581 2924 3628 vesceretur
2950 3591 2962 3639 ;
2992 3589 3106 3626 non
3138 3571 3263 3624 tulit
3298 3569 3396 3639 qui
3428 3568 3697 3621 audiebat

1997 3663 2147 3731 frugi
2176 3663 2370 3727 homo,
2403 3667 2481 3727 et,
2509 3663 2743 3727 Quanto,
2786 3660 2991 3731 inquit,
3023 3660 3213 3712 melius
3267 3656 3383 3709 ideo
3413 3656 3695 3709 vescercris

1995 3755 2054 3803 ut
2083 3752 2286 3804 viveres
2306 3750 2332 3804 ?
2354 3749 2509 3820 quod
2540 3748 2738 3819 utique
2768 3765 2832 3801 ex
2865 3748 3064 3801 eadem
3094 3748 3205 3801 ista
3228 3746 3428 3815 regula
3476 3745 3696 3797 locutus

1997 3843 2080 3891 est
2112 3840 2149 3892 ί.
2188 3841 2329 3893 Nam
2361 3854 2547 3909 neque
2577 3838 2689 3891 alia
2731 3837 2799 3891 de
2853 3853 3020 3891 causa
3074 3836 3170 3889 ille
3220 3833 3525 3905 displicuit,
3584 3832 3696 3886 nisi

1997 3927 2150 3992 quod
2180 3925 2352 3980 vitam
2386 3942 2547 3979 suam
2575 3930 2691 3978 tam
2725 3924 3179 3996 parvipenderet,
3212 3926 3275 3975 ut
3304 3938 3429 3976 eam
3462 3921 3695 3974 duceret

1996 4015 2241 4085 gutturis
2270 4016 2557 4085 voluptate
2587 4013 2866 4078 viliorem,
2888 4012 3125 4067 dicendo
3148 4028 3205 4065 se
3233 4015 3465 4081 propter
3495 4009 3693 4079 epulas

1996 4103 2181 4156 vivere
2217 4121 2229 4158 :
2263 4118 2450 4173 neque
2480 4101 2571 4155 hic
2601 4102 2673 4154 ob
2705 4101 2858 4155 aliud
2881 4102 3011 4171 jure
3061 4100 3349 4163 laudatur,
3402 4097 3513 4149 nisi
3540 4095 3687 4165 quod

1996 4190 2054 4243 in
2086 4190 2153 4243 iis
2184 4192 2405 4245 duobus
2436 4189 2571 4260 quid
2605 4194 2838 4258 propter
2883 4188 3017 4258 quid
3052 4187 3233 4249 ﬁeret,
3267 4186 3374 4238 hoc
3423 4190 3506 4236 est
3554 4183 3692 4253 quid

1995 4277 2087 4329 cui
2118 4277 2435 4344 subjectum
2466 4280 2613 4327 esset
2641 4276 2988 4345 intelligens,
3048 4273 3355 4327 cibandum
3411 4271 3600 4338 potius
3630 4274 3697 4322 ut

1995 4364 2270 4426 vivamus,
2305 4379 2475 4433 quam
2510 4363 2812 4416 vivendum
2846 4369 2906 4416 ut
2933 4363 3208 4423 cibemur,
3243 4359 3560 4413 admonuit.
3604 4358 3690 4412 Si-

1995 4452 2208 4505 militer
2233 4456 2285 4503 et
2316 4456 2377 4503 tu
2408 4450 2663 4515 fortasse,
2696 4456 2753 4504 et
2780 4450 3024 4521 quilibet
3050 4449 3348 4502 hominum
3381 4447 3690 4517 nonimpe-

1994 4540 2099 4594 rite
2132 4555 2220 4592 res
2250 4538 2679 4603 aestimantium,
2738 4538 2949 4592 dicenti
2992 4536 3239 4607 cuipiam
3276 4534 3501 4606 loquaci
3532 4550 3689 4587 ama-

1994 4630 2220 4699 torique
2251 4629 2576 4681 verborum.
2612 4629 2741 4681 Ideo
2773 4628 2944 4680 doceo
2964 4631 3026 4677 ut
3056 4626 3275 4693 loquar,
3311 4624 3689 4693 respondere-

1994 4717 2087 4783 tis,
2122 4718 2322 4777 Homo,
2355 4733 2456 4770 cur
2496 4733 2608 4769 non
2639 4716 2829 4785 potius
2860 4714 2985 4767 ideo
3043 4712 3295 4782 loqueris
3351 4716 3413 4766 ut
3442 4712 3692 4765 doceas?

1994 4806 2153 4870 Quod
2186 4806 2227 4857 si
2260 4807 2379 4859 haec
2408 4822 2538 4857 vera
2591 4808 2740 4865 sunt,
2797 4801 2961 4855 sicuti
3001 4818 3120 4855 esse
3178 4799 3486 4871 cognoscis,
3538 4802 3693 4855 vides

1992 4895 2242 4965 profecto
2270 4898 2485 4964 quanto
2516 4892 2686 4944 verba
2717 4890 2952 4943 minoris
2980 4889 3239 4942 habenda
3266 4888 3399 4954 sint,
3428 4906 3601 4958 quam
3634 4890 3689 4942 id

1993 4989 2229 5053 propter
2258 4982 2412 5051 quod
2444 4980 2657 5033 utimur
2688 4978 2870 5031 verbis
2894 4996 2907 5039 ;
2935 4978 3198 5047 cumipse
3225 4993 3362 5030 usus
3382 4976 3688 5029 verborum

1988 5073 2109 5142 jam
2139 5072 2211 5123 sit
2240 5068 2425 5123 verbis
2456 5068 2922 5137 anteponendus:
2960 5067 3128 5121 verba
3157 5066 3309 5119 enim
3342 5070 3473 5117 sunt
3510 5069 3575 5116 ut
3602 5064 3690 5116 his

1993 5165 2263 5223 utamur;
2298 5157 2515 5211 utimur
2542 5162 2731 5209 autem
2762 5156 2849 5210 his
2881 5157 2948 5209 ad
2980 5156 3300 5210 docendum
3354 5154 3575 5217 Quanto
3602 5157 3689 5205 est

1993 5265 2127 5315 ergo
2160 5247 2361 5300 melius
2377 5246 2578 5299 docere
2592 5261 2765 5314 quam
2781 5245 2953 5314 loqui,
2983 5249 3138 5297 tanto
3168 5243 3371 5297 melior
3400 5246 3485 5294 est
3514 5256 3688 5311 quam

1992 5337 2180 5402 verba,
2240 5334 2470 5388 locutio.
2535 5335 2706 5388 Multo
2750 5350 2884 5404 ergo
2942 5335 3145 5387 melior
3197 5330 3456 5386 doctrina
3512 5344 3685 5399 quam

2056 5462 2067 5493 ¹
2094 5460 2214 5506 Mss.
2245 5459 2311 5506 At
2329 5458 2382 5506 in
2418 5458 2570 5517 Edd.,
2600 5460 2665 5508 ut
2694 5461 2893 5509 viveres
2915 5464 2941 5507 Ρ
2966 5460 3187 5519 uterque
3210 5458 3384 5504 tamn
3410 5466 3476 5504 ea:
3499 5453 3683 5506 eadem

1994 5520 2182 5582 regula
2205 5522 2405 5569 locutus
2426 5523 2513 5570 esi.
