4098 6182
495 288 619 340 1211

487 403 682 458 verba.
713 400 823 457 Sed
852 401 1020 473 cupio
1064 398 1262 454 audire
1316 397 1456 470 quid
1507 397 1654 451 forte
1684 394 2186 451 contradicendum

490 495 673 565 putes.

562 583 650 635 27.
683 579 800 635 Ad.
852 575 1144 632 Assentior
1172 574 1402 648 quidem
1451 573 1749 628 meliorem
1796 588 1968 645 quam
2021 572 2186 627 verba

493 685 614 724 esse
646 666 963 723 doctrinam
989 686 1003 734 ;
1034 665 1130 720 sed
1187 668 1378 718 utrum
1410 662 1678 716 adversus
1708 663 1876 716 istam
1929 662 2185 734 regulam

492 773 604 828 qua
635 756 859 822 dicitur,
883 756 1064 811 Omne
1091 753 1239 825 quod
1294 756 1531 823 prOpter
1582 751 1737 806 aliud
1791 755 1895 821 est,
1951 751 2186 804 inferius

496 862 616 899 esse
648 860 821 916 quam
853 843 907 896 id
938 847 1178 914 propter
1225 840 1380 912 quod
1418 843 1522 907 est,
1555 839 1700 894 nihil
1730 840 1802 894 sit
1831 840 1984 911 quod
2017 837 2186 909 objici

491 933 691 1006 possit,
722 932 942 1003 ignoro.
977 933 1121 1000 Aug.
1160 929 1313 983 Alias
1353 929 1460 982 hoc
1515 929 1892 999 opportunius
1940 927 2184 999 diligen-

489 1023 718 1093 tiusque
747 1019 1116 1074 tractabimus
1149 1034 1160 1071 :
1193 1033 1344 1071 nunc
1371 1017 1511 1071 illud
1542 1018 1691 1088 quod
1724 1017 2007 1083 concedis,
2053 1017 2186 1070 satis

493 1115 578 1165 est
608 1110 676 1164 ad
707 1109 764 1164 id
800 1108 949 1180 quod
981 1107 1259 1162 conﬁcere
1286 1107 1505 1160 studeo.
1540 1107 1648 1160 Das
1699 1105 1851 1160 enim
1909 1103 2184 1175 cognitio-

496 1215 628 1254 nem
659 1214 852 1252 rerum
872 1212 1044 1269 quam
1074 1195 1234 1267 signa
1259 1211 1451 1249 rerum
1471 1211 1591 1248 esse
1616 1194 1954 1248 chariorem.
1984 1194 2188 1258 Quam-

491 1287 689 1342 obrem
719 1285 971 1358 cognitio
1002 1301 1196 1339 rerum
1237 1300 1365 1354 qua:
1405 1283 1818 1354 signiﬁcantur,
1873 1281 2187 1353 cognitioni

488 1376 787 1447 signorum
816 1372 1184 1428 anteferenda
1214 1375 1299 1425 est
1332 1389 1344 1426 :
1374 1388 1446 1425 an
1475 1371 1580 1425 tibi
1603 1387 1719 1425 non
1747 1371 1970 1425 videtur
1990 1371 2018 1426 ?
2067 1372 2182 1425 Ad.

489 1465 636 1519 Num
660 1479 766 1534 ego
798 1461 1185 1531 cognitionem
1217 1475 1408 1514 rerum
1423 1459 1742 1530 cognitione
1772 1460 2093 1531 signorum,
2125 1476 2188 1513 ac

486 1568 605 1608 non
630 1550 806 1623 signis
854 1549 990 1621 ipsis
1017 1548 1478 1620 praestantiorem
1511 1565 1630 1602 esse
1671 1548 1966 1603 concessi?
2011 1564 2186 1620 quare

489 1655 690 1695 vereor
717 1643 782 1693 ut
810 1638 904 1693 hic
931 1638 1038 1692 tibi
1069 1638 1360 1692 assentiar.
1395 1638 1542 1702 Quid
1598 1637 1643 1690 si
1674 1638 1826 1692 enim
1858 1642 1920 1692 ut
1961 1653 2187 1692 ccenum

489 1743 701 1783 nomen
731 1727 936 1781 melius
968 1730 1051 1780 est
1073 1742 1138 1780 ea
1168 1743 1229 1780 re
1261 1741 1432 1797 quam
1459 1725 1773 1797 signiﬁcat;
1810 1725 1887 1780 ita
1918 1729 1972 1780 et
2017 1726 2188 1796 hujus

489 1814 741 1871 nominis
771 1813 1022 1886 cognitio
1053 1813 1366 1886 cognitioni
1395 1830 1622 1886 quoque
1642 1814 1796 1868 illius
1821 1813 1908 1868 rei
1923 1817 2006 1868 est
2034 1817 2188 1869 ante-

483 1905 770 1978 ponenda,
805 1904 1064 1976 quamvis
1089 1921 1154 1957 ea
1184 1903 1508 1974 cognitione
1539 1904 1612 1958 sit
1636 1904 1827 1975 ipsum
1859 1919 2069 1958 nomen
2099 1903 2187 1958 in-

488 1993 663 2049 ferius
688 1991 716 2046 ?
736 1993 992 2058 Quatuor
1020 1992 1235 2063 quippe
1266 1997 1398 2046 sunt
1421 2008 1435 2046 :
1467 2007 1701 2059 nomen,
1724 1995 1778 2046 et
1803 2008 1910 2056 res,
1939 1990 2189 2062 cognitio

488 2081 751 2148 nominis,
791 2085 847 2136 et
875 2081 1128 2152 cognitio
1158 2080 1258 2134 rei.
1295 2080 1448 2136 Sicut
1472 2096 1607 2150 ergo
1647 2080 1894 2151 primum
1919 2079 2186 2146 secundo,

489 2187 591 2226 cur
616 2186 734 2225 non
765 2173 822 2224 et
839 2169 1073 2224 tertium
1104 2173 1306 2240 quarto
1337 2169 1680 2223 antecellat?
1710 2169 1818 2224 Sed
1849 2173 1913 2223 ut
1940 2185 2055 2223 non
2088 2184 2188 2222 an-

489 2257 734 2323 tecellat,
758 2272 897 2311 num
928 2255 1097 2311 etiam
1126 2254 1540 2326 subjiciendum
1562 2254 1693 2310 est?

559 2348 648 2400 28.
684 2347 837 2412 Aug.
866 2343 1000 2400 Mire
1032 2342 1270 2398 omnino
1315 2346 1370 2397 te
1414 2343 1578 2397 video
1638 2347 1695 2397 et
1745 2343 1994 2397 tenuisse
2051 2342 2189 2414 quid

494 2432 860 2500 concesseris,
895 2437 950 2487 et
975 2431 1284 2502 explicasse
1312 2430 1450 2502 quid
1477 2431 1734 2484 senseris.
1793 2431 1924 2495 Sed,
1955 2435 2018 2485 ut
2071 2431 2190 2502 opi-

490 2536 617 2588 nor,
651 2520 944 2591 intelligis,
999 2521 1108 2574 hoc
1157 2520 1513 2591 trisyllabum
1561 2535 1795 2587 nomen,
1844 2521 1997 2591 quod
2027 2523 2190 2574 sonat

492 2624 621 2663 cum
673 2608 937 2675 dicimus,
980 2607 1216 2675 Vitium,
1275 2607 1481 2662 melius
1538 2623 1659 2662 esse
1717 2623 1891 2678 quam
1921 2608 1973 2662 id
2034 2609 2187 2680 quod

491 2696 808 2768 signiﬁcat;
865 2713 996 2751 cum
1047 2696 1230 2768 ipsius
1278 2695 1532 2767 cognitio
1577 2695 1828 2750 nominis
1887 2697 2070 2751 multo
2119 2698 2191 2752 sit

490 2784 735 2839 inferior
784 2783 1110 2856 cognitione
1165 2782 1452 2838 vitiorum.
1509 2783 1663 2838 Licet
1720 2782 1914 2854 itaque
1988 2783 2189 2837 consti-

493 2877 620 2929 tuas
676 2872 847 2928 etiam
904 2872 1014 2928 ista
1069 2877 1315 2944 quatuor
1371 2876 1540 2944 atque
1603 2871 1943 2938 consideres,
1975 2887 2189 2927 nomen

491 2968 548 3018 et
577 2978 722 3031 rem,
755 2961 1137 3034 cognitionem
1168 2961 1414 3015 nominis
1435 2965 1491 3016 et
1517 2961 1904 3032 cognitionem
1933 2960 2016 3015 rei
2038 2960 2186 3032 ;pri-

493 3067 652 3107 mum
686 3051 932 3106 secundo
956 3051 1086 3122 jure
1119 3049 1541 3122 praeponimus.
1595 3051 1708 3104 Hoc
1737 3049 1889 3104 enim
1937 3049 2189 3120 positum

493 3157 705 3196 nomen
734 3139 795 3194 in
821 3140 1094 3204 carmine,
1127 3156 1258 3194 cum
1309 3140 1384 3193 ait
1430 3139 1676 3206 Persius,
1727 3139 1834 3195 Sed
1877 3144 2056 3208 stupet
2104 3139 2189 3194 hic

493 3231 628 3284 vitio
652 3228 880 3300 (Satyra
909 3230 960 3292 3,
995 3245 1048 3282 υ.
1080 3229 1196 3296 32>λ
1236 3244 1354 3282 non
1406 3228 1576 3282 modo
1609 3227 1754 3282 nihil
1807 3227 1932 3282 vitii
1956 3227 2088 3282 fecit
2129 3227 2187 3281 in

495 3333 682 3382 versu,
715 3317 811 3372 sed
839 3317 1107 3372 nonnihil
1146 3317 1314 3370 etiam
1346 3320 1579 3371 ornatus
1605 3316 1798 3373 dedit:
1835 3333 1963 3371 cum
1997 3321 2190 3371 tamen

490 3421 581 3460 res
605 3406 737 3478 ipsa
766 3423 896 3478 qua:
930 3405 1280 3478 signiﬁcatur
1308 3406 1416 3460 hoc
1447 3405 1677 3459 nomine
1708 3405 1770 3459 in
1828 3421 2189 3477 quocumque

494 3494 662 3562 inest,
719 3500 886 3567 cogat
917 3511 1036 3550 esse
1082 3494 1367 3549 vitiosum.
1425 3496 1496 3548 At
1546 3509 1662 3547 non
1716 3493 1795 3547 ita
1850 3497 1904 3547 et
1954 3493 2189 3547 tertium

497 3589 722 3654 quarto,
755 3585 852 3639 sed
885 3589 1155 3656 quartum
1186 3584 1352 3639 tertio
1383 3583 1639 3638 videmus
1678 3584 1972 3639 excellere.
2013 3584 2190 3655 Hujus

495 3673 651 3728 enim
681 3673 933 3744 cognitio
966 3672 1218 3729 nominis
1248 3673 1374 3727 vilis
1406 3678 1491 3728 est
1518 3690 1637 3744 prae
1665 3672 1986 3744 cognitione
2029 3672 2189 3727 vitio-

492 3777 640 3816 rum.
671 3763 787 3816 Ad.
825 3763 1080 3817 Etiamne
1113 3779 1241 3816 cum
1270 3762 1376 3817 ista
1405 3763 1654 3833 cognitio
1683 3762 2010 3817 miseriores
2034 3761 2187 3832 facit,

497 3865 692 3903 censes
738 3865 857 3903 esse
883 3850 1298 3921 praeferendam
1321 3851 1348 3906 ?
1379 3852 1521 3905 Nam
1549 3851 1702 3905 idem
1753 3850 1979 3905 Persius
2009 3851 2190 3904 omni-

490 3936 600 3990 bus
627 3936 832 4007 poenis,
864 3953 1006 4007 quas
1035 3940 1414 4007 tyrannorum
1441 3938 1529 3991 vel
1559 3937 1863 3992 crudelitas
1901 3939 2185 4009 excogita-

499 4023 579 4078 vit
607 4025 694 4078 vel
725 4024 1005 4096 cupiditas
1033 4024 1254 4096 pendit,
1285 4026 1431 4080 hanc
1481 4041 1657 4079 unam
1708 4026 2026 4096 anteponit,
2076 4043 2189 4098 qua

490 4112 818 4168 cruciantur
846 4113 1107 4168 homines
1137 4114 1236 4185 qui
1265 4113 1400 4168 vitia
1429 4130 1557 4186 quas
1577 4114 1756 4169 vitare
1788 4131 1902 4169 non
1927 4119 2183 4186 possunt,

493 4203 778 4271 coguntur
807 4217 1135 4272 agnoscere.
1164 4203 1310 4272 Aug.
1334 4204 1503 4257 Potes
1525 4201 1632 4256 hoc
1662 4203 1833 4258 modo
1877 4203 2188 4274 cognitioni

489 4288 661 4359 hujus
691 4289 940 4344 nominis
967 4291 1151 4362 ipsam
1199 4308 1429 4362 quoque
1468 4290 1746 4346 virtutum
1800 4291 2187 4362 cognitionem

496 4393 708 4449 negare
728 4378 1143 4449 praeferendam
1169 4396 1182 4435 :
1205 4380 1341 4452 quia
1357 4380 1622 4435 virtutem
1647 4381 1838 4435 videre
1855 4396 1960 4435 nec
1972 4385 2184 4449 tenere,

494 4466 840 4537 supplicium
870 4472 988 4523 est:
1019 4485 1133 4540 quo
1185 4469 1338 4523 idem
1387 4469 1482 4524 ille
1539 4469 1813 4541 satyricus
1861 4470 2090 4542 tyranni
2124 4474 2188 4526 ut

496 4555 809 4626 puniantur
834 4557 1050 4628 optavit
1103 4558 1302 4627 (Ibid.,
1334 4575 1390 4615 υ.
1441 4560 1652 4626 35-38).
1684 4560 1805 4614 Ad.
1842 4561 1991 4614 Deus
2041 4560 2187 4616 hanc

498 4647 715 4696 avertat
739 4644 1050 4700 amentiam
1084 4663 1096 4701 :
1120 4647 1240 4717 jam
1273 4646 1426 4700 enim
1456 4645 1712 4719 intelligo
1772 4664 1890 4703 non
1917 4648 2066 4720 ipsas
2099 4666 2186 4705 co-

493 4728 802 4800 gnitiones,
852 4733 1060 4803 quibus
1111 4735 1370 4790 animum
1425 4735 1631 4790 imbuit
1686 4736 1899 4808 optima
1928 4737 2187 4792 omnium

493 4817 812 4890 disciplina,
843 4837 962 4876 esse
989 4824 1300 4894 culpandas
1325 4843 1338 4886 :
1375 4825 1473 4880 sed
1519 4841 1616 4879 eos
1644 4825 1902 4880 omnium
1931 4827 2186 4881 miserri-

490 4923 613 4961 mos
631 4907 995 4979 judicandos,
1025 4911 1171 4967 sicut
1209 4919 1266 4967 et
1295 4913 1552 4968 Persium
1589 4913 1874 4984 judicasse
1920 4915 2183 4982 arbitror,

490 4995 591 5066 qui
619 4996 718 5051 tali
748 4999 948 5053 morbo
981 5000 1164 5054 affecti
1195 5007 1348 5067 sunt,
1401 5003 1494 5056 cui
1558 5018 1660 5057 nec
1710 5005 1868 5056 tanta
1903 5003 2189 5058 medicina

495 5085 812 5141 subveniat.
835 5088 980 5156 Aug.
1013 5091 1162 5144 Bene
1184 5090 1495 5162 intelligis:
1529 5091 1622 5146 sed
1655 5107 1887 5163 quoquo
1928 5092 2098 5146 modo
2128 5109 2187 5148 se

489 5173 697 5230 habeat
723 5177 991 5232 Persiana
1007 5179 1308 5245 sententia,
1341 5180 1479 5250 quid
1511 5181 1579 5234 ad
1596 5197 1699 5234 nos
1717 5181 1746 5234 ?
1770 5181 1893 5234 Non
1919 5179 2070 5233 enim
2089 5180 2187 5233 ho-

492 5279 619 5318 rum
652 5265 976 5320 auctoritati
1007 5266 1247 5338 subjecti
1263 5284 1458 5322 sumus
1473 5268 1530 5322 in
1545 5269 1753 5323 talibus
1770 5269 1958 5323 rebus.
1977 5268 2188 5323 Deinde

489 5351 537 5405 si
571 5369 684 5423 qua
715 5355 966 5425 cognitio
997 5355 1309 5426 cognitioni
1337 5357 1689 5428 praeferenda
1719 5357 1811 5423 sit,
1845 5373 1958 5411 non
1991 5357 2081 5410 hic
2105 5357 2187 5410 fa-

490 5441 593 5496 cile
641 5446 727 5497 est
787 5444 1091 5514 explicare.
1151 5445 1297 5500 Satis
1353 5445 1534 5500 habeo
1582 5447 1736 5517 quod
1796 5447 2060 5501 effectum
2104 5449 2189 5500 est

494 5531 888 5600 cognitionem
917 5548 1112 5598 rerum
1141 5549 1270 5605 quas
1283 5532 1695 5604 signiﬁcantur,
1730 5535 1836 5590 etsi
1862 5551 1977 5591 non
2003 5535 2190 5606 cogni-

1726 276 1818 330 DE
1859 271 2238 338 MAGISTRO,
2280 271 2334 326 S.
2379 269 2763 328 AUGUSTINI
3808 277 3898 329 12η

2302 393 2456 448 tione
2483 392 2800 464 signorum,
2851 391 2992 464 ipsis
3040 394 3233 446 tamen
3293 390 3472 462 signis
3521 409 3633 448 esse
3671 397 3899 466 potiorem.

2304 483 2490 547 Quare
2516 483 2634 553 jam
2667 481 2806 536 illud
2836 481 3021 553 magis
3051 481 3352 553 magisque
3408 480 3757 550 discutiamus,
3787 490 3901 557 quale

2300 571 2374 626 sit
2395 588 2574 642 genus
2603 587 2794 625 rerum
2827 587 2968 642 quas
2998 570 3119 624 sine
3135 568 3313 642 signis
3336 571 3628 624 monstrari
3648 588 3786 642 posse
3805 575 3903 630 dice-

2298 660 2504 714 bamus
2526 675 2628 730 per
2655 659 2884 730 seipsas,
2915 663 2976 713 ut
3006 659 3187 730 loqui,
3219 659 3534 727 ambulare,
3567 660 3902 731 sederejacere,

2298 753 2468 820 atque
2497 748 2826 820 hujusmodi
2857 751 3078 802 cratera.
3113 747 3222 802 Ad.
3257 748 3383 802 Jam
3412 749 3591 802 recolo
3639 750 3756 820 quid
3782 751 3902 806 dicas.

2299 839 2520 893 CAPUT
2549 839 2608 892 X.
2645 867 2712 877 -—
2742 838 2832 892 An
2875 837 3124 906 quaedam
3171 836 3355 890 doceri
3405 839 3517 891 sine
3562 840 3714 906 signis
3749 849 3903 906 queant.

2651 931 2750 982 [tes
2773 941 2877 980 non
2909 926 3168 980 dicuntur
3188 941 3290 995 per
3317 927 3438 994 ipsa
3458 926 3630 979 verba.

2371 1017 2458 1070 39.
2489 1016 2637 1082 Aug.
2675 1013 2952 1069 Omniane
3007 1013 3114 1068 tibi
3172 1013 3459 1080 videntur,
3491 1029 3612 1084 qua:
3647 1013 3902 1084 interrogati

2298 1117 2432 1156 mox
2462 1118 2628 1172 agere
2658 1117 2980 1173 possumus,
3012 1101 3134 1155 sine
3164 1101 3330 1172 signo
3362 1117 3522 1172 posse
3543 1102 3901 1156 monstrari?an

2298 1190 2515 1262 aliquid
2541 1190 2748 1262 excipis
2769 1193 2796 1243 ?
2826 1190 2942 1244 Ad.
2974 1191 3089 1261 Ego
3113 1207 3248 1244 vero
3295 1190 3465 1244 etiam
3499 1193 3656 1261 atque
3683 1190 3821 1244 etiam
3842 1207 3903 1260 ge-

2299 1297 2406 1334 nus
2437 1281 2543 1335 hoc
2571 1285 2754 1335 totum
2788 1279 3174 1346 considerans,
3209 1279 3351 1333 nihil
3382 1279 3563 1334 adhuc
3590 1279 3786 1333 invenio
3801 1280 3903 1350 quod

2299 1369 2419 1423 sine
2459 1369 2620 1439 signo
2650 1369 2835 1423 valeat
2870 1369 3080 1437 doceri,
3115 1369 3226 1423 nisi
3276 1369 3418 1423 forte
3460 1368 3795 1433 locutionem,
3820 1369 3904 1421 etsi

2298 1457 2443 1513 forte
2470 1457 2721 1528 idipsum
2753 1458 3036 1530 quispiam
3051 1462 3291 1530 quaerat,
3319 1457 3454 1530 quid
3484 1457 3554 1511 sit
3581 1457 3774 1512 docere.
3787 1457 3904 1510 Video

2300 1547 2455 1601 enim
2484 1563 2638 1616 eum,
2671 1547 2951 1619 quidquid
2965 1550 3098 1618 post
3127 1548 3250 1618 ejus
3277 1546 3758 1618 interrogationem
3780 1546 3904 1599 fecero

2298 1641 2364 1690 ut
2389 1637 2584 1704 discat,
2619 1637 2688 1690 ab
2718 1653 2783 1690 ea
2814 1636 2932 1708 ipsa
2965 1653 3025 1692 re
3045 1653 3164 1690 non
3188 1635 3401 1691 discere
3433 1651 3599 1707 quam
3629 1635 3904 1689 sibidemon-

2300 1725 2464 1779 strari
2496 1725 2654 1796 cupit
2687 1743 2699 1780 :
2732 1741 2866 1779 nam
2897 1725 2943 1779 si
3004 1742 3096 1781 me
3153 1731 3489 1792 cessantem,
3521 1729 3581 1778 ut
3631 1723 3809 1778 dictum
3839 1727 3904 1784 est,

2299 1815 2388 1868 vel
2410 1813 2561 1868 aliud
2593 1817 2859 1884 agentem
2892 1819 3052 1885 roget
3082 1812 3367 1885 quispiam
3399 1812 3534 1884 quid
3585 1811 3651 1866 sit
3672 1810 3904 1874 ambulare,

2298 1906 2354 1958 et
2383 1918 2488 1973 ego
2519 1903 2710 1957 statim
2743 1903 3113 1969 ambulando,
3139 1918 3273 1956 eum
3291 1903 3441 1974 quod
3457 1899 3779 1972 rogavitsine
3793 1899 3903 1969 signo

2300 2008 2474 2046 coner
2503 1991 2704 2046 docere
2731 2011 2745 2059 ;
2773 1991 2923 2046 unde
2947 1992 3156 2046 cavebo
3209 2008 3280 2045 ne
3312 1991 3366 2045 id
3421 1995 3637 2045 tantum
3673 1992 3809 2061 putet
3829 2002 3904 2041 eme

2300 2080 2614 2147 ambulare,
2648 2085 2925 2152 quantum
2948 2097 3054 2152 ego
3085 2079 3450 2134 ambulavero
3469 2078 3497 2132 Ὺ
3517 2079 3661 2150 quod
3682 2078 3722 2131 si
3747 2081 3904 2148 putave-

2300 2169 2395 2236 rit,
2432 2169 2791 2240 decipietur:
2840 2170 3096 2242 quisquis
3139 2169 3290 2224 enim
3339 2170 3474 2240 plus
3517 2168 3751 2222 minusve
3789 2181 3903 2237 quam

2301 2274 2405 2328 ego
2444 2257 2836 2321 ambulaverit,
2870 2259 3022 2313 hunc
3065 2257 3160 2312 ille
3192 2258 3514 2312 ambulasse
3541 2273 3648 2310 non
3686 2252 3903 2309 arbitrabi-

2299 2349 2411 2400 tur.
2445 2347 2510 2400 Et
2538 2347 2688 2418 quod
2722 2347 2790 2400 de
2815 2346 2921 2401 hoc
2950 2363 3062 2401 uno
3091 2347 3264 2402 verbo
3299 2345 3440 2414 dixi,
3472 2344 3666 2400 transit
3704 2344 3753 2398 in
3774 2341 3904 2396 omnia

2303 2451 2431 2506 quae
2458 2434 2579 2489 sine
2609 2435 2772 2506 signo
2800 2436 3109 2490 monstrari
3136 2453 3329 2507 possse
3359 2449 3739 2490 consenseram
3762 2433 3905 2503 praeter

2301 2524 2413 2578 duo
2439 2523 2535 2577 illa
2566 2539 2694 2594 quae
2725 2524 3066 2595 excepimus.

2372 2613 2458 2665 30.
2496 2612 2640 2681 Aug.
2691 2611 2921 2683 Accipio
2978 2612 3211 2684 quidem
3264 2611 3464 2667 istud:
3517 2626 3694 2666 nonne
3741 2607 3820 2662 tibi
3851 2605 3903 2657 vi-

2301 2699 2470 2754 detur
2493 2700 2649 2754 aliud
2673 2715 2791 2754 esse
2820 2699 2999 2772 loqui,
3015 2700 3166 2755 aliud
3185 2700 3430 2755 docere?
3449 2700 3557 2756 Ad.
3587 2699 3788 2753 Videtur
3801 2708 3902 2748 sane:

2302 2805 2436 2843 nam
2468 2788 2514 2842 si
2532 2793 2678 2843 esset
2694 2788 2865 2858 idem,
2897 2805 3013 2843 non
3039 2789 3585 2861 doceretquisquam
3599 2787 3695 2842 nisi
3719 2788 3903 2856 loquens;

2299 2893 2428 2932 cum
2463 2893 2593 2931 vero
2624 2882 2680 2932 et
2708 2877 2835 2932 aliis
2867 2877 3066 2949 signis,
3100 2881 3311 2949 praeter
3340 2878 3534 2944 verba,
3582 2877 3744 2931 multa
3766 2873 3900 2927 docea-

2300 2983 2446 3033 mus,
2476 2967 2602 3039 quis
2633 2966 2702 3020 de
2732 2967 2839 3020 ista
2868 2966 3188 3021 diﬁerentia
3218 2966 3610 3022 dubitaverit?
3635 2959 3901 3030 .4ug.0uid?

2300 3056 2502 3111 docere
2531 3059 2587 3109 et
2625 3055 2966 3127 signiﬁcare,
2988 3055 3210 3109 nihilne
3238 3054 3521 3109 interest?
3550 3069 3618 3107 an
3643 3047 3816 3121 aliquid
3837 3045 3899 3098 dit-

2299 3145 2533 3200 ferunt?
2552 3145 2661 3200 Ad.
2696 3145 2852 3199 Idem
2877 3149 3015 3216 puto
3037 3161 3177 3198 esse.
3205 3145 3355 3213 Aug.
3401 3144 3600 3199 Nonne
3643 3145 3768 3195 recte
3797 3133 3896 3190 dicit.

2302 3233 2401 3306 qui
2426 3232 2563 3287 dicit
2583 3233 2710 3286 ideo
2740 3249 2842 3286 nos
2864 3232 3184 3304 signiﬁcare
3210 3236 3274 3286 ut
3306 3231 3648 3287 doceamus?
3671 3228 3764 3283 Ad.
3790 3225 3898 3278 Recte

2299 3337 2550 3393 prorsus.
2581 3321 2725 3390 Aug.
2760 3320 2927 3385 Quid,
2961 3320 3009 3374 si
3035 3320 3184 3375 dicat
3209 3320 3357 3374 alius
3388 3321 3521 3376 ideo
3549 3335 3646 3374 nos
3687 3319 3839 3371 docere
3861 3318 3898 3362 ut

2301 3408 2730 3481 signiﬁcemus?
2754 3425 2947 3464 nonne
2985 3409 3148 3463 facile
3178 3409 3476 3481 superiore
3506 3405 3757 3464 sententia
3788 3399 3895 3456 refel'

2302 3499 2494 3552 letur?
2523 3498 2631 3554 Ad.
2665 3499 2748 3552 Ita
2778 3502 2879 3552 est.
2919 3500 3062 3567 Aug.
3086 3497 3144 3552 Si
3187 3514 3322 3569 ergo
3362 3498 3731 3571 signiﬁcamus
3766 3496 3811 3545 ut
3839 3488 3896 3542 do

2301 3602 2550 3653 ceamus,
2571 3603 2687 3640 non
2713 3587 2980 3640 docemus
3012 3591 3073 3641 ut
3095 3586 3528 3658 signiﬁcemus;
3572 3584 3710 3640 aliud
3748 3586 3810 3635 est
3841 3577 3896 3628 do-

2300 3691 2447 3741 cere,
2492 3675 2646 3728 aliud
2685 3674 3026 3746 signiﬁcare.
3056 3675 3168 3730 Ad.
3220 3676 3434 3728 Verum
3486 3674 3639 3742 dicis,
3687 3685 3771 3726 nec
3803 3666 3894 3719 recte

2298 3763 2453 3818 idem
2482 3779 2602 3817 esse
2628 3767 2936 3834 utrumque
2949 3763 3242 3835 respondi.
3266 3764 3416 3832 Aug.
3437 3760 3726 3818 Nuncillud
3742 3767 3895 3824 respon-

2299 3853 2389 3921 de,
2413 3857 2609 3907 utrum
2648 3853 2747 3924 qui
2802 3853 2965 3907 docet
3015 3853 3154 3924 quid
3199 3853 3267 3907 sit
3307 3852 3534 3918 docere,
3575 3843 3842 3921 signiﬁcado
3863 3837 3894 3891 id

2299 3945 2452 4013 agat,
2481 3958 2555 3995 an
2585 3941 2768 3996 aliter.
2805 3943 2919 3996 Ad.
2946 3942 3070 3996 Non
3100 3941 3265 3996 video
3297 3941 3589 4013 quomodo
3605 3939 3747 3993 aliter
3765 3929 3892 4004 possit.

2299 4031 2445 4100 Aug.
2478 4030 2701 4085 Falsum
2732 4034 2816 4085 est
2837 4030 3012 4102 igitur
3034 4031 3188 4102 quod
3211 4031 3384 4101 paulo
3416 4033 3547 4084 ante
3573 4025 3756 4089 dixisti,
3773 4014 3893 4073 doceri

2297 4134 2418 4172 rem
2445 4135 2610 4190 posse
2641 4119 2764 4173 sine
2795 4119 2993 4191 signis,
3025 4135 3153 4173 cum
3189 4118 3472 4190 quaeritur
3501 4117 3630 4190 quid
3677 4114 3736 4168 sit
3773 4111 3891 4180 ipsum

2298 4208 2500 4263 docere
2527 4224 2540 4275 ;
2584 4208 2814 4279 quando
2844 4224 2916 4263 ne
2955 4209 3064 4262 hoc
3093 4207 3327 4279 quidem
3375 4208 3630 4263 videmus
3657 4203 3758 4256 sine
3781 4192 3893 4279 signij

2298 4296 2563 4351 ﬁcatione
2595 4278 2686 4369 agi
2711 4313 2901 4368 posse,
2935 4313 3062 4351 cum
3095 4278 3251 4351 aliud
3291 4312 3415 4350 esse
3470 4293 3775 4366 signiﬁcare,
3796 4278 3892 4337 aliud

2300 4385 2505 4439 docere
2535 4386 2898 4440 concesseris.
2929 4384 2985 4440 Si
3013 4385 3169 4440 enim
3200 4384 3422 4440 diversa
3451 4387 3599 4451 sunt,
3635 4381 3755 4434 sicut
3778 4385 3891 4442 appa'

2302 4477 2407 4540 ret,
2443 4489 2629 4544 neque
2655 4474 2764 4528 hoc
2794 4473 2902 4527 nisi
2942 4490 3046 4545 per
3074 4474 3213 4528 illud
3268 4473 3602 4534 ostenditur,
3630 4484 3728 4524 non
3753 4478 3829 4535 per
3860 4471 3892 4508 εί

2305 4561 2501 4633 utique
2533 4563 2871 4631 ostenditur,
2923 4562 3066 4616 sicut
3086 4562 3191 4618 tibi
3229 4562 3412 4616 visum
3445 4565 3580 4616 erat.
3608 4550 3893 4622 Quamobrem

2299 4650 2443 4705 nihil
2467 4650 2653 4705 adhuc
2682 4650 2977 4705 inventum
3003 4655 3106 4718 est,
3124 4650 3279 4722 quod
3307 4649 3608 4704 monstrari
3623 4640 3893 4727 perseipsulll

2298 4744 2470 4811 queat
2506 4744 2718 4810 praeter
2746 4739 3111 4810 locutionem,
3137 4756 3263 4810 qua:
3283 4739 3433 4793 inter
3456 4737 3564 4792 alia
3589 4752 3642 4788 se
3663 4737 3894 4815 quoque

2297 4827 2570 4900 gniﬁcat:
2605 4843 2734 4898 qua:
2796 4831 2990 4882 tamen
3047 4844 3175 4881 cum
3235 4828 3407 4882 etiam
3456 4826 3574 4897 ipsa
3623 4821 3811 4891 signum
3839 4812 3892 4861 sit

2305 4917 2556 4972 nondum
2582 4932 2814 4988 prorsus
2845 4921 3029 4970 exstat
3059 4916 3214 4987 quod
3243 4917 3364 4970 sine
3395 4915 3568 4986 signis
3597 4906 3759 4966 doceri
3789 4909 3894 4973 Ροΰθ

2301 5005 2582 5060 videatur.
2614 5005 2724 5060 Ad.
2751 5004 2904 5059 Nihil
2926 5004 3108 5059 habeo
3138 5022 3240 5058 cur
3268 5021 3384 5059 non
3413 5001 3689 5058 assentiar.
3803 5076 3806 5077 ν
3869 5069 3876 5077 Ι

2370 5097 2455 5148 31.
2490 5093 2634 5162 Aug.
2671 5093 3002 5148 Confectum
3035 5096 3118 5147 est
3150 5093 3326 5163 igitur
3383 5097 3438 5145 et
3479 5088 3614 5145 nihil
3651 5084 3753 5138 sine
3777 5076 3894 5165 sig’ﬂls

2307 5182 2518 5250 doceri,
2551 5187 2608 5236 et
2635 5182 3024 5254 cognitionem
3055 5181 3237 5254 ipsam
3266 5183 3437 5253 signis
3475 5178 3667 5251 quibus
3689 5174 3897 5240 cognow'

2301 5287 2451 5339 mus,
2483 5269 2804 5325 cbariorem
2853 5270 3016 5324 nobis
3074 5286 3194 5325 esse
3226 5274 3484 5341 oportere
3515 5285 3527 5321 :
3561 5258 3782 5336 quamvis
3822 5261 3895 5304 non

2301 5357 2493 5413 omnia
2525 5375 2653 5430 qua:
2686 5358 3080 5429 signiﬁcantur
3108 5358 3328 5429 possint
3355 5355 3524 5435 signis
3553 5352 3658 5407 suis
3691 5359 3790 5400 esse

2299 5447 2466 5510 tiora,
2497 5429 2604 5502 Ad.
2637 5449 2721 5502 Ita
2749 5447 2994 5502 videtur.
3027 5449 3173 5516 Aug.
3233 5448 3449 5512 Quanto
3478 5431 3687 5499 tandem
3720 5429 3897 5488 cir‘cﬂitu

2301 5551 2390 5590 res
2421 5537 2640 5592 tantilla
2672 5540 2900 5608 peracta
2929 5536 3019 5604 sit,
3051 5536 3458 5602 meministine,
3484 5525 3700 5603 quaeso?
3720 5521 3830 5577 Nam
3851 5522 3894 5561 εί
