4098 6182
205 294 345 345 1213

196 428 317 483 quo
347 410 497 465 inter
515 424 620 464 nos
647 409 818 464 verba
830 410 1171 481 jaculamur,
1194 410 1352 482 quod
1370 413 1487 465 tam
1513 410 1610 465 diu
1634 408 1896 477 fecimus,

193 499 321 555 haec
350 499 456 553 tria
487 502 548 553 ut
582 498 979 554 invenirentur
1015 500 1336 555 laboratum
1363 504 1481 554 est:
1524 503 1719 554 utrum
1754 497 1895 552 nihil

193 587 320 642 sine
350 587 527 658 signis
554 587 737 657 possit
756 587 975 655 doceri;
1007 593 1063 642 et
1093 594 1286 643 utrum
1311 588 1425 642 sint
1448 588 1708 658 quaedam
1731 586 1895 656 signa

192 676 366 730 rebus
407 691 550 746 quas
587 674 910 744 signiﬁcant
941 676 1326 747 praeferenda;
1358 680 1414 729 et
1457 680 1653 729 utrum
1694 674 1894 727 melior

190 780 371 835 quam
402 764 563 833 signa
591 763 662 817 sit
690 779 881 817 rerum
912 764 1033 835 ipsa
1053 763 1324 833 cognitio.
1356 763 1463 817 Sed
1488 766 1755 834 quartum
1788 764 1889 827 est,

188 851 345 923 quod
394 851 641 905 breviter
682 852 781 905 abs
820 857 874 905 te
909 853 1113 906 vellem
1156 866 1515 922 cognoscere,
1558 855 1890 903 utrumnam

187 938 301 992 ista
346 938 577 993 inventa
622 940 699 993 sic
748 945 933 1011 putes,
971 945 1034 995 ut
1072 942 1193 1012 jam
1242 940 1311 994 de
1342 939 1429 995 his
1472 939 1729 993 dubitare
1782 953 1893 991 non

188 1027 396 1098 possis.
442 1028 554 1082 Ad.
591 1028 803 1082 Vellem
849 1028 1081 1100 quidem
1125 1030 1295 1084 tantis
1339 1028 1671 1099 ambagibus
1719 1031 1890 1097 atque

191 1115 540 1169 anfractibus
571 1120 718 1171 esset
753 1118 821 1171 ad
853 1121 1003 1172 certa
1033 1122 1371 1188 perventum
1397 1138 1412 1186 ;
1444 1118 1539 1172 sed
1573 1122 1628 1172 et
1658 1116 1764 1170 ista
1796 1132 1891 1169 ro-

188 1203 345 1275 gatio
372 1209 470 1257 tua
509 1205 697 1259 nescio
743 1207 1034 1277 quomodo
1079 1223 1169 1260 me
1196 1206 1476 1274 sollicitat,
1509 1210 1565 1261 et
1594 1206 1665 1260 ab
1695 1220 1892 1258 assen-

190 1292 351 1346 sione
390 1293 656 1348 deterret.
706 1294 924 1349 Videris
971 1294 1126 1350 enim
1176 1295 1317 1349 mihi
1364 1310 1480 1348 non
1527 1294 1649 1348 haec
1680 1292 1747 1346 de
1798 1305 1889 1345 me

190 1380 365 1435 fuisse
407 1382 773 1453 quaesiturus,
824 1383 932 1437 nisi
969 1384 1205 1438 haberes
1245 1384 1397 1455 quod
1435 1381 1884 1437 contradiceres:

192 1474 251 1523 et
279 1470 399 1541 ipsa
426 1486 618 1525 rerum
652 1471 963 1543 implicatio
994 1477 1175 1527 totum
1204 1488 1292 1525 me
1325 1472 1622 1543 inspicere,
1646 1486 1709 1523 ac
1730 1484 1891 1523 secu-

192 1574 322 1613 rum
354 1561 695 1631 respondere
725 1578 841 1616 non
871 1561 1027 1628 sinit,
1058 1565 1347 1616 verentem
1371 1577 1440 1615 ne
1472 1559 1609 1632 quid
1633 1560 1693 1614 in
1717 1556 1889 1612 tantis

191 1650 499 1703 involucris
547 1652 737 1715 lateat,
786 1650 941 1721 quod
996 1648 1143 1704 acies
1198 1649 1405 1703 mentis
1451 1665 1593 1703 meae
1646 1650 1887 1703 lustrare

190 1753 309 1791 non
339 1738 531 1809 possit.
565 1739 710 1807 Aug.
748 1737 1172 1793 Dubitationem
1203 1742 1362 1792 tuam
1396 1753 1510 1790 non
1555 1734 1765 1789 invitus
1796 1750 1885 1789 ac-

189 1826 340 1897 cipio
366 1847 379 1894 ;
410 1826 693 1897 signiﬁcat
724 1827 877 1881 enim
917 1827 1177 1881 animum
1207 1825 1446 1879 minime
1475 1824 1847 1879 temerarium
1872 1841 1883 1878 :

190 1931 322 1986 quas
352 1916 605 1970 custodia
634 1916 1063 1986 tranquillitatis
1085 1919 1169 1969 est
1199 1914 1465 1969 maxima.
1498 1916 1638 1969 Nam
1669 1913 1888 1968 dilﬁcil-

189 2003 395 2058 limum
418 2003 652 2058 omnino
680 2009 759 2058 est
790 2020 907 2058 non
926 2003 1275 2075 perturbari,
1300 2019 1429 2058 cum
1459 2019 1525 2057 ea
1554 2019 1681 2074 qum
1707 2017 1889 2073 prona

190 2097 248 2146 et
276 2093 528 2163 procliva
558 2093 968 2164 approbatione
1001 2094 1335 2147 tenebamus
1364 2092 1663 2147 contrariis
1693 2092 1885 2162 dispu-

190 2181 499 2236 tationibus
530 2182 958 2249 labefactautur,
990 2187 1046 2236 et
1073 2182 1235 2254 quasi
1265 2186 1673 2253 extorquentur
1702 2198 1731 2234 e
1762 2196 1885 2233 ma-

191 2269 382 2327 nibus.
416 2270 617 2340 Quare,
649 2274 711 2325 ut
740 2286 970 2342 (equum
995 2274 1078 2324 est
1100 2271 1242 2325 bene
1265 2268 1635 2324 consideratis
1662 2284 1891 2338 perspe-

190 2358 413 2430 ctisque
447 2359 763 2414 rationibus
802 2359 1024 2427 cedere,
1068 2359 1147 2413 ita
1186 2359 1478 2431 incognita
1507 2376 1611 2430 pro
1643 2357 1888 2430 cognitis

189 2447 402 2501 habere
450 2448 856 2518 periculosum.
904 2450 1081 2503 Metus
1128 2454 1213 2503 est
1258 2448 1415 2503 enim
1450 2464 1520 2502 ne
1560 2464 1689 2502 cum
1738 2461 1888 2516 saepe

190 2536 548 2591 subruuntur
577 2553 703 2608 qua:
742 2536 1067 2591 ﬁrmissime
1109 2542 1324 2591 statura
1352 2542 1408 2591 et
1434 2553 1703 2591 mansura
1735 2552 1889 2606 pra:—

188 2625 491 2690 sumimus,
525 2624 586 2679 in
620 2630 841 2680 tantum
862 2625 1057 2680 odium
1089 2626 1175 2680 vel
1203 2626 1468 2681 timorem
1488 2626 1724 2680 rationis
1753 2626 1891 2680 inci-

188 2711 415 2777 damus,
467 2717 528 2765 ut
573 2728 643 2766 ne
693 2712 803 2783 ipsi
844 2713 1077 2785 quidem
1125 2713 1437 2785 perspicuae
1484 2713 1709 2768 veritati
1750 2713 1889 2769 ﬁdes

187 2798 450 2853 habenda
479 2800 754 2855 videatur.

263 2888 349 2940 32.
383 2886 487 2940 Sed
538 2903 661 2957 age,
715 2904 866 2941 nunc
914 2887 1232 2958 expeditius
1280 2892 1651 2943 retractemus
1697 2891 1890 2943 utrum

189 2978 342 3027 recte
370 2973 476 3027 ista
513 2974 823 3030 dubitanda
859 2976 1165 3047 putaveris.
1208 2978 1351 3031 Nam
1378 2994 1574 3049 quaero
1606 2977 1703 3031 abs
1734 2980 1809 3043 te,
1844 2976 1890 3031 si

189 3063 496 3134 quisquam
524 3069 757 3135 ignarus
788 3065 1140 3137 deceptionis
1177 3066 1390 3133 avium,
1422 3084 1550 3138 quae
1575 3066 1805 3121 calamis
1836 3072 1893 3120 et

190 3150 343 3204 visco
372 3152 688 3220 affectatur,
726 3153 949 3207 obviam
984 3155 1147 3209 ﬁeret
1188 3156 1415 3227 aucupi,
1449 3155 1622 3209 armis
1658 3155 1888 3226 quidem

190 3236 311 3291 suis
343 3237 639 3303 instructo,
672 3254 788 3292 non
818 3242 1009 3293 tamen
1040 3240 1365 3311 aucupanti,
1399 3240 1494 3294 sed
1522 3241 1629 3295 iter
1660 3240 1851 3311 agenti
1877 3260 1891 3307 ;

190 3342 308 3397 quo
329 3326 445 3379 viso
468 3332 753 3397 premeret
772 3328 1034 3398 gradum,
1061 3345 1388 3401 secumque,
1413 3334 1473 3384 ut
1494 3330 1577 3397 ﬁt,
1600 3330 1892 3385 admirans

190 3414 469 3486 cogitaret
497 3420 553 3468 et
582 3423 862 3485 quaereret
882 3416 1159 3487 quidnam
1190 3417 1297 3472 sibi
1322 3418 1571 3473 hominis
1597 3419 1692 3474 ille
1726 3420 1893 3474 vellet

191 3507 457 3568 ornatus;
510 3519 716 3576 anceps
766 3508 955 3559 autem
987 3522 1117 3559 cum
1149 3506 1209 3560 in
1241 3523 1297 3560 se
1326 3507 1542 3562 videret
1588 3511 1892 3578 attentum,

189 3592 516 3646 ostentandi
543 3607 601 3646 se
633 3592 817 3647 studio
842 3610 1046 3647 cannas
1077 3594 1387 3665 expediret,
1419 3600 1475 3650 et
1499 3611 1681 3667 prope
1707 3596 1891 3651 anim-

189 3680 486 3735 adversam
518 3682 770 3753 aliquam
807 3683 1087 3737 aviculam
1127 3683 1319 3738 ﬁstula
1349 3689 1405 3739 et
1443 3684 1709 3755 accipitre
1748 3685 1892 3755 ﬁge-

190 3772 298 3833 ret,
338 3769 627 3837 subigeret
669 3774 726 3825 et
764 3776 1024 3842 caperet;
1072 3788 1265 3825 nonne
1303 3772 1467 3826 illum
1516 3778 1892 3844 spectatorem

192 3872 365 3912 suum
398 3857 625 3911 doceret
654 3859 810 3913 nullo
844 3858 1185 3931 signiﬁcatu,
1220 3860 1319 3914 sed
1349 3877 1409 3915 re
1436 3860 1580 3932 ipsa,
1614 3863 1765 3934 quod
1797 3863 1891 3917 ille

192 3945 337 4000 scire
369 3944 670 4016 cupiebat?
704 3947 812 4000 Ad.
850 3948 1035 4002 Metuo
1066 3965 1137 4003 ne
1169 3948 1306 4020 quid
1337 3950 1427 4004 hic
1458 3951 1569 4004 tale
1601 3951 1693 4018 sit,
1726 3952 1892 4023 quale

190 4035 263 4089 de
291 4034 388 4088 illo
417 4034 553 4101 dixi,
578 4035 673 4107 qui
693 4036 901 4107 quierit
921 4036 1059 4107 quid
1081 4038 1153 4091 sit
1182 4038 1495 4093 ambulare.
1521 4041 1715 4111 Neque
1740 4041 1892 4095 enim

190 4124 375 4193 video,
409 4128 464 4178 et
487 4123 580 4178 hic
613 4128 797 4178 totum
828 4124 969 4179 illud
1000 4126 1309 4196 aucupium
1339 4144 1458 4181 esse
1490 4132 1888 4182 monstratum.

190 4214 339 4279 Aug.
395 4212 574 4267 Facile
620 4216 705 4266 est
750 4213 853 4267 hac
886 4229 1022 4267 cura
1051 4218 1104 4268 te
1138 4230 1376 4281 exuere;
1430 4215 1577 4269 addo
1628 4215 1801 4281 enim,
1846 4215 1892 4269 si

194 4302 291 4356 ille
319 4302 397 4355 ita
426 4300 753 4373 intelligens
786 4306 951 4369 esset,
988 4306 1049 4355 ut
1082 4318 1150 4357 ex
1178 4302 1283 4356 hoc
1313 4303 1465 4373 quod
1511 4303 1668 4369 vidit,
1709 4308 1891 4357 totum

192 4389 337 4445 illud
366 4406 546 4462 genus
572 4390 710 4443 artis
740 4394 1103 4460 agnosceret:
1129 4390 1261 4444 satis
1284 4395 1366 4444 est
1386 4406 1635 4461 namque
1658 4391 1727 4445 ad
1749 4406 1891 4457 rem,

192 4482 250 4533 et
304 4479 373 4533 de
426 4478 768 4550 quibusdam
826 4479 995 4532 rebus
1054 4479 1282 4533 tametsi
1327 4494 1446 4533 non
1498 4479 1786 4545 omnibus,
1837 4484 1894 4533 et

192 4567 475 4639 quosdam
512 4566 775 4621 homines
824 4566 1015 4621 doceri
1058 4583 1222 4637 posse
1253 4566 1374 4621 sine
1405 4566 1591 4637 signo.
1622 4567 1730 4621 Ad.
1778 4568 1895 4621 Hoc

191 4655 366 4709 etiam
396 4671 502 4725 ego
542 4671 770 4726 possum
800 4654 881 4709 illi
911 4654 1151 4723 addere;
1184 4654 1230 4708 si
1264 4655 1418 4709 enim
1451 4654 1521 4708 sit
1550 4655 1695 4709 bene
1726 4654 1891 4709 intel-

191 4744 398 4814 ligens,
426 4744 621 4814 paucis
650 4743 909 4814 passibus
931 4743 1320 4797 ambulatione
1345 4748 1681 4813 monstrata,
1710 4748 1892 4798 totum

192 4830 331 4902 quid
356 4832 427 4885 sit
446 4832 737 4885 ambulare
763 4835 1084 4903 cognoscet.
1112 4832 1256 4902 Aug.
1284 4832 1471 4886 Facias
1495 4849 1595 4902 per
1620 4850 1710 4886 me
1739 4833 1888 4899 licet,

190 4934 299 4972 nec
328 4924 551 4973 tantum
584 4919 727 4972 nihil
768 4918 990 4982 resisto,
1034 4935 1233 4974 verum
1278 4920 1449 4974 etiam
1495 4921 1691 4974 faveo:
1736 4920 1893 4974 vides

190 5005 347 5061 enim
364 5006 438 5083 ab
461 5011 703 5078 utroque
726 5011 984 5061 nostrum
1009 5007 1066 5062 id
1084 5007 1253 5077 efﬁci,
1281 5011 1345 5062 ut
1372 5009 1634 5081 quaedam
1657 5009 1891 5080 quidam

189 5094 385 5149 doceri
414 5094 537 5148 sine
567 5095 744 5164 signis
795 5100 1026 5167 queant,
1082 5096 1400 5167 falsumque
1446 5097 1587 5151 illud
1622 5096 1693 5152 sit
1742 5098 1891 5167 quod

188 5182 358 5237 nobis
387 5184 558 5253 paulo
583 5188 714 5237 ante
764 5183 1079 5247 videbatur,
1112 5185 1256 5239 nihil
1289 5201 1408 5239 esse
1457 5185 1692 5239 omnino
1739 5187 1891 5257 quod

187 5271 317 5325 sine
348 5272 524 5343 signis
553 5272 730 5343 possit
750 5274 990 5327 ostendi.
1014 5275 1139 5327 Jam
1169 5274 1323 5328 enim
1348 5290 1413 5328 ex
1445 5273 1534 5327 his
1564 5290 1676 5327 non
1712 5290 1890 5328 unum

187 5360 409 5431 aliquid
446 5364 543 5415 aut
586 5362 849 5426 alterum,
886 5362 984 5415 sed
1028 5362 1208 5416 millia
1246 5379 1438 5417 rerum
1469 5362 1660 5417 animo
1692 5379 1887 5416 occur-

186 5453 350 5518 runt,
390 5466 519 5520 qua;
560 5450 717 5503 nullo
756 5449 919 5519 signo
956 5450 1088 5503 dato
1118 5467 1223 5520 per
1259 5451 1443 5520 seipsa
1482 5456 1886 5506 monstrantur.

187 5536 339 5602 Quid
362 5537 513 5592 enim
536 5537 879 5607 dubitemus,
914 5554 1015 5593 oro
1033 5538 1126 5593 te?
1152 5540 1294 5593 Nam
1312 5542 1376 5593 ut
1395 5538 1697 5594 hominum
1720 5538 1887 5593 omit-

1714 285 1924 341 LIBER
1966 284 2061 340 ΗΝ
2069 283 2169 339 US.

3573 290 3705 343 1214

2003 410 2121 461 tam
2142 406 2586 462 innumerabilia
2606 409 2928 479 spectacula
2948 409 3007 463 in
3029 410 3296 465 omnibus
3324 410 3560 465 theatris
3581 409 3701 465 sine

2003 495 2167 566 signo
2198 496 2335 566 ipsis
2364 497 2532 551 rebus
2563 497 2983 565 exhibentinm;
3014 499 3193 553 solem
3225 503 3376 552 certe
3407 498 3583 552 istum
3611 498 3702 552 lu-

2004 600 2241 656 cemque
2274 586 2393 639 haec
2424 585 2618 639 omnia
2656 586 3097 655 perfundantem
3136 592 3307 659 atque
3336 586 3699 653 vestientem,

2007 672 2202 727 lunam
2231 678 2287 728 et
2322 680 2525 728 caetera
2570 674 2775 741 sidera,
2823 680 3000 729 terras
3030 680 3085 729 et
3114 676 3313 745 maria,
3364 692 3608 747 quasque
3642 675 3703 730 in

2004 760 2092 815 his
2112 761 2611 817 innumerabiliter
2632 764 2966 835 gignuntur,
3002 780 3194 818 nonne
3217 781 3319 835 per
3343 766 3529 835 scipsa
3549 764 3705 819 exhi-

2003 848 2098 902 bet
2127 855 2296 920 atque
2323 852 2570 906 ostendit
2602 854 2747 906 Deus
2778 857 2835 906 et
2864 858 3066 907 natura
3095 854 3499 907 cernentibus?

2074 940 2158 993 33.
2192 939 2349 1002 Quod
2384 940 2430 993 si
2464 940 2793 1011 diligentius
2814 942 3258 1008 consideremus,
3284 942 3523 996 fortasse
3554 940 3696 995 nihil

2000 1024 2275 1093 invenies,
2326 1029 2477 1099 quod
2517 1045 2622 1098 per
2671 1046 2771 1083 sua
2818 1029 2981 1099 signa
3031 1031 3296 1085 discatur.
3354 1031 3495 1085 Cum
3546 1028 3700 1083 enim

2002 1113 2147 1168 mihi
2184 1116 2411 1185 signum
2452 1117 2637 1183 datur,
2683 1118 2731 1170 si
2767 1118 3111 1173 nescientem
3150 1135 3240 1173 me
3282 1117 3501 1172 invenit
3542 1117 3705 1187 cujus

2002 1202 2085 1256 rei
2114 1202 2340 1274 signum
2374 1204 2467 1274 sit,
2498 1206 2699 1259 docere
2728 1222 2820 1260 me
2850 1206 2995 1260 nihil
3030 1211 3249 1278 potest:
3289 1207 3333 1260 si
3361 1222 3495 1261 vero
3525 1205 3702 1259 scien-

2000 1295 2140 1359 tem,
2188 1292 2327 1363 quid
2370 1292 2522 1347 disco
2570 1310 2675 1363 per
2712 1294 2980 1365 signum?
3024 1296 3149 1349 Non
3199 1295 3354 1349 enim
3394 1293 3533 1348 mihi
3578 1310 3700 1348 rem

2000 1396 2173 1451 quam
2202 1381 2485 1451 signiﬁcat
2521 1383 2767 1435 ostendit
2796 1384 3034 1436 verbum
3068 1400 3197 1437 cum
3241 1385 3387 1453 lego,
3435 1386 3503 1437 Et
3538 1397 3699 1436 sara-

2001 1469 2190 1523 ballaz’
2221 1485 2402 1524 eorum
2438 1486 2543 1523 non
2572 1475 2697 1524 sunt
2728 1473 3022 1525 immutata:
3066 1472 3235 1543 (Dan.
3282 1488 3358 1538 Ill,
3406 1472 3517 1539 94).
3559 1470 3701 1523 Nam

1998 1559 2045 1613 si
2062 1560 2327 1631 quedam
2348 1560 2599 1631 capitum
2618 1560 2868 1631 tegmina
2889 1565 3294 1632 nuncupantur
3315 1561 3423 1614 hoc
3443 1560 3699 1626 nomine,

1998 1664 2139 1703 num
2192 1665 2299 1719 ego
2330 1649 2435 1703 hoc
2474 1650 2690 1713 audito,
2742 1655 2842 1704 aut
2883 1650 3021 1721 quid
3066 1649 3139 1703 sit
3185 1654 3375 1719 caput,
3421 1653 3519 1702 aut
3563 1648 3703 1719 quid

2000 1737 2113 1790 sint
2143 1737 2399 1807 tegmina
2441 1737 2651 1793 didici?
2682 1743 2810 1792 ante
2848 1738 2955 1793 ista
2998 1755 3268 1793 noveram
3296 1757 3310 1806 ;
3342 1753 3530 1807 neque
3570 1753 3701 1790 cum

2000 1827 2427 1897 appellarentur
2474 1828 2542 1881 ab
2597 1828 2741 1895 aliis,
2791 1828 2891 1882 sed
2942 1844 3072 1882 cum
3122 1845 3153 1882 a
3205 1844 3296 1882 me
3348 1827 3697 1893 viderentur,

1999 1932 2200 1969 eorum
2248 1920 2330 1969 est
2368 1915 2510 1969 mihi
2540 1915 2685 1970 facta
2728 1917 2953 1971 notitia.
3000 1916 3223 1970 Etenim
3266 1932 3396 1969 cum
3446 1914 3699 1985 primum

1998 2004 2120 2058 istae
2151 2004 2279 2059 duas
2308 2005 2558 2075 syllabae,
2604 2022 2734 2059 cum
2778 2005 3037 2069 dicimus,
3086 2005 3287 2075 Caput,
3336 2019 3502 2057 aures
3546 2019 3701 2056 meas

1996 2092 2371 2163 impulerunt,
2400 2098 2516 2147 tam
2543 2093 2753 2147 nescivi
2783 2094 2919 2165 quid
2942 2094 3349 2163 signiﬁcarent,
3373 2108 3547 2163 quam
3569 2106 3697 2145 cum

1998 2181 2188 2251 primo
2218 2181 2477 2237 audirem
2510 2182 2850 2253 legeremve,
2885 2182 3210 2236 saraballas.
3248 2181 3356 2236 Sed
3387 2196 3519 2235 cum
3547 2196 3699 2250 saepe

2000 2270 2303 2338 diceretur,
2335 2271 2534 2342 Caput,
2562 2277 2766 2326 notans
2793 2276 2961 2342 atque
2982 2270 3448 2325 animadvertens
3471 2268 3699 2340 quando

2001 2358 2302 2424 diceretur,
2348 2361 2537 2429 reperi
2585 2360 2923 2415 vocabulum
2960 2376 3081 2414 esse
3123 2358 3205 2413 rei
3253 2374 3383 2429 quae
3413 2357 3557 2411 mihi
3580 2358 3701 2428 jam

2000 2450 2123 2500 erat
2143 2446 2382 2501 videndo
2418 2448 2721 2502 notissima.
2758 2447 2915 2513 Quod
2958 2448 3296 2519 priusquam
3336 2445 3699 2517 reperissem,

2003 2537 2222 2589 tantum
2254 2535 2397 2589 mihi
2441 2553 2613 2591 sonus
2644 2541 2763 2597 erat
2811 2538 2917 2591 hoc
2962 2536 3237 2590 verbum:
3289 2534 3519 2606 signum
3568 2550 3701 2588 vero

2000 2640 2120 2677 esse
2163 2624 2349 2690 didici,
2405 2626 2634 2697 quando
2683 2626 2843 2697 cujus
2882 2626 2967 2679 rei
3007 2626 3236 2696 signum
3276 2629 3423 2678 esset
3468 2622 3699 2689 inveni;

2001 2729 2174 2785 quam
2206 2714 2459 2785 quidem,
2495 2718 2556 2768 ut
2590 2714 2728 2783 dixi,
2772 2730 2889 2768 non
2938 2714 3286 2784 signiﬁcatu,
3329 2712 3428 2766 sed
3472 2715 3702 2781 aspectu

2002 2800 2331 2855 didiceram.
2347 2803 2543 2873 Itaque
2564 2802 2745 2873 magis
2766 2802 2997 2873 signum
3007 2818 3067 2857 re
3086 2800 3335 2873 cognita,
3352 2816 3527 2871 quam
3540 2799 3702 2870 signo

2002 2886 2135 2941 dato
2165 2888 2287 2958 ipsa
2316 2904 2405 2941 res
2432 2889 2688 2943 discitur.

2073 2977 2157 3030 34.
2188 2976 2347 3041 Quod
2383 2980 2442 3029 ut
2472 2976 2723 3048 apertius
2765 2976 3071 3047 intelligas,
3114 2976 3267 3046 ﬁnge
3306 2991 3409 3029 nos
3450 2974 3702 3046 primum

2003 3080 2154 3119 nunc
2186 3064 2377 3119 audire
2405 3067 2560 3137 quod
2592 3066 2817 3132 dicitur,
2849 3070 3043 3136 caput;
3080 3069 3135 3119 et
3166 3063 3482 3119 nescientes
3506 3067 3703 3117 utrum

2000 3169 2108 3207 vox
2151 3153 2258 3207 ista
2300 3154 2371 3208 sit
2417 3156 2815 3208 tantummodo
2869 3170 3096 3220 sonans,
3146 3170 3221 3208 an
3268 3152 3486 3224 aliquid
3530 3151 3703 3206 etiam

2000 3242 2345 3312 signiﬁcans,
2382 3259 2637 3314 quaerere
2668 3244 2807 3315 quid
2834 3243 2905 3297 sit
2925 3248 3094 3314 caput
3124 3243 3431 3311 (memento
3458 3258 3560 3295 nos
3588 3257 3704 3296 non

2003 3330 2085 3384 rei
2113 3346 2239 3401 quae
2272 3331 2644 3401 signiﬁcatur,
2680 3332 2776 3385 sed
2801 3332 2980 3402 ipsius
3007 3331 3155 3402 signi
3185 3331 3326 3384 velle
3357 3330 3568 3383 habere
3599 3345 3703 3382 no-

2004 3418 2209 3485 titiam,
2243 3435 2356 3489 qua
2385 3436 2642 3473 caremus
2675 3420 2948 3489 profecto,
2981 3418 3257 3490 quamdiu
3283 3418 3444 3488 cujus
3474 3417 3705 3487 signum

2004 3511 2087 3560 est
2127 3506 2486 3577 ignoramus)
2512 3524 2524 3561 :
2560 3509 2606 3561 si
2636 3524 2770 3576 ergo
2800 3507 2878 3561 ita
2908 3506 3296 3578 quaerentibus
3334 3521 3424 3559 res
3463 3504 3586 3575 ipsa
3615 3503 3705 3558 di-

2004 3593 2123 3664 gito
2171 3595 2610 3661 demonstretur,
2662 3597 2769 3650 hac
2815 3599 3117 3665 conspecta
3162 3593 3430 3648 discimus
3474 3592 3704 3663 signum

2004 3682 2159 3752 quod
2182 3682 2545 3737 audieramus
2571 3688 2814 3749 tantum,
2846 3684 3102 3737 nondum
3122 3697 3480 3736 noveramus.
3505 3683 3571 3735 In
3588 3696 3702 3751 quo

2004 3773 2195 3824 tamen
2223 3771 2386 3842 signo
2428 3772 2565 3826 dum
2609 3772 2722 3826 duo
2756 3770 2887 3834 sint,
2931 3788 3101 3825 sonus
3130 3774 3187 3824 et
3216 3769 3574 3841 signiﬁcatio,
3608 3784 3705 3822 so—

2003 3874 2144 3911 num
2175 3863 2324 3913 certe
2363 3875 2477 3913 non
2506 3876 2617 3935 per
2656 3860 2883 3930 signum
2931 3858 3300 3931 percipimus,
3345 3858 3442 3912 sed
3475 3874 3541 3911 eo
3580 3856 3703 3926 ipso

2005 3961 2142 3998 aure
2170 3946 2422 4015 pulsata;
2456 3946 2935 4016 signiﬁcationem
2971 3952 3163 4001 autem
3199 3962 3277 4012 re,
3323 3962 3451 4017 qua;
3478 3943 3703 4015 signiﬁ-

2006 4037 2182 4097 catur,
2206 4040 2450 4105 aspecta.
2484 4036 2624 4089 Nam
2654 4035 2752 4089 illa
2772 4034 3012 4089 intentio
3033 4035 3195 4105 digiti
3218 4034 3537 4116 significare
3560 4031 3703 4087 nihil

2004 4121 2155 4175 aliud
2187 4127 2395 4192 potest,
2429 4140 2601 4194 quam
2642 4124 2784 4177 illud
2816 4124 2877 4176 in
2913 4124 3062 4195 quod
3098 4123 3411 4177 intenditur
3453 4122 3698 4191 digitus:

2004 4208 2256 4263 intentus
2287 4216 2372 4265 est
2402 4216 2593 4265 autem
2629 4228 2744 4265 non
2784 4212 2844 4265 in
2878 4212 3125 4281 signum,
3158 4210 3254 4264 sed
3290 4210 3347 4264 in
3380 4210 3701 4263 membrum

2006 4298 2157 4368 quod
2187 4304 2356 4370 caput
2382 4304 2631 4354 vocatur.
2667 4300 2861 4370 Itaque
2890 4316 2995 4370 per
3021 4300 3178 4353 illam
3207 4313 3393 4369 neque
3424 4313 3543 4351 rem
3576 4312 3703 4368 pos-

2071 4493 2085 4525 ι
2116 4490 2173 4537 In
2204 4490 2432 4540 editione
2460 4492 2583 4540 Bad.
2615 4496 2667 4541 et
2690 4493 2879 4541 nostris
2901 4494 3022 4540 Mss.
3053 4492 3139 4539 hic
3163 4494 3215 4539 et
3238 4490 3376 4539 infra
3399 4494 3701 4540 constanter

2005 4551 2254 4617 scribitur
2296 4566 2387 4617 per
2430 4554 2782 4617 rgsarabara‘;
2815 4558 3110 4617 quoﬂpacto
3140 4553 3298 4617 etiam
3345 4553 3699 4617 Tertullianus

2005 4568 2254 4601 scrinuur
2296 4568 2387 4662 per
2430 4568 2458 4602 r
2485 4568 2782 4613 saraoara‘;
2815 4568 2918 4617 quo
2958 4568 3110 4615 pacto
3140 4568 3298 4600 etiam
3346 4568 3699 4602 'iertuuianus

2005 4613 2213 4676 scripsit
2229 4615 2281 4662 in
2327 4616 2437 4663 ibro
2455 4616 2518 4665 de
2537 4616 2719 4674 Pallio,
2750 4617 2872 4664 etin
2906 4616 3037 4663 libro
3058 4614 3122 4662 de
3141 4614 3543 4664 Resurrectione
3574 4615 3700 4663 Car-

2005 4676 2105 4738 nis.
2134 4676 2294 4725 Porro
2324 4683 2497 4727 autem
2530 4682 2702 4727 textus
2729 4692 2949 4738 graecus,
2977 4676 3108 4723 Dan.
3146 4689 3259 4738 cap.
3292 4679 3338 4733 3,
3368 4691 3417 4722 v.
3441 4679 3517 4733 94,
3546 4677 3702 4727 habet

2005 4692 2105 4724 ωε.
2134 4692 2294 4725 rorro
2324 4692 2497 4727 autem
2530 4692 2702 4727 textus
2766 4692 2949 4735 raecus,
2977 4692 3108 4723 uan.
3146 4692 3259 4738 cap.
3292 4692 3338 4733 δ,
3368 4692 3417 4722 v.
3441 4692 3517 4733 aa,
3546 4692 3697 4727 naoet

2005 4737 2057 4785 i'.
2091 4743 2281 4806 neutro
2295 4752 2501 4806 genere,
2525 4745 2577 4806 ζα
2592 4692 2879 4806 sar‘qgara,
2905 4751 3061 4806 quem
3080 4738 3571 4806 scribendi_mo_dum
3590 4754 3697 4789 non

2005 4800 2157 4861 pauci
2178 4799 2501 4863 sequ—untur;
2534 4802 2793 4863 improbat
2815 4799 2950 4864 vero»
2974 4799 3324 4864 Hieronymus
3346 4801 3398 4848 in
3427 4802 3555 4849 Dan.
3584 4816 3697 4864 cap.

2004 4864 2050 4920 3,
2082 4875 2129 4909 ν.
2146 4865 2236 4925 21,
2254 4862 2471 4925 \‘ultque
2497 4862 2776 4925 legendum
2796 4862 3094 4925 sarqballa.
3118 4862 3194 4925 Ad
3216 4862 3468 4925 haszss.
3494 4862 3702 4912 Fiscan-

2006 4924 2183 4988 nensis
2210 4929 2261 4988 et
2290 4923 2631 4973 Michaelinus
2657 4939 2751 4987 pro
2776 4923 3018 4985 qua’dam
3041 4924 3297 4987 capitum,
3327 4924 3541 4983 habent,
3560 4937 3698 4988 qua:-

2004 4985 2133 5034 dam
2152 4987 2341 5049 pedum
2366 4990 2629 5048 tegmina;
2646 4985 2697 5035 et
2716 4990 3067 5049 consentanee
3080 4985 3259 5049 postea
3273 4985 3580 5047 prmiernnt,’
3597 4990 3700 5049 aut

2004 5052 2135 5110 quia
2156 5048 2260 5099 sint
2275 5049 2447 5111 pedes,
2472 5053 2568 5096 etc.
2588 5064 2599 5107 ;
2622 5061 2744 5097 cum
2762 5048 2978 5098 dicimus
2997 5048 3168 5111 pedes,
3187 5061 3369 5104 aures,
3392 5054 3489 5111 etc.
3507 5064 3518 5105 ;
3539 5048 3699 5111 pedes

2004 5115 2215 5167 notans,
2244 5110 2371 5171 etc.;
2396 5111 2622 5172 denique
2644 5111 2912 5167 omittunt,
2944 5110 3209 5171 (apitum,
3233 5124 3295 5158 eo
3326 5110 3427 5158 loci
3452 5111 3538 5158 ubi
3570 5110 3697 5172 legi-

2003 5185 2140 5231 mus,
2160 5176 2381 5233 tegmina
2394 5171 2601 5235 quidem
2614 5172 2719 5235 illa
2732 5174 2982 5235 capitum.
3005 5172 3273 5235 Coutingit
3285 5172 3465 5235 isthaec
3477 5171 3699 5235 varietas

2006 5247 2069 5282 ex
2104 5237 2250 5283 varia
2280 5233 2520 5283 vocabuli
2556 5234 2706 5282 istius
2736 5234 3183 5297 interpretatione,
3211 5233 3697 5297 Quodquibusdam

2007 5297 2267 5366 signiﬁcat
2283 5298 2515 5366 tegmina
2537 5300 2801 5366 cupitum,
2825 5295 2887 5344 ut
2908 5295 3438 5366 refert-Isidorusnlib:
3460 5296 3551 5366 ‘19.
3580 5308 3695 5366 cap.

2011 5356 2099 5419 23';
2130 5359 2264 5416 aliis,
2289 5356 2448 5419 ﬂuxa
2469 5372 2530 5406 ac
2558 5356 2779 5407 sinuosa
2810 5360 3131 5416 vrslimenm,
3160 5362 3216 5405 ut
3246 5356 3341 5419 ipsi
3374 5356 3698 5419 Isidoroibi-

2008 5421 2124 5469 dem
2146 5418 2331 5483 placet,
2350 5420 2545 5483 pallia.
2564 5421 2782 5469 V’atablo
2803 5420 3021 5483 aliisque
3034 5420 3307 5483 scripturae
3328 5418 3698 5483 interpretibus

2006 5480 2185 5542 sonat;
2218 5480 2488 5531 nonnullis
2516 5480 3095 5541 etiam,calceambnla;
3135 5480 3455 5542 Hieronymo
3484 5480 3697 5530 demum

2006 5545 2060 5594 in
2090 5545 2206 5593 loco
2236 5545 2393 5594 citato
2421 5545 2638 5597 braecas
2658 5559 2749 5594 seu
2781 5544 3007 5595 tibialia.
