4036 6182
496 261 629 313 1215

491 398 622 438 sum
661 397 830 436 nosse
870 395 1044 451 quam
1090 393 1382 441 noveram,
1429 391 1617 447 neque
1661 375 1891 446 signum
1938 375 1998 430 in
2041 376 2195 447 quod

493 472 748 526 intentus
776 469 991 539 digitus
1019 484 1136 522 non
1163 471 1265 520 est.
1298 465 1406 521 Sed
1437 465 1506 518 de
1536 463 1856 518 intentione
1885 463 2048 534 digiti
2077 479 2195 517 non

493 559 667 614 nimis
692 575 856 622 curo;
893 556 1027 628 quia
1059 555 1234 626 ipsius
1263 553 1768 607 demonstrationis
1798 553 2027 622 signum
2053 551 2195 606 mihi

492 647 718 701 videtur
753 646 962 717 potius,
991 660 1165 714 quam
1197 657 1389 695 rerum
1429 641 1753 712 aliquarum
1795 657 1924 711 quas
1955 641 2194 695 demon-

494 740 768 796 strantur,
802 734 945 786 sicut
979 730 1312 785 adverbium
1343 730 1518 799 quod,
1562 731 1724 796 Ecce,
1757 730 2037 796 dicimus;
2062 746 2194 784 nam

493 828 550 877 et
579 839 708 876 cum
737 822 845 874 hoc
874 819 1140 873 adverbio
1191 819 1434 888 digitum
1484 819 1732 872 solemus
1775 819 2089 884 intendere,
2123 834 2194 872 ne

493 926 675 963 unum
706 906 1134 962 demonstrandi
1165 905 1394 976 signum
1419 922 1534 959 non
1566 905 1639 960 sit
1658 906 1814 961 satis.
1849 908 1911 960 Et
1940 906 1996 959 id
2022 907 2196 960 maxi-

499 1013 590 1050 me
621 995 721 1050 tibi
752 995 906 1048 nitor
931 995 1294 1065 persuadere,
1323 993 1368 1046 si
1400 997 1623 1064 potero,
1655 1011 1758 1064 per
1787 1011 1852 1048 ea
1881 993 2040 1064 signa
2067 1011 2194 1064 quae

495 1085 666 1138 verba
691 1084 1070 1154 appellantur,
1106 1099 1208 1136 nos
1237 1082 1378 1136 nihil
1410 1083 1654 1145 discere;
1699 1081 1888 1152 potius
1928 1082 2101 1144 enim,
2134 1087 2199 1136 ut

496 1173 636 1240 dixi,
666 1172 780 1226 vim
810 1172 992 1239 verbi,
1033 1171 1090 1225 id
1118 1175 1202 1225 est
1248 1171 1727 1242 signiﬁcationem
1775 1187 1904 1240 qua:
1953 1171 2090 1225 latet
2136 1171 2195 1225 in

495 1279 655 1326 sono,
680 1278 738 1314 re
763 1262 885 1330 ipsa
904 1277 1033 1331 qua:
1057 1259 1411 1330 signiﬁcatur
1429 1260 1678 1329 cognita,
1706 1259 1995 1326 discimus,
2023 1276 2195 1330 quam

494 1349 654 1403 illam
682 1349 782 1402 tali
813 1348 1224 1418 signiﬁcatione
1256 1347 1624 1418 percipimur.

568 1441 653 1491 35.
688 1439 751 1491 Et
793 1437 943 1508 quod
973 1437 1084 1490 dixi
1121 1437 1189 1489 de
1226 1436 1431 1504 capite,
1477 1436 1581 1488 hoc
1612 1435 1783 1488 etiam
1817 1435 1885 1488 de
1925 1434 2194 1505 tegmini-

493 1527 620 1591 bus,
654 1525 838 1594 deque
866 1524 991 1578 aliis
1020 1525 1190 1578 rebus
1219 1523 1734 1578 innumerabilibus
1755 1523 2025 1578 dixerim:
2055 1540 2196 1594 quas

494 1616 688 1666 tamen
709 1612 972 1680 cumjam
999 1610 1276 1675 noverim,
1309 1611 1616 1664 saraballas
1646 1611 1769 1664 illas
1796 1612 1980 1664 adhuc
2015 1627 2196 1681 usque

495 1716 616 1754 non
645 1699 805 1764 novi;
839 1715 979 1769 quas
1013 1699 1152 1752 mihi
1181 1699 1226 1751 si
1256 1704 1414 1768 gestu
1437 1699 1721 1769 quispiam
1750 1699 2079 1768 signiﬁcarit
2101 1703 2199 1752 aut

491 1785 769 1858 pinxerit,
799 1790 897 1839 aut
922 1785 1136 1856 aliquid
1169 1785 1260 1838 cui
1288 1785 1500 1838 similes
1529 1791 1678 1851 sunt,
1713 1788 2048 1853 ostenderit,
2080 1803 2197 1840 non

496 1875 679 1930 dicam
733 1890 848 1927 non
901 1890 991 1927 me
1039 1874 1315 1938 docuerit,
1363 1875 1517 1945 quod
1557 1875 1720 1928 facile
1762 1875 2102 1940 obtinerem,
2150 1875 2198 1930 si

495 1963 671 2035 paulo
700 1961 946 2033 amplius
984 1962 1139 2033 loqui
1179 1963 1412 2028 vellem;
1446 1963 1543 2017 sed
1575 1964 1701 2018 dico
1732 1964 1785 2018 id
1819 1964 1970 2035 quod
2002 1965 2195 2036 proxi-

498 2067 658 2106 mum
691 2056 792 2115 est,
817 2067 934 2104 non
981 2051 1169 2105 verbis
1198 2051 1473 2106 docuerit.
1505 2052 1667 2116 Quod
1698 2052 1743 2105 si
1775 2053 1856 2106 eis
1884 2054 2029 2107 forte
2059 2070 2196 2106 con-

497 2139 702 2210 spectis
732 2155 861 2193 cum
895 2139 1063 2192 simul
1087 2140 1259 2194 adero
1292 2157 1381 2194 me
1403 2141 1786 2205 admonuerit,
1819 2141 2031 2204 dicens,
2061 2143 2195 2196 Ecce

497 2226 836 2288 saraballas;
884 2227 1098 2282 discam
1146 2245 1268 2282 rem
1318 2246 1491 2300 quam
1535 2229 1880 2292 nesciebam.
1930 2247 2047 2284 non
2093 2247 2197 2301 per

496 2317 668 2369 verba
719 2332 849 2386 quas
899 2316 1048 2369 dicta
1097 2321 1247 2380 sunt,
1295 2318 1390 2371 sed
1431 2335 1534 2387 per
1578 2320 1700 2388 ejus
1742 2324 2055 2388 aspectum,
2095 2335 2198 2388 per

498 2419 671 2472 quem
701 2403 913 2456 factum
948 2407 1032 2456 est
1060 2408 1124 2456 ut
1152 2404 1325 2458 etiam
1365 2422 1578 2459 nomen
1618 2406 1758 2460 illud
1797 2407 1932 2477 quid
1963 2408 2195 2473 valeret,

497 2506 726 2544 nossem
750 2507 815 2544 ac
853 2496 1127 2544 tenerem.
1165 2493 1284 2546 Non
1309 2493 1461 2546 enim
1489 2511 1616 2548 cum
1647 2510 1767 2547 rem
1793 2495 1972 2564 ipsam
2003 2495 2194 2563 didici,

495 2579 684 2632 verbis
729 2578 929 2631 alienis
980 2579 1211 2645 credidi,
1263 2580 1360 2633 sed
1410 2581 1585 2633 oculis
1634 2581 1804 2634 meis:
1855 2582 1966 2635 illis
2006 2588 2196 2636 tamen

497 2668 736 2722 fortasse
765 2672 829 2720 ut
859 2669 1214 2723 attenderem
1243 2670 1480 2736 credidi,
1513 2670 1568 2724 id
1589 2674 1672 2724 est
1699 2675 1760 2724 ut
1783 2675 2012 2742 aspectu
2045 2688 2198 2743 quae-

498 2772 682 2810 rerem
716 2754 854 2826 quid
885 2754 1155 2810 viderem.

501 2845 725 2898 CAPUT
755 2844 842 2898 XI.
875 2875 942 2882 —
996 2847 1264 2899 Discimus
1309 2861 1416 2900 non
1459 2848 1634 2901 verbis
1675 2850 1816 2914 foris
1857 2849 2194 2914 sonantibus,

948 2933 1044 2986 sed
1069 2934 1289 2988 docente
1316 2937 1462 2988 intus
1491 2939 1735 2990 veritate.

571 3024 658 3076 36.
692 3023 970 3075 Hactenus
1000 3022 1170 3075 verba
1200 3023 1520 3089 valuerunt,
1553 3024 1761 3095 quibus
1788 3029 1852 3078 ut
1879 3025 2194 3096 plurimum

500 3109 771 3174 tribuam,
827 3109 1136 3163 admonent
1177 3114 1402 3165 tantum
1442 3115 1505 3165 ut
1552 3129 1876 3183 quaeramus
1922 3131 2032 3179 res,
2079 3130 2198 3167 non

501 3195 770 3250 exhibent
802 3199 862 3248 ut
905 3196 1251 3252 noverimus.
1285 3199 1338 3252 Is
1385 3215 1475 3253 me
1506 3206 1697 3273 autem
1744 3201 1962 3272 aliquid
2011 3202 2196 3263 docet,

502 3284 602 3355 qui
630 3285 716 3336 vel
753 3285 948 3349 oculis,
978 3285 1065 3338 vel
1105 3286 1207 3340 ulli
1236 3289 1491 3358 corporis
1520 3290 1730 3355 sensui,
1764 3291 1849 3343 vel
1886 3291 1994 3360 ipsi
2026 3291 2200 3344 etiam

501 3371 683 3427 menti
715 3372 931 3441 praebet
970 3389 1032 3426 ea
1063 3390 1192 3444 quae
1232 3391 1570 3446 cognoscere
1601 3379 1747 3431 volo.
1789 3378 1986 3432 Verbis
2026 3379 2202 3450 igitur

502 3460 613 3514 nisi
643 3462 813 3515 verba
850 3477 963 3515 non
1003 3461 1292 3529 discimus,
1335 3463 1451 3518 imo
1491 3465 1743 3520 sonitum
1781 3467 2199 3538 strepitumque

500 3549 804 3603 verborum
830 3567 843 3604 :
877 3566 1009 3603 nam
1041 3550 1086 3603 si
1119 3566 1184 3604 ea
1211 3568 1338 3622 quae
1370 3552 1533 3623 signa
1557 3570 1673 3607 non
1702 3557 1852 3619 sunt,
1881 3556 2050 3609 verba
2080 3573 2199 3610 esse

499 3653 616 3691 non
642 3643 900 3708 possunt,
948 3639 1207 3710 quamvis
1233 3642 1351 3711 jam
1391 3642 1654 3696 auditum
1694 3643 1954 3708 verbum,
2008 3644 2198 3700 nescio

503 3731 697 3779 tamen
729 3727 967 3781 verbum
995 3744 1136 3793 esse,
1170 3729 1351 3782 donec
1379 3730 1517 3800 quid
1553 3731 1835 3801 signiﬁcet
1863 3732 2055 3786 sciam.
2093 3735 2199 3788 Re-

504 3815 612 3868 bus
645 3831 780 3883 ergo
813 3815 1070 3885 cognitis,
1103 3817 1406 3870 verborum
1437 3835 1666 3889 quoque
1697 3821 1944 3890 cognitio
1975 3822 2198 3892 pertici-

506 3906 632 3969 tur;
681 3903 866 3956 verbis
905 3919 1038 3956 vero
1087 3904 1314 3968 auditis,
1359 3921 1460 3958 nec
1506 3907 1678 3959 verba
1725 3908 2040 3964 discuntur.
2079 3911 2199 3964 Non

507 3990 660 4044 enim
691 4007 754 4044 ea
786 3991 958 4044 verba
987 4007 1115 4062 quae
1152 3992 1434 4058 novimus,
1476 3994 1774 4061 discimus;
1803 4001 1902 4050 aut
1929 4014 2056 4068 quia
2087 4014 2199 4052 non

509 4077 795 4142 novimus,
816 4079 1076 4134 didicisse
1096 4097 1200 4134 nos
1226 4097 1527 4151 possumus
1552 4083 1832 4150 conﬁteri,
1863 4085 1972 4138 nisi
1999 4103 2200 4140 eorum

506 4166 926 4237 signiﬁcatione
973 4175 1260 4239 percepta,
1319 4187 1447 4241 qua:
1496 4188 1610 4226 non
1659 4173 1950 4228 auditione
2001 4191 2200 4229 vocum

507 4255 864 4318 emissarum,
898 4257 996 4310 sed
1025 4273 1218 4311 rerum
1242 4257 1691 4328 signiﬁcatarum
1712 4262 2035 4328 cognitione
2067 4279 2204 4318 con-

505 4343 698 4413 tingit.
737 4343 1040 4398 Verissima
1083 4346 1295 4417 quippe
1342 4347 1484 4401 ratio
1517 4354 1618 4414 est,
1653 4355 1710 4404 et
1736 4349 2027 4404 verissime
2059 4352 2200 4406 dici-

505 4435 621 4494 tur,
649 4448 787 4493 cum
811 4432 982 4486 verba
1011 4435 1396 4504 proferuntur,
1429 4441 1530 4490 aut
1554 4437 1696 4491 scire
1727 4454 1830 4492 nos
1859 4439 1998 4510 quid
2029 4439 2202 4510 signi-

505 4520 695 4587 ﬁcent,
725 4525 823 4575 aut
861 4523 1117 4576 nescire:
1163 4523 1210 4577 si
1257 4524 1485 4590 scimus,
1531 4527 1969 4580 commemorari
2014 4528 2204 4598 potius

509 4622 682 4675 quam
723 4609 966 4675 discere;
1001 4609 1044 4661 si
1087 4615 1277 4664 autem
1322 4611 1625 4678 nescimus,
1672 4629 1741 4665 ne
1771 4615 2204 4669 commemorari

511 4693 766 4763 quidem,
794 4696 888 4749 sed
921 4697 1156 4750 fortasse
1187 4699 1255 4753 ad
1283 4699 1659 4769 quaerendum
1688 4701 2005 4757 admoneri.

580 4784 665 4834 3'7.
699 4782 861 4846 Quod
891 4783 935 4835 si
974 4785 1202 4852 dixeris,
1234 4787 1492 4857 tegmina
1529 4789 1761 4858 quidem
1793 4790 1890 4843 illa
1927 4791 2200 4861 capitum,

507 4883 752 4939 quorum
784 4885 991 4925 nomen
1025 4888 1160 4926 sono
1194 4879 1416 4930 tantum
1448 4882 1730 4947 tenemus,
1762 4894 1875 4932 non
1908 4895 2009 4932 nos
2038 4897 2203 4950 posse

509 4955 617 5010 nisi
647 4955 765 5010 visa
792 4974 1153 5027 cognoscere,
1185 4979 1370 5035 neque
1396 4982 1607 5020 nomen
1634 4967 1818 5036 ipsum
1848 4969 2073 5038 plenius
2094 4969 2204 5023 nisi

505 5043 647 5115 ipsis
677 5046 921 5117 cognitis
951 5065 1118 5103 nosse
1146 5071 1161 5116 ;
1201 5054 1350 5122 quod
1390 5059 1583 5108 tamen
1623 5056 1691 5109 de
1717 5054 1854 5126 ipsis
1888 5058 2082 5126 pueris
2111 5074 2201 5111 ac-

505 5132 781 5203 cepimus,
805 5139 869 5188 ut
895 5151 1088 5205 regem
1119 5154 1183 5191 ac
1212 5139 1472 5195 ﬂammas
1498 5143 1610 5197 ﬁde
1643 5159 1707 5197 ac
1738 5144 2016 5216 religione
2043 5163 2206 5217 supe-

507 5221 778 5291 raverint,
827 5238 968 5292 quas
1005 5224 1198 5278 laudes
1241 5228 1354 5281 Deo
1401 5230 1729 5294 cecinerint,
1781 5249 1924 5303 quos
1959 5233 2204 5286 honores

506 5309 579 5362 ab
608 5309 732 5380 ipso
763 5311 936 5364 etiam
969 5310 1200 5367 inimico
1231 5317 1567 5386 meruerint,
1603 5335 1741 5373 num
1773 5320 1938 5375 aliter
1966 5321 2076 5374 nisi
2105 5339 2208 5392 per

510 5398 680 5451 verba
705 5399 1053 5454 didicimus?
1075 5402 1474 5472 Respondebo,
1500 5412 1700 5461 cuncta
1727 5425 1856 5480 quae
1887 5409 1999 5464 illis
2019 5410 2206 5464 verbis

509 5483 826 5552 signiﬁcata
873 5493 1028 5558 sunt,
1080 5489 1138 5543 in
1178 5495 1371 5544 nostra
1418 5493 1618 5548 notitia
1653 5495 1773 5565 jam
1820 5496 2010 5551 fuisse.
2062 5497 2200 5552 Nam

1726 254 1820 308 DE
1861 251 2261 319 MAGISTRO,
2291 254 2345 307 S.
2389 250 2774 308 AUGUSTINI
3817 258 3902 311 tm

2307 375 2441 446 quid
2484 374 2596 428 sint
2627 377 2744 427 tres
2783 372 2973 442 pueri,
3026 371 3164 442 quid
3203 371 3430 437 fornax,
3461 373 3592 443 quid
3634 373 3775 445 ignis,
3817 384 3903 449 quid

2306 478 2424 526 rex,
2462 461 2604 532 quid
2649 459 2900 530 denique
2939 459 3106 512 illaesi
3138 459 3208 514 ab
3255 459 3409 530 igne,
3457 466 3746 533 ceteraque
3780 470 3904 521 omnia

2301 551 2420 620 jam
2440 549 2710 604 tenebam
2738 565 2867 620 quae
2893 548 3064 602 verba
3089 547 3187 602 illa
3211 548 3554 619 signiﬁcant.
3581 553 3902 614 Ananiasvem,

2306 642 2364 693 et
2392 637 2620 692 Azarias
2651 642 2708 691 et
2737 637 2926 691 Misael
2968 641 3092 690 tam
3126 636 3268 690 mihi
3298 637 3478 707 ignoti
3509 643 3633 691 sunt
3670 656 3809 709 quam
3841 642 3902 694 ille

2306 727 2634 792 saraballas;
2665 741 2769 779 nec
2808 725 2875 778 ad
2901 740 2996 778 eos
3035 725 3456 795 cognoscendas
3486 726 3603 779 hac
3630 743 3708 780 me
3748 731 3903 783 nomina

2307 816 2623 886 quidquam
2673 814 3017 883 adjuverunt
3063 819 3164 867 aut.
3213 814 3480 883 adjuvare
3517 815 3632 884 jam
3665 821 3901 885 potuerunt

2307 907 2436 960 Haec
2462 909 2653 958 autem
2684 902 2879 956 omnia
2909 903 3058 972 :qua'.
3093 902 3152 955 in
3181 903 3279 955 illa
3322 903 3592 972 leguntur
3634 904 3842 971 historia,
3862 907 3902 956 ita

2307 994 2406 1047 illo
2433 999 2691 1064 tempore
2722 992 2869 1046 facta
2898 1007 3043 1059 esse,
3075 996 3139 1044 ut
3183 991 3395 1060 scripta
3438 996 3588 1057 sunt,
3634 993 3822 1046 credere
3853 1010 3901 1046 me

2307 1081 2496 1153 potius
2523 1097 2695 1152 quam
2725 1080 2867 1134 scire
2897 1080 3106 1133 fateor:
3185 1096 3372 1148 neque
3413 1080 3578 1133 istam
3622 1081 3901 1134 differentiam

2307 1171 2481 1225 iidem
2514 1169 2624 1240 ipsi
2653 1168 2860 1240 quibus
2886 1167 3171 1221 credimus
3202 1168 3544 1222 nescierunt.
3579 1168 3666 1222 Ait
3686 1170 3809 1222 enim
3831 1186 3903 1238 pro.

2306 1262 2502 1332 pheta,
2533 1261 2652 1315 Nisi
2692 1259 3062 1321 credideritis,
3116 1273 3220 1311 non
3261 1259 3572 1325 intelligetis
3619 1260 3748 1314 tlsai.
3776 1275 3844 1322 vix,
3875 1265 3902 1312 ελ.

2307 1366 2408 1403 sec.
2441 1349 2625 1415 LXX):
2661 1347 2816 1417 quod
2863 1362 2978 1400 non
3009 1345 3238 1399 dixisset
3263 1345 3534 1416 profecto,
3567 1345 3610 1398 si
3641 1345 3764 1398 nihil
3801 1346 3903 1397 dista-

2307 1455 2368 1492 re
2411 1437 2736 1509 judicasset.
2789 1435 2953 1499 Quod
2999 1451 3134 1504 ergo
3174 1433 3457 1503 intelligo,
3490 1433 3549 1487 id
3591 1433 3744 1486 etiam
3775 1433 3899 1485 credo:

2307 1531 2365 1580 at
2416 1542 2532 1579 non
2588 1540 2757 1578 omne
2806 1523 2964 1594 quod
3016 1523 3203 1588 credo,
3254 1522 3428 1577 etiam
3486 1522 3744 1592 intelligo.
3794 1522 3902 1575 Omne

2306 1619 2498 1668 autem
2529 1613 2678 1684 quod
2711 1613 2992 1681 intelligo,
3024 1611 3172 1664 scio:
3222 1627 3339 1665 non
3389 1627 3560 1664 omne
3605 1610 3741 1680 quod
3783 1611 3899 1662 credo.

2307 1703 2439 1756 scio.
2494 1703 2604 1755 Nec
2652 1700 2777 1754 ideo
2827 1699 3018 1752 nescio
3060 1714 3235 1769 quam
3281 1699 3355 1751 sit
3395 1698 3535 1750 utile
3575 1699 3776 1750 credere
3799 1697 3899 1747 etiam

2305 1791 2484 1845 multa
2505 1806 2632 1860 quas
2658 1788 2849 1842 nescio
2873 1808 2886 1854 ;
2918 1787 3010 1841 cui
3040 1787 3273 1840 utilitati
3301 1788 3447 1840 hanc
3477 1802 3697 1856 quoque
3725 1783 3900 1856 Iadjungo

2307 1880 2377 1934 de
2422 1878 2604 1932 tribus
2652 1877 2844 1948 pueris
2891 1875 3226 1930 historiam:
3284 1891 3461 1945 quare
3495 1875 3746 1945 pleraque
3784 1889 3899 1925 rerum

2309 1983 2440 2020 cum
2473 1966 2614 2019 scire
2643 1982 2760 2019 non
2788 1963 3027 2036 possim,
3047 1968 3264 2036 quanta
3283 1969 3476 2017 tamen
3505 1963 3733 2016 utilitate
3754 1961 3900 2015 credan-

2305 2060 2419 2120 tur,
2451 2055 2586 2109 scio.

2380 2148 2468 2199 38.
2496 2145 2574 2198 De
2604 2141 2894 2196 universis
2942 2144 3133 2195 autem
3175 2156 3305 2210 quae
3352 2139 3714 2211 intelligimus
3752 2151 3837 2190 non
3855 2135 3900 2186 lo-

2306 2237 2579 2304 quentem
2612 2231 2711 2302 qui
2742 2235 3012 2301 personat
3036 2229 3193 2294 foris,
3217 2229 3314 2283 sed
3344 2229 3500 2282 intus
3528 2229 3632 2298 ipsi
3655 2226 3799 2280 menti
3820 2239 3900 2292 pre

2306 2322 2582 2376 sidentem
2630 2318 2982 2373 consulimus
3041 2317 3363 2384 veritatem,
3427 2317 3610 2370 verbis
3656 2315 3839 2368 fortasse
3869 2319 3900 2361 ut

2303 2410 2666 2465 consulamus
2686 2405 2981 2460 admoniti.
3005 2407 3103 2459 Ille
3125 2410 3318 2458 autem
3345 2405 3445 2476 qui
3469 2404 3774 2465 consulitur,
3789 2402 3897 2454 doct;

2305 2497 2406 2568 qui
2435 2497 2493 2550 in
2529 2494 2800 2548 interiore
2832 2493 3065 2546 homine
3110 2492 3366 2546 habitare
3400 2491 3583 2546 dictus
3624 2494 3697 2543 est
3738 2487 3898 2542 Christi:

2308 2587 2525 2657 (Ephes.
2559 2601 2633 2637 ιιι.
2675 2586 2758 2648 16,
2810 2584 2920 2650 l7),
2950 2581 3010 2635 id
3046 2586 3130 2636 est
3173 2579 3653 2635 incommutabilis
3682 2577 3761 2632 Dei
3787 2576 3898 2627 Virtus

2309 2681 2480 2745 atque
2509 2672 2857 2742 sempiterna
2886 2669 3202 2740 Sapientia:
3225 2686 3399 2741 quam
3433 2669 3659 2740 quidem
3685 2666 3827 2720 omnis
3854 2677 3898 2713 ra-

2307 2761 2536 2816 tionalis
2566 2761 2757 2814 anima
2779 2759 3054 2822 consulit;
3087 2760 3182 2812 sed
3210 2763 3436 2812 tantum
3469 2757 3664 2827 cuique
3701 2750 3897 2825 panditur.

2311 2854 2593 2922 quantum
2625 2864 2826 2918 capere
2861 2852 3092 2920 propter
3129 2848 3450 2917 propriam,
3493 2847 3603 2899 sive
3635 2844 3804 2898 malam
3834 2838 3897 2890 sit?

2307 2939 2521 2993 bonam
2551 2937 2907 2990 voluntatem
2935 2940 3140 3006 potest.
3178 2936 3239 2988 Et
3271 2934 3318 2987 si
3349 2935 3582 3004 quando
3611 2933 3803 2992 fallitur,
3822 2937 3895 2978 mn

2307 3027 2374 3081 ﬁt
2404 3026 2540 3080 vitio
2570 3025 2846 3079 consultae
2870 3023 3146 3088 veritatis,
3177 3027 3243 3076 ut
3273 3039 3464 3094 neque
3485 3023 3666 3090 hujus,
3700 3035 3798 3089 qua:
3819 3015 3892 3068 tum

2310 3119 2413 3180 est,
2452 3113 2594 3168 lucis
2616 3113 2820 3166 vitium
2853 3117 2958 3178 est,
2987 3111 3143 3182 quod
3164 3111 3430 3181 corporei
3454 3111 3600 3165 oculi
3628 3106 3892 3178 sapetallun-

2309 3209 2438 3258 tur:
2467 3218 2641 3274 quam
2686 3203 2873 3255 lucem
2903 3201 2971 3254 de
3021 3200 3188 3253 rebus
3235 3199 3558 3253 visibilibus
3603 3195 3784 3251 consuli
3813 3193 3892 3244 tate-

2308 3307 2460 3355 mur,
2543 3295 2610 3344 ut
2680 3306 2775 3343 eas
2853 3288 3015 3342 nobis
3088 3292 3367 3358 quantum
3434 3303 3657 3342 cernere
3717 3284 3892 3354 valemn=.

2310 3379 2590 3434 ostendat.

2489 3466 2711 3520 CAPUT
2740 3465 2856 3519 XII.
2885 3494 2953 3504 —
2979 3464 3225 3520 Christus
3255 3466 3460 3519 veritas
3481 3468 3623 3519 intus
3651 3463 3783 3516 docet.

2383 3559 2470 3610 39.
2512 3554 2673 3619 Quod
2717 3553 2764 3607 si
2805 3558 2864 3607 et
2907 3553 2976 3608 de
3017 3553 3298 3606 coloribus
3341 3553 3555 3622 lucem,
3595 3559 3646 3607 et
3672 3552 3728 3605 de
3760 3543 3891 3600 caeteris

2311 3661 2444 3716 quae
2477 3659 2581 3714 per
2609 3659 2814 3713 corpus
2833 3642 3132 3706 sentimus,
3166 3643 3456 3696 elementa
3487 3642 3649 3712 hujus
3674 3635 3820 3694 mundi
3843 3647 3890 3724 ea-

2315 3734 2563 3804 demque
2593 3747 2835 3802 corpora
2862 3747 2990 3800 quae
3015 3731 3313 3796 sentimus,
3347 3747 3656 3801 sensusque
3685 3728 3798 3798 ipsos
3819 3736 3890 3790 qm-

2311 3823 2418 3876 bus
2448 3826 2719 3890 tanquam
2761 3819 3172 3889 interpretibus
3215 3819 3286 3873 ad
3341 3820 3483 3873 talia
3523 3814 3768 3872 noscenda
3801 3821 3889 3862 mea?

2309 3910 2522 3973 utitur;
2553 3909 2620 3962 de
2642 3907 2729 3960 his
2754 3912 2948 3960 autem
2971 3923 3097 3978 quae
3121 3907 3554 3977 intelliguntur,
3577 3904 3889 3959 interiorem»

2311 3998 2539 4052 ritatem
2565 3997 2784 4050 ratione
2814 3996 3205 4050 consulimus:
3231 3995 3367 4066 quid
3396 3996 3511 4050 dici
3537 3997 3704 4066 potest
3722 3987 3889 4043 undecla-

2311 4091 2454 4147 reat,
2494 4085 2679 4139 verbis
2711 4101 2813 4139 nos
2835 4085 3052 4156 aliquid
3091 4085 3306 4139 discere
3335 4090 3551 4155 praeter
3578 4083 3737 4154 ipsum
3755 4077 3887 4145 quia?“

2311 4192 2402 4230 res
2433 4173 2680 4245 percutit
2698 4190 2903 4227 sonum
2921 4172 2950 4227 ?
2974 4175 3234 4244 Namque
3273 4173 3471 4227 omnia
3500 4188 3623 4243 quas
3640 4164 3887 4240 percipimus.

2312 4268 2412 4318 aut
2435 4279 2600 4316 sensu
2629 4263 2900 4334 corporis,
2936 4267 3034 4316 aut
3066 4267 3257 4316 mente
3292 4262 3654 4334 percipimus.
3694 4257 3771 4310 llla
3789 4262 3887 4304 sens-

2311 4353 2470 4419 bilia,
2503 4353 2625 4406 haec
2650 4351 3081 4420 intelligibilia;
3117 4351 3252 4417 sive,
3289 4356 3351 4405 ut
3379 4367 3543 4405 more
3577 4353 3814 4403 auctorum
3834 4354 3888 4426 mf-

2313 4446 2562 4494 strorum
2589 4441 2812 4510 loquar,
2863 4440 2958 4493 illa
2993 4440 3262 4504 carnaiia,
3312 4441 3437 4493 hate
3474 4434 3756 4509 spiritualia
3777 4441 3885 4482 nomi'

2313 4545 2540 4583 namus.
2582 4530 2659 4583 De
2684 4527 2795 4581 illis
2843 4528 2978 4582 dum
3012 4528 3454 4598 iuterrogamur,
3497 4523 3887 4602 respondemus}1

2313 4622 2519 4688 praasto
2562 4620 2696 4670 sunt
2746 4632 2814 4669 ea
2862 4632 2991 4686 qua:
3041 4616 3353 4680 sentimus;
3409 4617 3564 4669 velut
3601 4627 3713 4665 cum
3743 4625 3767 4660 a
3801 4600 3888 4691 noli“

2315 4705 2560 4777 quaeritu
2579 4704 2973 4759 rintuentibus
3003 4705 3200 4758 lunam
3228 4721 3458 4769 novam,
3479 4702 3654 4774 qualis
3669 4702 3746 4752 aut
3765 4692 3886 4747 ubist»

2314 4794 2416 4848 Hic
2445 4794 2540 4847 ille
2572 4793 2672 4864 qui
2700 4792 3037 4864 interrogat,
3076 4793 3122 4845 si
3149 4809 3263 4846 non
3293 4793 3465 4856 videt,
3497 4790 3665 4844 credit
3704 4777 3886 4870 verbis}

2315 4899 2464 4954 szepe
2496 4899 2614 4936 non
2655 4881 2864 4936 credit:
2914 4881 3079 4935 discit
3125 4885 3316 4935 autem
3365 4882 3520 4934 nullo
3558 4876 3726 4940 modo,
3758 4869 3833 4922 nia
3862 4862 3887 4909 et

2315 4973 2435 5043 ipse
2467 4972 2616 5042 quod
2647 4971 2856 5025 dicitur
2883 4970 3073 5024 videat
3099 4987 3112 5036 ;
3151 4969 3248 5024 tibi
3271 4970 3390 5040 jam
3415 4985 3527 5064 non
3556 4964 3720 5064 verbis

2315 5066 2588 5124 nuerunt,
2617 5060 2713 5113 sed
2737 5059 2910 5112 rebus
2935 5059 3072 5128 ipsis
3102 5063 3158 5112 et
3185 5059 3444 5112 sensibus
3471 5055 3643 5111 discit.
3664 5051 3775 5106 Nam
3794 5049 3888 5091 rem

2315 5129 2754 5204 eadem'sonant
2787 5147 3024 5213 videnti,
3057 5165 3186 5218 quae.
3226 5163 3338 5201 non
3369 5144 3578 5200 videnti
3605 5140 3750 5195 etiam
3772 5139 3890 5218 5005f

2316 5243 2468 5293 runt.
2505 5239 2644 5292 Cum
2675 5253 2808 5290 vero
2839 5253 2953 5290 non
2987 5237 3058 5290 de
3098 5236 3168 5290 iis
3197 5252 3326 5306 qua!
3363 5250 3549 5289 coram
3580 5227 3819 5286 sentimus
3840 5211 3889 5265 εθέ

2316 5327 2386 5380 de
2412 5325 2500 5378 his
2519 5341 2647 5395 quae
2676 5324 2984 5396 aliquando
3007 5324 3289 5378 'sensimus
3310 5323 3609 5394 queritur;
3633 5311 3828 5404 “001.3.”

2316 5412 2487 5483 ipsas,
2543 5413 2641 5466 sed
2689 5412 2966 5482 imagines
3021 5413 3092 5466 ab
3143 5412 3213 5466 iis
3263 5413 3558 5482 impressas
3598 5400 3889 5483 memoriﬁf‘?

2318 5501 2613 5555 mandatas
2651 5500 2979 5572 loquimur:
3014 5517 3143 5570 quae
3186 5499 3419 5554 omnino
3449 5491 3709 5568 quomodo
3732 5475 3889 5537 vei-adt
