4008 6184
138 314 287 364 121⁸7

128 448 363 501 camus,
396 448 527 485 cum
553 432 693 486 falsa
722 432 1072 501 intueamur,
1106 434 1309 505 ignoro
1338 453 1351 503 ;
1388 436 1499 491 nisi
1547 439 1682 509 quia
1722 456 1839 494 non

126 538 250 575 nos
275 538 340 574 ea
364 520 556 575 videre
582 539 646 574 ac
676 522 907 588 sentire,
942 523 1040 576 sed
1078 523 1280 578 vidisse
1329 542 1391 578 ac
1422 529 1662 582 sensisse
1709 546 1844 583 nar—

123 623 357 661 ramus.
404 610 486 662 Ita
535 609 658 661 illas
688 610 969 681 imagines
1017 611 1077 664 in
1110 614 1410 679 memoria:
1460 619 1846 686 penetralibus

120 712 338 750 rerum
369 702 499 750 ante
526 714 822 752 sensarum
867 701 1130 769 quaedam
1166 702 1508 757 documenta
1535 710 1843 774 gestamus,

124 801 271 855 quae
303 786 495 839 animo
525 788 976 857 contemplantes
1004 789 1150 842 bona
1175 792 1521 846 conscientia
1552 810 1665 846 non
1686 811 1845 848 men-

119 873 319 927 timur
347 891 477 928 cum
512 876 830 945 loquimur:
867 878 963 931 sed
993 879 1156 931 nobis
1188 885 1321 932 sunt
1350 880 1459 934 ista
1478 882 1841 949 documenta;

120 960 184 1013 is
216 962 373 1015 enim
396 963 495 1033 qui
515 964 693 1027 audit,
728 963 775 1016 si
804 980 871 1017 ea
918 967 1094 1019 sensit
1144 972 1311 1036 atque
1367 969 1569 1036 adfuit,
1610 987 1725 1023 non
1759 971 1843 1025 di-

121 1050 243 1104 scit
297 1051 440 1103 meis
498 1052 708 1120 verbis,
762 1053 861 1107 sed
906 1055 1262 1123 recognoscit
1313 1056 1514 1111 ablatis
1566 1073 1757 1111 secum
1792 1062 1847 1111 et

123 1138 260 1208 ipse
282 1138 666 1209 imaginibus:
694 1141 764 1195 sit
796 1148 987 1196 autem
1016 1143 1114 1197 illa
1142 1160 1259 1197 non
1292 1146 1471 1199 sensit
1500 1148 1540 1213 ί,
1574 1146 1700 1217 quis
1730 1162 1844 1199 non

123 1243 270 1280 eum
294 1228 525 1281 credere
554 1229 746 1297 potius
762 1231 950 1283 verbis
978 1248 1152 1302 quam
1176 1232 1390 1286 discere
1410 1234 1738 1303 intelligat?

206 1318 296 1369 40.
328 1318 469 1370 Cum
488 1333 618 1370 vero
652 1317 721 1371 de
754 1317 823 1371 iis
852 1320 1042 1389 agitur
1064 1337 1193 1391 quas
1211 1328 1405 1375 mente
1433 1323 1838 1392 conspicimus,

118 1404 195 1458 id
224 1410 307 1457 est
329 1405 617 1458 intellectu
666 1412 835 1476 atque
876 1408 1118 1469 ratione,
1159 1426 1224 1462 ea
1266 1410 1501 1480 quidem
1553 1411 1843 1480 loquimur

122 1509 265 1563 quia
291 1494 598 1563 praesentia
630 1500 967 1548 contucmur
1007 1496 1068 1549 in
1107 1498 1205 1549 illa
1234 1497 1508 1552 interiore
1548 1499 1671 1552 luce
1705 1500 1843 1552 veri-

126 1582 293 1649 tatis,
325 1597 439 1652 qua
464 1581 583 1652 ipse
614 1583 714 1653 qui
738 1583 946 1637 dicitur
967 1584 1140 1639 homo
1162 1585 1419 1653 interior,
1452 1587 1767 1641 illustratur
1788 1593 1842 1642 et

128 1668 384 1723 fruitur:
419 1671 519 1723 sed
554 1676 688 1724 tunc
720 1688 947 1742 quoque
978 1680 1171 1726 noster
1201 1674 1448 1743 auditor,
1480 1674 1525 1726 si
1552 1680 1609 1727 et
1637 1678 1691 1727 et
1721 1675 1841 1743 ipse

124 1757 237 1811 illa
266 1765 476 1812 secreto
517 1776 580 1812 ac
612 1760 857 1830 simplici
888 1762 1050 1814 oculo
1080 1761 1233 1816 videt
1260 1781 1273 1829 ;
1317 1762 1475 1816 novit
1516 1763 1667 1832 quod
1712 1763 1838 1816 dico

123 1863 239 1901 sua
268 1848 777 1919 contemplatione,
811 1866 928 1903 non
960 1851 1144 1904 verbis
1175 1851 1338 1905 meis.
1384 1853 1529 1921 Ergo
1575 1867 1644 1904 ne
1688 1852 1841 1905 hunc

120 1936 371 2006 quidem
402 1937 575 1991 doceo
604 1954 738 1991 vera
791 1939 1003 2006 dicens,
1036 1956 1170 1993 vera
1218 1940 1566 2005 intuentem;
1609 1940 1840 1994 docetur

120 2024 292 2078 enim
326 2042 439 2079 non
461 2026 643 2080 verbis
677 2026 835 2093 meis,
853 2028 949 2081 sed
987 2027 1126 2097 ipsis
1155 2028 1343 2093 rebus,
1374 2029 1487 2082 Deo
1517 2028 1669 2082 intus
1697 2044 1838 2098 pan-

118 2114 324 2179 dente,
356 2116 696 2169 manifestis:
731 2116 928 2185 itaque
961 2116 1029 2169 de
1076 2115 1165 2169 his
1221 2116 1395 2169 etiam
1451 2116 1839 2187 interrogatus

120 2202 482 2270 respondere
512 2208 723 2273 posset.
766 2202 912 2266 Quid
944 2207 1133 2255 autem
1169 2203 1470 2256 absurdius
1502 2219 1677 2273 quam
1707 2219 1839 2256 eum

117 2296 339 2359 putare
368 2290 651 2344 locutione
682 2307 809 2344 mea
839 2290 1047 2357 doceri,
1072 2291 1171 2361 qui
1197 2296 1720 2361 posset,antequam
1752 2292 1832 2345 lo-

119 2394 365 2448 querer,
428 2396 493 2433 ea
541 2379 665 2449 ipsa
709 2380 1092 2449 interrogatus
1122 2382 1453 2449 exponere?
1500 2380 1641 2433 Nam
1682 2380 1834 2450 quod

117 2484 285 2538 saepe
317 2468 615 2538 contingit,
655 2474 719 2521 ut
742 2468 1128 2538 interrogatus
1164 2468 1383 2538 aliquid
1418 2473 1610 2538 neget,
1667 2476 1839 2539 atque

118 2556 204 2608 ad
236 2555 291 2608 id
348 2556 643 2609 fatendum
674 2556 799 2609 aliis
831 2556 1377 2626 interrogationibus
1442 2562 1735 2626 urgeatur,
1775 2556 1839 2609 fit

121 2645 241 2697 hoc
270 2642 659 2697 imbecillitate
686 2644 990 2708 cernentis,
1017 2646 1115 2715 qui
1147 2646 1216 2699 de
1248 2662 1306 2698 re
1337 2650 1455 2699 tota
1478 2647 1633 2699 illam
1658 2648 1839 2699 lucem

121 2733 432 2785 consulere
464 2749 578 2785 non
608 2738 831 2802 potest:
866 2735 1018 2803 quod
1055 2740 1113 2787 ut
1138 2734 1394 2804 partibus
1423 2735 1611 2801 faciat,
1642 2737 1840 2789 admo-

122 2826 325 2884 netur,
359 2837 488 2874 cum
520 2821 589 2874 de
619 2822 822 2874 iisdem
854 2822 974 2875 istis
996 2822 1254 2891 partibus
1274 2824 1685 2893 interrogatur,
1704 2824 1836 2893 qui-

123 2911 242 2963 bus
270 2910 366 2961 illa
422 2926 646 2963 summa
699 2916 936 2976 constat,
996 2928 1171 2981 quam
1217 2915 1396 2965 totam
1443 2928 1674 2965 cernere
1725 2929 1838 2966 non

126 2997 382 3052 valebat.
406 3000 527 3060 Quo
566 2999 610 3051 si
641 2999 828 3052 verbis
856 3000 1186 3069 perducitur
1217 3002 1340 3070 ejus
1373 3000 1470 3070 qui
1498 3001 1836 3071 interrogat,

130 3101 259 3138 non
288 3092 479 3138 tamen
506 3086 840 3139 docentibus
872 3087 1077 3149 verbis,
1107 3087 1205 3140 sed
1235 3104 1301 3140 eo
1340 3089 1508 3141 modo
1546 3088 1841 3159 inquiren-

131 3172 313 3241 tibus,
342 3190 454 3243 quo
487 3174 656 3227 modo
686 3180 769 3227 est
799 3175 894 3228 ille
925 3192 957 3228 a
997 3192 1109 3246 quo
1140 3175 1435 3245 quaeritur,
1470 3176 1623 3230 intus
1665 3177 1838 3231 disce-

133 3278 196 3315 re
229 3261 498 3328 idoneus;
533 3263 685 3316 velut
714 3262 759 3316 si
789 3264 888 3317 abs
909 3269 962 3317 te
993 3280 1311 3335 quaererem
1333 3266 1439 3317 hoc
1468 3265 1657 3334 ipsum
1686 3266 1837 3336 quod

132 3351 349 3421 agitur,
405 3358 733 3406 utrumnam
765 3354 950 3407 verbis
995 3355 1186 3408 doceri
1217 3355 1359 3408 nihil
1409 3356 1600 3425 possit,
1637 3361 1692 3410 et
1746 3358 1837 3411 ab-

131 3442 375 3494 surdum
407 3441 511 3495 tibi
546 3442 733 3512 primo
766 3443 1055 3497 videretur
1093 3461 1205 3497 non
1231 3445 1444 3497 valenti
1464 3450 1650 3498 totum
1697 3461 1834 3498 con-

129 3530 387 3600 spicere:
414 3530 490 3583 sic
524 3547 658 3601 ergo
690 3547 946 3601 quaerere
979 3531 1252 3601 oportuit,
1280 3536 1341 3583 ut
1372 3538 1485 3585 tua:
1532 3549 1652 3585 sese
1690 3533 1836 3586 vires

126 3619 345 3671 habent
373 3619 443 3671 ad
471 3620 823 3673 audiendum
855 3620 1019 3673 illum
1050 3620 1204 3672 intus
1218 3618 1574 3689 magistrum,
1601 3626 1663 3672 ut
1690 3621 1835 3673 dice-

129 3723 292 3760 rem:
328 3709 399 3761 Ea
430 3725 557 3778 quae
617 3726 709 3764 me
763 3710 1034 3781 loquente
1078 3725 1210 3762 vera
1255 3725 1374 3762 esse
1420 3708 1727 3773 conﬁteris,
1781 3714 1836 3763 et

126 3802 321 3849 certus
351 3813 425 3863 es,
458 3803 513 3851 et
566 3803 621 3852 te
670 3798 767 3851 illa
811 3814 975 3851 nosse
1005 3798 1329 3865 conﬁrmas,
1365 3797 1517 3851 unde
1550 3798 1836 3852 didicisti?

126 3885 505 3953 responderes
562 3887 796 3940 fortasse
830 3888 984 3957 quod
1014 3903 1119 3957 ego
1152 3887 1492 3941 docuissem.
1526 3888 1670 3941 Tum
1725 3904 1832 3958 ego

126 3972 559 4029 subnecterem:
599 3975 745 4039 Quid
773 3975 819 4028 si
850 3992 941 4028 me
971 3976 1265 4029 hominem
1309 3978 1599 4030 volantem
1629 3976 1831 4031 vidisse

127 4062 403 4125 dicerem,
434 4063 587 4118 itane
615 4070 668 4118 te
698 4070 915 4117 certum
937 4065 1108 4118 verba
1134 4081 1261 4118 mea
1281 4066 1607 4133 redderent,
1630 4082 1831 4135 quem-

126 4150 442 4205 admodum
483 4152 530 4206 si
560 4153 786 4206 audires
843 4153 1126 4222 sapientes
1174 4152 1437 4205 homines
1477 4153 1662 4205 stultis
1711 4170 1831 4207 esse

126 4240 403 4295 meliores
423 4243 452 4295 ?
484 4243 728 4313 Negares
748 4242 1001 4312 profecto
1019 4247 1073 4295 et
1089 4242 1463 4311 responderes
1480 4242 1619 4295 illud
1642 4246 1695 4295 te
1712 4260 1833 4297 non

124 4329 383 4395 credere,
424 4335 523 4384 aut
567 4331 789 4384 etiamsi
845 4330 1106 4384 crederes
1159 4329 1443 4399 ignorare,
1494 4329 1601 4382 hoc
1640 4335 1831 4384 autem

124 4418 445 4472 certissime
486 4420 645 4474 scire.
681 4421 755 4473 Ex
811 4420 920 4474 hoc
965 4422 1087 4489 jam
1133 4418 1408 4471 nimirum
1456 4416 1827 4489 intelligeres,

121 4523 316 4576 neque
346 4508 408 4561 in
439 4508 538 4563 illo
571 4509 725 4579 quod
754 4525 846 4563 me
875 4509 1195 4562 affirmante
1226 4506 1539 4578 ignorares,
1569 4508 1830 4577 nequein

120 4596 238 4648 hoc
269 4596 424 4666 quod
474 4597 692 4667 optime
725 4598 917 4659 scires,
953 4597 1164 4667 aliquid
1222 4601 1276 4649 te
1333 4594 1598 4649 didicisse
1643 4596 1829 4650 verbis

121 4684 307 4749 meis;
341 4685 805 4756 quandoquidem
837 4686 1009 4740 etiam
1036 4686 1421 4755 interrogatus
1463 4684 1532 4737 de
1564 4682 1827 4754 singulis,

117 4771 336 4826 etillud
354 4772 640 4842 ignotum,
663 4779 719 4826 et
747 4774 855 4827 hoc
881 4773 984 4826 tibi
1005 4777 1207 4825 notum
1243 4788 1365 4825 esse
1388 4772 1635 4841 jurares.
1683 4772 1828 4825 Tum

114 4875 259 4913 vero
293 4866 475 4914 totum
503 4861 645 4914 illud
666 4862 819 4931 quod
863 4877 1169 4931 negaveras
1208 4860 1486 4927 fatereris,
1527 4876 1658 4913 cum
1704 4860 1827 4914 haec

116 4965 191 5002 ex
221 4948 427 5018 quibus
456 4955 695 5017 constat,
741 4951 894 5003 clara
945 4955 1002 5003 et
1043 4954 1195 5002 certa
1248 4965 1369 5002 esse
1413 4964 1825 5019 cognosceres;

117 5037 322 5091 omnia
350 5038 563 5092 scilicet
591 5056 720 5110 qua:
750 5038 1063 5110 loquimur,
1087 5042 1186 5091 aut
1206 5037 1471 5108 ignorare
1501 5038 1824 5091 auditorem

112 5132 320 5180 utrum
358 5143 491 5181 vera
520 5128 654 5196 sint,
712 5132 808 5181 aut
864 5128 1004 5181 falsa
1062 5143 1181 5180 esse
1213 5142 1328 5179 non
1386 5127 1671 5196 ignorare,
1727 5130 1825 5179 aut

109 5215 262 5269 scire
318 5232 451 5269 vera
509 5233 649 5269 esse.
710 5218 923 5269 Horum
979 5216 1155 5269 trium
1202 5215 1262 5269 in
1312 5216 1498 5285 primo
1554 5219 1653 5267 aut
1697 5229 1815 5267 cre-

107 5304 277 5372 dere,
317 5308 416 5356 aut
459 5303 706 5374 opinari,
740 5309 838 5356 aut
881 5303 1141 5357 dubitare
1193 5303 1294 5369 ;in
1340 5302 1587 5356 secundo
1630 5302 1823 5356 adver-

105 5392 229 5448 sari
259 5396 430 5463 atque
462 5408 741 5457 renuere;
774 5392 834 5445 in
855 5391 1022 5445 tertio
1062 5391 1355 5447 attestari:
1388 5407 1674 5461 nusquam
1713 5392 1820 5463 igi-

104 5487 211 5536 tur
240 5479 476 5534 discere.
513 5479 658 5545 Quia
687 5484 744 5534 et
772 5480 866 5533 ille
924 5479 1024 5550 qui
1058 5485 1187 5551 post
1240 5480 1413 5535 verba
1460 5485 1656 5536 nostra
1696 5496 1818 5536 rem

178 5580 193 5610 ι
225 5577 311 5627 Er.
331 5578 455 5626 Lov.
478 5580 525 5628 si
545 5576 847 5634 autemiue
860 5589 977 5630 non
994 5579 1180 5630 sensit.
1278 5578 1345 5629 M.

1658 317 1872 374 LIBER
1913 318 2008 373 UN
2016 318 2117 374 US.

3521 338 3656 389 1218

1948 442 2127 496 nescit
2165 448 2219 497 et
2247 444 2347 515 qui
2376 460 2434 499 se
2465 445 2604 499 falsa
2633 447 2788 500 novit
2834 448 3081 518 audisse,
3126 459 3180 505 et
3211 454 3311 523 qui
3341 463 3534 524 posset
3568 459 3657 513 in-

1953 536 2276 602 terrogatus
2306 533 2506 588 eadem
2552 537 2898 604 respondere
2942 555 3071 608 quae
3116 540 3265 594 dicta
3318 550 3471 611 sunt,
3504 545 3651 600 nihil

1955 620 2140 673 verbis
2166 621 2305 674 meis
2336 622 2598 676 didicisse
2627 625 3001 680 convincitur.

1957 707 2183 762 CAPUT
2196 711 2407 764 ΧΙΙΙ.--
2419 712 2745 768 Verborum
2760 714 2905 769 vim:
2918 716 3142 781 quidem
3154 720 3367 773 animus
3382 720 3652 788 loquentis

2664 805 2933 870 aperitur.

2023 885 2108 937 41.
2149 884 2533 948 Quamobrem
2564 887 2623 941 in
2654 888 2722 942 iis
2740 890 2911 943 etiam
2944 908 3073 961 qua
3094 900 3282 948 mente
3314 902 3649 966 cernuntur,

1951 970 2161 1025 frustra
2196 974 2481 1028 cernentis
2521 976 2777 1046 loquelas
2835 978 2993 1033 audit
3024 980 3283 1052 quisquis
3322 999 3388 1036 ea
3415 1001 3651 1041 cernere

1953 1075 2069 1113 non
2101 1065 2306 1131 potest,
2342 1062 2455 1115 nisi
2493 1064 2629 1133 quia
2659 1065 2794 1118 talia
2830 1068 3104 1137 quamdiu
3137 1069 3477 1139 ignorantur
3508 1074 3649 1127 utile

1951 1152 2034 1200 est
2065 1149 2327 1202 credere:
2365 1150 2623 1221 quisquis
2652 1158 2844 1206 autem
2867 1170 3098 1209 cernere
3127 1163 3337 1227 potest,
3372 1160 3528 1215 intus
3566 1168 3651 1216 est

1951 1231 2263 1302 discipulus
2293 1235 2564 1301 veritatis,
2609 1236 2749 1289 foris
2784 1238 2952 1307 judex
3001 1240 3307 1309 loquentis,
3340 1245 3426 1297 vel
3452 1246 3646 1315 potius

1949 1319 2128 1389 ipsius
2160 1322 2478 1376 locutionis.
2522 1323 2663 1376 Nam
2690 1326 3031 1395 plerumque
3062 1327 3167 1381 scit
3195 1328 3291 1382 illa
3322 1346 3451 1401 quas
3499 1333 3649 1387 dicta

1949 1414 2102 1472 sunt,
2136 1424 2201 1461 eo
2235 1408 2358 1478 ipso
2391 1408 2674 1463 nesciente
2706 1428 2833 1481 quae
2866 1412 3044 1478 dixit;
3072 1416 3245 1468 veluti
3277 1418 3647 1489 siquisquam

1950 1495 2236 1565 Epicureis
2274 1497 2510 1550 credens
2551 1503 2609 1551 et
2642 1501 2942 1553 mortalem
2982 1501 3235 1555 animam
3274 1512 3505 1573 putans,
3550 1525 3645 1563 cas

1948 1584 2196 1637 rationes
2226 1601 2354 1656 quae
2385 1586 2453 1639 de
2492 1586 2921 1642 immortalitate
2953 1590 3074 1659 ejus
3104 1607 3134 1642 a
3180 1594 3649 1660 prudentioribus

1944 1678 2198 1726 tractata:
2229 1679 2379 1742 sunt,
2410 1675 2733 1744 eloquetur,
2764 1676 2861 1730 illo
2882 1679 3151 1732 audiente
3184 1681 3283 1749 qui
3330 1682 3650 1751 spiritualia

1948 1761 2205 1814 contueri
2239 1767 2452 1831 potest;
2490 1761 2709 1831 judicat
2739 1764 2844 1817 iste
2876 1781 3007 1818 eum
3032 1782 3163 1819 vera
3192 1768 3411 1823 dicere:
3455 1778 3514 1825 at
3551 1773 3647 1827 ille

1947 1848 2045 1919 qui
2078 1848 2233 1915 dicit,
2262 1854 2454 1903 utrum
2487 1868 2618 1904 vera
2656 1852 2804 1905 dicat
2836 1854 3082 1923 ignorat,
3106 1854 3222 1909 imo
3246 1858 3419 1912 etiam
3463 1860 3647 1914 falsis-

1946 1938 2090 1990 sima
2128 1938 2443 1992 existimat:
2485 1955 2626 1992 num
2683 1940 2863 2010 igitur
2888 1943 3181 2011 putandus
3228 1950 3312 1998 est
3341 1962 3407 1999 ea
3444 1948 3646 2003 docere

1948 2042 2080 2097 quae
2134 2027 2360 2082 nescit?
2400 2029 2575 2099 Atqui
2605 2029 2807 2084 iisdem
2848 2032 3031 2086 verbis
3075 2033 3277 2102 utitur,
3314 2037 3522 2106 quibus
3562 2034 3649 2094 uti

1949 2116 2121 2169 etiam
2148 2116 2329 2170 sciens
2357 2125 2568 2187 posset.

2017 2207 2104 2257 42.
2142 2204 2465 2275 Quarejam
2498 2223 2567 2260 ne
2593 2207 2700 2261 hoc
2716 2208 2953 2277 quidem
2981 2211 3331 2282 relinquitur
3357 2217 3561 2286 verbis,
3582 2223 3647 2272 ut

1947 2292 2037 2347 his
2058 2294 2257 2347 saltem
2289 2294 2577 2365 loquentis
2613 2296 2837 2349 animus
2867 2297 3186 2368 indicetur,
3220 2301 3266 2354 si
3296 2304 3529 2372 quidem
3556 2307 3647 2361 in-

1950 2387 2168 2436 certum
2202 2389 2287 2435 est
2317 2390 2510 2436 utrum
2542 2400 2607 2436 ea
2637 2399 2766 2453 quae
2796 2385 3075 2455 loquitur,
3108 2388 3263 2442 sciat.
3296 2393 3454 2446 Adde
3490 2411 3649 2449 men-

1946 2470 2153 2523 tientes
2182 2476 2350 2541 atque
2382 2470 2662 2540 fallentes,
2696 2489 2799 2542 per
2847 2490 2989 2544 quos
3021 2477 3182 2531 facile
3215 2478 3501 2551 intelligas
3531 2500 3648 2538 non

1949 2559 2120 2612 modo
2155 2575 2267 2612 non
2289 2559 2521 2629 aperiri,
2548 2576 2742 2614 verum
2766 2562 2936 2616 etiam
2956 2566 3225 2619 occultari
3251 2568 3507 2624 animum
3527 2588 3651 2625 ver-

1949 2648 2054 2701 bis.
2090 2649 2231 2701 Nam
2270 2649 2427 2701 nullo
2459 2649 2629 2702 modo
2662 2651 2893 2721 ambigo
2937 2652 2993 2704 id
3026 2654 3218 2707 conari
3276 2658 3446 2710 verba
3488 2676 3649 2714 vera-

1948 2736 2120 2801 cium,
2154 2743 2209 2789 et
2247 2737 2668 2806 quodammodo
2696 2739 2969 2807 profiteri,
3014 2746 3077 2793 ut
3109 2742 3332 2796 animus
3363 2746 3647 2815 loquentis

1947 2830 2249 2895 appareat;
2274 2825 2425 2894 quod
2455 2826 2780 2879 obtinerent
2812 2828 3079 2880 omnibus
3105 2832 3565 2897 concedentibus,
3600 2838 3647 2890 si

1946 2913 2107 2984 loqui
2139 2914 2548 2966 mentientibus
2574 2930 2688 2967 non
2718 2914 2931 2968 liceret.
2966 2916 3303 2987 Quanquam
3353 2936 3503 2991 saepe
3547 2940 3644 2977 ex-

1946 3002 2094 3072 perti
2120 3001 2417 3067 fuerimus,
2451 3007 2508 3055 et
2536 3002 2594 3054 in
2636 3002 2801 3055 nobis
2831 3008 2887 3056 et
2916 3003 2974 3056 in
3005 3005 3150 3070 aliis,
3185 3023 3297 3059 non
3327 3024 3523 3065 earum
3555 3029 3644 3066 re-

1947 3108 2075 3144 rum
2112 3107 2242 3161 qua:
2281 3090 2629 3161 cogitantur,
2680 3092 2849 3145 verba
2896 3093 3175 3162 proferri:
3224 3094 3377 3163 quod
3424 3095 3645 3150 duobus

1948 3180 2130 3233 modis
2158 3196 2323 3249 posse
2355 3179 2607 3232 accidere
2638 3179 2821 3248 video,
2849 3196 2980 3233 cum
3009 3186 3108 3234 aut
3136 3197 3323 3235 sermo
3346 3185 3643 3239 memoriae

1946 3269 2247 3322 mandatus
2278 3274 2333 3322 et
2381 3284 2530 3338 saepe
2575 3268 2865 3333 decursus,
2898 3269 3007 3322 alia
3037 3270 3353 3339 cogitandis
3383 3286 3479 3324 ore
3510 3271 3648 3325 fun-

1946 3357 2099 3411 ditur
2125 3374 2138 3424 ;
2167 3357 2318 3428 quod
2350 3356 2511 3411 nobis
2548 3374 2677 3411 cum
2719 3358 3000 3427 hymnum
3034 3359 3291 3411 canimus
3322 3375 3473 3429 saepe
3503 3376 3640 3414 con-

1944 3445 2145 3516 tingit:
2170 3451 2267 3499 aut
2295 3462 2426 3499 cum
2473 3446 2586 3499 alia
2615 3462 2718 3516 pro
2766 3446 2893 3499 aliis
2923 3447 3093 3500 verba
3124 3454 3334 3517 praeter
3378 3451 3641 3503 volunta-

1943 3539 2057 3586 tem
2078 3540 2329 3587 nostram
2352 3534 2565 3603 linguae
2596 3533 2775 3603 ipsius
2800 3548 2992 3585 errore
3021 3532 3359 3602 prosiliunt;
3393 3548 3527 3585 nam
3552 3532 3645 3585 hic

1944 3638 2171 3692 quoque
2206 3638 2317 3674 non
2340 3637 2537 3674 earum
2567 3636 2762 3674 rerum
2789 3620 2952 3689 signa
2983 3636 3123 3690 quas
3153 3621 3212 3673 in
3245 3620 3436 3673 animo
3466 3620 3641 3674 habe-

1942 3726 2091 3775 mus,
2126 3710 2456 3763 audiuntur.
2517 3709 2659 3761 Nam
2705 3707 3043 3761 mentientes
3099 3708 3332 3779 quidem
3389 3708 3643 3778 cogitant

1943 3799 2115 3853 etiam
2168 3800 2236 3853 de
2268 3798 2336 3851 iis
2391 3797 2561 3851 rebus
2612 3813 2753 3867 quas
2787 3797 3118 3867 loquuntur,
3172 3802 3234 3851 ut
3275 3797 3505 3851 tametsi
3541 3814 3642 3852 ne-

1942 3887 2185 3941 sciamus
2209 3904 2284 3941 an
2307 3902 2506 3941 verum
2537 3887 2745 3952 dicant,
2780 3886 3024 3939 sciamus
3046 3892 3241 3941 tamen
3268 3886 3434 3940 eosin
3446 3886 3641 3941 animo

1939 3976 2151 4032 habere
2199 3976 2353 4047 quod
2393 3976 2609 4044 dicunt,
2647 3974 2693 4028 si
2728 3991 2843 4028 non
2871 3974 2952 4028 eis
2981 3976 3200 4046 aliquid
3239 3976 3484 4031 duorum
3513 3992 3645 4047 qua:

1941 4064 2058 4118 dixi
2080 4063 2324 4118 accidat:
2352 4080 2481 4133 quae
2510 4063 2557 4115 si
2582 4062 2708 4133 quis
2733 4067 2787 4115 et
2811 4061 3102 4116 interdum
3134 4062 3386 4116 accidere
3408 4069 3645 4116 conten-

1939 4153 2041 4219 dit,
2076 4158 2131 4207 et
2160 4169 2287 4206 cum
2311 4151 2513 4205 accidit
2543 4168 2841 4220 apparere,
2874 4167 3206 4221 quanquam
3255 4167 3406 4221 saepe
3455 4152 3643 4204 occul-

1940 4246 2065 4295 tum
2094 4246 2199 4309 est,
2232 4248 2285 4294 et
2316 4256 2466 4309 saepe
2498 4256 2588 4293 me
2621 4240 2820 4293 fefellit
2846 4240 3194 4305 audientem,
3254 4256 3367 4292 non
3408 4239 3636 4292 resisto.

2010 4332 2097 4383 43.
2133 4330 2242 4384 Sed
2272 4328 2359 4381 his
2390 4327 2594 4381 accidit
2618 4328 2772 4382 aliud
2825 4345 3026 4399 genus,
3059 4344 3191 4381 sane
3240 4328 3352 4380 late
3408 4332 3638 4397 patens,

1939 4419 1995 4469 et
2024 4432 2219 4469 semen
2254 4415 2764 4468 innumerabilium
2804 4416 3222 4469 dissensionum
3252 4420 3423 4484 atque
3457 4420 3638 4467 certa-

1938 4505 2161 4559 minum
2189 4521 2200 4557 :
2235 4520 2366 4557 cum
2395 4503 2490 4557 ille
2522 4504 2621 4574 qui
2652 4505 2904 4575 loquitur
2936 4504 3138 4557 eadem
3168 4503 3401 4573 quidem
3453 4502 3638 4573 signi-

1938 4592 2068 4645 ficat
2096 4608 2225 4661 quas
2255 4592 2481 4661 cogitat,
2517 4592 2612 4646 sed
2644 4594 2987 4661 plerumque
3018 4596 3242 4645 tantum
3276 4591 3385 4644 sibi
3426 4596 3482 4645 et
3512 4592 3638 4645 aliis

1939 4680 2282 4751 quibusdam
2316 4696 2329 4747 ;
2389 4679 2442 4734 ei
2499 4696 2630 4734 vero
2687 4679 2778 4733 cui
2806 4678 3059 4748 loquitur
3091 4684 3146 4732 et
3175 4680 3314 4732 item
3346 4678 3470 4733 aliis
3496 4696 3638 4735 non-

1936 4769 2131 4834 nullis,
2177 4785 2295 4823 non
2350 4768 2505 4822 idem
2547 4768 2843 4837 significat.
2878 4766 3095 4821 Dixerit
3124 4768 3278 4821 enim
3311 4768 3513 4839 aliquis
3544 4786 3637 4824 au-

1936 4856 2222 4911 dientibus
2240 4856 2423 4922 nobis,
2457 4856 2527 4909 ab
2552 4855 2838 4926 aliquibus
2864 4855 3070 4908 belluis
3100 4856 3394 4911 hominem
3429 4858 3635 4913 virtute

1937 4946 2195 5015 superari
2227 4963 2239 5011 ;
2277 4962 2377 4999 nos
2406 4945 2555 4997 illico
2588 4945 2736 4998 ferre
2768 4960 2883 4998 non
2911 4961 3237 5014 possumus,
3269 4952 3326 5001 et
3348 4949 3491 5001 hanc
3516 4954 3634 5001 tam

1936 5034 2134 5088 falsam
2168 5034 2610 5103 pestiferamque
2663 5033 3006 5087 sententiam
3046 5050 3257 5105 magna
3313 5035 3634 5089 intentione

1933 5122 2284 5176 refellimus:
2321 5136 2450 5174 cum
2482 5122 2575 5173 ille
2600 5120 2835 5176 fortasse
2863 5122 3158 5186 virtutem,
3190 5125 3337 5176 vires
3376 5123 3634 5193 corporis

1936 5216 2107 5277 vocet,
2142 5216 2199 5264 et
2227 5211 2334 5264 hoc
2362 5209 2594 5263 nomine
2622 5210 2681 5264 id
2711 5212 2865 5281 quod
2905 5212 3179 5282 cogitavit
3216 5212 3495 5277 enuntiet,
3529 5227 3633 5264 nec

1937 5300 2266 5365 mentiatur,
2295 5314 2400 5353 nec
2429 5304 2579 5353 erret
2606 5301 2667 5353 in
2699 5301 2890 5367 rebus,
2921 5316 3027 5354 nec
3055 5300 3209 5369 aliud
3242 5298 3459 5369 aliquid
3509 5300 3632 5353 vol-

1930 5406 2067 5444 vens
2099 5390 2312 5455 animo,
2363 5387 2632 5442 mandata
2688 5389 2980 5443 memoriae
3023 5368 3196 5441 verba
3231 5387 3495 5454 contexit,
3527 5403 3632 5443 nec

1933 5478 2149 5548 linguas
2179 5478 2341 5547 lapsu
2368 5475 2524 5530 aliud
2552 5492 2723 5547 quam
2755 5478 3016 5531 volvebat
3043 5480 3206 5529 sonet
3229 5474 3359 5541 ;sed
3384 5479 3632 5531 tantum-

1934 5567 2105 5622 modo
2158 5581 2281 5621 rem
2312 5581 2486 5638 quam
2518 5566 2750 5639 cogitat,
2779 5565 2893 5621 alio
2921 5580 3097 5637 quam
3128 5580 3234 5619 nos
3264 5563 3501 5621 nomine
3529 5580 3631 5636 ap-
