  <div class='ocr_page' id='page_1' title='image "/cluster/home/n/w/nwhite01/storage/ocr_20150623/32/hvd.32044096580550/629.png"; bbox 0 0 4036 6182; ppageno 0'>
   <div class='ocr_carea' id='block_1_1' title="bbox 411 295 546 348">
    <p class='ocr_par' dir='ltr' id='par_1_1' title="bbox 411 295 546 348">
     <span class='ocr_line' id='line_1_1' title="bbox 411 295 546 348; baseline 0.007 -1"><span class='ocrx_word' id='word_1_1' title='bbox 411 295 546 348; x_wconf 81' lang='grc'>1219</span> 
     </span>
    </p>
   </div>
   <div class='ocr_carea' id='block_1_2' title="bbox 412 408 2107 487">
    <p class='ocr_par' dir='ltr' id='par_1_2' title="bbox 412 408 2107 487">
     <span class='ocr_line' id='line_1_2' title="bbox 412 408 2107 487; baseline -0.005 -17"><span class='ocrx_word' id='word_1_2' title='bbox 412 415 607 487; x_wconf 82' lang='lat' dir='ltr'>pellat,</span> <span class='ocrx_word' id='word_1_3' title='bbox 638 414 709 468; x_wconf 91' lang='lat' dir='ltr'>de</span> <span class='ocrx_word' id='word_1_4' title='bbox 737 429 851 485; x_wconf 90' lang='lat' dir='ltr'>qua</span> <span class='ocrx_word' id='word_1_5' title='bbox 877 412 959 467; x_wconf 86' lang='lat' dir='ltr'>illi</span> <span class='ocrx_word' id='word_1_6' title='bbox 989 411 1179 467; x_wconf 83' lang='lat' dir='ltr'>statim</span> <span class='ocrx_word' id='word_1_7' title='bbox 1211 409 1638 476; x_wconf 88' lang='lat' dir='ltr'>assentiremur,</span> <span class='ocrx_word' id='word_1_8' title='bbox 1673 408 1719 462; x_wconf 90' lang='lat' dir='ltr'>si</span> <span class='ocrx_word' id='word_1_9' title='bbox 1746 409 1868 480; x_wconf 87' lang='lat' dir='ltr'>ejus</span> <span class='ocrx_word' id='word_1_10' title='bbox 1898 408 2107 480; x_wconf 85' lang='lat' dir='ltr'>cogita-</span> 
     </span>
    </p>
   </div>
   <div class='ocr_carea' id='block_1_3' title="bbox 405 497 2106 573">
    <p class='ocr_par' dir='ltr' id='par_1_3' title="bbox 405 497 2106 573">
     <span class='ocr_line' id='line_1_3' title="bbox 405 497 2106 573; baseline -0.005 -14"><span class='ocrx_word' id='word_1_11' title='bbox 405 504 625 559; x_wconf 84' lang='lat' dir='ltr'>tionem</span> <span class='ocrx_word' id='word_1_12' title='bbox 655 517 949 573; x_wconf 85' lang='lat' dir='ltr'>possemus</span> <span class='ocrx_word' id='word_1_13' title='bbox 978 500 1278 571; x_wconf 86' lang='lat' dir='ltr'>inspicere,</span> <span class='ocrx_word' id='word_1_14' title='bbox 1308 514 1477 569; x_wconf 92' lang='lat' dir='ltr'>quam</span> <span class='ocrx_word' id='word_1_15' title='bbox 1508 497 1693 551; x_wconf 84' lang='lat' dir='ltr'>verbis</span> <span class='ocrx_word' id='word_1_16' title='bbox 1745 499 1867 568; x_wconf 88' lang='lat' dir='ltr'>jam</span> <span class='ocrx_word' id='word_1_17' title='bbox 1916 498 2106 568; x_wconf 86' lang='lat' dir='ltr'>prola-</span> 
     </span>
    </p>
   </div>
   <div class='ocr_carea' id='block_1_4' title="bbox 405 585 2107 662">
    <p class='ocr_par' dir='ltr' id='par_1_4' title="bbox 405 585 2107 662">
     <span class='ocr_line' id='line_1_4' title="bbox 405 585 2107 662; baseline -0.005 -16"><span class='ocrx_word' id='word_1_18' title='bbox 405 592 479 647; x_wconf 86' lang='lat' dir='ltr'>tis</span> <span class='ocrx_word' id='word_1_19' title='bbox 510 590 902 662; x_wconf 88' lang='lat' dir='ltr'>explicataque</span> <span class='ocrx_word' id='word_1_20' title='bbox 934 587 1215 643; x_wconf 70' lang='lat' dir='ltr'>sententia</span> <span class='ocrx_word' id='word_1_21' title='bbox 1248 604 1369 653; x_wconf 92' lang='lat' dir='ltr'>sua,</span> <span class='ocrx_word' id='word_1_22' title='bbox 1395 587 1647 640; x_wconf 89' lang='lat' dir='ltr'>nondum</span> <span class='ocrx_word' id='word_1_23' title='bbox 1672 585 1835 640; x_wconf 90' lang='lat' dir='ltr'>nobis</span> <span class='ocrx_word' id='word_1_24' title='bbox 1857 586 2107 657; x_wconf 88' lang='lat' dir='ltr'>pandere</span> 
     </span>
    </p>
   </div>
   <div class='ocr_carea' id='block_1_5' title="bbox 405 675 2104 746">
    <p class='ocr_par' dir='ltr' id='par_1_5' title="bbox 405 675 2104 746">
     <span class='ocr_line' id='line_1_5' title="bbox 405 675 2104 746; baseline -0.004 -11"><span class='ocrx_word' id='word_1_25' title='bbox 405 680 601 735; x_wconf 82' lang='lat' dir='ltr'>valuit.</span> <span class='ocrx_word' id='word_1_26' title='bbox 638 677 777 733; x_wconf 84' lang='lat' dir='ltr'>Huic</span> <span class='ocrx_word' id='word_1_27' title='bbox 806 677 987 731; x_wconf 88' lang='lat' dir='ltr'>errori</span> <span class='ocrx_word' id='word_1_28' title='bbox 1019 676 1413 731; x_wconf 89' lang='lat' dir='ltr'>deﬁnitionem</span> <span class='ocrx_word' id='word_1_29' title='bbox 1443 675 1660 730; x_wconf 86' lang='lat' dir='ltr'>mederi</span> <span class='ocrx_word' id='word_1_30' title='bbox 1692 692 1857 746; x_wconf 88' lang='lat' dir='ltr'>posse</span> <span class='ocrx_word' id='word_1_31' title='bbox 1887 675 2104 743; x_wconf 89' lang='lat' dir='ltr'>dicunt,</span> 
     </span>
    </p>
   </div>
   <div class='ocr_carea' id='block_1_6' title="bbox 406 764 2105 837">
    <p class='ocr_par' dir='ltr' id='par_1_6' title="bbox 406 764 2105 837">
     <span class='ocr_line' id='line_1_6' title="bbox 406 764 2105 837; baseline -0.004 -14"><span class='ocrx_word' id='word_1_32' title='bbox 406 773 473 823; x_wconf 92' lang='lat' dir='ltr'>ut</span> <span class='ocrx_word' id='word_1_33' title='bbox 498 769 556 822; x_wconf 93' lang='lat' dir='ltr'>in</span> <span class='ocrx_word' id='word_1_34' title='bbox 586 769 691 822; x_wconf 90' lang='lat' dir='ltr'>hac</span> <span class='ocrx_word' id='word_1_35' title='bbox 722 766 1037 837; x_wconf 61' lang='lat' dir='ltr'>quaestione</span> <span class='ocrx_word' id='word_1_36' title='bbox 1066 765 1113 819; x_wconf 90' lang='lat' dir='ltr'>si</span> <span class='ocrx_word' id='word_1_37' title='bbox 1143 765 1407 820; x_wconf 89' lang='lat' dir='ltr'>deﬁniret</span> <span class='ocrx_word' id='word_1_38' title='bbox 1454 764 1590 836; x_wconf 92' lang='lat' dir='ltr'>quid</span> <span class='ocrx_word' id='word_1_39' title='bbox 1635 764 1708 819; x_wconf 91' lang='lat' dir='ltr'>sit</span> <span class='ocrx_word' id='word_1_40' title='bbox 1736 764 1955 832; x_wconf 87' lang='lat' dir='ltr'>virtus;</span> <span class='ocrx_word' id='word_1_41' title='bbox 1986 765 2105 817; x_wconf 89' lang='lat' dir='ltr'>elu-</span> 
     </span>
    </p>
   </div>
   <div class='ocr_carea' id='block_1_7' title="bbox 406 848 2106 925">
    <p class='ocr_par' dir='ltr' id='par_1_7' title="bbox 406 848 2106 925">
     <span class='ocr_line' id='line_1_7' title="bbox 406 848 2106 925; baseline -0.004 -12"><span class='ocrx_word' id='word_1_42' title='bbox 406 861 578 925; x_wconf 91' lang='lat' dir='ltr'>ceret,</span> <span class='ocrx_word' id='word_1_43' title='bbox 614 857 792 921; x_wconf 89' lang='lat' dir='ltr'>aiunt,</span> <span class='ocrx_word' id='word_1_44' title='bbox 824 871 944 909; x_wconf 93' lang='lat' dir='ltr'>non</span> <span class='ocrx_word' id='word_1_45' title='bbox 974 854 1043 908; x_wconf 91' lang='lat' dir='ltr'>de</span> <span class='ocrx_word' id='word_1_46' title='bbox 1075 870 1159 919; x_wconf 90' lang='lat' dir='ltr'>re,</span> <span class='ocrx_word' id='word_1_47' title='bbox 1191 855 1289 908; x_wconf 90' lang='lat' dir='ltr'>sed</span> <span class='ocrx_word' id='word_1_48' title='bbox 1330 854 1399 907; x_wconf 91' lang='lat' dir='ltr'>de</span> <span class='ocrx_word' id='word_1_49' title='bbox 1428 853 1601 907; x_wconf 90' lang='lat' dir='ltr'>verbo</span> <span class='ocrx_word' id='word_1_50' title='bbox 1632 848 1750 907; x_wconf 81' lang='lat' dir='ltr'>esse</span> <span class='ocrx_word' id='word_1_51' title='bbox 1780 856 2106 907; x_wconf 90' lang='lat' dir='ltr'>controver-</span> 
     </span>
    </p>
   </div>
   <div class='ocr_carea' id='block_1_8' title="bbox 406 941 2107 1015">
    <p class='ocr_par' dir='ltr' id='par_1_8' title="bbox 406 941 2107 1015">
     <span class='ocr_line' id='line_1_8' title="bbox 406 941 2107 1015; baseline -0.004 -15"><span class='ocrx_word' id='word_1_52' title='bbox 406 946 593 1000; x_wconf 90' lang='lat' dir='ltr'>siam:</span> <span class='ocrx_word' id='word_1_53' title='bbox 655 943 807 1015; x_wconf 91' lang='lat' dir='ltr'>quod</span> <span class='ocrx_word' id='word_1_54' title='bbox 861 947 923 1005; x_wconf 82' lang='lat' dir='ltr'>ut</span> <span class='ocrx_word' id='word_1_55' title='bbox 961 942 1265 995; x_wconf 86' lang='lat' dir='ltr'>concedam</span> <span class='ocrx_word' id='word_1_56' title='bbox 1322 942 1402 995; x_wconf 90' lang='lat' dir='ltr'>ita</span> <span class='ocrx_word' id='word_1_57' title='bbox 1472 958 1592 995; x_wconf 91' lang='lat' dir='ltr'>esse</span> <span class='ocrx_word' id='word_1_58' title='bbox 1650 941 2107 1012; x_wconf 87' lang='lat' dir='ltr'>quotusquisque</span> 
     </span>
    </p>
   </div>
   <div class='ocr_carea' id='block_1_9' title="bbox 406 1030 2106 1100">
    <p class='ocr_par' dir='ltr' id='par_1_9' title="bbox 406 1030 2106 1100">
     <span class='ocr_line' id='line_1_9' title="bbox 406 1030 2106 1100; baseline -0.003 -12"><span class='ocrx_word' id='word_1_59' title='bbox 406 1035 590 1089; x_wconf 90' lang='lat' dir='ltr'>bonus</span> <span class='ocrx_word' id='word_1_60' title='bbox 629 1030 898 1087; x_wconf 86' lang='lat' dir='ltr'>deﬁnitor</span> <span class='ocrx_word' id='word_1_61' title='bbox 936 1030 1181 1084; x_wconf 83' lang='lat' dir='ltr'>inveniri</span> <span class='ocrx_word' id='word_1_62' title='bbox 1227 1031 1467 1100; x_wconf 86' lang='lat' dir='ltr'>potest?</span> <span class='ocrx_word' id='word_1_63' title='bbox 1506 1034 1563 1084; x_wconf 91' lang='lat' dir='ltr'>et</span> <span class='ocrx_word' id='word_1_64' title='bbox 1604 1034 1796 1084; x_wconf 90' lang='lat' dir='ltr'>tamen</span> <span class='ocrx_word' id='word_1_65' title='bbox 1836 1030 2106 1084; x_wconf 86' lang='lat' dir='ltr'>adversus</span> 
     </span>
    </p>
   </div>
   <div class='ocr_carea' id='block_1_10' title="bbox 407 1118 2106 1192">
    <p class='ocr_par' dir='ltr' id='par_1_10' title="bbox 407 1118 2106 1192">
     <span class='ocr_line' id='line_1_10' title="bbox 407 1118 2106 1192; baseline -0.002 -16"><span class='ocrx_word' id='word_1_66' title='bbox 407 1121 768 1192; x_wconf 90' lang='lat' dir='ltr'>disciplinam</span> <span class='ocrx_word' id='word_1_67' title='bbox 800 1118 1116 1173; x_wconf 87' lang='lat' dir='ltr'>deﬁniendi</span> <span class='ocrx_word' id='word_1_68' title='bbox 1138 1120 1317 1173; x_wconf 90' lang='lat' dir='ltr'>multa</span> <span class='ocrx_word' id='word_1_69' title='bbox 1345 1119 1633 1189; x_wconf 83' lang='lat' dir='ltr'>disputata</span> <span class='ocrx_word' id='word_1_70' title='bbox 1654 1122 1822 1185; x_wconf 85' lang='lat' dir='ltr'>sunt;</span> <span class='ocrx_word' id='word_1_71' title='bbox 1850 1134 1979 1189; x_wconf 74' lang='lat' dir='ltr'>quas</span> <span class='ocrx_word' id='word_1_72' title='bbox 2007 1135 2106 1172; x_wconf 91' lang='lat' dir='ltr'>ne-</span> 
     </span>
    </p>
   </div>
   <div class='ocr_carea' id='block_1_11' title="bbox 406 1210 2105 1282">
    <p class='ocr_par' dir='ltr' id='par_1_11' title="bbox 406 1210 2105 1282">
     <span class='ocr_line' id='line_1_11' title="bbox 406 1210 2105 1282; baseline -0.002 -17"><span class='ocrx_word' id='word_1_73' title='bbox 406 1227 518 1282; x_wconf 90' lang='lat' dir='ltr'>que</span> <span class='ocrx_word' id='word_1_74' title='bbox 554 1211 662 1265; x_wconf 92' lang='lat' dir='ltr'>hoc</span> <span class='ocrx_word' id='word_1_75' title='bbox 687 1210 810 1263; x_wconf 93' lang='lat' dir='ltr'>loco</span> <span class='ocrx_word' id='word_1_76' title='bbox 841 1212 1081 1262; x_wconf 85' lang='lat' dir='ltr'>tractare</span> <span class='ocrx_word' id='word_1_77' title='bbox 1106 1212 1497 1278; x_wconf 89' lang='lat' dir='ltr'>opportunum</span> <span class='ocrx_word' id='word_1_78' title='bbox 1524 1211 1627 1275; x_wconf 92' lang='lat' dir='ltr'>est,</span> <span class='ocrx_word' id='word_1_79' title='bbox 1652 1224 1756 1261; x_wconf 91' lang='lat' dir='ltr'>nec</span> <span class='ocrx_word' id='word_1_80' title='bbox 1782 1223 2105 1278; x_wconf 88' lang='lat' dir='ltr'>usquequa-</span> 
     </span>
    </p>
   </div>
   <div class='ocr_carea' id='block_1_12' title="bbox 414 1297 1078 1371">
    <p class='ocr_par' dir='ltr' id='par_1_12' title="bbox 414 1297 1078 1371">
     <span class='ocr_line' id='line_1_12' title="bbox 414 1297 1078 1371; baseline -0.008 -17"><span class='ocrx_word' id='word_1_81' title='bbox 414 1316 527 1371; x_wconf 91' lang='lat' dir='ltr'>que</span> <span class='ocrx_word' id='word_1_82' title='bbox 557 1316 590 1353; x_wconf 91' lang='lat' dir='ltr'>a</span> <span class='ocrx_word' id='word_1_83' title='bbox 619 1314 711 1353; x_wconf 91' lang='lat' dir='ltr'>me</span> <span class='ocrx_word' id='word_1_84' title='bbox 740 1297 1078 1368; x_wconf 87' lang='lat' dir='ltr'>probantur.</span> 
     </span>
    </p>
   </div>
   <div class='ocr_carea' id='block_1_13' title="bbox 479 1384 2108 1456">
    <p class='ocr_par' dir='ltr' id='par_1_13' title="bbox 479 1384 2108 1456">
     <span class='ocr_line' id='line_1_13' title="bbox 479 1384 2108 1456; baseline -0.004 -13"><span class='ocrx_word' id='word_1_85' title='bbox 479 1390 569 1444; x_wconf 77' lang='grc'>44.</span> <span class='ocrx_word' id='word_1_86' title='bbox 604 1386 815 1443; x_wconf 88' lang='lat' dir='ltr'>Omitto</span> <span class='ocrx_word' id='word_1_87' title='bbox 847 1385 1000 1456; x_wconf 91' lang='lat' dir='ltr'>quod</span> <span class='ocrx_word' id='word_1_88' title='bbox 1031 1384 1209 1439; x_wconf 87' lang='lat' dir='ltr'>multa</span> <span class='ocrx_word' id='word_1_89' title='bbox 1231 1400 1348 1438; x_wconf 92' lang='lat' dir='ltr'>non</span> <span class='ocrx_word' id='word_1_90' title='bbox 1369 1384 1514 1440; x_wconf 89' lang='lat' dir='ltr'>bene</span> <span class='ocrx_word' id='word_1_91' title='bbox 1544 1384 1829 1453; x_wconf 87' lang='lat' dir='ltr'>audimus,</span> <span class='ocrx_word' id='word_1_92' title='bbox 1861 1389 1917 1439; x_wconf 92' lang='lat' dir='ltr'>et</span> <span class='ocrx_word' id='word_1_93' title='bbox 1946 1384 2108 1455; x_wconf 89' lang='lat' dir='ltr'>quasi</span> 
     </span>
    </p>
   </div>
   <div class='ocr_carea' id='block_1_14' title="bbox 407 1468 2109 1539">
    <p class='ocr_par' dir='ltr' id='par_1_14' title="bbox 407 1468 2109 1539">
     <span class='ocr_line' id='line_1_14' title="bbox 407 1468 2109 1539; baseline -0.004 -11"><span class='ocrx_word' id='word_1_94' title='bbox 407 1475 478 1529; x_wconf 91' lang='lat' dir='ltr'>de</span> <span class='ocrx_word' id='word_1_95' title='bbox 518 1472 723 1527; x_wconf 85' lang='lat' dir='ltr'>auditis</span> <span class='ocrx_word' id='word_1_96' title='bbox 752 1470 851 1525; x_wconf 92' lang='lat' dir='ltr'>diu</span> <span class='ocrx_word' id='word_1_97' title='bbox 882 1470 1242 1539; x_wconf 90' lang='lat' dir='ltr'>multumque</span> <span class='ocrx_word' id='word_1_98' title='bbox 1273 1468 1705 1535; x_wconf 88' lang='lat' dir='ltr'>contendimus;</span> <span class='ocrx_word' id='word_1_99' title='bbox 1736 1470 1889 1523; x_wconf 92' lang='lat' dir='ltr'>velut</span> <span class='ocrx_word' id='word_1_100' title='bbox 1915 1473 1976 1522; x_wconf 91' lang='lat' dir='ltr'>tu</span> <span class='ocrx_word' id='word_1_101' title='bbox 2006 1485 2109 1522; x_wconf 90' lang='lat' dir='ltr'>nu-</span> 
     </span>
    </p>
   </div>
   <div class='ocr_carea' id='block_1_15' title="bbox 406 1556 2107 1634">
    <p class='ocr_par' dir='ltr' id='par_1_15' title="bbox 406 1556 2107 1634">
     <span class='ocr_line' id='line_1_15' title="bbox 406 1556 2107 1634; baseline -0.002 -19"><span class='ocrx_word' id='word_1_102' title='bbox 406 1577 511 1634; x_wconf 88' lang='lat' dir='ltr'>per</span> <span class='ocrx_word' id='word_1_103' title='bbox 550 1560 719 1613; x_wconf 88' lang='lat' dir='ltr'>verbo</span> <span class='ocrx_word' id='word_1_104' title='bbox 750 1558 998 1629; x_wconf 90' lang='lat' dir='ltr'>quodam</span> <span class='ocrx_word' id='word_1_105' title='bbox 1045 1556 1273 1628; x_wconf 90' lang='lat' dir='ltr'>punico,</span> <span class='ocrx_word' id='word_1_106' title='bbox 1310 1573 1441 1610; x_wconf 90' lang='lat' dir='ltr'>cum</span> <span class='ocrx_word' id='word_1_107' title='bbox 1497 1574 1602 1629; x_wconf 92' lang='lat' dir='ltr'>ego</span> <span class='ocrx_word' id='word_1_108' title='bbox 1652 1556 2107 1612; x_wconf 90' lang='lat' dir='ltr'>misericordiam</span> 
     </span>
    </p>
   </div>
   <div class='ocr_carea' id='block_1_16' title="bbox 410 1645 2105 1718">
    <p class='ocr_par' dir='ltr' id='par_1_16' title="bbox 410 1645 2105 1718">
     <span class='ocr_line' id='line_1_16' title="bbox 410 1645 2105 1718; baseline -0.004 -13"><span class='ocrx_word' id='word_1_109' title='bbox 410 1650 705 1715; x_wconf 82' lang='lat' dir='ltr'>dixissem,</span> <span class='ocrx_word' id='word_1_110' title='bbox 736 1648 1012 1718; x_wconf 86' lang='lat' dir='ltr'>pietatem</span> <span class='ocrx_word' id='word_1_111' title='bbox 1056 1645 1363 1716; x_wconf 91' lang='lat' dir='ltr'>signiﬁcari</span> <span class='ocrx_word' id='word_1_112' title='bbox 1410 1650 1464 1699; x_wconf 84' lang='lat' dir='ltr'>te</span> <span class='ocrx_word' id='word_1_113' title='bbox 1497 1646 1718 1700; x_wconf 86' lang='lat' dir='ltr'>audisse</span> <span class='ocrx_word' id='word_1_114' title='bbox 1771 1647 1997 1700; x_wconf 84' lang='lat' dir='ltr'>dicebas</span> <span class='ocrx_word' id='word_1_115' title='bbox 2034 1647 2105 1700; x_wconf 90' lang='lat' dir='ltr'>ab</span> 
     </span>
    </p>
   </div>
   <div class='ocr_carea' id='block_1_17' title="bbox 408 1733 2106 1808">
    <p class='ocr_par' dir='ltr' id='par_1_17' title="bbox 408 1733 2106 1808">
     <span class='ocr_line' id='line_1_17' title="bbox 408 1733 2106 1808; baseline -0.002 -16"><span class='ocrx_word' id='word_1_116' title='bbox 408 1739 488 1792; x_wconf 91' lang='lat' dir='ltr'>eis</span> <span class='ocrx_word' id='word_1_117' title='bbox 513 1736 721 1808; x_wconf 88' lang='lat' dir='ltr'>quibus</span> <span class='ocrx_word' id='word_1_118' title='bbox 772 1736 894 1789; x_wconf 59' lang='lat' dir='ltr'>haec</span> <span class='ocrx_word' id='word_1_119' title='bbox 923 1733 1122 1803; x_wconf 81' lang='lat' dir='ltr'>lingua</span> <span class='ocrx_word' id='word_1_120' title='bbox 1150 1733 1334 1804; x_wconf 91' lang='lat' dir='ltr'>magis</span> <span class='ocrx_word' id='word_1_121' title='bbox 1374 1737 1509 1787; x_wconf 88' lang='lat' dir='ltr'>nota</span> <span class='ocrx_word' id='word_1_122' title='bbox 1556 1738 1737 1788; x_wconf 91' lang='lat' dir='ltr'>esset:</span> <span class='ocrx_word' id='word_1_123' title='bbox 1773 1750 1879 1803; x_wconf 89' lang='lat' dir='ltr'>ego</span> <span class='ocrx_word' id='word_1_124' title='bbox 1912 1738 2106 1788; x_wconf 89' lang='lat' dir='ltr'>autem</span> 
     </span>
    </p>
   </div>
   <div class='ocr_carea' id='block_1_18' title="bbox 411 1821 2105 1894">
    <p class='ocr_par' dir='ltr' id='par_1_18' title="bbox 411 1821 2105 1894">
     <span class='ocr_line' id='line_1_18' title="bbox 411 1821 2105 1894; baseline -0.004 -13"><span class='ocrx_word' id='word_1_125' title='bbox 411 1827 699 1887; x_wconf 83' lang='lat' dir='ltr'>resistens,</span> <span class='ocrx_word' id='word_1_126' title='bbox 748 1823 885 1894; x_wconf 91' lang='lat' dir='ltr'>quid</span> <span class='ocrx_word' id='word_1_127' title='bbox 917 1822 1204 1891; x_wconf 89' lang='lat' dir='ltr'>acceperis</span> <span class='ocrx_word' id='word_1_128' title='bbox 1249 1822 1353 1875; x_wconf 89' lang='lat' dir='ltr'>tibi</span> <span class='ocrx_word' id='word_1_129' title='bbox 1404 1821 1640 1876; x_wconf 91' lang='lat' dir='ltr'>omnino</span> <span class='ocrx_word' id='word_1_130' title='bbox 1705 1822 1975 1875; x_wconf 81' lang='lat' dir='ltr'>excidisse</span> <span class='ocrx_word' id='word_1_131' title='bbox 2018 1838 2105 1875; x_wconf 89' lang='lat' dir='ltr'>as-</span> 
     </span>
    </p>
   </div>
   <div class='ocr_carea' id='block_1_19' title="bbox 408 1909 2104 1981">
    <p class='ocr_par' dir='ltr' id='par_1_19' title="bbox 408 1909 2104 1981">
     <span class='ocr_line' id='line_1_19' title="bbox 408 1909 2104 1981; baseline -0.002 -11"><span class='ocrx_word' id='word_1_132' title='bbox 408 1916 704 1979; x_wconf 88' lang='lat' dir='ltr'>serebam;</span> <span class='ocrx_word' id='word_1_133' title='bbox 739 1912 891 1965; x_wconf 90' lang='lat' dir='ltr'>visus</span> <span class='ocrx_word' id='word_1_134' title='bbox 916 1910 1068 1964; x_wconf 88' lang='lat' dir='ltr'>enim</span> <span class='ocrx_word' id='word_1_135' title='bbox 1100 1909 1239 1963; x_wconf 90' lang='lat' dir='ltr'>mihi</span> <span class='ocrx_word' id='word_1_136' title='bbox 1275 1925 1399 1963; x_wconf 89' lang='lat' dir='ltr'>eras</span> <span class='ocrx_word' id='word_1_137' title='bbox 1428 1926 1541 1963; x_wconf 90' lang='lat' dir='ltr'>non</span> <span class='ocrx_word' id='word_1_138' title='bbox 1572 1909 1846 1981; x_wconf 89' lang='lat' dir='ltr'>pietatem</span> <span class='ocrx_word' id='word_1_139' title='bbox 1875 1910 2104 1979; x_wconf 85' lang='lat' dir='ltr'>dixisse,</span> 
     </span>
    </p>
   </div>
   <div class='ocr_carea' id='block_1_20' title="bbox 410 1999 2103 2070">
    <p class='ocr_par' dir='ltr' id='par_1_20' title="bbox 410 1999 2103 2070">
     <span class='ocr_line' id='line_1_20' title="bbox 410 1999 2103 2070; baseline -0.001 -15"><span class='ocrx_word' id='word_1_140' title='bbox 410 2004 508 2058; x_wconf 91' lang='lat' dir='ltr'>sed</span> <span class='ocrx_word' id='word_1_141' title='bbox 540 2002 734 2067; x_wconf 87' lang='lat' dir='ltr'>ﬁdem,</span> <span class='ocrx_word' id='word_1_142' title='bbox 789 2016 920 2054; x_wconf 93' lang='lat' dir='ltr'>cum</span> <span class='ocrx_word' id='word_1_143' title='bbox 976 2004 1033 2053; x_wconf 88' lang='lat' dir='ltr'>et</span> <span class='ocrx_word' id='word_1_144' title='bbox 1070 1999 1569 2070; x_wconf 86' lang='lat' dir='ltr'>conjunctissimus</span> <span class='ocrx_word' id='word_1_145' title='bbox 1620 2000 1762 2053; x_wconf 86' lang='lat' dir='ltr'>mihi</span> <span class='ocrx_word' id='word_1_146' title='bbox 1809 1999 2103 2069; x_wconf 89' lang='lat' dir='ltr'>assideres,</span> 
     </span>
    </p>
   </div>
   <div class='ocr_carea' id='block_1_21' title="bbox 409 2086 2104 2147">
    <p class='ocr_par' dir='ltr' id='par_1_21' title="bbox 409 2086 2104 2147">
     <span class='ocr_line' id='line_1_21' title="bbox 409 2086 2104 2147; baseline -0.002 0"><span class='ocrx_word' id='word_1_147' title='bbox 409 2096 465 2147; x_wconf 92' lang='lat' dir='ltr'>et</span> <span class='ocrx_word' id='word_1_148' title='bbox 494 2091 651 2146; x_wconf 92' lang='lat' dir='ltr'>nullo</span> <span class='ocrx_word' id='word_1_149' title='bbox 690 2088 863 2144; x_wconf 91' lang='lat' dir='ltr'>modo</span> <span class='ocrx_word' id='word_1_150' title='bbox 893 2089 1016 2143; x_wconf 76' lang='lat' dir='ltr'>haec</span> <span class='ocrx_word' id='word_1_151' title='bbox 1045 2087 1157 2141; x_wconf 93' lang='lat' dir='ltr'>duo</span> <span class='ocrx_word' id='word_1_152' title='bbox 1189 2088 1425 2141; x_wconf 90' lang='lat' dir='ltr'>nomina</span> <span class='ocrx_word' id='word_1_153' title='bbox 1454 2086 1827 2142; x_wconf 87' lang='lat' dir='ltr'>similitudine</span> <span class='ocrx_word' id='word_1_154' title='bbox 1856 2090 1981 2143; x_wconf 92' lang='lat' dir='ltr'>soni</span> <span class='ocrx_word' id='word_1_155' title='bbox 2005 2106 2104 2143; x_wconf 85' lang='lat' dir='ltr'>au-</span> 
     </span>
    </p>
   </div>
   <div class='ocr_carea' id='block_1_22' title="bbox 409 2176 2106 2249">
    <p class='ocr_par' dir='ltr' id='par_1_22' title="bbox 409 2176 2106 2249">
     <span class='ocr_line' id='line_1_22' title="bbox 409 2176 2106 2249; baseline -0.002 -13"><span class='ocrx_word' id='word_1_156' title='bbox 409 2197 531 2236; x_wconf 90' lang='lat' dir='ltr'>rem</span> <span class='ocrx_word' id='word_1_157' title='bbox 554 2178 865 2249; x_wconf 87' lang='lat' dir='ltr'>decipiant.</span> <span class='ocrx_word' id='word_1_158' title='bbox 917 2176 1023 2230; x_wconf 92' lang='lat' dir='ltr'>Diu</span> <span class='ocrx_word' id='word_1_159' title='bbox 1052 2181 1107 2230; x_wconf 89' lang='lat' dir='ltr'>te</span> <span class='ocrx_word' id='word_1_160' title='bbox 1143 2180 1337 2230; x_wconf 88' lang='lat' dir='ltr'>tamen</span> <span class='ocrx_word' id='word_1_161' title='bbox 1366 2176 1669 2231; x_wconf 89' lang='lat' dir='ltr'>arbitratus</span> <span class='ocrx_word' id='word_1_162' title='bbox 1715 2195 1843 2232; x_wconf 93' lang='lat' dir='ltr'>sum</span> <span class='ocrx_word' id='word_1_163' title='bbox 1890 2179 2106 2234; x_wconf 87' lang='lat' dir='ltr'>nescire</span> 
     </span>
    </p>
   </div>
   <div class='ocr_carea' id='block_1_23' title="bbox 409 2262 2105 2339">
    <p class='ocr_par' dir='ltr' id='par_1_23' title="bbox 409 2262 2105 2339">
     <span class='ocr_line' id='line_1_23' title="bbox 409 2262 2105 2339; baseline -0.002 -18"><span class='ocrx_word' id='word_1_164' title='bbox 409 2268 548 2339; x_wconf 90' lang='lat' dir='ltr'>quid</span> <span class='ocrx_word' id='word_1_165' title='bbox 578 2265 682 2321; x_wconf 87' lang='lat' dir='ltr'>tibi</span> <span class='ocrx_word' id='word_1_166' title='bbox 712 2263 929 2319; x_wconf 92' lang='lat' dir='ltr'>dictum</span> <span class='ocrx_word' id='word_1_167' title='bbox 952 2262 1042 2327; x_wconf 89' lang='lat' dir='ltr'>sit,</span> <span class='ocrx_word' id='word_1_168' title='bbox 1070 2278 1199 2316; x_wconf 93' lang='lat' dir='ltr'>cum</span> <span class='ocrx_word' id='word_1_169' title='bbox 1232 2278 1338 2332; x_wconf 88' lang='lat' dir='ltr'>ego</span> <span class='ocrx_word' id='word_1_170' title='bbox 1369 2262 1647 2316; x_wconf 89' lang='lat' dir='ltr'>nescirem</span> <span class='ocrx_word' id='word_1_171' title='bbox 1677 2264 1815 2333; x_wconf 91' lang='lat' dir='ltr'>quid</span> <span class='ocrx_word' id='word_1_172' title='bbox 1847 2264 2057 2319; x_wconf 89' lang='lat' dir='ltr'>dixeris</span> <span class='ocrx_word' id='word_1_173' title='bbox 2092 2281 2105 2317; x_wconf 90' lang='lat'>:</span> 
     </span>
    </p>
   </div>
   <div class='ocr_carea' id='block_1_24' title="bbox 406 2350 2106 2421">
    <p class='ocr_par' dir='ltr' id='par_1_24' title="bbox 406 2350 2106 2421">
     <span class='ocr_line' id='line_1_24' title="bbox 406 2350 2106 2421; baseline 0 -11"><span class='ocrx_word' id='word_1_174' title='bbox 406 2372 541 2411; x_wconf 89' lang='lat' dir='ltr'>nam</span> <span class='ocrx_word' id='word_1_175' title='bbox 575 2353 621 2407; x_wconf 90' lang='lat' dir='ltr'>si</span> <span class='ocrx_word' id='word_1_176' title='bbox 656 2357 711 2407; x_wconf 87' lang='lat' dir='ltr'>te</span> <span class='ocrx_word' id='word_1_177' title='bbox 743 2352 889 2405; x_wconf 91' lang='lat' dir='ltr'>bene</span> <span class='ocrx_word' id='word_1_178' title='bbox 920 2350 1226 2416; x_wconf 87' lang='lat' dir='ltr'>audissem,</span> <span class='ocrx_word' id='word_1_179' title='bbox 1260 2366 1620 2421; x_wconf 84' lang='lat' dir='ltr'>nequaquam</span> <span class='ocrx_word' id='word_1_180' title='bbox 1644 2352 1787 2406; x_wconf 87' lang='lat' dir='ltr'>mihi</span> <span class='ocrx_word' id='word_1_181' title='bbox 1818 2354 2106 2410; x_wconf 81' lang='lat' dir='ltr'>videretur</span> 
     </span>
    </p>
   </div>
   <div class='ocr_carea' id='block_1_25' title="bbox 407 2435 2104 2508">
    <p class='ocr_par' dir='ltr' id='par_1_25' title="bbox 407 2435 2104 2508">
     <span class='ocr_line' id='line_1_25' title="bbox 407 2435 2104 2508; baseline 0.001 -13"><span class='ocrx_word' id='word_1_182' title='bbox 407 2440 723 2495; x_wconf 89' lang='lat' dir='ltr'>absurdum</span> <span class='ocrx_word' id='word_1_183' title='bbox 752 2437 1022 2508; x_wconf 87' lang='lat' dir='ltr'>pietatem</span> <span class='ocrx_word' id='word_1_184' title='bbox 1073 2440 1127 2489; x_wconf 92' lang='lat' dir='ltr'>et</span> <span class='ocrx_word' id='word_1_185' title='bbox 1170 2435 1620 2491; x_wconf 89' lang='lat' dir='ltr'>misericordiam</span> <span class='ocrx_word' id='word_1_186' title='bbox 1667 2454 1780 2492; x_wconf 91' lang='lat' dir='ltr'>uno</span> <span class='ocrx_word' id='word_1_187' title='bbox 1830 2440 2104 2496; x_wconf 89' lang='lat' dir='ltr'>vocabulo</span> 
     </span>
    </p>
   </div>
   <div class='ocr_carea' id='block_1_26' title="bbox 407 2524 2105 2598">
    <p class='ocr_par' dir='ltr' id='par_1_26' title="bbox 407 2524 2105 2598">
     <span class='ocr_line' id='line_1_26' title="bbox 407 2524 2105 2598; baseline 0.002 -17"><span class='ocrx_word' id='word_1_188' title='bbox 407 2526 618 2598; x_wconf 88' lang='lat' dir='ltr'>punice</span> <span class='ocrx_word' id='word_1_189' title='bbox 648 2524 855 2580; x_wconf 88' lang='lat' dir='ltr'>vocari.</span> <span class='ocrx_word' id='word_1_190' title='bbox 893 2525 1022 2578; x_wconf 56' lang='lat' dir='ltr'>Haec</span> <span class='ocrx_word' id='word_1_191' title='bbox 1064 2524 1404 2594; x_wconf 89' lang='lat' dir='ltr'>plerumque</span> <span class='ocrx_word' id='word_1_192' title='bbox 1450 2525 1748 2592; x_wconf 90' lang='lat' dir='ltr'>accidunt;</span> <span class='ocrx_word' id='word_1_193' title='bbox 1780 2528 1876 2581; x_wconf 91' lang='lat' dir='ltr'>sed</span> <span class='ocrx_word' id='word_1_194' title='bbox 1910 2545 1997 2597; x_wconf 91' lang='lat' dir='ltr'>ea,</span> <span class='ocrx_word' id='word_1_195' title='bbox 2043 2535 2105 2584; x_wconf 90' lang='lat' dir='ltr'>ut</span> 
     </span>
    </p>
   </div>
   <div class='ocr_carea' id='block_1_27' title="bbox 408 2612 2100 2682">
    <p class='ocr_par' dir='ltr' id='par_1_27' title="bbox 408 2612 2100 2682">
     <span class='ocr_line' id='line_1_27' title="bbox 408 2612 2100 2682; baseline 0.001 -11"><span class='ocrx_word' id='word_1_196' title='bbox 408 2615 543 2682; x_wconf 86' lang='lat' dir='ltr'>dixi,</span> <span class='ocrx_word' id='word_1_197' title='bbox 576 2615 926 2682; x_wconf 89' lang='lat' dir='ltr'>omittamus,</span> <span class='ocrx_word' id='word_1_198' title='bbox 953 2629 1023 2666; x_wconf 92' lang='lat' dir='ltr'>ne</span> <span class='ocrx_word' id='word_1_199' title='bbox 1066 2613 1413 2666; x_wconf 89' lang='lat' dir='ltr'>calumniam</span> <span class='ocrx_word' id='word_1_200' title='bbox 1460 2612 1760 2669; x_wconf 84' lang='lat' dir='ltr'>verbisde</span> <span class='ocrx_word' id='word_1_201' title='bbox 1812 2616 2100 2672; x_wconf 90' lang='lat' dir='ltr'>audientis</span> 
     </span>
    </p>
   </div>
   <div class='ocr_carea' id='block_1_28' title="bbox 405 2702 2103 2776">
    <p class='ocr_par' dir='ltr' id='par_1_28' title="bbox 405 2702 2103 2776">
     <span class='ocr_line' id='line_1_28' title="bbox 405 2702 2103 2776; baseline 0.002 -17"><span class='ocrx_word' id='word_1_202' title='bbox 405 2704 775 2776; x_wconf 88' lang='lat' dir='ltr'>negligentia,</span> <span class='ocrx_word' id='word_1_203' title='bbox 821 2704 906 2757; x_wconf 87' lang='lat' dir='ltr'>vel</span> <span class='ocrx_word' id='word_1_204' title='bbox 938 2702 1110 2757; x_wconf 87' lang='lat' dir='ltr'>etiam</span> <span class='ocrx_word' id='word_1_205' title='bbox 1140 2702 1210 2757; x_wconf 91' lang='lat' dir='ltr'>de</span> <span class='ocrx_word' id='word_1_206' title='bbox 1250 2702 1528 2757; x_wconf 86' lang='lat' dir='ltr'>surditate</span> <span class='ocrx_word' id='word_1_207' title='bbox 1557 2702 1861 2759; x_wconf 88' lang='lat' dir='ltr'>hominum</span> <span class='ocrx_word' id='word_1_208' title='bbox 1908 2706 2103 2762; x_wconf 89' lang='lat' dir='ltr'>videar</span> 
     </span>
    </p>
   </div>
   <div class='ocr_carea' id='block_1_29' title="bbox 403 2790 2093 2862">
    <p class='ocr_par' dir='ltr' id='par_1_29' title="bbox 403 2790 2093 2862">
     <span class='ocr_line' id='line_1_29' title="bbox 403 2790 2093 2862; baseline 0.002 -15"><span class='ocrx_word' id='word_1_209' title='bbox 403 2808 760 2849; x_wconf 88' lang='lat' dir='ltr'>commovere</span> <span class='ocrx_word' id='word_1_210' title='bbox 786 2808 798 2845; x_wconf 88' lang='lat'>:</span> <span class='ocrx_word' id='word_1_211' title='bbox 833 2792 931 2846; x_wconf 87' lang='lat' dir='ltr'>illa</span> <span class='ocrx_word' id='word_1_212' title='bbox 962 2790 1141 2861; x_wconf 84' lang='lat' dir='ltr'>magis</span> <span class='ocrx_word' id='word_1_213' title='bbox 1163 2797 1380 2861; x_wconf 91' lang='lat' dir='ltr'>angunt</span> <span class='ocrx_word' id='word_1_214' title='bbox 1409 2808 1537 2862; x_wconf 69' lang='lat' dir='ltr'>quas</span> <span class='ocrx_word' id='word_1_215' title='bbox 1569 2793 1829 2862; x_wconf 88' lang='lat' dir='ltr'>superius</span> <span class='ocrx_word' id='word_1_216' title='bbox 1862 2810 2093 2850; x_wconf 89' lang='lat' dir='ltr'>enume-</span> 
     </span>
    </p>
   </div>
   <div class='ocr_carea' id='block_1_30' title="bbox 403 2878 2099 2951">
    <p class='ocr_par' dir='ltr' id='par_1_30' title="bbox 403 2878 2099 2951">
     <span class='ocr_line' id='line_1_30' title="bbox 403 2878 2099 2951; baseline -0.001 -15"><span class='ocrx_word' id='word_1_217' title='bbox 403 2881 541 2947; x_wconf 91' lang='lat' dir='ltr'>ravi,</span> <span class='ocrx_word' id='word_1_218' title='bbox 585 2880 682 2934; x_wconf 91' lang='lat' dir='ltr'>ubi</span> <span class='ocrx_word' id='word_1_219' title='bbox 742 2879 927 2934; x_wconf 85' lang='lat' dir='ltr'>verbis</span> <span class='ocrx_word' id='word_1_220' title='bbox 980 2878 1360 2950; x_wconf 90' lang='lat' dir='ltr'>liquidissime</span> <span class='ocrx_word' id='word_1_221' title='bbox 1416 2896 1551 2935; x_wconf 89' lang='lat' dir='ltr'>aure</span> <span class='ocrx_word' id='word_1_222' title='bbox 1590 2881 1873 2951; x_wconf 89' lang='lat' dir='ltr'>perceptis</span> <span class='ocrx_word' id='word_1_223' title='bbox 1926 2886 1981 2936; x_wconf 90' lang='lat' dir='ltr'>et</span> <span class='ocrx_word' id='word_1_224' title='bbox 2019 2882 2099 2935; x_wconf 92' lang='lat' dir='ltr'>la-</span> 
     </span>
    </p>
   </div>
   <div class='ocr_carea' id='block_1_31' title="bbox 402 2967 2097 3039">
    <p class='ocr_par' dir='ltr' id='par_1_31' title="bbox 402 2967 2097 3039">
     <span class='ocr_line' id='line_1_31' title="bbox 402 2967 2097 3039; baseline 0.001 -14"><span class='ocrx_word' id='word_1_225' title='bbox 402 2969 540 3025; x_wconf 90' lang='lat' dir='ltr'>tinis</span> <span class='ocrx_word' id='word_1_226' title='bbox 569 2985 684 3023; x_wconf 91' lang='lat' dir='ltr'>non</span> <span class='ocrx_word' id='word_1_227' title='bbox 723 2968 997 3034; x_wconf 90' lang='lat' dir='ltr'>valemus,</span> <span class='ocrx_word' id='word_1_228' title='bbox 1050 2982 1180 3021; x_wconf 91' lang='lat' dir='ltr'>cum</span> <span class='ocrx_word' id='word_1_229' title='bbox 1221 2967 1478 3038; x_wconf 85' lang='lat' dir='ltr'>ejusdem</span> <span class='ocrx_word' id='word_1_230' title='bbox 1518 2969 1730 3039; x_wconf 65' lang='lat' dir='ltr'>linguae</span> <span class='ocrx_word' id='word_1_231' title='bbox 1780 2970 1977 3037; x_wconf 90' lang='lat' dir='ltr'>simus,</span> <span class='ocrx_word' id='word_1_232' title='bbox 2020 2972 2097 3026; x_wconf 88' lang='lat' dir='ltr'>lo-</span> 
     </span>
    </p>
   </div>
   <div class='ocr_carea' id='block_1_32' title="bbox 402 3055 1349 3130">
    <p class='ocr_par' dir='ltr' id='par_1_32' title="bbox 402 3055 1349 3130">
     <span class='ocr_line' id='line_1_32' title="bbox 402 3055 1349 3130; baseline -0.003 -17"><span class='ocrx_word' id='word_1_233' title='bbox 402 3058 705 3130; x_wconf 92' lang='lat' dir='ltr'>quentium</span> <span class='ocrx_word' id='word_1_234' title='bbox 717 3055 967 3126; x_wconf 87' lang='lat' dir='ltr'>cogitata</span> <span class='ocrx_word' id='word_1_235' title='bbox 987 3071 1349 3125; x_wconf 88' lang='lat' dir='ltr'>cognoscere.</span> 
     </span>
    </p>
   </div>
   <div class='ocr_carea' id='block_1_33' title="bbox 472 3142 2100 3213">
    <p class='ocr_par' dir='ltr' id='par_1_33' title="bbox 472 3142 2100 3213">
     <span class='ocr_line' id='line_1_33' title="bbox 472 3142 2100 3213; baseline 0.002 -14"><span class='ocrx_word' id='word_1_236' title='bbox 472 3147 562 3200; x_wconf 79' lang='grc'><strong>45.</strong></span> <span class='ocrx_word' id='word_1_237' title='bbox 593 3144 704 3199; x_wconf 89' lang='lat' dir='ltr'>Sed</span> <span class='ocrx_word' id='word_1_238' title='bbox 754 3158 879 3197; x_wconf 91' lang='lat' dir='ltr'>ecce</span> <span class='ocrx_word' id='word_1_239' title='bbox 908 3143 1031 3213; x_wconf 88' lang='lat' dir='ltr'>jam</span> <span class='ocrx_word' id='word_1_240' title='bbox 1072 3142 1302 3197; x_wconf 86' lang='lat' dir='ltr'>remitto</span> <span class='ocrx_word' id='word_1_241' title='bbox 1333 3148 1390 3198; x_wconf 90' lang='lat' dir='ltr'>et</span> <span class='ocrx_word' id='word_1_242' title='bbox 1437 3145 1703 3213; x_wconf 90' lang='lat' dir='ltr'>concedo,</span> <span class='ocrx_word' id='word_1_243' title='bbox 1754 3163 1884 3201; x_wconf 92' lang='lat' dir='ltr'>cum</span> <span class='ocrx_word' id='word_1_244' title='bbox 1926 3148 2100 3202; x_wconf 91' lang='lat' dir='ltr'>verba</span> 
     </span>
    </p>
   </div>
   <div class='ocr_carea' id='block_1_34' title="bbox 406 3230 2098 3307">
    <p class='ocr_par' dir='ltr' id='par_1_34' title="bbox 406 3230 2098 3307">
     <span class='ocr_line' id='line_1_34' title="bbox 406 3230 2098 3307; baseline 0.002 -19"><span class='ocrx_word' id='word_1_245' title='bbox 406 3233 531 3304; x_wconf 86' lang='lat' dir='ltr'>ejus</span> <span class='ocrx_word' id='word_1_246' title='bbox 580 3230 779 3286; x_wconf 91' lang='lat' dir='ltr'>auditu</span> <span class='ocrx_word' id='word_1_247' title='bbox 826 3230 918 3285; x_wconf 88' lang='lat' dir='ltr'>cui</span> <span class='ocrx_word' id='word_1_248' title='bbox 972 3234 1108 3284; x_wconf 90' lang='lat' dir='ltr'>nota</span> <span class='ocrx_word' id='word_1_249' title='bbox 1167 3236 1319 3296; x_wconf 88' lang='lat' dir='ltr'>sunt,</span> <span class='ocrx_word' id='word_1_250' title='bbox 1377 3238 1606 3304; x_wconf 90' lang='lat' dir='ltr'>accepta</span> <span class='ocrx_word' id='word_1_251' title='bbox 1649 3234 1883 3300; x_wconf 82' lang='lat' dir='ltr'>fuerint,</span> <span class='ocrx_word' id='word_1_252' title='bbox 1933 3253 2098 3307; x_wconf 89' lang='lat' dir='ltr'>posse</span> 
     </span>
    </p>
   </div>
   <div class='ocr_carea' id='block_1_35' title="bbox 401 3318 2100 3395">
    <p class='ocr_par' dir='ltr' id='par_1_35' title="bbox 401 3318 2100 3395">
     <span class='ocr_line' id='line_1_35' title="bbox 401 3318 2100 3395; baseline 0.002 -20"><span class='ocrx_word' id='word_1_253' title='bbox 401 3320 485 3375; x_wconf 92' lang='lat' dir='ltr'>illi</span> <span class='ocrx_word' id='word_1_254' title='bbox 515 3337 637 3375; x_wconf 89' lang='lat' dir='ltr'>esse</span> <span class='ocrx_word' id='word_1_255' title='bbox 688 3324 890 3374; x_wconf 92' lang='lat' dir='ltr'>notum</span> <span class='ocrx_word' id='word_1_256' title='bbox 915 3319 986 3388; x_wconf 83' lang='lat' dir='ltr'>de</span> <span class='ocrx_word' id='word_1_257' title='bbox 1018 3318 1086 3373; x_wconf 92' lang='lat' dir='ltr'>iis</span> <span class='ocrx_word' id='word_1_258' title='bbox 1125 3319 1294 3374; x_wconf 82' lang='lat' dir='ltr'>rebus</span> <span class='ocrx_word' id='word_1_259' title='bbox 1323 3336 1463 3391; x_wconf 90' lang='lat' dir='ltr'>quas</span> <span class='ocrx_word' id='word_1_260' title='bbox 1484 3322 1826 3392; x_wconf 83' lang='lat' dir='ltr'>signiﬁcant,</span> <span class='ocrx_word' id='word_1_261' title='bbox 1867 3324 2100 3395; x_wconf 86' lang='lat' dir='ltr'>loquen-</span> 
     </span>
    </p>
   </div>
   <div class='ocr_carea' id='block_1_36' title="bbox 400 3406 2095 3482">
    <p class='ocr_par' dir='ltr' id='par_1_36' title="bbox 400 3406 2095 3482">
     <span class='ocr_line' id='line_1_36' title="bbox 400 3406 2095 3482; baseline 0.001 -20"><span class='ocrx_word' id='word_1_262' title='bbox 400 3412 518 3462; x_wconf 91' lang='lat' dir='ltr'>tem</span> <span class='ocrx_word' id='word_1_263' title='bbox 546 3406 913 3478; x_wconf 88' lang='lat' dir='ltr'>cogitavisse:</span> <span class='ocrx_word' id='word_1_264' title='bbox 947 3422 1086 3460; x_wconf 91' lang='lat' dir='ltr'>num</span> <span class='ocrx_word' id='word_1_265' title='bbox 1138 3406 1264 3463; x_wconf 90' lang='lat' dir='ltr'>ideo</span> <span class='ocrx_word' id='word_1_266' title='bbox 1305 3408 1479 3463; x_wconf 91' lang='lat' dir='ltr'>etiam</span> <span class='ocrx_word' id='word_1_267' title='bbox 1515 3409 1666 3481; x_wconf 90' lang='lat' dir='ltr'>quod</span> <span class='ocrx_word' id='word_1_268' title='bbox 1700 3426 1850 3465; x_wconf 92' lang='lat' dir='ltr'>nunc</span> <span class='ocrx_word' id='word_1_269' title='bbox 1888 3411 2095 3482; x_wconf 83' lang='lat' dir='ltr'>quaeri-</span> 
     </span>
    </p>
   </div>
   <div class='ocr_carea' id='block_1_37' title="bbox 398 3494 1391 3565">
    <p class='ocr_par' dir='ltr' id='par_1_37' title="bbox 398 3494 1391 3565">
     <span class='ocr_line' id='line_1_37' title="bbox 398 3494 1391 3565; baseline -0.001 -14"><span class='ocrx_word' id='word_1_270' title='bbox 398 3502 512 3563; x_wconf 89' lang='lat' dir='ltr'>tur,</span> <span class='ocrx_word' id='word_1_271' title='bbox 539 3501 732 3550; x_wconf 90' lang='lat' dir='ltr'>utrum</span> <span class='ocrx_word' id='word_1_272' title='bbox 758 3512 891 3551; x_wconf 89' lang='lat' dir='ltr'>vera</span> <span class='ocrx_word' id='word_1_273' title='bbox 919 3494 1144 3565; x_wconf 87' lang='lat' dir='ltr'>dixerit,</span> <span class='ocrx_word' id='word_1_274' title='bbox 1170 3495 1391 3551; x_wconf 82' lang='lat' dir='ltr'>discit?</span> 
     </span>
    </p>
   </div>
   <div class='ocr_carea' id='block_1_38' title="bbox 400 3583 2100 3656">
    <p class='ocr_par' dir='ltr' id='par_1_38' title="bbox 400 3583 2100 3656">
     <span class='ocr_line' id='line_1_38' title="bbox 400 3583 2100 3656; baseline 0.001 -17"><span class='ocrx_word' id='word_1_275' title='bbox 400 3584 627 3640; x_wconf 83' lang='lat' dir='ltr'>CAPUT</span> <span class='ocrx_word' id='word_1_276' title='bbox 656 3585 789 3640; x_wconf 83' lang='lat' dir='ltr'>XIV.</span> <span class='ocrx_word' id='word_1_277' title='bbox 820 3613 887 3625; x_wconf 90' lang='lat'><strong>—</strong></span> <span class='ocrx_word' id='word_1_278' title='bbox 918 3583 1165 3640; x_wconf 80' lang='lat' dir='ltr'>Christus</span> <span class='ocrx_word' id='word_1_279' title='bbox 1195 3586 1340 3638; x_wconf 76' lang='lat' dir='ltr'>intus</span> <span class='ocrx_word' id='word_1_280' title='bbox 1362 3584 1528 3649; x_wconf 83' lang='lat' dir='ltr'>docet,</span> <span class='ocrx_word' id='word_1_281' title='bbox 1565 3584 1723 3639; x_wconf 87' lang='lat' dir='ltr'>homo</span> <span class='ocrx_word' id='word_1_282' title='bbox 1752 3585 1930 3640; x_wconf 78' lang='lat' dir='ltr'>verbis</span> <span class='ocrx_word' id='word_1_283' title='bbox 1954 3585 2100 3656; x_wconf 75' lang='lat' dir='ltr'>foris</span> 
     </span>
    </p>
   </div>
   <div class='ocr_carea' id='block_1_39' title="bbox 1108 3672 1383 3728">
    <p class='ocr_par' dir='ltr' id='par_1_39' title="bbox 1108 3672 1383 3728">
     <span class='ocr_line' id='line_1_39' title="bbox 1108 3672 1383 3728; baseline 0 -2"><span class='ocrx_word' id='word_1_284' title='bbox 1108 3672 1383 3728; x_wconf 81' lang='lat' dir='ltr'>admonet.</span> 
     </span>
    </p>
   </div>
   <div class='ocr_carea' id='block_1_40' title="bbox 473 3758 2092 3831">
    <p class='ocr_par' dir='ltr' id='par_1_40' title="bbox 473 3758 2092 3831">
     <span class='ocr_line' id='line_1_40' title="bbox 473 3758 2092 3831; baseline -0.001 -15"><span class='ocrx_word' id='word_1_285' title='bbox 473 3762 623 3816; x_wconf 88' lang='lat' dir='ltr'>Num</span> <span class='ocrx_word' id='word_1_286' title='bbox 675 3761 782 3815; x_wconf 91' lang='lat' dir='ltr'>hoc</span> <span class='ocrx_word' id='word_1_287' title='bbox 819 3758 1079 3830; x_wconf 88' lang='lat' dir='ltr'>magistri</span> <span class='ocrx_word' id='word_1_288' title='bbox 1115 3760 1479 3829; x_wconf 88' lang='lat' dir='ltr'>proﬁtentur,</span> <span class='ocrx_word' id='word_1_289' title='bbox 1513 3762 1577 3813; x_wconf 90' lang='lat' dir='ltr'>ut</span> <span class='ocrx_word' id='word_1_290' title='bbox 1604 3760 1846 3831; x_wconf 89' lang='lat' dir='ltr'>cogitata</span> <span class='ocrx_word' id='word_1_291' title='bbox 1876 3776 2092 3827; x_wconf 90' lang='lat' dir='ltr'>eorum,</span> 
     </span>
    </p>
   </div>
   <div class='ocr_carea' id='block_1_41' title="bbox 399 3845 2097 3918">
    <p class='ocr_par' dir='ltr' id='par_1_41' title="bbox 399 3845 2097 3918">
     <span class='ocr_line' id='line_1_41' title="bbox 399 3845 2097 3918; baseline 0 -16"><span class='ocrx_word' id='word_1_292' title='bbox 399 3863 463 3903; x_wconf 88' lang='lat' dir='ltr'>ac</span> <span class='ocrx_word' id='word_1_293' title='bbox 491 3864 607 3902; x_wconf 94' lang='lat' dir='ltr'>non</span> <span class='ocrx_word' id='word_1_294' title='bbox 638 3847 776 3917; x_wconf 71' lang='lat' dir='ltr'>ipsae.</span> <span class='ocrx_word' id='word_1_295' title='bbox 804 3845 1121 3916; x_wconf 66' lang='lat' dir='ltr'>disciplinae</span> <span class='ocrx_word' id='word_1_296' title='bbox 1151 3863 1293 3917; x_wconf 90' lang='lat' dir='ltr'>quas</span> <span class='ocrx_word' id='word_1_297' title='bbox 1321 3846 1606 3916; x_wconf 88' lang='lat' dir='ltr'>loquendo</span> <span class='ocrx_word' id='word_1_298' title='bbox 1639 3862 1696 3899; x_wconf 92' lang='lat' dir='ltr'>se</span> <span class='ocrx_word' id='word_1_299' title='bbox 1724 3847 1945 3901; x_wconf 90' lang='lat' dir='ltr'>tradere</span> <span class='ocrx_word' id='word_1_300' title='bbox 1990 3864 2097 3918; x_wconf 89' lang='lat' dir='ltr'>pu-</span> 
     </span>
    </p>
   </div>
   <div class='ocr_carea' id='block_1_42' title="bbox 400 3932 2098 4005">
    <p class='ocr_par' dir='ltr' id='par_1_42' title="bbox 400 3932 2098 4005">
     <span class='ocr_line' id='line_1_42' title="bbox 400 3932 2098 4005; baseline 0 -15"><span class='ocrx_word' id='word_1_301' title='bbox 400 3940 549 4001; x_wconf 90' lang='lat' dir='ltr'>tant,</span> <span class='ocrx_word' id='word_1_302' title='bbox 580 3932 973 4005; x_wconf 87' lang='lat' dir='ltr'>percipiantur</span> <span class='ocrx_word' id='word_1_303' title='bbox 1020 3937 1192 4003; x_wconf 92' lang='lat' dir='ltr'>atque</span> <span class='ocrx_word' id='word_1_304' title='bbox 1233 3934 1574 3986; x_wconf 83' lang='lat' dir='ltr'>teneantur?</span> <span class='ocrx_word' id='word_1_305' title='bbox 1612 3934 1753 3987; x_wconf 89' lang='lat' dir='ltr'>Nam</span> <span class='ocrx_word' id='word_1_306' title='bbox 1803 3935 1930 4004; x_wconf 90' lang='lat' dir='ltr'>quis</span> <span class='ocrx_word' id='word_1_307' title='bbox 1981 3940 2098 3990; x_wconf 91' lang='lat' dir='ltr'>tam</span> 
     </span>
    </p>
   </div>
   <div class='ocr_carea' id='block_1_43' title="bbox 401 4019 2096 4091">
    <p class='ocr_par' dir='ltr' id='par_1_43' title="bbox 401 4019 2096 4091">
     <span class='ocr_line' id='line_1_43' title="bbox 401 4019 2096 4091; baseline -0.001 -14"><span class='ocrx_word' id='word_1_308' title='bbox 401 4024 571 4077; x_wconf 89' lang='lat' dir='ltr'>stulte</span> <span class='ocrx_word' id='word_1_309' title='bbox 597 4021 854 4075; x_wconf 91' lang='lat' dir='ltr'>curiosus</span> <span class='ocrx_word' id='word_1_310' title='bbox 886 4023 986 4087; x_wconf 92' lang='lat' dir='ltr'>est,</span> <span class='ocrx_word' id='word_1_311' title='bbox 1046 4020 1145 4091; x_wconf 89' lang='lat' dir='ltr'>qui</span> <span class='ocrx_word' id='word_1_312' title='bbox 1181 4019 1364 4074; x_wconf 89' lang='lat' dir='ltr'>ﬁlium</span> <span class='ocrx_word' id='word_1_313' title='bbox 1410 4036 1579 4074; x_wconf 91' lang='lat' dir='ltr'>suum</span> <span class='ocrx_word' id='word_1_314' title='bbox 1618 4020 1803 4075; x_wconf 89' lang='lat' dir='ltr'>mittat</span> <span class='ocrx_word' id='word_1_315' title='bbox 1839 4021 1899 4075; x_wconf 89' lang='lat' dir='ltr'>in</span> <span class='ocrx_word' id='word_1_316' title='bbox 1931 4022 2096 4076; x_wconf 91' lang='lat' dir='ltr'>scho-</span> 
     </span>
    </p>
   </div>
   <div class='ocr_carea' id='block_1_44' title="bbox 399 4108 2097 4181">
    <p class='ocr_par' dir='ltr' id='par_1_44' title="bbox 399 4108 2097 4181">
     <span class='ocr_line' id='line_1_44' title="bbox 399 4108 2097 4181; baseline -0.001 -16"><span class='ocrx_word' id='word_1_317' title='bbox 399 4111 537 4177; x_wconf 87' lang='lat' dir='ltr'>lam,</span> <span class='ocrx_word' id='word_1_318' title='bbox 565 4114 629 4165; x_wconf 91' lang='lat' dir='ltr'>ut</span> <span class='ocrx_word' id='word_1_319' title='bbox 658 4108 796 4181; x_wconf 89' lang='lat' dir='ltr'>quid</span> <span class='ocrx_word' id='word_1_320' title='bbox 823 4108 1096 4178; x_wconf 89' lang='lat' dir='ltr'>magister</span> <span class='ocrx_word' id='word_1_321' title='bbox 1122 4108 1334 4178; x_wconf 90' lang='lat' dir='ltr'>cogitet</span> <span class='ocrx_word' id='word_1_322' title='bbox 1380 4108 1603 4163; x_wconf 79' lang='lat' dir='ltr'>discat?</span> <span class='ocrx_word' id='word_1_323' title='bbox 1627 4110 1699 4163; x_wconf 82' lang='lat' dir='ltr'>At</span> <span class='ocrx_word' id='word_1_324' title='bbox 1727 4108 1861 4163; x_wconf 89' lang='lat' dir='ltr'>istas</span> <span class='ocrx_word' id='word_1_325' title='bbox 1900 4126 2097 4164; x_wconf 87' lang='lat' dir='ltr'>omnes</span> 
     </span>
    </p>
   </div>
   <div class='ocr_carea' id='block_1_45' title="bbox 397 4196 2095 4269">
    <p class='ocr_par' dir='ltr' id='par_1_45' title="bbox 397 4196 2095 4269">
     <span class='ocr_line' id='line_1_45' title="bbox 397 4196 2095 4269; baseline -0.001 -17"><span class='ocrx_word' id='word_1_326' title='bbox 397 4198 727 4269; x_wconf 87' lang='lat' dir='ltr'>disciplinas</span> <span class='ocrx_word' id='word_1_327' title='bbox 757 4214 897 4269; x_wconf 89' lang='lat' dir='ltr'>quas</span> <span class='ocrx_word' id='word_1_328' title='bbox 935 4214 993 4251; x_wconf 89' lang='lat' dir='ltr'>se</span> <span class='ocrx_word' id='word_1_329' title='bbox 1045 4197 1248 4251; x_wconf 92' lang='lat' dir='ltr'>docere</span> <span class='ocrx_word' id='word_1_330' title='bbox 1283 4197 1606 4267; x_wconf 88' lang='lat' dir='ltr'>proﬁtetur,</span> <span class='ocrx_word' id='word_1_331' title='bbox 1644 4196 1935 4268; x_wconf 89' lang='lat' dir='ltr'>ipsiusque</span> <span class='ocrx_word' id='word_1_332' title='bbox 1982 4196 2095 4251; x_wconf 91' lang='lat' dir='ltr'>vir-</span> 
     </span>
    </p>
   </div>
   <div class='ocr_carea' id='block_1_46' title="bbox 396 4283 2096 4359">
    <p class='ocr_par' dir='ltr' id='par_1_46' title="bbox 396 4283 2096 4359">
     <span class='ocr_line' id='line_1_46' title="bbox 396 4283 2096 4359; baseline -0.002 -17"><span class='ocrx_word' id='word_1_333' title='bbox 396 4287 539 4342; x_wconf 89' lang='lat' dir='ltr'>tutis</span> <span class='ocrx_word' id='word_1_334' title='bbox 567 4292 737 4359; x_wconf 91' lang='lat' dir='ltr'>atque</span> <span class='ocrx_word' id='word_1_335' title='bbox 778 4285 1095 4357; x_wconf 52' lang='lat' dir='ltr'>sapientiai,</span> <span class='ocrx_word' id='word_1_336' title='bbox 1126 4300 1257 4339; x_wconf 89' lang='lat' dir='ltr'>cum</span> <span class='ocrx_word' id='word_1_337' title='bbox 1288 4284 1474 4338; x_wconf 89' lang='lat' dir='ltr'>verbis</span> <span class='ocrx_word' id='word_1_338' title='bbox 1505 4283 1938 4356; x_wconf 88' lang='lat' dir='ltr'>explicaverint;</span> <span class='ocrx_word' id='word_1_339' title='bbox 1972 4289 2096 4339; x_wconf 92' lang='lat' dir='ltr'>tum</span> 
     </span>
    </p>
   </div>
   <div class='ocr_carea' id='block_1_47' title="bbox 927 280 3397 353">
    <p class='ocr_par' dir='ltr' id='par_1_47' title="bbox 927 280 3397 353">
     <span class='ocr_line' id='line_1_47' title="bbox 927 280 3397 353; baseline -0.003 -7"><span class='ocrx_word' id='word_1_340' title='bbox 927 288 1327 347; x_wconf 86' lang='lat' dir='ltr'>ADMONITIO</span> <span class='ocrx_word' id='word_1_341' title='bbox 1367 288 1461 343; x_wconf 90' lang='lat' dir='ltr'>DE</span> <span class='ocrx_word' id='word_1_342' title='bbox 1501 285 1992 353; x_wconf 85' lang='lat' dir='ltr'>SEQUENTIBUS</span> <span class='ocrx_word' id='word_1_343' title='bbox 2029 282 2287 341; x_wconf 84' lang='lat' dir='ltr'>TRIBUS</span> <span class='ocrx_word' id='word_1_344' title='bbox 2326 284 2559 339; x_wconf 81' lang='lat' dir='ltr'>LIBRIS</span> <span class='ocrx_word' id='word_1_345' title='bbox 2598 283 2692 338; x_wconf 90' lang='lat' dir='ltr'>DE</span> <span class='ocrx_word' id='word_1_346' title='bbox 2733 280 2995 339; x_wconf 83' lang='lat' dir='ltr'>LIBERO</span> <span class='ocrx_word' id='word_1_347' title='bbox 3032 281 3397 339; x_wconf 79' lang='lat' dir='ltr'>ARBITRIO.</span> 
     </span>
    </p>
   </div>
   <div class='ocr_carea' id='block_1_48' title="bbox 3794 288 3933 339">
    <p class='ocr_par' dir='ltr' id='par_1_48' title="bbox 3794 288 3933 339">
     <span class='ocr_line' id='line_1_48' title="bbox 3794 288 3933 339; baseline -0.014 0"><span class='ocrx_word' id='word_1_348' title='bbox 3794 288 3933 339; x_wconf 70' lang='lat'>1220</span> 
     </span>
    </p>
   </div>
   <div class='ocr_carea' id='block_1_49' title="bbox 2221 407 3941 483">
    <p class='ocr_par' dir='ltr' id='par_1_49' title="bbox 2221 407 3941 483">
     <span class='ocr_line' id='line_1_49' title="bbox 2221 407 3941 483; baseline 0.002 -22"><span class='ocrx_word' id='word_1_349' title='bbox 2221 408 2303 463; x_wconf 90' lang='lat' dir='ltr'>illi</span> <span class='ocrx_word' id='word_1_350' title='bbox 2324 408 2421 480; x_wconf 89' lang='lat' dir='ltr'>qui</span> <span class='ocrx_word' id='word_1_351' title='bbox 2440 407 2703 479; x_wconf 89' lang='lat' dir='ltr'>discipuli</span> <span class='ocrx_word' id='word_1_352' title='bbox 2729 412 3020 474; x_wconf 89' lang='lat' dir='ltr'>vocantur,</span> <span class='ocrx_word' id='word_1_353' title='bbox 3052 412 3251 463; x_wconf 89' lang='lat' dir='ltr'>utrum</span> <span class='ocrx_word' id='word_1_354' title='bbox 3280 425 3415 464; x_wconf 82' lang='lat' dir='ltr'>vera</span> <span class='ocrx_word' id='word_1_355' title='bbox 3440 409 3592 465; x_wconf 90' lang='lat' dir='ltr'>dicta</span> <span class='ocrx_word' id='word_1_356' title='bbox 3608 410 3751 473; x_wconf 85' lang='lat' dir='ltr'>sint,</span> <span class='ocrx_word' id='word_1_357' title='bbox 3780 412 3941 483; x_wconf 89' lang='lat' dir='ltr'>apud</span> 
     </span>
    </p>
   </div>
   <div class='ocr_carea' id='block_1_50' title="bbox 2220 496 3940 569">
    <p class='ocr_par' dir='ltr' id='par_1_50' title="bbox 2220 496 3940 569">
     <span class='ocr_line' id='line_1_50' title="bbox 2220 496 3940 569; baseline 0.002 -17"><span class='ocrx_word' id='word_1_358' title='bbox 2220 498 2555 569; x_wconf 86' lang='lat' dir='ltr'>semetipsos</span> <span class='ocrx_word' id='word_1_359' title='bbox 2593 496 2979 564; x_wconf 88' lang='lat' dir='ltr'>considerant,</span> <span class='ocrx_word' id='word_1_360' title='bbox 3021 497 3359 554; x_wconf 89' lang='lat' dir='ltr'>interiorem</span> <span class='ocrx_word' id='word_1_361' title='bbox 3391 501 3607 555; x_wconf 90' lang='lat' dir='ltr'>scilicet</span> <span class='ocrx_word' id='word_1_362' title='bbox 3637 502 3810 555; x_wconf 85' lang='lat' dir='ltr'>illam</span> <span class='ocrx_word' id='word_1_363' title='bbox 3842 519 3940 556; x_wconf 77' lang='lat' dir='ltr'>ve-</span> 
     </span>
    </p>
   </div>
   <div class='ocr_carea' id='block_1_51' title="bbox 2218 586 3943 661">
    <p class='ocr_par' dir='ltr' id='par_1_51' title="bbox 2218 586 3943 661">
     <span class='ocr_line' id='line_1_51' title="bbox 2218 586 3943 661; baseline 0.002 -20"><span class='ocrx_word' id='word_1_364' title='bbox 2218 587 2445 642; x_wconf 87' lang='lat' dir='ltr'>ritatem</span> <span class='ocrx_word' id='word_1_365' title='bbox 2477 604 2581 658; x_wconf 94' lang='lat' dir='ltr'>pro</span> <span class='ocrx_word' id='word_1_366' title='bbox 2612 587 2825 641; x_wconf 88' lang='lat' dir='ltr'>viribus</span> <span class='ocrx_word' id='word_1_367' title='bbox 2856 586 3165 642; x_wconf 88' lang='lat' dir='ltr'>intuentes.</span> <span class='ocrx_word' id='word_1_368' title='bbox 3204 590 3360 643; x_wconf 91' lang='lat' dir='ltr'>Tunc</span> <span class='ocrx_word' id='word_1_369' title='bbox 3406 606 3541 661; x_wconf 89' lang='lat' dir='ltr'>ergo</span> <span class='ocrx_word' id='word_1_370' title='bbox 3574 592 3853 646; x_wconf 86' lang='lat' dir='ltr'>discunt:</span> <span class='ocrx_word' id='word_1_371' title='bbox 3886 597 3943 645; x_wconf 89' lang='lat' dir='ltr'>et</span> 
     </span>
    </p>
   </div>
   <div class='ocr_carea' id='block_1_52' title="bbox 2218 677 3941 747">
    <p class='ocr_par' dir='ltr' id='par_1_52' title="bbox 2218 677 3941 747">
     <span class='ocr_line' id='line_1_52' title="bbox 2218 677 3941 747; baseline 0.003 -18"><span class='ocrx_word' id='word_1_372' title='bbox 2218 694 2349 732; x_wconf 86' lang='lat' dir='ltr'>cum</span> <span class='ocrx_word' id='word_1_373' title='bbox 2382 695 2513 733; x_wconf 87' lang='lat' dir='ltr'>vera</span> <span class='ocrx_word' id='word_1_374' title='bbox 2556 678 2703 732; x_wconf 89' lang='lat' dir='ltr'>dicta</span> <span class='ocrx_word' id='word_1_375' title='bbox 2748 693 2870 731; x_wconf 91' lang='lat' dir='ltr'>esse</span> <span class='ocrx_word' id='word_1_376' title='bbox 2932 677 3086 731; x_wconf 90' lang='lat' dir='ltr'>intus</span> <span class='ocrx_word' id='word_1_377' title='bbox 3129 679 3475 747; x_wconf 90' lang='lat' dir='ltr'>invenerint,</span> <span class='ocrx_word' id='word_1_378' title='bbox 3525 682 3805 745; x_wconf 86' lang='lat' dir='ltr'>laudant,</span> <span class='ocrx_word' id='word_1_379' title='bbox 3843 697 3941 735; x_wconf 84' lang='lat' dir='ltr'>ne-</span> 
     </span>
    </p>
   </div>
   <div class='ocr_carea' id='block_1_53' title="bbox 2218 766 3947 840">
    <p class='ocr_par' dir='ltr' id='par_1_53' title="bbox 2218 766 3947 840">
     <span class='ocr_line' id='line_1_53' title="bbox 2218 766 3947 840; baseline 0.002 -20"><span class='ocrx_word' id='word_1_380' title='bbox 2218 766 2457 821; x_wconf 89' lang='lat' dir='ltr'>scientes</span> <span class='ocrx_word' id='word_1_381' title='bbox 2488 784 2604 821; x_wconf 93' lang='lat' dir='ltr'>non</span> <span class='ocrx_word' id='word_1_382' title='bbox 2635 783 2693 821; x_wconf 92' lang='lat' dir='ltr'>se</span> <span class='ocrx_word' id='word_1_383' title='bbox 2724 767 2981 821; x_wconf 91' lang='lat' dir='ltr'>doctores</span> <span class='ocrx_word' id='word_1_384' title='bbox 3012 767 3203 838; x_wconf 90' lang='lat' dir='ltr'>potius</span> <span class='ocrx_word' id='word_1_385' title='bbox 3234 768 3469 822; x_wconf 88' lang='lat' dir='ltr'>laudare</span> <span class='ocrx_word' id='word_1_386' title='bbox 3492 786 3669 840; x_wconf 90' lang='lat' dir='ltr'>quam</span> <span class='ocrx_word' id='word_1_387' title='bbox 3701 770 3947 837; x_wconf 72' lang='lat' dir='ltr'>doctos1</span> 
     </span>
    </p>
   </div>
   <div class='ocr_carea' id='block_1_54' title="bbox 2216 855 3940 926">
    <p class='ocr_par' dir='ltr' id='par_1_54' title="bbox 2216 855 3940 926">
     <span class='ocr_line' id='line_1_54' title="bbox 2216 855 3940 926; baseline 0.002 -17"><span class='ocrx_word' id='word_1_388' title='bbox 2216 855 2263 909; x_wconf 92' lang='lat' dir='ltr'>si</span> <span class='ocrx_word' id='word_1_389' title='bbox 2294 861 2492 910; x_wconf 90' lang='lat' dir='ltr'>tamen</span> <span class='ocrx_word' id='word_1_390' title='bbox 2519 860 2575 910; x_wconf 91' lang='lat' dir='ltr'>et</span> <span class='ocrx_word' id='word_1_391' title='bbox 2600 856 2681 910; x_wconf 92' lang='lat' dir='ltr'>illi</span> <span class='ocrx_word' id='word_1_392' title='bbox 2716 856 2870 926; x_wconf 91' lang='lat' dir='ltr'>quod</span> <span class='ocrx_word' id='word_1_393' title='bbox 2898 856 3214 926; x_wconf 89' lang='lat' dir='ltr'>loquuntur</span> <span class='ocrx_word' id='word_1_394' title='bbox 3252 856 3456 913; x_wconf 92' lang='lat' dir='ltr'>sciunt.</span> <span class='ocrx_word' id='word_1_395' title='bbox 3497 859 3822 912; x_wconf 87' lang='lat' dir='ltr'>Falluntur</span> <span class='ocrx_word' id='word_1_396' title='bbox 3853 874 3940 912; x_wconf 85' lang='lat' dir='ltr'>au-</span> 
     </span>
    </p>
   </div>
   <div class='ocr_carea' id='block_1_55' title="bbox 2214 943 3944 1018">
    <p class='ocr_par' dir='ltr' id='par_1_55' title="bbox 2214 943 3944 1018">
     <span class='ocr_line' id='line_1_55' title="bbox 2214 943 3944 1018; baseline 0.002 -22"><span class='ocrx_word' id='word_1_397' title='bbox 2214 946 2331 997; x_wconf 89' lang='lat' dir='ltr'>tem</span> <span class='ocrx_word' id='word_1_398' title='bbox 2362 943 2645 1010; x_wconf 90' lang='lat' dir='ltr'>homines,</span> <span class='ocrx_word' id='word_1_399' title='bbox 2680 950 2742 997; x_wconf 90' lang='lat' dir='ltr'>ut</span> <span class='ocrx_word' id='word_1_400' title='bbox 2789 960 2883 997; x_wconf 92' lang='lat' dir='ltr'>eos</span> <span class='ocrx_word' id='word_1_401' title='bbox 2932 944 3032 1015; x_wconf 88' lang='lat' dir='ltr'>qui</span> <span class='ocrx_word' id='word_1_402' title='bbox 3063 961 3182 999; x_wconf 93' lang='lat' dir='ltr'>non</span> <span class='ocrx_word' id='word_1_403' title='bbox 3219 946 3671 1018; x_wconf 89' lang='lat' dir='ltr'>suntmagistros</span> <span class='ocrx_word' id='word_1_404' title='bbox 3704 952 3944 1013; x_wconf 78' lang='lat' dir='ltr'>vocent,</span> 
     </span>
    </p>
   </div>
   <div class='ocr_carea' id='block_1_56' title="bbox 2216 1029 3943 1105">
    <p class='ocr_par' dir='ltr' id='par_1_56' title="bbox 2216 1029 3943 1105">
     <span class='ocr_line' id='line_1_56' title="bbox 2216 1029 3943 1105; baseline 0.003 -22"><span class='ocrx_word' id='word_1_405' title='bbox 2216 1029 2315 1099; x_wconf 89' lang='lat' dir='ltr'>qui</span> <span class='ocrx_word' id='word_1_406' title='bbox 2346 1031 2689 1101; x_wconf 90' lang='lat' dir='ltr'>plerumque</span> <span class='ocrx_word' id='word_1_407' title='bbox 2718 1030 2872 1085; x_wconf 89' lang='lat' dir='ltr'>inter</span> <span class='ocrx_word' id='word_1_408' title='bbox 2902 1035 3130 1104; x_wconf 90' lang='lat' dir='ltr'>tempus</span> <span class='ocrx_word' id='word_1_409' title='bbox 3160 1034 3464 1089; x_wconf 89' lang='lat' dir='ltr'>locutionis</span> <span class='ocrx_word' id='word_1_410' title='bbox 3502 1041 3557 1089; x_wconf 87' lang='lat' dir='ltr'>et</span> <span class='ocrx_word' id='word_1_411' title='bbox 3589 1040 3847 1105; x_wconf 85' lang='lat' dir='ltr'>tempus</span> <span class='ocrx_word' id='word_1_412' title='bbox 3862 1052 3943 1088; x_wconf 89' lang='lat' dir='ltr'>co-</span> 
     </span>
    </p>
   </div>
   <div class='ocr_carea' id='block_1_57' title="bbox 2215 1117 3945 1193">
    <p class='ocr_par' dir='ltr' id='par_1_57' title="bbox 2215 1117 3945 1193">
     <span class='ocr_line' id='line_1_57' title="bbox 2215 1117 3945 1193; baseline 0.002 -23"><span class='ocrx_word' id='word_1_413' title='bbox 2215 1117 2505 1186; x_wconf 80' lang='lat' dir='ltr'>gnitionis,</span> <span class='ocrx_word' id='word_1_414' title='bbox 2541 1119 2699 1173; x_wconf 90' lang='lat' dir='ltr'>nulla</span> <span class='ocrx_word' id='word_1_415' title='bbox 2731 1135 2891 1173; x_wconf 90' lang='lat' dir='ltr'>mora</span> <span class='ocrx_word' id='word_1_416' title='bbox 2921 1119 3345 1191; x_wconf 72' lang='lat' dir='ltr'>interponitur;</span> <span class='ocrx_word' id='word_1_417' title='bbox 3376 1127 3431 1175; x_wconf 90' lang='lat' dir='ltr'>et</span> <span class='ocrx_word' id='word_1_418' title='bbox 3487 1122 3787 1193; x_wconf 88' lang='lat' dir='ltr'>quoniam</span> <span class='ocrx_word' id='word_1_419' title='bbox 3818 1130 3945 1193; x_wconf 84' lang='lat' dir='ltr'>post</span> 
     </span>
    </p>
   </div>
   <div class='ocr_carea' id='block_1_58' title="bbox 2215 1207 3941 1277">
    <p class='ocr_par' dir='ltr' id='par_1_58' title="bbox 2215 1207 3941 1277">
     <span class='ocr_line' id='line_1_58' title="bbox 2215 1207 3941 1277; baseline 0.003 -18"><span class='ocrx_word' id='word_1_420' title='bbox 2215 1207 2671 1262; x_wconf 90' lang='lat' dir='ltr'>admonitionem</span> <span class='ocrx_word' id='word_1_421' title='bbox 2699 1208 3131 1263; x_wconf 84' lang='lat' dir='ltr'>sermocinantis</span> <span class='ocrx_word' id='word_1_422' title='bbox 3165 1210 3276 1263; x_wconf 84' lang='lat' dir='ltr'>cito</span> <span class='ocrx_word' id='word_1_423' title='bbox 3317 1211 3469 1265; x_wconf 87' lang='lat' dir='ltr'>intus</span> <span class='ocrx_word' id='word_1_424' title='bbox 3499 1211 3771 1277; x_wconf 86' lang='lat' dir='ltr'>discunt,</span> <span class='ocrx_word' id='word_1_425' title='bbox 3810 1212 3941 1265; x_wconf 81' lang='lat' dir='ltr'>foris</span> 
     </span>
    </p>
   </div>
   <div class='ocr_carea' id='block_1_59' title="bbox 2214 1296 3649 1367">
    <p class='ocr_par' dir='ltr' id='par_1_59' title="bbox 2214 1296 3649 1367">
     <span class='ocr_line' id='line_1_59' title="bbox 2214 1296 3649 1367; baseline 0.001 -18"><span class='ocrx_word' id='word_1_426' title='bbox 2214 1310 2273 1349; x_wconf 91' lang='lat' dir='ltr'>se</span> <span class='ocrx_word' id='word_1_427' title='bbox 2306 1296 2377 1350; x_wconf 91' lang='lat' dir='ltr'>ab</span> <span class='ocrx_word' id='word_1_428' title='bbox 2399 1312 2465 1349; x_wconf 91' lang='lat' dir='ltr'>eo</span> <span class='ocrx_word' id='word_1_429' title='bbox 2500 1296 2599 1367; x_wconf 89' lang='lat' dir='ltr'>qui</span> <span class='ocrx_word' id='word_1_430' title='bbox 2629 1296 2949 1362; x_wconf 89' lang='lat' dir='ltr'>admonuit,</span> <span class='ocrx_word' id='word_1_431' title='bbox 2983 1296 3243 1351; x_wconf 90' lang='lat' dir='ltr'>didicisse</span> <span class='ocrx_word' id='word_1_432' title='bbox 3274 1297 3649 1352; x_wconf 89' lang='lat' dir='ltr'>arbitrantur.</span> 
     </span>
    </p>
   </div>
   <div class='ocr_carea' id='block_1_60' title="bbox 2284 1383 3939 1455">
    <p class='ocr_par' dir='ltr' id='par_1_60' title="bbox 2284 1383 3939 1455">
     <span class='ocr_line' id='line_1_60' title="bbox 2284 1383 3939 1455; baseline 0 -18"><span class='ocrx_word' id='word_1_433' title='bbox 2284 1385 2372 1437; x_wconf 84' lang='grc'>46.</span> <span class='ocrx_word' id='word_1_434' title='bbox 2406 1383 2512 1437; x_wconf 90' lang='lat' dir='ltr'>Sed</span> <span class='ocrx_word' id='word_1_435' title='bbox 2544 1384 2612 1438; x_wconf 92' lang='lat' dir='ltr'>de</span> <span class='ocrx_word' id='word_1_436' title='bbox 2664 1387 2783 1438; x_wconf 87' lang='lat' dir='ltr'>tota</span> <span class='ocrx_word' id='word_1_437' title='bbox 2829 1383 3072 1438; x_wconf 91' lang='lat' dir='ltr'>utilitate</span> <span class='ocrx_word' id='word_1_438' title='bbox 3128 1384 3450 1445; x_wconf 88' lang='lat' dir='ltr'>verborum,</span> <span class='ocrx_word' id='word_1_439' title='bbox 3497 1401 3631 1455; x_wconf 75' lang='lat' dir='ltr'>quae</span> <span class='ocrx_word' id='word_1_440' title='bbox 3688 1384 3746 1438; x_wconf 86' lang='lat' dir='ltr'>si</span> <span class='ocrx_word' id='word_1_441' title='bbox 3802 1384 3939 1438; x_wconf 78' lang='lat' dir='ltr'>bene</span> 
     </span>
    </p>
   </div>
   <div class='ocr_carea' id='block_1_61' title="bbox 2214 1470 3937 1542">
    <p class='ocr_par' dir='ltr' id='par_1_61' title="bbox 2214 1470 3937 1542">
     <span class='ocr_line' id='line_1_61' title="bbox 2214 1470 3937 1542; baseline 0.001 -18"><span class='ocrx_word' id='word_1_442' title='bbox 2214 1470 2609 1525; x_wconf 90' lang='lat' dir='ltr'>consideretur</span> <span class='ocrx_word' id='word_1_443' title='bbox 2655 1488 2771 1526; x_wconf 91' lang='lat' dir='ltr'>non</span> <span class='ocrx_word' id='word_1_444' title='bbox 2821 1488 2993 1542; x_wconf 89' lang='lat' dir='ltr'>parva</span> <span class='ocrx_word' id='word_1_445' title='bbox 3051 1476 3154 1537; x_wconf 89' lang='lat' dir='ltr'>est,</span> <span class='ocrx_word' id='word_1_446' title='bbox 3190 1471 3349 1538; x_wconf 84' lang='lat' dir='ltr'>alias,</span> <span class='ocrx_word' id='word_1_447' title='bbox 3393 1473 3439 1525; x_wconf 90' lang='lat' dir='ltr'>si</span> <span class='ocrx_word' id='word_1_448' title='bbox 3487 1474 3642 1527; x_wconf 89' lang='lat' dir='ltr'>Deus</span> <span class='ocrx_word' id='word_1_449' title='bbox 3715 1472 3937 1533; x_wconf 73' lang='lat' dir='ltr'>siverit.</span> 
     </span>
    </p>
   </div>
   <div class='ocr_carea' id='block_1_62' title="bbox 2212 1558 3939 1631">
    <p class='ocr_par' dir='ltr' id='par_1_62' title="bbox 2212 1558 3939 1631">
     <span class='ocr_line' id='line_1_62' title="bbox 2212 1558 3939 1631; baseline 0.001 -20"><span class='ocrx_word' id='word_1_450' title='bbox 2212 1558 2590 1629; x_wconf 89' lang='lat' dir='ltr'>requiremus.</span> <span class='ocrx_word' id='word_1_451' title='bbox 2642 1560 2803 1613; x_wconf 88' lang='lat' dir='ltr'>Nunc</span> <span class='ocrx_word' id='word_1_452' title='bbox 2869 1558 3023 1613; x_wconf 90' lang='lat' dir='ltr'>enim</span> <span class='ocrx_word' id='word_1_453' title='bbox 3053 1575 3125 1613; x_wconf 92' lang='lat' dir='ltr'>ne</span> <span class='ocrx_word' id='word_1_454' title='bbox 3179 1560 3309 1629; x_wconf 90' lang='lat' dir='ltr'>plus</span> <span class='ocrx_word' id='word_1_455' title='bbox 3364 1560 3445 1613; x_wconf 89' lang='lat' dir='ltr'>eis</span> <span class='ocrx_word' id='word_1_456' title='bbox 3477 1576 3659 1631; x_wconf 90' lang='lat' dir='ltr'>quam</span> <span class='ocrx_word' id='word_1_457' title='bbox 3705 1566 3939 1629; x_wconf 83' lang='lat' dir='ltr'>oportet</span> 
     </span>
    </p>
   </div>
   <div class='ocr_carea' id='block_1_63' title="bbox 2213 1646 3939 1719">
    <p class='ocr_par' dir='ltr' id='par_1_63' title="bbox 2213 1646 3939 1719">
     <span class='ocr_line' id='line_1_63' title="bbox 2213 1646 3939 1719; baseline 0.001 -21"><span class='ocrx_word' id='word_1_458' title='bbox 2213 1646 2620 1709; x_wconf 89' lang='lat' dir='ltr'>tribueremus,</span> <span class='ocrx_word' id='word_1_459' title='bbox 2679 1647 2953 1701; x_wconf 90' lang='lat' dir='ltr'>admonui</span> <span class='ocrx_word' id='word_1_460' title='bbox 2996 1651 3086 1713; x_wconf 91' lang='lat' dir='ltr'>te;</span> <span class='ocrx_word' id='word_1_461' title='bbox 3132 1651 3197 1701; x_wconf 93' lang='lat' dir='ltr'>ut</span> <span class='ocrx_word' id='word_1_462' title='bbox 3232 1649 3355 1719; x_wconf 88' lang='lat' dir='ltr'>jam</span> <span class='ocrx_word' id='word_1_463' title='bbox 3400 1665 3517 1703; x_wconf 90' lang='lat' dir='ltr'>non</span> <span class='ocrx_word' id='word_1_464' title='bbox 3552 1648 3939 1702; x_wconf 72' lang='lat' dir='ltr'>crederemus</span> 
     </span>
    </p>
   </div>
   <div class='ocr_carea' id='block_1_64' title="bbox 2214 1734 3937 1807">
    <p class='ocr_par' dir='ltr' id='par_1_64' title="bbox 2214 1734 3937 1807">
     <span class='ocr_line' id='line_1_64' title="bbox 2214 1734 3937 1807; baseline 0.001 -20"><span class='ocrx_word' id='word_1_465' title='bbox 2214 1737 2458 1801; x_wconf 87' lang='lat' dir='ltr'>tantum,</span> <span class='ocrx_word' id='word_1_466' title='bbox 2492 1734 2587 1788; x_wconf 88' lang='lat' dir='ltr'>sed</span> <span class='ocrx_word' id='word_1_467' title='bbox 2618 1734 2791 1789; x_wconf 90' lang='lat' dir='ltr'>etiam</span> <span class='ocrx_word' id='word_1_468' title='bbox 2821 1736 3141 1805; x_wconf 86' lang='lat' dir='ltr'>intelligere</span> <span class='ocrx_word' id='word_1_469' title='bbox 3173 1736 3556 1807; x_wconf 87' lang='lat' dir='ltr'>inciperemus</span> <span class='ocrx_word' id='word_1_470' title='bbox 3588 1752 3785 1807; x_wconf 86' lang='lat' dir='ltr'>quam</span> <span class='ocrx_word' id='word_1_471' title='bbox 3817 1754 3937 1789; x_wconf 79' lang='lat' dir='ltr'>vere</span> 
     </span>
    </p>
   </div>
   <div class='ocr_carea' id='block_1_65' title="bbox 2213 1822 3935 1894">
    <p class='ocr_par' dir='ltr' id='par_1_65' title="bbox 2213 1822 3935 1894">
     <span class='ocr_line' id='line_1_65' title="bbox 2213 1822 3935 1894; baseline 0.002 -20"><span class='ocrx_word' id='word_1_472' title='bbox 2213 1822 2488 1892; x_wconf 90' lang='lat' dir='ltr'>scriptum</span> <span class='ocrx_word' id='word_1_473' title='bbox 2528 1822 2601 1876; x_wconf 85' lang='lat' dir='ltr'>sit</span> <span class='ocrx_word' id='word_1_474' title='bbox 2629 1822 2961 1878; x_wconf 90' lang='lat' dir='ltr'>auctoritate</span> <span class='ocrx_word' id='word_1_475' title='bbox 3012 1822 3224 1890; x_wconf 90' lang='lat' dir='ltr'>divina,</span> <span class='ocrx_word' id='word_1_476' title='bbox 3260 1840 3330 1877; x_wconf 91' lang='lat' dir='ltr'>ne</span> <span class='ocrx_word' id='word_1_477' title='bbox 3362 1823 3524 1877; x_wconf 91' lang='lat' dir='ltr'>nobis</span> <span class='ocrx_word' id='word_1_478' title='bbox 3563 1839 3935 1894; x_wconf 86' lang='lat' dir='ltr'>quemquam</span> 
     </span>
    </p>
   </div>
   <div class='ocr_carea' id='block_1_66' title="bbox 2212 1909 3933 1982">
    <p class='ocr_par' dir='ltr' id='par_1_66' title="bbox 2212 1909 3933 1982">
     <span class='ocr_line' id='line_1_66' title="bbox 2212 1909 3933 1982; baseline 0.002 -20"><span class='ocrx_word' id='word_1_479' title='bbox 2212 1909 2551 1980; x_wconf 90' lang='lat' dir='ltr'>magistrum</span> <span class='ocrx_word' id='word_1_480' title='bbox 2582 1910 2836 1965; x_wconf 90' lang='lat' dir='ltr'>dicamus</span> <span class='ocrx_word' id='word_1_481' title='bbox 2880 1910 2941 1964; x_wconf 92' lang='lat' dir='ltr'>in</span> <span class='ocrx_word' id='word_1_482' title='bbox 2994 1910 3181 1974; x_wconf 89' lang='lat' dir='ltr'>terris,</span> <span class='ocrx_word' id='word_1_483' title='bbox 3238 1912 3391 1982; x_wconf 91' lang='lat' dir='ltr'>quod</span> <span class='ocrx_word' id='word_1_484' title='bbox 3441 1928 3592 1965; x_wconf 89' lang='lat' dir='ltr'>unus</span> <span class='ocrx_word' id='word_1_485' title='bbox 3658 1913 3933 1966; x_wconf 86' lang='lat' dir='ltr'>omnium</span> 
     </span>
    </p>
   </div>
   <div class='ocr_carea' id='block_1_67' title="bbox 2211 1998 3934 2070">
    <p class='ocr_par' dir='ltr' id='par_1_67' title="bbox 2211 1998 3934 2070">
     <span class='ocr_line' id='line_1_67' title="bbox 2211 1998 3934 2070; baseline 0.002 -19"><span class='ocrx_word' id='word_1_486' title='bbox 2211 1998 2486 2069; x_wconf 89' lang='lat' dir='ltr'>magister</span> <span class='ocrx_word' id='word_1_487' title='bbox 2514 1999 2573 2052; x_wconf 90' lang='lat' dir='ltr'>in</span> <span class='ocrx_word' id='word_1_488' title='bbox 2605 1999 2758 2053; x_wconf 72' lang='lat' dir='ltr'>cmlis</span> <span class='ocrx_word' id='word_1_489' title='bbox 2789 1999 2862 2052; x_wconf 87' lang='lat' dir='ltr'>sit</span> <span class='ocrx_word' id='word_1_490' title='bbox 2892 2001 3107 2060; x_wconf 75' lang='lat' dir='ltr'>(Matth.</span> <span class='ocrx_word' id='word_1_491' title='bbox 3185 2015 3338 2069; x_wconf 85' lang='lat' dir='ltr'>xxui,</span> <span class='ocrx_word' id='word_1_492' title='bbox 3398 2002 3577 2070; x_wconf 71' lang='lat'>8-10).</span> <span class='ocrx_word' id='word_1_493' title='bbox 3652 2000 3822 2063; x_wconf 87' lang='lat' dir='ltr'>Quid</span> <span class='ocrx_word' id='word_1_494' title='bbox 3872 2002 3934 2054; x_wconf 83' lang='lat' dir='ltr'>sit</span> 
     </span>
    </p>
   </div>
   <div class='ocr_carea' id='block_1_68' title="bbox 2214 2085 3931 2158">
    <p class='ocr_par' dir='ltr' id='par_1_68' title="bbox 2214 2085 3931 2158">
     <span class='ocr_line' id='line_1_68' title="bbox 2214 2085 3931 2158; baseline 0.002 -19"><span class='ocrx_word' id='word_1_495' title='bbox 2214 2090 2404 2141; x_wconf 90' lang='lat' dir='ltr'>autem</span> <span class='ocrx_word' id='word_1_496' title='bbox 2449 2086 2510 2139; x_wconf 91' lang='lat' dir='ltr'>in</span> <span class='ocrx_word' id='word_1_497' title='bbox 2565 2086 2739 2152; x_wconf 66' lang='lat' dir='ltr'>caelis,</span> <span class='ocrx_word' id='word_1_498' title='bbox 2792 2085 3019 2139; x_wconf 90' lang='lat' dir='ltr'>docebit</span> <span class='ocrx_word' id='word_1_499' title='bbox 3049 2085 3168 2157; x_wconf 91' lang='lat' dir='ltr'>ipse</span> <span class='ocrx_word' id='word_1_500' title='bbox 3217 2102 3249 2139; x_wconf 91' lang='lat' dir='ltr'>a</span> <span class='ocrx_word' id='word_1_501' title='bbox 3289 2103 3403 2158; x_wconf 93' lang='lat' dir='ltr'>quo</span> <span class='ocrx_word' id='word_1_502' title='bbox 3462 2087 3639 2141; x_wconf 83' lang='lat' dir='ltr'>etiam</span> <span class='ocrx_word' id='word_1_503' title='bbox 3693 2104 3813 2158; x_wconf 88' lang='lat' dir='ltr'>per</span> <span class='ocrx_word' id='word_1_504' title='bbox 3849 2088 3931 2142; x_wconf 62' lang='lat' dir='ltr'>ha</span> 
     </span>
    </p>
   </div>
   <div class='ocr_carea' id='block_1_69' title="bbox 2212 2172 3929 2243">
    <p class='ocr_par' dir='ltr' id='par_1_69' title="bbox 2212 2172 3929 2243">
     <span class='ocr_line' id='line_1_69' title="bbox 2212 2172 3929 2243; baseline 0.002 -16"><span class='ocrx_word' id='word_1_505' title='bbox 2212 2173 2397 2227; x_wconf 91' lang='lat' dir='ltr'>mines</span> <span class='ocrx_word' id='word_1_506' title='bbox 2447 2172 2594 2243; x_wconf 89' lang='lat' dir='ltr'>signi</span> <span class='ocrx_word' id='word_1_507' title='bbox 2626 2172 3007 2227; x_wconf 88' lang='lat' dir='ltr'>admonemur</span> <span class='ocrx_word' id='word_1_508' title='bbox 3038 2177 3094 2227; x_wconf 91' lang='lat' dir='ltr'>et</span> <span class='ocrx_word' id='word_1_509' title='bbox 3121 2173 3276 2241; x_wconf 87' lang='lat' dir='ltr'>foris,</span> <span class='ocrx_word' id='word_1_510' title='bbox 3340 2179 3402 2228; x_wconf 91' lang='lat' dir='ltr'>ut</span> <span class='ocrx_word' id='word_1_511' title='bbox 3450 2175 3520 2229; x_wconf 91' lang='lat' dir='ltr'>ad</span> <span class='ocrx_word' id='word_1_512' title='bbox 3577 2192 3727 2229; x_wconf 87' lang='lat' dir='ltr'>eum</span> <span class='ocrx_word' id='word_1_513' title='bbox 3784 2176 3929 2230; x_wconf 75' lang='lat' dir='ltr'>intro</span> 
     </span>
    </p>
   </div>
   <div class='ocr_carea' id='block_1_70' title="bbox 2212 2260 3933 2331">
    <p class='ocr_par' dir='ltr' id='par_1_70' title="bbox 2212 2260 3933 2331">
     <span class='ocr_line' id='line_1_70' title="bbox 2212 2260 3933 2331; baseline 0.001 -16"><span class='ocrx_word' id='word_1_514' title='bbox 2212 2260 2471 2315; x_wconf 90' lang='lat' dir='ltr'>conversi</span> <span class='ocrx_word' id='word_1_515' title='bbox 2526 2260 2885 2315; x_wconf 89' lang='lat' dir='ltr'>erudiamur:</span> <span class='ocrx_word' id='word_1_516' title='bbox 2940 2276 3112 2331; x_wconf 91' lang='lat' dir='ltr'>quem</span> <span class='ocrx_word' id='word_1_517' title='bbox 3165 2260 3401 2331; x_wconf 87' lang='lat' dir='ltr'>diligere</span> <span class='ocrx_word' id='word_1_518' title='bbox 3460 2278 3522 2314; x_wconf 91' lang='lat' dir='ltr'>ac</span> <span class='ocrx_word' id='word_1_519' title='bbox 3552 2278 3735 2316; x_wconf 87' lang='lat' dir='ltr'>nosse</span> <span class='ocrx_word' id='word_1_520' title='bbox 3769 2264 3933 2317; x_wconf 83' lang='lat' dir='ltr'>beata</span> 
     </span>
    </p>
   </div>
   <div class='ocr_carea' id='block_1_71' title="bbox 2213 2349 3928 2421">
    <p class='ocr_par' dir='ltr' id='par_1_71' title="bbox 2213 2349 3928 2421">
     <span class='ocr_line' id='line_1_71' title="bbox 2213 2349 3928 2421; baseline 0.001 -20"><span class='ocrx_word' id='word_1_521' title='bbox 2213 2349 2328 2403; x_wconf 87' lang='lat' dir='ltr'>vita</span> <span class='ocrx_word' id='word_1_522' title='bbox 2355 2353 2459 2416; x_wconf 90' lang='lat' dir='ltr'>est,</span> <span class='ocrx_word' id='word_1_523' title='bbox 2492 2366 2664 2421; x_wconf 88' lang='lat' dir='ltr'>quam</span> <span class='ocrx_word' id='word_1_524' title='bbox 2697 2367 2755 2405; x_wconf 92' lang='lat' dir='ltr'>se</span> <span class='ocrx_word' id='word_1_525' title='bbox 2795 2366 2997 2404; x_wconf 92' lang='lat' dir='ltr'>omnes</span> <span class='ocrx_word' id='word_1_526' title='bbox 3027 2350 3275 2403; x_wconf 89' lang='lat' dir='ltr'>clamant</span> <span class='ocrx_word' id='word_1_527' title='bbox 3304 2365 3583 2420; x_wconf 73' lang='lat' dir='ltr'>quaerere,</span> <span class='ocrx_word' id='word_1_528' title='bbox 3617 2350 3807 2420; x_wconf 86' lang='lat' dir='ltr'>pauci</span> <span class='ocrx_word' id='word_1_529' title='bbox 3833 2368 3928 2402; x_wconf 87' lang='lat' dir='ltr'>au-</span> 
     </span>
    </p>
   </div>
   <div class='ocr_carea' id='block_1_72' title="bbox 2210 2436 3929 2509">
    <p class='ocr_par' dir='ltr' id='par_1_72' title="bbox 2210 2436 3929 2509">
     <span class='ocr_line' id='line_1_72' title="bbox 2210 2436 3929 2509; baseline 0 -18"><span class='ocrx_word' id='word_1_530' title='bbox 2210 2442 2327 2491; x_wconf 91' lang='lat' dir='ltr'>tem</span> <span class='ocrx_word' id='word_1_531' title='bbox 2357 2442 2490 2491; x_wconf 92' lang='lat' dir='ltr'>sunt</span> <span class='ocrx_word' id='word_1_532' title='bbox 2518 2439 2615 2509; x_wconf 91' lang='lat' dir='ltr'>qui</span> <span class='ocrx_word' id='word_1_533' title='bbox 2652 2454 2778 2492; x_wconf 90' lang='lat' dir='ltr'>eam</span> <span class='ocrx_word' id='word_1_534' title='bbox 2808 2454 2939 2491; x_wconf 87' lang='lat' dir='ltr'>vere</span> <span class='ocrx_word' id='word_1_535' title='bbox 2967 2455 3024 2491; x_wconf 93' lang='lat' dir='ltr'>se</span> <span class='ocrx_word' id='word_1_536' title='bbox 3054 2436 3335 2491; x_wconf 81' lang='lat' dir='ltr'>invenisse</span> <span class='ocrx_word' id='word_1_537' title='bbox 3353 2438 3644 2492; x_wconf 70' lang='lat' dir='ltr'>laetentur.</span> <span class='ocrx_word' id='word_1_538' title='bbox 3671 2438 3793 2492; x_wconf 93' lang='lat' dir='ltr'>Sed</span> <span class='ocrx_word' id='word_1_539' title='bbox 3812 2439 3929 2509; x_wconf 84' lang='lat' dir='ltr'>jam</span> 
     </span>
    </p>
   </div>
   <div class='ocr_carea' id='block_1_73' title="bbox 2210 2520 3925 2596">
    <p class='ocr_par' dir='ltr' id='par_1_73' title="bbox 2210 2520 3925 2596">
     <span class='ocr_line' id='line_1_73' title="bbox 2210 2520 3925 2596; baseline 0 -18"><span class='ocrx_word' id='word_1_540' title='bbox 2210 2525 2354 2579; x_wconf 91' lang='lat' dir='ltr'>mihi</span> <span class='ocrx_word' id='word_1_541' title='bbox 2383 2526 2532 2579; x_wconf 90' lang='lat' dir='ltr'>dicas</span> <span class='ocrx_word' id='word_1_542' title='bbox 2560 2525 2755 2593; x_wconf 91' lang='lat' dir='ltr'>velim,</span> <span class='ocrx_word' id='word_1_543' title='bbox 2814 2524 2953 2596; x_wconf 92' lang='lat' dir='ltr'>quid</span> <span class='ocrx_word' id='word_1_544' title='bbox 3001 2524 3072 2579; x_wconf 91' lang='lat' dir='ltr'>de</span> <span class='ocrx_word' id='word_1_545' title='bbox 3121 2524 3231 2577; x_wconf 90' lang='lat' dir='ltr'>hoc</span> <span class='ocrx_word' id='word_1_546' title='bbox 3286 2530 3403 2578; x_wconf 89' lang='lat' dir='ltr'>toto</span> <span class='ocrx_word' id='word_1_547' title='bbox 3439 2520 3589 2579; x_wconf 55' lang='lat' dir='ltr'>&#39;meo</span> <span class='ocrx_word' id='word_1_548' title='bbox 3652 2542 3925 2580; x_wconf 66' lang='lat' dir='ltr'>sermone</span> 
     </span>
    </p>
   </div>
   <div class='ocr_carea' id='block_1_74' title="bbox 2211 2600 3929 2683">
    <p class='ocr_par' dir='ltr' id='par_1_74' title="bbox 2211 2600 3929 2683">
     <span class='ocr_line' id='line_1_74' title="bbox 2211 2600 3929 2683; baseline 0.001 -16"><span class='ocrx_word' id='word_1_549' title='bbox 2211 2614 2437 2669; x_wconf 89' lang='lat' dir='ltr'>sentias.</span> <span class='ocrx_word' id='word_1_550' title='bbox 2471 2614 2526 2669; x_wconf 90' lang='lat' dir='ltr'>Si</span> <span class='ocrx_word' id='word_1_551' title='bbox 2560 2600 2723 2668; x_wconf 25' lang='lat' dir='ltr'>enim.</span> <span class='ocrx_word' id='word_1_552' title='bbox 2741 2630 2875 2667; x_wconf 86' lang='lat' dir='ltr'>vera</span> <span class='ocrx_word' id='word_1_553' title='bbox 2904 2629 3023 2667; x_wconf 91' lang='lat' dir='ltr'>esse</span> <span class='ocrx_word' id='word_1_554' title='bbox 3056 2629 3185 2683; x_wconf 58' lang='lat' dir='ltr'>qua</span> <span class='ocrx_word' id='word_1_555' title='bbox 3214 2612 3364 2667; x_wconf 88' lang='lat' dir='ltr'>dicta</span> <span class='ocrx_word' id='word_1_556' title='bbox 3389 2618 3522 2668; x_wconf 90' lang='lat' dir='ltr'>sunt</span> <span class='ocrx_word' id='word_1_557' title='bbox 3543 2614 3727 2680; x_wconf 88' lang='lat' dir='ltr'>nosti,</span> <span class='ocrx_word' id='word_1_558' title='bbox 3759 2616 3929 2669; x_wconf 83' lang='lat' dir='ltr'>etiam</span> 
     </span>
    </p>
   </div>
   <div class='ocr_carea' id='block_1_75' title="bbox 2209 2702 3929 2774">
    <p class='ocr_par' dir='ltr' id='par_1_75' title="bbox 2209 2702 3929 2774">
     <span class='ocr_line' id='line_1_75' title="bbox 2209 2702 3929 2774; baseline 0.001 -16"><span class='ocrx_word' id='word_1_559' title='bbox 2209 2703 2278 2758; x_wconf 90' lang='lat' dir='ltr'>de</span> <span class='ocrx_word' id='word_1_560' title='bbox 2309 2704 2549 2774; x_wconf 88' lang='lat' dir='ltr'>singulis</span> <span class='ocrx_word' id='word_1_561' title='bbox 2581 2702 2875 2757; x_wconf 87' lang='lat' dir='ltr'>sententiis</span> <span class='ocrx_word' id='word_1_562' title='bbox 2906 2703 3288 2773; x_wconf 88' lang='lat' dir='ltr'>interrogatus</span> <span class='ocrx_word' id='word_1_563' title='bbox 3318 2720 3383 2757; x_wconf 92' lang='lat' dir='ltr'>ea</span> <span class='ocrx_word' id='word_1_564' title='bbox 3414 2709 3466 2758; x_wconf 90' lang='lat' dir='ltr'>te</span> <span class='ocrx_word' id='word_1_565' title='bbox 3491 2703 3638 2757; x_wconf 89' lang='lat' dir='ltr'>scire</span> <span class='ocrx_word' id='word_1_566' title='bbox 3655 2704 3929 2759; x_wconf 74' lang='lat' dir='ltr'>dixisses:</span> 
     </span>
    </p>
   </div>
   <div class='ocr_carea' id='block_1_76' title="bbox 2208 2789 3931 2862">
    <p class='ocr_par' dir='ltr' id='par_1_76' title="bbox 2208 2789 3931 2862">
     <span class='ocr_line' id='line_1_76' title="bbox 2208 2789 3931 2862; baseline 0.002 -19"><span class='ocrx_word' id='word_1_567' title='bbox 2208 2789 2365 2845; x_wconf 86' lang='lat' dir='ltr'>vides</span> <span class='ocrx_word' id='word_1_568' title='bbox 2396 2807 2532 2860; x_wconf 90' lang='lat' dir='ltr'>ergo</span> <span class='ocrx_word' id='word_1_569' title='bbox 2562 2807 2595 2844; x_wconf 90' lang='lat' dir='ltr'>a</span> <span class='ocrx_word' id='word_1_570' title='bbox 2621 2807 2735 2861; x_wconf 93' lang='lat' dir='ltr'>quo</span> <span class='ocrx_word' id='word_1_571' title='bbox 2761 2790 2868 2844; x_wconf 88' lang='lat' dir='ltr'>ista</span> <span class='ocrx_word' id='word_1_572' title='bbox 2897 2789 3191 2853; x_wconf 88' lang='lat' dir='ltr'>didiceris;</span> <span class='ocrx_word' id='word_1_573' title='bbox 3221 2807 3408 2862; x_wconf 91' lang='lat' dir='ltr'>neque</span> <span class='ocrx_word' id='word_1_574' title='bbox 3432 2792 3587 2846; x_wconf 90' lang='lat' dir='ltr'>enim</span> <span class='ocrx_word' id='word_1_575' title='bbox 3624 2810 3658 2845; x_wconf 92' lang='lat' dir='ltr'>a</span> <span class='ocrx_word' id='word_1_576' title='bbox 3689 2809 3819 2860; x_wconf 76' lang='lat' dir='ltr'>me,</span> <span class='ocrx_word' id='word_1_577' title='bbox 3845 2796 3931 2847; x_wconf 83' lang='lat' dir='ltr'>cui</span> 
     </span>
    </p>
   </div>
   <div class='ocr_carea' id='block_1_77' title="bbox 2208 2878 3929 2950">
    <p class='ocr_par' dir='ltr' id='par_1_77' title="bbox 2208 2878 3929 2950">
     <span class='ocr_line' id='line_1_77' title="bbox 2208 2878 3929 2950; baseline 0.001 -17"><span class='ocrx_word' id='word_1_578' title='bbox 2208 2878 2437 2949; x_wconf 88' lang='lat' dir='ltr'>roganti</span> <span class='ocrx_word' id='word_1_579' title='bbox 2468 2878 2661 2933; x_wconf 90' lang='lat' dir='ltr'>omnia</span> <span class='ocrx_word' id='word_1_580' title='bbox 2692 2878 3089 2950; x_wconf 73' lang='lat' dir='ltr'>responderes.</span> <span class='ocrx_word' id='word_1_581' title='bbox 3136 2879 3194 2934; x_wconf 92' lang='lat' dir='ltr'>Si</span> <span class='ocrx_word' id='word_1_582' title='bbox 3239 2886 3430 2935; x_wconf 86' lang='lat' dir='ltr'>autem</span> <span class='ocrx_word' id='word_1_583' title='bbox 3469 2897 3606 2935; x_wconf 87' lang='lat' dir='ltr'>vera</span> <span class='ocrx_word' id='word_1_584' title='bbox 3653 2898 3785 2936; x_wconf 85' lang='lat' dir='ltr'>esse</span> <span class='ocrx_word' id='word_1_585' title='bbox 3818 2899 3929 2936; x_wconf 81' lang='lat' dir='ltr'>non</span> 
     </span>
    </p>
   </div>
   <div class='ocr_carea' id='block_1_78' title="bbox 2208 2965 3927 3041">
    <p class='ocr_par' dir='ltr' id='par_1_78' title="bbox 2208 2965 3927 3041">
     <span class='ocr_line' id='line_1_78' title="bbox 2208 2965 3927 3041; baseline 0.002 -22"><span class='ocrx_word' id='word_1_586' title='bbox 2208 2965 2382 3031; x_wconf 89' lang='lat' dir='ltr'>nosti,</span> <span class='ocrx_word' id='word_1_587' title='bbox 2440 2982 2545 3020; x_wconf 90' lang='lat' dir='ltr'>nec</span> <span class='ocrx_word' id='word_1_588' title='bbox 2605 2981 2711 3036; x_wconf 88' lang='lat' dir='ltr'>ego</span> <span class='ocrx_word' id='word_1_589' title='bbox 2770 2981 2874 3020; x_wconf 90' lang='lat' dir='ltr'>nec</span> <span class='ocrx_word' id='word_1_590' title='bbox 2905 2965 3001 3019; x_wconf 90' lang='lat' dir='ltr'>ille</span> <span class='ocrx_word' id='word_1_591' title='bbox 3048 2969 3102 3019; x_wconf 91' lang='lat' dir='ltr'>te</span> <span class='ocrx_word' id='word_1_592' title='bbox 3160 2966 3386 3022; x_wconf 91' lang='lat' dir='ltr'>docuit:</span> <span class='ocrx_word' id='word_1_593' title='bbox 3438 2968 3534 3022; x_wconf 87' lang='lat' dir='ltr'>sed</span> <span class='ocrx_word' id='word_1_594' title='bbox 3590 2985 3733 3039; x_wconf 89' lang='lat' dir='ltr'>ego,</span> <span class='ocrx_word' id='word_1_595' title='bbox 3796 2971 3927 3041; x_wconf 84' lang='lat' dir='ltr'>quia</span> 
     </span>
    </p>
   </div>
   <div class='ocr_carea' id='block_1_79' title="bbox 2207 3053 3923 3127">
    <p class='ocr_par' dir='ltr' id='par_1_79' title="bbox 2207 3053 3923 3127">
     <span class='ocr_line' id='line_1_79' title="bbox 2207 3053 3923 3127; baseline 0.002 -18"><span class='ocrx_word' id='word_1_596' title='bbox 2207 3070 2505 3126; x_wconf 89' lang='lat' dir='ltr'>nunquam</span> <span class='ocrx_word' id='word_1_597' title='bbox 2566 3069 2801 3126; x_wconf 89' lang='lat' dir='ltr'>possum</span> <span class='ocrx_word' id='word_1_598' title='bbox 2857 3053 3094 3119; x_wconf 87' lang='lat' dir='ltr'>docere;</span> <span class='ocrx_word' id='word_1_599' title='bbox 3143 3054 3258 3120; x_wconf 91' lang='lat' dir='ltr'>ille,</span> <span class='ocrx_word' id='word_1_600' title='bbox 3301 3055 3435 3127; x_wconf 90' lang='lat' dir='ltr'>quia</span> <span class='ocrx_word' id='word_1_601' title='bbox 3478 3062 3538 3109; x_wconf 90' lang='lat' dir='ltr'>tu</span> <span class='ocrx_word' id='word_1_602' title='bbox 3579 3057 3784 3112; x_wconf 88' lang='lat' dir='ltr'>adhuc</span> <span class='ocrx_word' id='word_1_603' title='bbox 3815 3074 3923 3112; x_wconf 88' lang='lat' dir='ltr'>non</span> 
     </span>
    </p>
   </div>
   <div class='ocr_carea' id='block_1_80' title="bbox 2206 3142 3921 3214">
    <p class='ocr_par' dir='ltr' id='par_1_80' title="bbox 2206 3142 3921 3214">
     <span class='ocr_line' id='line_1_80' title="bbox 2206 3142 3921 3214; baseline 0.001 -17"><span class='ocrx_word' id='word_1_604' title='bbox 2206 3148 2372 3214; x_wconf 92' lang='lat' dir='ltr'>potes</span> <span class='ocrx_word' id='word_1_605' title='bbox 2401 3143 2633 3197; x_wconf 89' lang='lat' dir='ltr'>discere.</span> <span class='ocrx_word' id='word_1_606' title='bbox 2676 3142 2787 3197; x_wconf 86' lang='lat' dir='ltr'>Ad.</span> <span class='ocrx_word' id='word_1_607' title='bbox 2826 3142 2940 3211; x_wconf 89' lang='lat' dir='ltr'>Ego</span> <span class='ocrx_word' id='word_1_608' title='bbox 2989 3158 3119 3195; x_wconf 91' lang='lat' dir='ltr'>vero</span> <span class='ocrx_word' id='word_1_609' title='bbox 3150 3142 3319 3197; x_wconf 90' lang='lat' dir='ltr'>didici</span> <span class='ocrx_word' id='word_1_610' title='bbox 3351 3144 3758 3199; x_wconf 88' lang='lat' dir='ltr'>admonitione</span> <span class='ocrx_word' id='word_1_611' title='bbox 3804 3163 3921 3199; x_wconf 77' lang='lat' dir='ltr'>ver-</span> 
     </span>
    </p>
   </div>
   <div class='ocr_carea' id='block_1_81' title="bbox 2207 3229 3923 3303">
    <p class='ocr_par' dir='ltr' id='par_1_81' title="bbox 2207 3229 3923 3303">
     <span class='ocr_line' id='line_1_81' title="bbox 2207 3229 3923 3303; baseline 0.002 -18"><span class='ocrx_word' id='word_1_612' title='bbox 2207 3231 2414 3286; x_wconf 74' lang='lat' dir='ltr'>borum</span> <span class='ocrx_word' id='word_1_613' title='bbox 2431 3234 2685 3297; x_wconf 90' lang='lat' dir='ltr'>tuorum,</span> <span class='ocrx_word' id='word_1_614' title='bbox 2719 3229 2864 3284; x_wconf 87' lang='lat' dir='ltr'>nihil</span> <span class='ocrx_word' id='word_1_615' title='bbox 2895 3230 3050 3285; x_wconf 90' lang='lat' dir='ltr'>aliud</span> <span class='ocrx_word' id='word_1_616' title='bbox 3071 3230 3255 3285; x_wconf 90' lang='lat' dir='ltr'>verbis</span> <span class='ocrx_word' id='word_1_617' title='bbox 3285 3248 3455 3303; x_wconf 89' lang='lat' dir='ltr'>quam</span> <span class='ocrx_word' id='word_1_618' title='bbox 3479 3233 3801 3288; x_wconf 86' lang='lat' dir='ltr'>admoneri</span> <span class='ocrx_word' id='word_1_619' title='bbox 3830 3236 3923 3288; x_wconf 86' lang='lat' dir='ltr'>ho-</span> 
     </span>
    </p>
   </div>
   <div class='ocr_carea' id='block_1_82' title="bbox 2206 3317 3919 3391">
    <p class='ocr_par' dir='ltr' id='par_1_82' title="bbox 2206 3317 3919 3391">
     <span class='ocr_line' id='line_1_82' title="bbox 2206 3317 3919 3391; baseline 0.003 -20"><span class='ocrx_word' id='word_1_620' title='bbox 2206 3317 2421 3371; x_wconf 92' lang='lat' dir='ltr'>minem</span> <span class='ocrx_word' id='word_1_621' title='bbox 2454 3322 2517 3371; x_wconf 92' lang='lat' dir='ltr'>ut</span> <span class='ocrx_word' id='word_1_622' title='bbox 2562 3318 2759 3385; x_wconf 90' lang='lat' dir='ltr'>discat,</span> <span class='ocrx_word' id='word_1_623' title='bbox 2795 3322 2849 3372; x_wconf 90' lang='lat' dir='ltr'>et</span> <span class='ocrx_word' id='word_1_624' title='bbox 2903 3334 3210 3389; x_wconf 91' lang='lat' dir='ltr'>perparum</span> <span class='ocrx_word' id='word_1_625' title='bbox 3261 3334 3381 3374; x_wconf 91' lang='lat' dir='ltr'>esse</span> <span class='ocrx_word' id='word_1_626' title='bbox 3431 3320 3585 3391; x_wconf 92' lang='lat' dir='ltr'>quod</span> <span class='ocrx_word' id='word_1_627' title='bbox 3619 3337 3731 3390; x_wconf 88' lang='lat' dir='ltr'>per</span> <span class='ocrx_word' id='word_1_628' title='bbox 3768 3322 3919 3376; x_wconf 81' lang='lat' dir='ltr'>locu-</span> 
     </span>
    </p>
   </div>
   <div class='ocr_carea' id='block_1_83' title="bbox 2205 3403 3918 3478">
    <p class='ocr_par' dir='ltr' id='par_1_83' title="bbox 2205 3403 3918 3478">
     <span class='ocr_line' id='line_1_83' title="bbox 2205 3403 3918 3478; baseline 0.003 -21"><span class='ocrx_word' id='word_1_629' title='bbox 2205 3403 2425 3457; x_wconf 91' lang='lat' dir='ltr'>tionem</span> <span class='ocrx_word' id='word_1_630' title='bbox 2465 3404 2756 3476; x_wconf 88' lang='lat' dir='ltr'>aliquanta</span> <span class='ocrx_word' id='word_1_631' title='bbox 2785 3404 3602 3478; x_wconf 88' lang='lat' dir='ltr'>cogitatioloquentisapparet</span> <span class='ocrx_word' id='word_1_632' title='bbox 3639 3425 3651 3461; x_wconf 93' lang='lat'>:</span> <span class='ocrx_word' id='word_1_633' title='bbox 3693 3410 3918 3463; x_wconf 86' lang='lat' dir='ltr'>utinam</span> 
     </span>
    </p>
   </div>
   <div class='ocr_carea' id='block_1_84' title="bbox 2208 3492 3923 3565">
    <p class='ocr_par' dir='ltr' id='par_1_84' title="bbox 2208 3492 3923 3565">
     <span class='ocr_line' id='line_1_84' title="bbox 2208 3492 3923 3565; baseline 0.002 -20"><span class='ocrx_word' id='word_1_634' title='bbox 2208 3496 2398 3546; x_wconf 92' lang='lat' dir='ltr'>autem</span> <span class='ocrx_word' id='word_1_635' title='bbox 2428 3508 2561 3547; x_wconf 85' lang='lat' dir='ltr'>vera</span> <span class='ocrx_word' id='word_1_636' title='bbox 2591 3492 2871 3560; x_wconf 91' lang='lat' dir='ltr'>dicantur,</span> <span class='ocrx_word' id='word_1_637' title='bbox 2900 3508 3032 3546; x_wconf 91' lang='lat' dir='ltr'>eum</span> <span class='ocrx_word' id='word_1_638' title='bbox 3053 3492 3255 3547; x_wconf 91' lang='lat' dir='ltr'>docere</span> <span class='ocrx_word' id='word_1_639' title='bbox 3288 3494 3500 3562; x_wconf 90' lang='lat' dir='ltr'>solum,</span> <span class='ocrx_word' id='word_1_640' title='bbox 3536 3495 3644 3565; x_wconf 89' lang='lat' dir='ltr'>qui</span> <span class='ocrx_word' id='word_1_641' title='bbox 3676 3512 3738 3549; x_wconf 88' lang='lat' dir='ltr'>se</span> <span class='ocrx_word' id='word_1_642' title='bbox 3773 3496 3923 3551; x_wconf 83' lang='lat' dir='ltr'>intus</span> 
     </span>
    </p>
   </div>
   <div class='ocr_carea' id='block_1_85' title="bbox 2208 3578 3922 3653">
    <p class='ocr_par' dir='ltr' id='par_1_85' title="bbox 2208 3578 3922 3653">
     <span class='ocr_line' id='line_1_85' title="bbox 2208 3578 3922 3653; baseline 0.002 -21"><span class='ocrx_word' id='word_1_643' title='bbox 2208 3578 2486 3645; x_wconf 90' lang='lat' dir='ltr'>habitare,</span> <span class='ocrx_word' id='word_1_644' title='bbox 2555 3596 2685 3634; x_wconf 91' lang='lat' dir='ltr'>cum</span> <span class='ocrx_word' id='word_1_645' title='bbox 2746 3579 2882 3634; x_wconf 88' lang='lat' dir='ltr'>foris</span> <span class='ocrx_word' id='word_1_646' title='bbox 2934 3580 3283 3651; x_wconf 84' lang='lat' dir='ltr'>loqueretur,</span> <span class='ocrx_word' id='word_1_647' title='bbox 3346 3580 3690 3647; x_wconf 87' lang='lat' dir='ltr'>admonuit;</span> <span class='ocrx_word' id='word_1_648' title='bbox 3749 3599 3922 3653; x_wconf 85' lang='lat' dir='ltr'>quem</span> 
     </span>
    </p>
   </div>
   <div class='ocr_carea' id='block_1_86' title="bbox 2202 3666 3922 3739">
    <p class='ocr_par' dir='ltr' id='par_1_86' title="bbox 2202 3666 3922 3739">
     <span class='ocr_line' id='line_1_86' title="bbox 2202 3666 3922 3739; baseline 0.002 -20"><span class='ocrx_word' id='word_1_649' title='bbox 2202 3666 2344 3737; x_wconf 90' lang='lat' dir='ltr'>jam,</span> <span class='ocrx_word' id='word_1_650' title='bbox 2376 3666 2597 3721; x_wconf 89' lang='lat' dir='ltr'>favente</span> <span class='ocrx_word' id='word_1_651' title='bbox 2628 3667 2772 3738; x_wconf 92' lang='lat' dir='ltr'>ipso,</span> <span class='ocrx_word' id='word_1_652' title='bbox 2826 3671 2987 3722; x_wconf 91' lang='lat' dir='ltr'>tanto</span> <span class='ocrx_word' id='word_1_653' title='bbox 3040 3666 3331 3721; x_wconf 90' lang='lat' dir='ltr'>ardentius</span> <span class='ocrx_word' id='word_1_654' title='bbox 3378 3668 3643 3738; x_wconf 89' lang='lat' dir='ltr'>diligam,</span> <span class='ocrx_word' id='word_1_655' title='bbox 3700 3678 3922 3739; x_wconf 85' lang='lat' dir='ltr'>quanto</span> 
     </span>
    </p>
   </div>
   <div class='ocr_carea' id='block_1_87' title="bbox 2208 3754 3919 3825">
    <p class='ocr_par' dir='ltr' id='par_1_87' title="bbox 2208 3754 3919 3825">
     <span class='ocr_line' id='line_1_87' title="bbox 2208 3754 3919 3825; baseline 0.001 -18"><span class='ocrx_word' id='word_1_656' title='bbox 2208 3770 2304 3808; x_wconf 91' lang='lat' dir='ltr'>ero</span> <span class='ocrx_word' id='word_1_657' title='bbox 2336 3754 2395 3808; x_wconf 92' lang='lat' dir='ltr'>in</span> <span class='ocrx_word' id='word_1_658' title='bbox 2425 3754 2693 3810; x_wconf 91' lang='lat' dir='ltr'>discendo</span> <span class='ocrx_word' id='word_1_659' title='bbox 2731 3754 3067 3825; x_wconf 86' lang='lat' dir='ltr'>provectior.</span> <span class='ocrx_word' id='word_1_660' title='bbox 3135 3756 3542 3810; x_wconf 88' lang='lat' dir='ltr'>Verumtamen</span> <span class='ocrx_word' id='word_1_661' title='bbox 3596 3755 3740 3809; x_wconf 88' lang='lat' dir='ltr'>huic</span> <span class='ocrx_word' id='word_1_662' title='bbox 3798 3773 3919 3810; x_wconf 84' lang='lat' dir='ltr'>ora-</span> 
     </span>
    </p>
   </div>
   <div class='ocr_carea' id='block_1_88' title="bbox 2206 3842 3919 3915">
    <p class='ocr_par' dir='ltr' id='par_1_88' title="bbox 2206 3842 3919 3915">
     <span class='ocr_line' id='line_1_88' title="bbox 2206 3842 3919 3915; baseline 0.001 -19"><span class='ocrx_word' id='word_1_663' title='bbox 2206 3842 2350 3896; x_wconf 90' lang='lat' dir='ltr'>tioni</span> <span class='ocrx_word' id='word_1_664' title='bbox 2423 3846 2556 3909; x_wconf 71' lang='lat' dir='ltr'>tute,</span> <span class='ocrx_word' id='word_1_665' title='bbox 2615 3860 2728 3914; x_wconf 89' lang='lat' dir='ltr'>qua</span> <span class='ocrx_word' id='word_1_666' title='bbox 2792 3848 3072 3915; x_wconf 87' lang='lat' dir='ltr'>perpetua</span> <span class='ocrx_word' id='word_1_667' title='bbox 3124 3860 3259 3898; x_wconf 89' lang='lat' dir='ltr'>usus</span> <span class='ocrx_word' id='word_1_668' title='bbox 3308 3861 3387 3912; x_wconf 93' lang='lat' dir='ltr'>es,</span> <span class='ocrx_word' id='word_1_669' title='bbox 3445 3844 3517 3897; x_wconf 90' lang='lat' dir='ltr'>ob</span> <span class='ocrx_word' id='word_1_670' title='bbox 3566 3843 3683 3897; x_wconf 81' lang='lat' dir='ltr'>hoc</span> <span class='ocrx_word' id='word_1_671' title='bbox 3738 3844 3919 3898; x_wconf 78' lang='lat' dir='ltr'>habeo</span> 
     </span>
    </p>
   </div>
   <div class='ocr_carea' id='block_1_89' title="bbox 2207 3931 3918 4005">
    <p class='ocr_par' dir='ltr' id='par_1_89' title="bbox 2207 3931 3918 4005">
     <span class='ocr_line' id='line_1_89' title="bbox 2207 3931 3918 4005; baseline 0.003 -21"><span class='ocrx_word' id='word_1_672' title='bbox 2207 3931 2453 3985; x_wconf 88' lang='lat' dir='ltr'>maxime</span> <span class='ocrx_word' id='word_1_673' title='bbox 2486 3932 2750 4002; x_wconf 88' lang='lat' dir='ltr'>gratiam,</span> <span class='ocrx_word' id='word_1_674' title='bbox 2776 3932 2925 4003; x_wconf 91' lang='lat' dir='ltr'>quod</span> <span class='ocrx_word' id='word_1_675' title='bbox 2960 3932 3153 3988; x_wconf 88' lang='lat' dir='ltr'>omnia</span> <span class='ocrx_word' id='word_1_676' title='bbox 3186 3949 3313 4004; x_wconf 73' lang='lat' dir='ltr'>quae</span> <span class='ocrx_word' id='word_1_677' title='bbox 3340 3932 3734 3988; x_wconf 85' lang='lat' dir='ltr'>contradicere</span> <span class='ocrx_word' id='word_1_678' title='bbox 3767 3952 3918 4005; x_wconf 79' lang='lat' dir='ltr'>para-</span> 
     </span>
    </p>
   </div>
   <div class='ocr_carea' id='block_1_90' title="bbox 2206 4021 3918 4095">
    <p class='ocr_par' dir='ltr' id='par_1_90' title="bbox 2206 4021 3918 4095">
     <span class='ocr_line' id='line_1_90' title="bbox 2206 4021 3918 4095; baseline 0.002 -21"><span class='ocrx_word' id='word_1_679' title='bbox 2206 4024 2297 4074; x_wconf 91' lang='lat' dir='ltr'>tus</span> <span class='ocrx_word' id='word_1_680' title='bbox 2351 4037 2529 4088; x_wconf 89' lang='lat' dir='ltr'>eram,</span> <span class='ocrx_word' id='word_1_681' title='bbox 2585 4022 3007 4092; x_wconf 66' lang='lat' dir='ltr'>praeoccupavit</span> <span class='ocrx_word' id='word_1_682' title='bbox 3061 4026 3231 4093; x_wconf 91' lang='lat' dir='ltr'>atque</span> <span class='ocrx_word' id='word_1_683' title='bbox 3297 4021 3593 4089; x_wconf 77' lang='lat' dir='ltr'>dissolvit;</span> <span class='ocrx_word' id='word_1_684' title='bbox 3657 4022 3918 4095; x_wconf 82' lang='lat' dir='ltr'>nihilque</span> 
     </span>
    </p>
   </div>
   <div class='ocr_carea' id='block_1_91' title="bbox 2206 4108 3915 4182">
    <p class='ocr_par' dir='ltr' id='par_1_91' title="bbox 2206 4108 3915 4182">
     <span class='ocr_line' id='line_1_91' title="bbox 2206 4108 3915 4182; baseline 0.002 -19"><span class='ocrx_word' id='word_1_685' title='bbox 2206 4108 2440 4163; x_wconf 91' lang='lat' dir='ltr'>omnino</span> <span class='ocrx_word' id='word_1_686' title='bbox 2498 4109 2596 4163; x_wconf 88' lang='lat' dir='ltr'>abs</span> <span class='ocrx_word' id='word_1_687' title='bbox 2639 4114 2693 4165; x_wconf 90' lang='lat' dir='ltr'>te</span> <span class='ocrx_word' id='word_1_688' title='bbox 2726 4109 3061 4165; x_wconf 89' lang='lat' dir='ltr'>derelictum</span> <span class='ocrx_word' id='word_1_689' title='bbox 3093 4116 3195 4177; x_wconf 88' lang='lat' dir='ltr'>est,</span> <span class='ocrx_word' id='word_1_690' title='bbox 3228 4112 3383 4182; x_wconf 88' lang='lat' dir='ltr'>quod</span> <span class='ocrx_word' id='word_1_691' title='bbox 3423 4127 3513 4165; x_wconf 87' lang='lat' dir='ltr'>me</span> <span class='ocrx_word' id='word_1_692' title='bbox 3545 4111 3804 4167; x_wconf 88' lang='lat' dir='ltr'>dubium</span> <span class='ocrx_word' id='word_1_693' title='bbox 3842 4114 3915 4167; x_wconf 81' lang='lat' dir='ltr'>fa-</span> 
     </span>
    </p>
   </div>
   <div class='ocr_carea' id='block_1_92' title="bbox 2206 4196 3915 4270">
    <p class='ocr_par' dir='ltr' id='par_1_92' title="bbox 2206 4196 3915 4270">
     <span class='ocr_line' id='line_1_92' title="bbox 2206 4196 3915 4270; baseline 0.002 -18"><span class='ocrx_word' id='word_1_694' title='bbox 2206 4196 2410 4265; x_wconf 90' lang='lat' dir='ltr'>ciebat,</span> <span class='ocrx_word' id='word_1_695' title='bbox 2440 4198 2510 4253; x_wconf 90' lang='lat' dir='ltr'>de</span> <span class='ocrx_word' id='word_1_696' title='bbox 2542 4214 2654 4270; x_wconf 89' lang='lat' dir='ltr'>quo</span> <span class='ocrx_word' id='word_1_697' title='bbox 2685 4216 2800 4254; x_wconf 94' lang='lat' dir='ltr'>non</span> <span class='ocrx_word' id='word_1_698' title='bbox 2884 4199 2962 4254; x_wconf 90' lang='lat' dir='ltr'>ita</span> <span class='ocrx_word' id='word_1_699' title='bbox 3000 4198 3145 4254; x_wconf 90' lang='lat' dir='ltr'>mihi</span> <span class='ocrx_word' id='word_1_700' title='bbox 3196 4199 3569 4270; x_wconf 89' lang='lat' dir='ltr'>responderet</span> <span class='ocrx_word' id='word_1_701' title='bbox 3630 4208 3915 4256; x_wconf 83' lang='lat' dir='ltr'>secretum</span> 
     </span>
    </p>
   </div>
   <div class='ocr_carea' id='block_1_93' title="bbox 2206 4286 3549 4355">
    <p class='ocr_par' dir='ltr' id='par_1_93' title="bbox 2206 4286 3549 4355">
     <span class='ocr_line' id='line_1_93' title="bbox 2206 4286 3549 4355; baseline 0.002 -15"><span class='ocrx_word' id='word_1_702' title='bbox 2206 4286 2347 4341; x_wconf 92' lang='lat' dir='ltr'>illud</span> <span class='ocrx_word' id='word_1_703' title='bbox 2380 4288 2695 4355; x_wconf 89' lang='lat' dir='ltr'>oraculum,</span> <span class='ocrx_word' id='word_1_704' title='bbox 2726 4292 2791 4342; x_wconf 92' lang='lat' dir='ltr'>ut</span> <span class='ocrx_word' id='word_1_705' title='bbox 2816 4288 2929 4342; x_wconf 92' lang='lat' dir='ltr'>tuis</span> <span class='ocrx_word' id='word_1_706' title='bbox 2958 4288 3144 4343; x_wconf 89' lang='lat' dir='ltr'>verbis</span> <span class='ocrx_word' id='word_1_707' title='bbox 3174 4288 3549 4343; x_wconf 88' lang='lat' dir='ltr'>asserebatur.</span> 
     </span>
    </p>
   </div>
   <div class='ocr_carea' id='block_1_94' title="bbox 1705 4520 2586 4629">
    <p class='ocr_par' dir='ltr' id='par_1_94' title="bbox 1705 4520 2586 4629">
     <span class='ocr_line' id='line_1_94' title="bbox 1705 4520 2586 4629; baseline 0.007 -6"><span class='ocrx_word' id='word_1_708' title='bbox 1705 4520 2586 4629; x_wconf 86' lang='lat' dir='ltr'>ADMONITIO</span> 
     </span>
    </p>
   </div>
   <div class='ocr_carea' id='block_1_95' title="bbox 1056 4690 3311 4769">
    <p class='ocr_par' dir='ltr' id='par_1_95' title="bbox 1056 4690 3311 4769">
     <span class='ocr_line' id='line_1_95' title="bbox 1056 4690 3311 4769; baseline 0.001 -12"><span class='ocrx_word' id='word_1_709' title='bbox 1056 4693 1161 4757; x_wconf 90' lang='lat' dir='ltr'>DE</span> <span class='ocrx_word' id='word_1_710' title='bbox 1209 4690 1757 4769; x_wconf 87' lang='lat' dir='ltr'>SEQUENTIBUS</span> <span class='ocrx_word' id='word_1_711' title='bbox 1805 4690 2085 4757; x_wconf 82' lang='lat' dir='ltr'>TRIBUS</span> <span class='ocrx_word' id='word_1_712' title='bbox 2134 4691 2387 4757; x_wconf 85' lang='lat' dir='ltr'>LIBRIS</span> <span class='ocrx_word' id='word_1_713' title='bbox 2434 4694 2541 4759; x_wconf 92' lang='lat' dir='ltr'><strong>DE</strong></span> <span class='ocrx_word' id='word_1_714' title='bbox 2588 4694 2873 4762; x_wconf 86' lang='lat' dir='ltr'><strong>LIBEBO</strong></span> <span class='ocrx_word' id='word_1_715' title='bbox 2922 4695 3311 4762; x_wconf 82' lang='lat' dir='ltr'>ARBITRIO.</span> 
     </span>
    </p>
   </div>
   <div class='ocr_carea' id='block_1_96' title="bbox 472 4828 3917 4905">
    <p class='ocr_par' dir='ltr' id='par_1_96' title="bbox 472 4828 3917 4905">
     <span class='ocr_line' id='line_1_96' title="bbox 472 4828 3917 4905; baseline 0.001 -19"><span class='ocrx_word' id='word_1_716' title='bbox 472 4832 551 4886; x_wconf 90' lang='lat' dir='ltr'>Ex</span> <span class='ocrx_word' id='word_1_717' title='bbox 579 4828 834 4902; x_wconf 81' lang='lat' dir='ltr'>Reliquis</span> <span class='ocrx_word' id='word_1_718' title='bbox 862 4831 1099 4902; x_wconf 86' lang='lat' dir='ltr'>hujusce</span> <span class='ocrx_word' id='word_1_719' title='bbox 1128 4831 1269 4885; x_wconf 89' lang='lat' dir='ltr'>tomi</span> <span class='ocrx_word' id='word_1_720' title='bbox 1297 4830 1455 4886; x_wconf 91' lang='lat' dir='ltr'>libris</span> <span class='ocrx_word' id='word_1_721' title='bbox 1484 4830 1582 4902; x_wconf 89' lang='lat' dir='ltr'>qui</span> <span class='ocrx_word' id='word_1_722' title='bbox 1604 4830 1675 4885; x_wconf 90' lang='lat' dir='ltr'>ad</span> <span class='ocrx_word' id='word_1_723' title='bbox 1704 4829 2083 4885; x_wconf 82' lang='lat' dir='ltr'>confutandos</span> <span class='ocrx_word' id='word_1_724' title='bbox 2106 4830 2547 4887; x_wconf 61' lang='lat' dir='ltr'>Manichaeorum</span> <span class='ocrx_word' id='word_1_725' title='bbox 2579 4850 2797 4889; x_wconf 88' lang='lat' dir='ltr'>errores</span> <span class='ocrx_word' id='word_1_726' title='bbox 2819 4834 3367 4905; x_wconf 87' lang='lat' dir='ltr'>spectant,primum</span> <span class='ocrx_word' id='word_1_727' title='bbox 3399 4833 3512 4897; x_wconf 90' lang='lat' dir='ltr'>hic,</span> <span class='ocrx_word' id='word_1_728' title='bbox 3541 4839 3610 4888; x_wconf 87' lang='lat' dir='ltr'>ut</span> <span class='ocrx_word' id='word_1_729' title='bbox 3643 4835 3707 4890; x_wconf 91' lang='lat' dir='ltr'>in</span> <span class='ocrx_word' id='word_1_730' title='bbox 3738 4837 3917 4891; x_wconf 78' lang='lat' dir='ltr'>hacte-</span> 
     </span>
    </p>
   </div>
   <div class='ocr_carea' id='block_1_97' title="bbox 401 4919 3916 4993">
    <p class='ocr_par' dir='ltr' id='par_1_97' title="bbox 401 4919 3916 4993">
     <span class='ocr_line' id='line_1_97' title="bbox 401 4919 3916 4993; baseline 0.001 -17"><span class='ocrx_word' id='word_1_731' title='bbox 401 4937 510 4976; x_wconf 90' lang='lat' dir='ltr'>nus</span> <span class='ocrx_word' id='word_1_732' title='bbox 540 4920 775 4988; x_wconf 91' lang='lat' dir='ltr'>excusis,</span> <span class='ocrx_word' id='word_1_733' title='bbox 811 4921 1113 4976; x_wconf 85' lang='lat' dir='ltr'>exhibetur</span> <span class='ocrx_word' id='word_1_734' title='bbox 1140 4937 1284 4991; x_wconf 89' lang='lat' dir='ltr'>opus</span> <span class='ocrx_word' id='word_1_735' title='bbox 1306 4921 1395 4975; x_wconf 92' lang='lat' dir='ltr'>cui</span> <span class='ocrx_word' id='word_1_736' title='bbox 1425 4921 1493 4975; x_wconf 90' lang='lat' dir='ltr'>de</span> <span class='ocrx_word' id='word_1_737' title='bbox 1522 4920 1722 4974; x_wconf 90' lang='lat' dir='ltr'>Libero</span> <span class='ocrx_word' id='word_1_738' title='bbox 1751 4919 2000 4973; x_wconf 86' lang='lat' dir='ltr'>Arbitrio</span> <span class='ocrx_word' id='word_1_739' title='bbox 2032 4919 2232 4973; x_wconf 88' lang='lat' dir='ltr'>titulus</span> <span class='ocrx_word' id='word_1_740' title='bbox 2262 4924 2380 4974; x_wconf 89' lang='lat' dir='ltr'>est:</span> <span class='ocrx_word' id='word_1_741' title='bbox 2409 4922 2561 4992; x_wconf 90' lang='lat' dir='ltr'>quod</span> <span class='ocrx_word' id='word_1_742' title='bbox 2591 4922 2823 4993; x_wconf 89' lang='lat' dir='ltr'>quidem</span> <span class='ocrx_word' id='word_1_743' title='bbox 2884 4939 3033 4977; x_wconf 89' lang='lat' dir='ltr'>anno</span> <span class='ocrx_word' id='word_1_744' title='bbox 3086 4922 3294 4978; x_wconf 89' lang='lat' dir='ltr'>Christi</span> <span class='ocrx_word' id='word_1_745' title='bbox 3324 4923 3735 4978; x_wconf 86' lang='lat' dir='ltr'>trecentesimo</span> <span class='ocrx_word' id='word_1_746' title='bbox 3770 4931 3916 4979; x_wconf 80' lang='lat' dir='ltr'>octo-</span> 
     </span>
    </p>
   </div>
   <div class='ocr_carea' id='block_1_98' title="bbox 397 5002 3915 5083">
    <p class='ocr_par' dir='ltr' id='par_1_98' title="bbox 397 5002 3915 5083">
     <span class='ocr_line' id='line_1_98' title="bbox 397 5002 3915 5083; baseline 0 -19"><span class='ocrx_word' id='word_1_747' title='bbox 397 5010 617 5081; x_wconf 89' lang='lat' dir='ltr'>gesimo</span> <span class='ocrx_word' id='word_1_748' title='bbox 650 5014 844 5064; x_wconf 88' lang='lat' dir='ltr'>octavo</span> <span class='ocrx_word' id='word_1_749' title='bbox 876 5011 1070 5064; x_wconf 77' lang='lat' dir='ltr'>Romae</span> <span class='ocrx_word' id='word_1_750' title='bbox 1098 5015 1301 5081; x_wconf 88' lang='lat' dir='ltr'>agente</span> <span class='ocrx_word' id='word_1_751' title='bbox 1333 5008 1652 5080; x_wconf 84' lang='lat' dir='ltr'>Augustino</span> <span class='ocrx_word' id='word_1_752' title='bbox 1683 5008 2031 5073; x_wconf 89' lang='lat' dir='ltr'>inchoatum,</span> <span class='ocrx_word' id='word_1_753' title='bbox 2066 5007 2389 5064; x_wconf 87' lang='lat' dir='ltr'>absolutum</span> <span class='ocrx_word' id='word_1_754' title='bbox 2420 5026 2553 5065; x_wconf 88' lang='lat' dir='ltr'>vero</span> <span class='ocrx_word' id='word_1_755' title='bbox 2584 5011 2928 5066; x_wconf 88' lang='lat' dir='ltr'>arbitramus</span> <span class='ocrx_word' id='word_1_756' title='bbox 2949 5002 3098 5065; x_wconf 83' lang='lat' dir='ltr'>anno</span> <span class='ocrx_word' id='word_1_757' title='bbox 3116 5012 3513 5066; x_wconf 87' lang='lat' dir='ltr'>trecentesimo</span> <span class='ocrx_word' id='word_1_758' title='bbox 3534 5014 3915 5083; x_wconf 79' lang='lat' dir='ltr'>nonagesimo</span> 
     </span>
    </p>
   </div>
   <div class='ocr_carea' id='block_1_99' title="bbox 402 5097 3917 5171">
    <p class='ocr_par' dir='ltr' id='par_1_99' title="bbox 402 5097 3917 5171">
     <span class='ocr_line' id='line_1_99' title="bbox 402 5097 3917 5171; baseline 0 -18"><span class='ocrx_word' id='word_1_759' title='bbox 402 5099 622 5170; x_wconf 90' lang='lat' dir='ltr'>quinto.</span> <span class='ocrx_word' id='word_1_760' title='bbox 654 5100 779 5153; x_wconf 86' lang='lat' dir='ltr'>Non</span> <span class='ocrx_word' id='word_1_761' title='bbox 809 5099 963 5152; x_wconf 91' lang='lat' dir='ltr'>enim</span> <span class='ocrx_word' id='word_1_762' title='bbox 988 5098 1304 5169; x_wconf 83' lang='lat' dir='ltr'>perfectum</span> <span class='ocrx_word' id='word_1_763' title='bbox 1338 5100 1409 5152; x_wconf 88' lang='lat' dir='ltr'>ab</span> <span class='ocrx_word' id='word_1_764' title='bbox 1440 5097 1563 5169; x_wconf 90' lang='lat' dir='ltr'>ipso</span> <span class='ocrx_word' id='word_1_765' title='bbox 1592 5097 1697 5151; x_wconf 85' lang='lat' dir='ltr'>fuit</span> <span class='ocrx_word' id='word_1_766' title='bbox 1727 5102 1857 5168; x_wconf 91' lang='lat' dir='ltr'>post</span> <span class='ocrx_word' id='word_1_767' title='bbox 1886 5098 2145 5168; x_wconf 89' lang='lat' dir='ltr'>elapsum</span> <span class='ocrx_word' id='word_1_768' title='bbox 2174 5098 2325 5153; x_wconf 92' lang='lat' dir='ltr'>hunc</span> <span class='ocrx_word' id='word_1_769' title='bbox 2353 5116 2569 5153; x_wconf 91' lang='lat' dir='ltr'>annum</span> <span class='ocrx_word' id='word_1_770' title='bbox 2598 5117 2712 5171; x_wconf 92' lang='lat' dir='ltr'>quo</span> <span class='ocrx_word' id='word_1_771' title='bbox 2743 5100 3137 5171; x_wconf 89' lang='lat' dir='ltr'>episcopatum</span> <span class='ocrx_word' id='word_1_772' title='bbox 3166 5100 3403 5171; x_wconf 89' lang='lat' dir='ltr'>adeptus</span> <span class='ocrx_word' id='word_1_773' title='bbox 3427 5105 3535 5167; x_wconf 90' lang='lat' dir='ltr'>est,</span> <span class='ocrx_word' id='word_1_774' title='bbox 3593 5116 3735 5157; x_wconf 92' lang='lat' dir='ltr'>cum</span> <span class='ocrx_word' id='word_1_775' title='bbox 3770 5103 3917 5156; x_wconf 72' lang='lat' dir='ltr'>illius</span> 
     </span>
    </p>
   </div>
   <div class='ocr_carea' id='block_1_100' title="bbox 394 5186 3919 5262">
    <p class='ocr_par' dir='ltr' id='par_1_100' title="bbox 394 5186 3919 5262">
     <span class='ocr_line' id='line_1_100' title="bbox 394 5186 3919 5262; baseline 0.001 -21"><span class='ocrx_word' id='word_1_776' title='bbox 394 5188 719 5243; x_wconf 91' lang='lat' dir='ltr'>secundum</span> <span class='ocrx_word' id='word_1_777' title='bbox 749 5186 1103 5257; x_wconf 90' lang='lat' dir='ltr'>tertiumque</span> <span class='ocrx_word' id='word_1_778' title='bbox 1133 5186 1347 5241; x_wconf 87' lang='lat' dir='ltr'>librum</span> <span class='ocrx_word' id='word_1_779' title='bbox 1376 5186 1696 5257; x_wconf 90' lang='lat' dir='ltr'>presbyter,</span> <span class='ocrx_word' id='word_1_780' title='bbox 1728 5191 1793 5241; x_wconf 89' lang='lat' dir='ltr'>ut</span> <span class='ocrx_word' id='word_1_781' title='bbox 1824 5186 1924 5256; x_wconf 90' lang='lat' dir='ltr'>ait,</span> <span class='ocrx_word' id='word_1_782' title='bbox 1959 5187 2254 5241; x_wconf 89' lang='lat' dir='ltr'>ordinatus</span> <span class='ocrx_word' id='word_1_783' title='bbox 2285 5188 2678 5243; x_wconf 86' lang='lat' dir='ltr'>terminaverit</span> <span class='ocrx_word' id='word_1_784' title='bbox 2698 5190 2949 5258; x_wconf 64' lang='grc' dir='ltr'>(Βρέττιοί.</span> <span class='ocrx_word' id='word_1_785' title='bbox 2989 5189 3081 5245; x_wconf 74' lang='lat' dir='ltr'>lib.</span> <span class='ocrx_word' id='word_1_786' title='bbox 3132 5193 3179 5253; x_wconf 85' lang='grc'>1,</span> <span class='ocrx_word' id='word_1_787' title='bbox 3223 5205 3347 5259; x_wconf 87' lang='lat' dir='ltr'>cap.</span> <span class='ocrx_word' id='word_1_788' title='bbox 3390 5192 3444 5254; x_wconf 86' lang='lat'>9,</span> <span class='ocrx_word' id='word_1_789' title='bbox 3495 5204 3555 5242; x_wconf 80' lang='grc' dir='ltr'>η.</span> <span class='ocrx_word' id='word_1_790' title='bbox 3607 5194 3684 5253; x_wconf 82' lang='grc'>1).</span> <span class='ocrx_word' id='word_1_791' title='bbox 3724 5192 3919 5262; x_wconf 75' lang='lat' dir='ltr'>Neque</span> 
     </span>
    </p>
   </div>
   <div class='ocr_carea' id='block_1_101' title="bbox 396 5276 3916 5349">
    <p class='ocr_par' dir='ltr' id='par_1_101' title="bbox 396 5276 3916 5349">
     <span class='ocr_line' id='line_1_101' title="bbox 396 5276 3916 5349; baseline -0.001 -14"><span class='ocrx_word' id='word_1_792' title='bbox 396 5281 573 5335; x_wconf 88' lang='lat' dir='ltr'>etiam</span> <span class='ocrx_word' id='word_1_793' title='bbox 602 5285 736 5335; x_wconf 89' lang='lat' dir='ltr'>ante</span> <span class='ocrx_word' id='word_1_794' title='bbox 759 5295 975 5335; x_wconf 91' lang='lat' dir='ltr'>annum</span> <span class='ocrx_word' id='word_1_795' title='bbox 1007 5278 1297 5345; x_wconf 79' lang='lat' dir='ltr'>eumdem,</span> <span class='ocrx_word' id='word_1_796' title='bbox 1329 5294 1459 5333; x_wconf 91' lang='lat' dir='ltr'>cum</span> <span class='ocrx_word' id='word_1_797' title='bbox 1488 5278 1839 5349; x_wconf 82' lang='lat' dir='ltr'>Augustinus</span> <span class='ocrx_word' id='word_1_798' title='bbox 1868 5278 1931 5332; x_wconf 90' lang='lat' dir='ltr'>in</span> <span class='ocrx_word' id='word_1_799' title='bbox 1961 5278 2209 5349; x_wconf 88' lang='lat' dir='ltr'>Epistola</span> <span class='ocrx_word' id='word_1_800' title='bbox 2237 5278 2325 5343; x_wconf 82' lang='lat'>27,</span> <span class='ocrx_word' id='word_1_801' title='bbox 2360 5279 2489 5347; x_wconf 70' lang='lat' dir='ltr'>n.4,</span> <span class='ocrx_word' id='word_1_802' title='bbox 2520 5277 2756 5331; x_wconf 89' lang='lat' dir='ltr'>Paulino</span> <span class='ocrx_word' id='word_1_803' title='bbox 2785 5278 3017 5331; x_wconf 85' lang='lat' dir='ltr'>Nolensi</span> <span class='ocrx_word' id='word_1_804' title='bbox 3043 5277 3307 5349; x_wconf 90' lang='lat' dir='ltr'>episcopo</span> <span class='ocrx_word' id='word_1_805' title='bbox 3352 5276 3562 5331; x_wconf 88' lang='lat' dir='ltr'>scribat</span> <span class='ocrx_word' id='word_1_806' title='bbox 3599 5280 3834 5333; x_wconf 86' lang='lat' dir='ltr'>nescire</span> <span class='ocrx_word' id='word_1_807' title='bbox 3865 5294 3916 5333; x_wconf 82' lang='lat' dir='ltr'>se</span> 
     </span>
    </p>
   </div>
   <div class='ocr_carea' id='block_1_102' title="bbox 396 5365 3915 5440">
    <p class='ocr_par' dir='ltr' id='par_1_102' title="bbox 396 5365 3915 5440">
     <span class='ocr_line' id='line_1_102' title="bbox 396 5365 3915 5440; baseline -0.001 -17"><span class='ocrx_word' id='word_1_808' title='bbox 396 5369 634 5440; x_wconf 83' lang='lat' dir='ltr'>aliquod</span> <span class='ocrx_word' id='word_1_809' title='bbox 662 5368 987 5440; x_wconf 91' lang='lat' dir='ltr'>scriptionis</span> <span class='ocrx_word' id='word_1_810' title='bbox 1010 5384 1189 5439; x_wconf 90' lang='lat' dir='ltr'>genus</span> <span class='ocrx_word' id='word_1_811' title='bbox 1219 5367 1464 5422; x_wconf 90' lang='lat' dir='ltr'>edidisse</span> <span class='ocrx_word' id='word_1_812' title='bbox 1496 5368 1650 5439; x_wconf 91' lang='lat' dir='ltr'>quod</span> <span class='ocrx_word' id='word_1_813' title='bbox 1681 5367 2067 5423; x_wconf 82' lang='lat' dir='ltr'>Romanianus</span> <span class='ocrx_word' id='word_1_814' title='bbox 2088 5366 2209 5439; x_wconf 89' lang='lat' dir='ltr'>(qui</span> <span class='ocrx_word' id='word_1_815' title='bbox 2220 5365 2479 5421; x_wconf 88' lang='lat' dir='ltr'>videlicet</span> <span class='ocrx_word' id='word_1_816' title='bbox 2497 5365 2557 5419; x_wconf 92' lang='lat' dir='ltr'>in</span> <span class='ocrx_word' id='word_1_817' title='bbox 2582 5366 2802 5420; x_wconf 91' lang='lat' dir='ltr'>Italiam</span> <span class='ocrx_word' id='word_1_818' title='bbox 2819 5367 2923 5422; x_wconf 88' lang='lat' dir='ltr'>sub</span> <span class='ocrx_word' id='word_1_819' title='bbox 2950 5366 3113 5421; x_wconf 90' lang='lat' dir='ltr'>istius</span> <span class='ocrx_word' id='word_1_820' title='bbox 3135 5366 3269 5421; x_wconf 90' lang='lat' dir='ltr'>anni</span> <span class='ocrx_word' id='word_1_821' title='bbox 3293 5366 3596 5420; x_wconf 85' lang='lat' dir='ltr'>exordium</span> <span class='ocrx_word' id='word_1_822' title='bbox 3616 5368 3915 5437; x_wconf 85' lang='lat' dir='ltr'>profectus</span> 
     </span>
    </p>
   </div>
   <div class='ocr_carea' id='block_1_103' title="bbox 396 5453 3911 5527">
    <p class='ocr_par' dir='ltr' id='par_1_103' title="bbox 396 5453 3911 5527">
     <span class='ocr_line' id='line_1_103' title="bbox 396 5453 3911 5527; baseline -0 -19"><span class='ocrx_word' id='word_1_823' title='bbox 396 5456 539 5526; x_wconf 88' lang='lat' dir='ltr'>erat)</span> <span class='ocrx_word' id='word_1_824' title='bbox 572 5473 745 5527; x_wconf 90' lang='lat' dir='ltr'>penes</span> <span class='ocrx_word' id='word_1_825' title='bbox 774 5473 832 5512; x_wconf 89' lang='lat' dir='ltr'>se</span> <span class='ocrx_word' id='word_1_826' title='bbox 860 5472 977 5511; x_wconf 91' lang='lat' dir='ltr'>non</span> <span class='ocrx_word' id='word_1_827' title='bbox 1006 5455 1243 5510; x_wconf 89' lang='lat' dir='ltr'>haberet</span> <span class='ocrx_word' id='word_1_828' title='bbox 1272 5471 1285 5509; x_wconf 90' lang='lat'>:</span> <span class='ocrx_word' id='word_1_829' title='bbox 1320 5460 1519 5525; x_wconf 90' lang='lat' dir='ltr'>postea</span> <span class='ocrx_word' id='word_1_830' title='bbox 1564 5472 1720 5522; x_wconf 90' lang='lat' dir='ltr'>vero,</span> <span class='ocrx_word' id='word_1_831' title='bbox 1754 5455 2003 5526; x_wconf 86' lang='lat' dir='ltr'>Epistola</span> <span class='ocrx_word' id='word_1_832' title='bbox 2060 5457 2146 5524; x_wconf 86' lang='grc'>31,</span> <span class='ocrx_word' id='word_1_833' title='bbox 2181 5472 2237 5511; x_wconf 92' lang='lat' dir='ltr'>n.</span> <span class='ocrx_word' id='word_1_834' title='bbox 2292 5460 2349 5525; x_wconf 89' lang='grc'>7,</span> <span class='ocrx_word' id='word_1_835' title='bbox 2380 5455 2488 5510; x_wconf 90' lang='lat' dir='ltr'>hoc</span> <span class='ocrx_word' id='word_1_836' title='bbox 2517 5471 2661 5527; x_wconf 89' lang='lat' dir='ltr'>opus</span> <span class='ocrx_word' id='word_1_837' title='bbox 2714 5455 2954 5511; x_wconf 90' lang='lat' dir='ltr'>Paulino</span> <span class='ocrx_word' id='word_1_838' title='bbox 3006 5456 3115 5527; x_wconf 92' lang='lat' dir='ltr'>ipsi</span> <span class='ocrx_word' id='word_1_839' title='bbox 3146 5455 3343 5510; x_wconf 74' lang='lat' dir='ltr'>offerat</span> <span class='ocrx_word' id='word_1_840' title='bbox 3398 5453 3505 5509; x_wconf 88' lang='lat' dir='ltr'>sub</span> <span class='ocrx_word' id='word_1_841' title='bbox 3556 5455 3648 5509; x_wconf 87' lang='lat' dir='ltr'>his</span> <span class='ocrx_word' id='word_1_842' title='bbox 3688 5458 3911 5513; x_wconf 83' lang='lat' dir='ltr'>verbis:</span> 
     </span>
    </p>
   </div>
   <div class='ocr_carea' id='block_1_104' title="bbox 397 5544 3913 5619">
    <p class='ocr_par' dir='ltr' id='par_1_104' title="bbox 397 5544 3913 5619">
     <span class='ocr_line' id='line_1_104' title="bbox 397 5544 3913 5619; baseline 0.001 -22"><span class='ocrx_word' id='word_1_843' title='bbox 397 5560 429 5595; x_wconf 73' lang='grc' dir='ltr'><strong><em>α</em></strong></span> <span class='ocrx_word' id='word_1_844' title='bbox 458 5545 595 5599; x_wconf 87' lang='lat' dir='ltr'>Tres</span> <span class='ocrx_word' id='word_1_845' title='bbox 625 5545 819 5615; x_wconf 91' lang='lat' dir='ltr'>libros,</span> <span class='ocrx_word' id='word_1_846' title='bbox 852 5550 1023 5618; x_wconf 87' lang='lat' dir='ltr'>atque</span> <span class='ocrx_word' id='word_1_847' title='bbox 1051 5544 1275 5600; x_wconf 90' lang='lat' dir='ltr'>utinam</span> <span class='ocrx_word' id='word_1_848' title='bbox 1304 5548 1420 5599; x_wconf 87' lang='lat' dir='ltr'>tam</span> <span class='ocrx_word' id='word_1_849' title='bbox 1452 5545 1688 5616; x_wconf 90' lang='lat' dir='ltr'>grandis</span> <span class='ocrx_word' id='word_1_850' title='bbox 1714 5544 2043 5619; x_wconf 81' lang='lat' dir='ltr'>quaestionis</span> <span class='ocrx_word' id='word_1_851' title='bbox 2058 5544 2523 5615; x_wconf 84' lang='lat' dir='ltr'>itaexplicatores</span> <span class='ocrx_word' id='word_1_852' title='bbox 2540 5548 2603 5599; x_wconf 88' lang='lat' dir='ltr'>ut</span> <span class='ocrx_word' id='word_1_853' title='bbox 2622 5544 2891 5617; x_wconf 88' lang='lat' dir='ltr'>grandes,</span> <span class='ocrx_word' id='word_1_854' title='bbox 2904 5544 3343 5601; x_wconf 87' lang='lat' dir='ltr'>misiSanctitati</span> <span class='ocrx_word' id='word_1_855' title='bbox 3373 5549 3430 5598; x_wconf 90' lang='lat' dir='ltr'>et</span> <span class='ocrx_word' id='word_1_856' title='bbox 3467 5544 3754 5600; x_wconf 85' lang='lat' dir='ltr'>Charitati</span> <span class='ocrx_word' id='word_1_857' title='bbox 3780 5552 3913 5609; x_wconf 76' lang='lat' dir='ltr'>tuae.</span> 
     </span>
    </p>
   </div>
  </div>
