4008 6184
174 279 306 332 1221
958 278 1051 333 DE
1091 278 1352 336 LIBERO
1388 278 1751 349 ARBITRIO,
1793 279 1851 335 S.
1890 279 2277 339 AUGUSTINI
2318 284 2533 342 LIBER
2571 286 2855 345 PRIMUS.
3540 298 3679 353 1222

170 419 201 445 (ι
230 412 367 451 nam
394 398 632 468 qumstio
664 414 866 453 eorum
907 398 975 455 de
1014 401 1216 458 Libero
1244 402 1493 459 Arbitrio
1529 408 1630 458 est.
1676 405 1787 459 Hos
1817 407 2009 459 autem
2039 421 2155 460 non
2185 406 2415 475 habere,
2445 412 2543 463 aut
2570 425 2767 465 omnes
2796 428 2912 467 non
2942 412 3149 468 habere
3180 414 3412 472 fratrem
3464 418 3674 474 Roma-

102 488 109 491 “
174 504 202 537 α
233 485 474 539 nianum
504 485 638 552 scio,
672 506 700 539 »
734 490 837 541 etc.

241 575 305 628 In
336 574 524 644 primo
552 575 698 629 libro
734 580 887 630 mota
915 578 1261 648 perdifﬁcilii
1292 582 1605 650 quaestione
1640 580 1758 641 illa,
1791 597 1901 651 qua
1937 597 1994 634 se
2026 580 2163 635 olim
2194 583 2562 638 vehementer
2587 585 2865 655 agitatum
2895 593 3063 662 atque
3093 591 3152 645 in
3182 592 3520 649 Manichaaos
3551 595 3659 651 im-

167 664 400 731 pulsum
431 662 604 718 fuisse
634 665 933 719 conﬁtetur
962 669 1329 738 Augustinus,
1364 670 1522 724 Unde
1552 670 1767 724 scilicet
1789 670 2004 723 malum
2035 675 2293 724 exortum
2321 672 2412 742 sit,
2448 674 2688 744 explicat
2717 677 2967 747 primum
2998 680 3134 750 quid
3166 681 3237 734 sit
3270 684 3415 737 male
3447 684 3655 754 facere,

162 756 408 823 tumque
440 753 588 806 mala
617 753 920 809 hominum
950 756 1096 809 facta
1126 756 1353 811 nonnisi
1384 775 1449 811 ex
1481 758 1663 812 libero
1695 757 1997 813 voluntatis
2019 758 2255 813 arbitrio
2278 761 2559 832 proﬁcisci
2584 766 2825 834 probat:
2857 768 3070 839 quippe
3094 786 3225 825 cum
3255 771 3501 840 libidini,
3531 753 3661 845 qua:

164 836 227 889 in
258 837 526 890 omnibus
558 838 870 893 malefactis
899 839 1249 907 dominatur,
1282 842 1493 895 servire
1525 859 1685 897 mens
1715 861 1748 899 a
1778 850 1937 902 nullo
1964 854 2217 918 cogatur.

238 922 304 975 In
327 922 483 1019 libro
527 923 800 1019 secund‘o,
840 923 1170 978 difﬁcultate
1202 925 1356 1019 quod
1389 926 1641 1019 libertas,
1683 946 1796 1000 qua
1834 940 2119 1005 peccatur,
2154 954 2185 991 a
2229 940 2341 994 Deo
2373 940 2503 994 data
2540 941 2611 995 sit
2648 949 2995 1015 emergente,
3032 946 3141 1000 tria
3171 947 3291 1001 haec
3321 949 3652 1019 disquirun-

160 1014 291 1063 tur:
322 1009 442 1073 Qua
467 1010 689 1064 ratione
722 1012 901 1067 Deum
933 1028 1051 1067 esse
1094 1014 1462 1071 manifestum
1490 1016 1562 1071 sit
1587 1036 1599 1085 ;
1634 1035 1707 1072 an
1738 1020 1808 1074 ab
1838 1021 1961 1093 ipso
1987 1026 2098 1080 sint
2126 1026 2275 1082 bona
2304 1044 2681 1102 quaecumque
2710 1050 2722 1099 ;
2755 1039 2951 1088 utrum
2984 1034 3041 1088 in
3073 1036 3236 1089 bonis
3265 1009 3548 1093 censenda
3580 1038 3655 1092 sit

159 1098 345 1152 libera
375 1099 657 1153 voluntas.

155 1192 166 1245 τ
232 1187 298 1240 In
326 1186 491 1241 tertio
538 1187 862 1257 disputatur
892 1189 1043 1243 unde
1091 1189 1195 1244 iste
1236 1195 1424 1245 motus
1456 1192 1659 1248 existat
1694 1212 1807 1267 quo
1850 1198 1972 1269 ipsa
2014 1203 2273 1258 voluntas
2320 1204 2389 1258 ab
2420 1205 2872 1263 incommutabili
2912 1209 3059 1264 bono
3089 1212 3363 1267 avertitur
3392 1214 3463 1268 ad
3504 1230 3655 1268 com-

160 1275 436 1330 mutabile
486 1276 736 1343 bonum;
788 1293 860 1330 an
902 1278 1147 1333 invicem
1192 1280 1563 1336 adversentur
1612 1285 1708 1339 Dei
1754 1289 2112 1356 praescientia
2152 1292 2220 1346 de
2267 1293 2569 1349 hominum
2617 1298 2877 1365 peccatis,
2928 1307 2983 1352 et
3030 1300 3334 1355 hominum
3392 1303 3657 1372 ipsorum

155 1365 219 1417 in
250 1364 535 1435 peccando
584 1364 836 1455 libertas.
883 1367 1006 1420 Mox
1058 1368 1380 1422 ostenditur
1415 1383 1781 1440 nequaquam
1821 1372 1875 1426 id
1921 1376 2172 1432 Creatori
2214 1364 2801 1455 deputandumiquod
2845 1364 2903 1439 in
2944 1393 3205 1442 creatura
3253 1390 3329 1443 ita
3381 1364 3505 1445 fieri
3554 1408 3653 1445 ne-

154 1470 309 1507 cesse
383 1457 482 1519 est,
554 1457 617 1506 ut
672 1454 961 1508 voluntate
1033 1456 1391 1524 peccantium
1446 1456 1579 1523 ﬁat;
1641 1462 1696 1512 et
1748 1477 1980 1531 prorsus
2026 1466 2094 1519 de
2140 1472 2436 1535 creaturae,
2511 1487 2638 1541 quae
2674 1454 2931 1542 peccato
3002 1475 3247 1529 obnoxia
3316 1478 3406 1543 sit,
3466 1480 3661 1533 condi-

155 1543 314 1597 tione
344 1558 409 1595 ac
439 1541 717 1612 supplicio
756 1542 1108 1597 laudandum
1147 1560 1267 1599 esse
1300 1547 1496 1599 Deum.
1535 1546 1674 1600 Hinc
1722 1549 1793 1602 ad
1834 1550 2071 1623 originis
2113 1554 2311 1610 vitium
2353 1558 2624 1628 perducta
2664 1541 3065 1631 disputatione,
3099 1541 3420 1619 declaratur
3450 1582 3650 1636 quem-

154 1631 469 1686 admodum
517 1631 622 1685 hoc
666 1630 857 1700 ipsum
914 1632 1067 1687 haud
1118 1632 1328 1705 injuste
1376 1633 1435 1687 in
1488 1634 1620 1688 Adae
1673 1641 1925 1706 posteros
1971 1641 2327 1712 demanarit;
2378 1649 2433 1699 et
2472 1630 2761 1718 deinceps,
2790 1648 3152 1705 difﬁcultates
3199 1630 3495 1707 nonnullae
3543 1654 3652 1708 huc

156 1721 512 1791 pertinentes
538 1721 879 1777 enodantur.

1328 1811 1373 1848 s.
1413 1810 1746 1849 AUGUSTINUS
1785 1813 1948 1866 EPIST,
1984 1802 2104 1867 143,
2137 1818 2498 1859 MARCELLINO.

233 1898 514 1984 o'lfitteroe
539 1901 718 1984 tuter.
752 1897 964 1984 habent
990 1898 1363 1984 quaestionem
1385 1899 1528 1953 mihi
1547 1902 1901 1984 propositam
1932 1919 1998 1984 ex
2026 1905 2204 1973 libris,
2232 1924 2351 1984 non
2379 1909 2605 1984 divinis,
2634 1909 2732 1984 sed
2756 1911 2919 1975 meis,
2947 1928 3090 1983 quos
3108 1913 3305 1984 scripsi
3335 1913 3405 1968 de
3434 1914 3668 1969 Libero-

151 1969 431 2053 Arbitrio.
470 1970 531 2053 In
556 1969 985 2053 talibus-autem
1011 1969 1429 2053 quaestionibus
1462 1969 1576 2051 non
1606 1969 1856 2026 multum
1888 1976 2118 2053 l_aboro_:
2155 1969 2288 2053 quia
2317 1980 2421 2033 etsi
2451 1969 2677 2035 defendi
2708 1969 2998 2053 sententia
3029 2000 3155 2038 mea
3184 1969 3407 2053 li‘quida
3434 1986 3660 2041 ratione

152 2057 278 2125 non
306 2044 512 2125 potest,
546 2045 823 2125 meaest;
858 2056 973 2125 non
1004 2058 1126 2125 eJus
1153 2042 1428 2125 auctoris,
1442 2043 1614 2125 cujus
1643 2060 1873 2097 sensum
1896 2042 2220 2124 improbare
2250 2050 2331 2125 fas
2361 2066 2476 2103 non
2497 2056 2645 2105 est...
2668 2052 2795 2125 Iloc
2821 2059 3011 2107 tamen
3042 2055 3198 2125 quod
3226 2042 3285 2108 in
3314 2056 3482 2110 tertio
3514 2057 3663 2111 libro

155 2111 237 2191 de.
265 2110 736 2195 Libero‘Arbitrio
758 2127 890 2164 cum
916 2112 987 2165 de
1013 2113 1331 2195 substantia
1352 2112 1611 2195 rationali
1639 2129 1870 2192 agerem
1901 2110 2033 2170 sic'a
2058 2134 2148 2172 me
2179 2121 2429 2189 positum
2459 2126 2543 2195 est
2562 2130 2623 2195 ut
2650 2123 2896 2177 dicerem
2923 2141 2935 2177 :
2968 2110 3079 2178 ((1ιῖ
3108 2126 3443 2195 corporibus
3468 2110 3663 2181 autem

158 2201 190 2233 α
222 2180 588 2278 inferioribus
608 2180 800 2278 anima
820 2188 950 2278 post
970 2188 1267 2278 pec‘catum
1288 2182 1551 2278 ordinata
1574 2180 1718 2263 regit
1742 2201 1948 2278 oorpus
1973 2204 2163 2278 suum,
2179 2180 2304 2278 non
2327 2192 2659 2278 omnimodo
2684 2210 2790 2262 pro
2808 2195 3063 2278 arbitrio,
3081 2197 3177 2278 sed
3199 2180 3345 2251 sicut
3364 2198 3517 2278 leges
3531 2199 3659 2278 uni-

158 2272 191 2302 α
222 2252 504 2335 versitatis
529 2252 758 2335 sinunt:
792 2252 1155 2335 )i‘diligenter
1179 2254 1499 2335 advertant,
1534 2254 1631 2324 qui
1663 2252 1867 2335 putant
1894 2272 1987 2311 me
2019 2252 2338 2335 aliquidde
2367 2261 2559 2335 anima
2588 2252 2839 2318 humana
2860 2266 3015 2319 velut
3039 2252 3255 2320 certum
3286 2252 3543 2321 statuisse
3576 2252 3659 2321 at-

157 2340 274 2394 que
306 2323 512 2407 ﬁxisse,
566 2323 719 2407 quod
760 2323 979 2407 velex';
991 2325 1324 2405 parentibus
1356 2340 1484 2407 per.
1508 2323 1884 2407 propaginem
1914 2323 2141 2407 veniat,
2188 2333 2275 2407 vel
2323 2332 2383 2385 in
2427 2334 2645 2407 actibus
2696 2335 2826 2407 vitae
2866 2336 3174 2406 superioris
3213 2342 3383 2407 atque
3417 2339 3661 2392 caelestis

155 2394 496 2477 peccaverit,
535 2399 610 2477 _ut
652 2394 1005 2477 corruptibili
1041 2411 1209 2449 carne
1248 2394 1844 2477 merereturincl’udi;
1876 2404 1931 2452 et
1958 2394 2184 2477 videant
2221 2402 2301 2455 sic
2331 2419 2362 2455 a
2401 2419 2491 2456 me
2534 2406 2705 2477 verba
2752 2394 3391 2477 fuisse'perpensa,‘ut
3438 2414 3661 2463 retento

154 2482 225 2519 eo
254 2466 405 2545 quod
433 2469 654 2550 certum
682 2465 887 2543 habeo,
926 2471 1378 2550 postnpeccatum
1410 2466 1604 2550 primi.
1628 2468 1874 2548 hominis
1905 2473 2065 2523 natos
2104 2487 2225 2550 esse
2250 2478 2421 2544 atque
2468 2476 2623 2550 nasci
2665 2481 2898 2530 caeteros
2928 2465 3191 2550 homines
3232 2465 3292 2531 in
3322 2495 3490 2550 carne
3531 2495 3660 2550 pec-

147 2536 411 2616 cati,_cui_
441 2535 896 2619 sanandte‘v‘enit
938 2537 998 2590 in
1043 2537 1291 2619 Domino.
1331 2536 1646 2619 similitudo
1674 2538 1891 2619 carnis
1926 2542 2163 2619 peccati,
2212 2543 2289 2596 ita
2326 2535 2532 2619 omnia
2577 2552 2867 2619 sonarent,
2918 2552 2983 2602 ut
3028 2548 3172 2601 nulli
3218 2535 3663 2619 prasjudicai'ent

147 2606 416 2700 opinioni
442 2606 1143 2700 quatu‘orillarumuquas
1174 2612 1380 2700 postea)
1397 2607 1605 2700 digessi
1633 2612 1806 2677 atque
1834 2606 2093 2700 distinxi,
2124 2606 2241 2666 non
2269 2616 2615 2700 coutirmans
2653 2606 2957 2700 aliquam,“
2967 2620 3062 2672 sed
3100 2606 3511 2700 interimtquod
3536 2636 3666 2700 age-

148 2676 289 2731 bam
323 2680 671 2802 sesquestrata
700 2676 929 2731 illarum
969 2676 1319 2733 discussione
1350 2676 1760 2744 determinans,
1793 2685 1855 2733 ut
1888 2676 2265 2753 quascumque
2298 2686 2528 2739 illarum
2560 2703 2690 2741 vera
2715 2676 2882 2756 esset,
2918 2676 3068 2743 Deus
3104 2688 3224 2742 sine
3256 2676 3430 2744 dubio
3460 2676 3657 2744 lauda-

151 2754 333 2801 retur.
406 2748 493 2800 ive
523 2749 701 2802 enim.
736 2767 761 2798 ω
793 2754 899 2802 etc.

151 2754 333 2801 retur.
367 2754 493 2802 Sive
523 2754 701 2816 enim,
736 2767 761 2798 ω
793 2754 899 2802 etc.

260 2835 412 2904 Vide
440 2849 765 2929 praeterea
795 2837 1038 2904 librum
1070 2848 1130 2920 1,
1166 2860 1311 2929 cep.
1344 2847 1407 2903 9.
1446 2841 1975 2920 Retractionum,
2013 2841 2135 2907 col.
2182 2850 2333 2923 595,
2371 2865 2413 2908 α
2447 2842 2683 2924 verbis,
2716 2847 2881 2911 Cum
2928 2849 3147 2913 adhuc
3184 2848 3433 2929 Romae,
3468 2870 3535 2913 η.
3588 2857 3616 2913 1
3639 2902 3653 2929 ,

152 2947 362 3014 usque
400 2923 492 2990 ad
518 2924 638 2989 col.
676 2932 828 3005 599,
873 2948 937 2991 η.
977 2934 1039 3007 6,
1083 2923 1319 3008 verbis,
1365 2930 1504 2992 nOn
1538 2931 1624 2992 sit
1656 2936 1896 2993 auctor
1932 2933 2115 2995 mali.
2570 2934 2657 2998 M.

1035 3150 1140 3254 S.
1220 3150 1870 3256 AURELII
1940 3153 2782 3260 AUGUSTINI

1461 3317 1975 3367 HIPPONENSIS
2010 3320 2367 3370 EPISCOPI

578 3440 879 3597 DE
1010 3442 1910 3606 LIBERO
2046 3444 3251 3606 ARBITRIO

1511 3650 1828 3744 LIBRI
1906 3656 2314 3751 TRES‘“).

1220 3819 2579 4047 LIBEREIMUS.

150 4100 216 4146 In
248 4112 351 4160 quo
380 4102 522 4169 mota
543 4098 854 4169 quaestione,
883 4099 1743 4169 Unde__malum“explicatur‘quid
1775 4104 1842 4169 sit
1864 4105 2001 4169 male
2021 4119 2174 4169 agere
2196 4122 2208 4165 ;
2233 4110 2449 4169 tumque
2472 4106 2609 4169 mala
2632 4106 2910 4155 hominum
2931 4107 3067 4157 facta
3087 4122 3152 4157 ex
3174 4110 3339 4158 libera
3364 4111 3659 4161 voluntatis

342 4161 554 4210 arbitrio
577 4161 831 4223 proﬁcisci
856 4163 1182 4223 ostenditur;
1214 4161 1406 4226 quippe
1437 4178 1558 4213 cum
1584 4161 1809 4227 libidini,
1831 4181 1950 4230 quae
1980 4168 2034 4216 in
2054 4161 2523 4217 omni'facto'malo
2553 4174 2753 4231 regnat,
2778 4170 2972 4219 servire
3003 4184 3152 4219 mens
3175 4185 3205 4219 a
3234 4172 3384 4220 nullo
3412 4178 3654 4234 cogatur.

1759 4280 2073 4291 ———__

228 4348 451 4404 CAPUT
475 4350 772 4405 PRIMUM.
792 4351 1030 4421 —fDeus
1056 4366 1127 4405 an
1151 4349 1384 4418 alicujus
1413 4352 1549 4405 mali
1573 4356 1777 4406 auctor.
1959 4352 2153 4406 fecisse
2183 4351 2423 4406 dicimus
2455 4367 2468 4405 :
2504 4353 2636 4419 alio,
2679 4368 2808 4407 cum
2849 4354 2985 4408 mali
3015 4352 3231 4425 aliquid
3263 4370 3383 4409 esse
3423 4370 3657 4426 perpes-
3694 4362 3703 4389 ί

232 4442 279 4493 1.
315 4438 549 4493 Evonws
593 4438 705 4509 (b):
760 4438 856 4492 Dic
911 4438 1077 4505 mihi,
1131 4454 1321 4510 quzeso
1350 4444 1425 4506 te,
1466 4443 1660 4494 utrum
1705 4442 1852 4495 Deus
1961 4456 2109 4494 sum.
2157 4443 2219 4494 E.
2283 4441 2361 4493 De
2392 4444 2636 4512 utroque
2693 4441 2833 4496 scire
2890 4441 3082 4513 cupio.
3126 4445 3203 4496 Α.
3258 4446 3327 4495 At
3380 4443 3427 4496 si
3474 4445 3656 4499 Deum

146 4543 270 4582 non
318 4527 389 4580 sit
418 4531 617 4581 auctor
652 4527 834 4581 mali?
863 4530 1248 4582 AUGUSTINUS;
1284 4527 1496 4595 Dicam,
1529 4528 1575 4582 si
1612 4530 1852 4599 planum
1960 4529 2177 4583 bonum
2218 4545 2337 4583 esse
2382 4529 2528 4584 nosti
2567 4530 2653 4585 vel
2694 4530 2896 4596 credis,
2946 4546 3134 4600 neque
3181 4531 3336 4584 enim
3376 4531 3541 4585 aliter
3573 4532 3660 4587 fas

142 4614 353 4671 feceris
384 4615 452 4669 de
484 4632 598 4686 quo
630 4616 779 4669 malo
806 4631 1047 4686 quaeras.
1084 4616 1316 4670 Duobus
1344 4616 1498 4669 enim
1535 4617 1720 4670 modis
1750 4634 1849 4687 ap-
1960 4622 2061 4683 est,
2143 4617 2290 4672 male
2345 4634 2459 4672 non
2516 4618 2683 4672 facit:
2757 4619 2803 4672 si
2861 4620 3043 4673 Deum
3094 4620 3318 4689 justum
3385 4620 3652 4691 fatemur,

140 4702 365 4775 pellare
395 4704 644 4758 solemus
692 4704 908 4757 malum
943 4720 956 4769 ;
1005 4719 1141 4771 uno,
1196 4720 1327 4759 cum
1378 4705 1526 4759 male
1563 4722 1850 4777 quemque
1958 4723 2093 4761 nam
2124 4710 2180 4761 et
2206 4708 2311 4761 hoc
2338 4722 2547 4778 negare
2576 4706 2916 4777 sacrilegum
2945 4708 3051 4773 est,
3096 4711 3161 4761 ut
3194 4707 3359 4762 bonis
3394 4709 3656 4781 praemia,

1479 4818 1744 4853 ADMONITIO
1780 4817 1852 4853 PP.
1890 4817 2341 4853 BBNEDICTINORUX.

216 4886 305 4962 His
322 4888 640 4962 castigandis
662 4888 898 4962 sobsidio
918 4889 1136 4962 fuerunt
1155 4891 1274 4962 Mss.
1295 4889 2063 4962 CorbeiensisLGermanensis,
2080 4889 2527 4962 Gemmeticensis,
2547 4888 2897 4962 Bratellensis,
2923 4888 3305 4962 Audoenensis,
3334 4890 3649 4962 Sergieﬁnsis,

136 4949 980 5024 Casaleusis,Regio-Montensjs,
1005 4952 1213 5013 Regius,
1246 4952 2323 5024 .Arnullensis,nThuanensis,_Victor:ipus,
2349 4951 2627 5024 _$orbonici
2647 4950 2771 5024 duo,
2798 4964 2934 5024 unus
2964 4949 3648 5024 Augustiniauorum‘l’aris

138 5010 364 5072 majoris
385 5010 694 5079 conventus,
721 5010 1182 5079 Dominicanor'um
1202 5010 1303 5079 'via
1316 5010 1585 5079 Jo_co_bzea,
1602 5016 1876 5079 Bernensis
1897 5010 2147 5074 ecclesiae,
2172 5014 2489 5064 Vedastinus
2510 5017 2561 5062 et
2582 5012 2884 5075 Vaticanus,
2904 5010 3159 5063 lectio'nes
3181 5029 3389 5079 quoque
3412 5014 3648 5077 Belgico-

139 5086 270 5121 rum
301 5078 525 5136 quatuor
555 5075 693 5137 apud
726 5076 871 5130 Lov..
903 5090 963 5123 ac
988 5076 1247 5125 editiones
1276 5076 1402 5125 Bad.
1430 5076 1514 5125 Er.
1546 5081 1597 5125 et
1621 5078 1743 5126 Lov.

246 5154 797 5243 Comparavz'mus
834 5168 1157 5245 praeterea
1214 5177 1323 5222 eas
1376 5177 1598 5222 omnes
1651 5156 1963 5225 editiones
1993 5157 2178 5224 initio
2217 5157 2790 5221 Retractationum
2821 5162 2889 5221 et
2940 5158 3456 5222 Confessionum
3518 5176 3648 5221 me-

138 5256 469 5309 moratas.
888 5247 971 5310 M.

214 5358 288 5431 ςᾳ)
315 5358 551 5431 Inchoati
580 5373 731 5431 anno.
757 5358 949 5431 (ξω-ξεςὶ
978 5362 1088 5420 388,
1118 5360 1347 5431 absoluti
1373 5373 1513 5431 anno
1538 5361 1647 5431 39s,
1748 5427 1755 5431 _
1963 5375 2017 5410 n.
2045 5363 2074 5410 2
2112 5359 2386 5431 rescribit:
2415 5374 2441 5403 «
2491 5358 2804 5422 Quanquam
2845 5362 2917 5431 et.
2946 5358 3047 5431 illa.
3081 5359 3123 5406 si
3162 5358 3425 5430 relegas...
3457 5370 3574 5430 quae
3609 5362 3658 5431 te

214 5419 283 5481 (ὁ)
316 5421 373 5492 In
408 5421 469 5469 iis
502 5421 647 5492 libris
679 5421 886 5492 dialogi
913 5421 1081 5492 forma
1115 5420 1509 5492 conscribendis
1534 5422 1855 5492 collocutore
1966 5440 1993 5469 ‹‹
2021 5424 2323 5492 conferente
2361 5434 2567 5492 mecum
2611 5419 2678 5492 ac
2700 5422 3085 5492 sermocinante
3115 5419 3435 5492 conscripsi,‘
3456 5419 3563 5468 sive
3588 5420 3658 5492 .de

140 5486 387 5555 ususest.
412 5497 521 5555 non
544 5484 728 5555 Orosio
750 5483 1083 5555 uti’Badian‘a
1100 5484 1261 5555 editio
1278 5484 1621 5555 praefertged
1635 5486 1854 5555 Evodio,
1965 5501 1993 5531 ‹‹
2022 5485 2242 5555 Anima;-
2275 5483 2554 5555 Qualitate,
2598 5484 2707 5555 sive
2764 5486 2827 5533 de
2876 5484 3084 5555 Libero‘
3110 5483 3326 5555 arbitrio
3361 5498 3372 5542 ;
3422 5483 3659 5555 invenies

141 5544 237 5595 cui
262 5546 601 5608 postmodum
632 5548 877 5610 episcopo
914 5546 988 5596 sic
1029 5544 1356 5610 Augustinus
1400 5548 1455 5599 in
1483 5547 1718 5611 Epistola
1748 5549 1856 5609 162,
1968 5563 1995 5594 ‹‹
2024 5547 2163 5596 unde
2194 5546 2470 5605 dissolvas,
2501 5550 2552 5596 et
2572 5546 2684 5595 sine
2714 5560 2871 5609 Opera
2895 5559 3029 5604 mea,
3056 5544 3411 5595 dubitationes
3440 5548 3573 5595 tuas.
3600 5562 3626 5590 »
