4036 6182
398 322 532 373 1223

390 443 470 496 ita
500 436 778 510 supplicia
809 433 974 489 malis
1008 428 1210 486 tribuit
1237 449 1252 496 ;
1282 443 1410 499 quae
1443 426 1641 496 utique
1674 423 1952 496 supplicia
1981 439 2084 492 pa-

391 529 663 584 tientibus
694 526 842 579 male
873 527 1030 577 sunt.
1059 518 1440 583 Quamobrem
1471 515 1516 568 si
1540 530 1709 568 nemo
1737 512 1946 582 injuste
1968 528 2087 582 poe-

390 635 493 672 nas
533 616 658 681 luit,
705 613 860 685 quod
891 624 1118 664 necesse
1151 611 1234 660 est
1264 604 1581 667 credamus,
1621 601 2087 673 quandoquidem

389 705 581 760 divina
602 699 960 774 providentia
981 699 1086 751 hoc
1107 694 1437 747 universum
1465 691 1590 761 regi
1612 690 1909 750 credimus,
1934 689 2086 741 illius

390 792 564 864 primi
601 788 828 860 generis
859 785 1144 839 malorum
1177 782 1334 835 nullo
1364 780 1556 842 modo,
1579 779 1752 848 hujus
1776 783 1968 831 autem
2001 794 2087 828 se-

392 879 562 934 cundi
603 881 802 931 auctor
832 880 919 928 est
947 875 1118 926 Deus.
1153 873 1217 925 E.
1248 871 1344 924 Est
1369 884 1506 938 ergo
1539 867 1681 920 alius
1710 870 1907 919 auctor
1935 864 2088 918 illius

390 967 548 1032 mali,
583 965 744 1035 cujus
776 964 956 1016 Deum
1002 975 1119 1012 non
1158 974 1278 1011 esse
1307 961 1667 1025 compertum
1713 953 1836 1008 est?
1873 955 1947 1006 A.
1997 953 2089 1006 Est

387 1065 538 1110 certe
563 1071 575 1108 :
606 1069 723 1106 non
749 1051 902 1105 enim
935 1048 1096 1102 nullo
1127 1052 1357 1099 auctore
1392 1043 1517 1096 fieri
1556 1046 1765 1113 posset.
1807 1041 1866 1095 Si
1895 1045 2086 1094 autem

386 1142 596 1216 quaeris
636 1141 900 1212 quisnam
948 1139 1053 1191 iste
1084 1135 1178 1204 sit,
1219 1134 1330 1188 dici
1370 1149 1488 1186 non
1517 1137 1742 1202 potest:
1772 1147 1900 1201 .non
1931 1129 2086 1182 enim

389 1248 538 1286 unus
582 1227 790 1299 aliquis
832 1230 935 1287 est,
982 1224 1078 1278 sed
1135 1223 1376 1293 quisque
1424 1221 1608 1273 malus
1662 1218 1748 1272 sui
1802 1216 2088 1271 malefacti

389 1326 590 1374 auctor
612 1322 714 1372 est.
751 1315 907 1370 Unde
939 1313 985 1367 si
1015 1311 1258 1376 dubitas,
1291 1310 1432 1363 illud
1464 1309 1691 1362 attende
1731 1307 1884 1378 quod
1914 1322 2086 1375 supra

385 1409 600 1462 dictum
632 1411 736 1468 est,
769 1399 1305 1469 malefactajustitia
1339 1397 1436 1451 Dei
1457 1395 1750 1449 vindicari.
1783 1395 1906 1448 Non
1931 1393 2082 1448 enim

383 1495 536 1565 juste
566 1491 1011 1553 vindicarentur,
1045 1487 1155 1540 nisi
1185 1487 1388 1539 fierent
1415 1486 1707 1537 voluntate
1740 1481 1832 1551 (ιι).

449 1587 502 1636 2.
551 1583 622 1636 E.
657 1578 858 1634 Nescio
902 1583 1091 1630 utrum
1123 1574 1427 1644 quisquam
1460 1577 1673 1642 peccet,
1713 1571 1813 1641 qui
1851 1586 1967 1623 non
1996 1570 2082 1623 di-

385 1670 621 1725 dicerit:
668 1668 820 1739 quod
870 1667 917 1719 si
971 1680 1164 1718 verum
1212 1667 1311 1726 est,
1357 1662 1623 1730 quisnam
1663 1661 1734 1712 sit
1763 1659 1858 1712 ille
1898 1676 1930 1712 a
1966 1675 2081 1728 quo

379 1773 618 1828 peccare
643 1755 1034 1818 didicerimus,
1067 1749 1319 1820 inquiro.
1346 1752 1422 1803 Α.
1455 1748 1685 1818 Aliquid
1720 1747 1856 1801 boni
1887 1746 2082 1800 existi-

386 1861 508 1900 mas
546 1861 664 1898 esse
710 1841 1067 1912 disciplinam
1088 1840 1116 1892 ?
1150 1841 1209 1893 E.
1247 1836 1383 1900 Quis
1412 1836 1618 1890 audeat
1647 1835 1834 1889 dicere
1865 1835 2081 1888 malum

382 1950 504 1988 esse
539 1929 1036 2000 disciplinam?A.
1072 1926 1242 1992 Quid,
1275 1925 1320 1978 si
1353 1941 1454 1979 nec
1483 1925 1699 1978 bonum
1729 1940 1832 1978 nec
1860 1923 2080 1978 malum

378 2027 466 2076 est
487 2024 516 2075 ‘?
562 2024 623 2075 E.
656 2019 790 2075 Mihi
817 2017 1030 2071 bonum
1053 2016 1293 2070 videtur.
1317 2017 1393 2070 Α.
1424 2016 1569 2068 Bene
1591 2030 1762 2079 sane;
1795 2013 2078 2084 siquidem

380 2109 617 2164 scientia
649 2124 748 2178 per
779 2106 938 2160 illam
983 2106 1152 2159 datur
1180 2109 1280 2158 aut
1307 2103 1602 2169 excitatur,
1635 2119 1740 2156 nec
1773 2102 2080 2173 quisquam

379 2197 491 2252 nisi
509 2213 612 2267 per
633 2194 992 2265 disciplinam
1021 2192 1235 2262 aliquid
1261 2191 1425 2245 discit
1449 2205 1461 2246 :
1497 2205 1569 2244 an
1601 2195 1655 2244 tu
1686 2190 1849 2244 aliter
1870 2194 2033 2260 putas
2051 2191 2080 2243 ‘P

379 2289 445 2342 Ε.
489 2287 604 2356 Ego
635 2300 738 2355 per
769 2281 1128 2351 disciplinam
1165 2296 1283 2333 non
1322 2278 1432 2332 nisi
1460 2278 1613 2331 bona
1643 2278 1780 2332 disci
1812 2278 2074 2334 arbitror.

379 2377 454 2427 Α.
488 2373 626 2426 Vide
655 2387 791 2440 ergo
824 2386 894 2423 ne
917 2385 1033 2422 non
1062 2368 1351 2422 discantur
1379 2367 1562 2419 mala:
1589 2382 1722 2418 nam
1753 2364 2075 2434 disciplina,

382 2462 497 2517 nisi
539 2478 572 2516 a
611 2459 880 2514 discendo
922 2473 1038 2511 non
1078 2456 1228 2510 dicta
1266 2461 1366 2509 est.
1413 2457 1478 2508 E.
1515 2454 1670 2508 Unde
1701 2469 1838 2523 ergo
1869 2453 1938 2506 ab
1970 2454 2076 2506 ho-

378 2551 534 2605 mine
567 2550 714 2603 tiunt
752 2547 799 2600 si
840 2562 954 2600 non
985 2543 1324 2598 discuntur?
1356 2546 1430 2596 Α.
1472 2543 1547 2596 Eo
1577 2542 1812 2595 fortasse
1842 2542 1990 2612 quod
2019 2557 2076 2594 se

381 2657 414 2695 a
443 2638 768 2709 disciplina,
799 2635 856 2699 id
879 2638 962 2688 est
988 2651 1020 2687 a
1045 2632 1314 2687 discendo
1334 2631 1539 2685 avertit
1559 2635 1728 2701 atque
1761 2630 2073 2683 abalienat:

381 2729 478 2783 sed
516 2729 631 2781 sive
673 2728 798 2791 hoc,
833 2725 948 2778 sive
987 2722 1137 2777 aliud
1169 2721 1385 2792 aliquid
1417 2720 1507 2786 sit,
1539 2720 1677 2773 illud
1709 2725 1859 2772 certe
1890 2717 2074 2772 mani-

383 2817 592 2870 festum
638 2819 744 2880 est,
796 2811 1070 2882 quoniam
1107 2809 1406 2878 disciplina
1437 2807 1655 2861 bonum
1696 2811 1804 2873 est,
1846 2811 1904 2859 et
1934 2823 1962 2859 a
1993 2806 2076 2860 di-

385 2904 594 2958 scendo
633 2901 784 2955 dicta
826 2905 910 2953 est
946 2897 1263 2967 disciplina,
1316 2895 1468 2948 mala
1509 2893 1648 2947 disci
1681 2894 1916 2948 omnino
1961 2909 2076 2947 non

379 3009 565 3063 posse.
589 2991 644 3045 Si
659 2989 812 3044 enim
835 2987 1148 3047 discuntur,
1175 2984 1310 3038 disci
1319 2984 1476 3053 plina
1491 2983 1876 3049 continentur,
1905 2988 2074 3052 atque

379 3082 463 3136 ita
491 3077 791 3148 disciplina
835 3090 952 3127 non
990 3073 1096 3126 erit
1121 3072 1336 3125 bonum
1364 3088 1377 3137 ;
1407 3071 1622 3124 bonum
1653 3076 1737 3124 est
1765 3077 1979 3136 autem,
2012 3074 2076 3123 ut

373 3173 494 3243 ipse
539 3165 840 3231 concedis;
890 3179 1004 3217 non
1046 3162 1219 3234 igitur
1247 3161 1542 3215 discuntur
1572 3161 1741 3226 mala,
1783 3165 1840 3214 et
1866 3160 2075 3214 frustra

371 3261 538 3313 illum
576 3273 608 3310 a
647 3271 762 3326 quo
807 3252 954 3306 male
1001 3250 1184 3304 facere
1233 3250 1522 3314 discimus,
1580 3248 1830 3318 quaeris;
1885 3255 1984 3301 aut
2025 3248 2072 3301 si

373 3348 674 3403 discuntur
715 3342 886 3406 mala,
928 3339 1157 3393 vitanda
1195 3354 1310 3391 non
1349 3336 1605 3390 facienda
1643 3336 1957 3389 discuntur.
1997 3337 2070 3389 Ex

378 3453 493 3509 quo
523 3435 670 3489 male
701 3433 884 3487 facere
915 3429 1057 3484 nihil
1087 3433 1190 3496 est,
1224 3426 1333 3481 nisi
1359 3444 1392 3480 a
1419 3425 1718 3496 disciplina
1748 3424 1996 3480 deviare.

443 3528 494 3578 3.
523 3525 588 3577 E.
621 3523 860 3575 Prorsus
881 3535 984 3589 ego
1006 3517 1145 3571 duas
1169 3515 1512 3584 disciplinas,
1541 3529 1660 3567 esse
1677 3517 1818 3582 puto
1845 3533 1860 3579 ;
1895 3529 2068 3568 unam

368 3627 473 3682 per
499 3625 670 3681 quam
701 3609 848 3662 bene
886 3606 1090 3669 facere,
1146 3603 1312 3655 aliam
1352 3617 1457 3671 per
1496 3617 1670 3672 quam
1705 3601 1854 3654 male
1884 3601 2069 3655 facere

370 3698 662 3753 discimus.
695 3695 804 3750 Sed
835 3710 964 3748 cum
994 3708 1282 3763 quaereres
1304 3697 1496 3744 utrum
1525 3690 1823 3760 disciplina
1851 3689 2068 3743 bonum

373 3791 538 3852 esset,
573 3785 755 3854 ipsius
784 3782 923 3836 boni
951 3797 1110 3834 amor
1138 3778 1514 3862 intentionem
1546 3794 1734 3832 meam
1764 3777 1975 3848 rapuit,
2009 3783 2072 3831 ut

368 3870 529 3925 illam
552 3869 915 3940 disciplinam
947 3868 1224 3932 intuerer,
1257 3883 1386 3936 quae
1416 3867 1559 3920 bene
1589 3866 1834 3920 faciendi
1867 3871 1952 3920 est
1977 3881 2065 3933 ex,

369 3978 486 4035 quo
536 3959 757 4012 bonum
807 3971 927 4009 esse
974 3953 1281 4024 respondi:
1334 3969 1487 4007 nunc
1524 3958 1714 4006 autem
1755 3953 2071 4007 admoneor

371 4066 493 4106 esse
525 4047 714 4111 aliam,
743 4059 918 4114 quam
945 4045 1141 4113 procul
1173 4041 1347 4097 dubio
1372 4043 1586 4096 malum
1617 4057 1738 4096 esse
1767 4042 2066 4109 confirmo,

367 4142 422 4193 et
465 4137 627 4206 cujus
658 4139 950 4188 auctorem
982 4131 1234 4202 requiro.
1265 4135 1340 4186 Λ.
1383 4131 1597 4186 Saltem
1626 4130 2066 4201 intelligentiam

364 4241 482 4280 non
505 4221 614 4277 nisi
637 4221 852 4276 bonum
875 4222 1082 4290 putas?
1101 4221 1166 4273 E.
1193 4221 1364 4273 Istam
1385 4221 1553 4290 plane
1573 4218 1652 4272 ita
1673 4219 1883 4273 bonam
1903 4226 2066 4290 puto,

363 4318 431 4368 ut
457 4327 578 4367 non
618 4310 844 4364 videam
875 4307 1014 4380 quid
1043 4308 1102 4362 in
1140 4309 1372 4362 homine
1410 4308 1590 4379 possit
1636 4324 1756 4363 esse
1789 4315 2066 4379 praestan-

364 4399 516 4466 tius;
546 4414 652 4452 nec
693 4397 813 4451 ullo
857 4395 1030 4450 modo
1074 4395 1313 4450 dixerim
1343 4396 1596 4468 aliquam
1625 4397 2065 4468 intelligentiam

367 4489 579 4542 malam
606 4501 725 4540 esse
757 4500 942 4555 posse.
964 4487 1042 4540 Α.
1075 4485 1222 4549 Quid
1243 4483 1270 4535 ?
1299 4501 1428 4538 cum
1460 4485 1696 4540 docetur
1721 4486 1962 4558 quisque
1994 4487 2062 4554 si,

367 4592 484 4630 non
510 4574 814 4644 intelligat,
844 4571 1121 4643 poteritne
1150 4572 1255 4626 tibi
1285 4573 1482 4627 doctus
1511 4574 1728 4629 videri?
1765 4579 1832 4630 E.
1867 4576 2063 4630 Omni-

367 4680 442 4718 no
485 4678 604 4716 non
648 4661 873 4732 poterit.
912 4664 987 4714 A.
1028 4659 1084 4714 Si
1126 4676 1264 4730 ergo
1295 4661 1480 4714 omnis
1509 4661 1885 4732 intelligentia
1914 4663 2066 4717 bona

368 4756 467 4815 est,
521 4765 626 4804 nec
672 4750 974 4820 quisquam
1019 4748 1120 4819 qui
1165 4764 1282 4802 non
1328 4747 1617 4819 intelligit,
1651 4749 1845 4816 discit;
1878 4750 2064 4803 omnis

367 4839 466 4910 qui
497 4836 684 4905 discit,
725 4836 868 4891 bene
899 4836 1068 4890 facit:
1099 4836 1287 4890 omnis
1318 4836 1470 4891 enim
1501 4836 1602 4908 qui
1632 4836 1812 4900 discit,
1850 4838 2062 4892 intelli-

365 4927 449 4999 git
474 4948 490 4995 ;
517 4932 573 4981 et
590 4925 778 4981 omnis
802 4927 902 4997 qui
932 4926 1221 4998 intelligit,
1251 4926 1396 4981 bene
1418 4926 1578 4981 facit:
1605 4927 1862 4998 quisquis
1889 4928 2066 4998 igitur

367 5017 576 5090 quaerit
604 5021 918 5084 auctorem,
956 5033 1059 5086 per
1098 5031 1269 5086 quem
1301 5016 1515 5087 aliquid
1548 5016 1838 5083 discimus,
1866 5023 2060 5072 aucto-

365 5121 488 5161 rem
519 5105 770 5176 profecto
818 5119 924 5170 per
957 5118 1132 5173 quem
1160 5103 1306 5157 bene
1350 5103 1606 5170 facimus,
1648 5104 1873 5176 quierit.
1912 5106 2061 5170 Qua-

366 5198 602 5264 propter
647 5190 844 5246 desine
875 5189 1020 5243 velle
1052 5190 1391 5260 investigare
1422 5191 1610 5245 nescio
1642 5209 1813 5263 quem
1845 5193 2061 5248 malum

273 5334 280 5339 .
365 5281 675 5336 doctorem.
716 5278 776 5333 Si
822 5275 974 5331 enim
1005 5278 1189 5331 malus
1218 5283 1322 5341 est,
1359 5279 1558 5334 doctor
1583 5296 1699 5335 non
1727 5286 1809 5336 est
1836 5298 1847 5335 :
1879 5281 1927 5336 si
1957 5282 2060 5337 do-

370 5372 492 5423 ctor
522 5371 626 5434 est,
653 5367 838 5422 malus
864 5382 978 5421 non
1009 5369 1111 5420 est.

425 5553 500 5622 (ᾳ)
533 5552 631 5602 Vid
660 5552 888 5606 Retract.
927 5552 1001 5603 lib
1025 5556 1071 5613 l,
1101 5566 1215 5614 cap.
1253 5555 1300 5614 9,
1332 5567 1385 5602 η.
1413 5555 1459 5601 3.

1479 303 1574 358 DE
1614 301 1874 357 LIBERO
1914 296 2278 366 ARBITRIO,
2319 295 2372 350 ς.
2415 294 2798 352 AUGUSTINI

3767 300 3916 351 1224

2195 420 2419 474 CAPUT
2459 421 2527 474 II.
2589 448 2658 459 —
2709 420 2913 474 Malum
2960 418 3104 472 unde
3152 421 3483 488 priusquam
3534 420 3920 490 disquiratur,

2701 507 2836 576 quid
2850 508 2916 560 de
2940 510 3042 562 Deo
3065 507 3407 564 credendum.

2270 599 2324 652 4.
2358 599 2421 651 Ε.
2455 599 2573 666 Age
2598 596 2741 666 jam,
2794 596 3068 666 quoniam
3108 597 3244 650 satis
3284 597 3440 667 cogis
3489 603 3549 652 ut
3578 599 3764 652 fatear
3795 617 3924 654 non

2199 703 2302 740 nos
2332 685 2546 740 discere
2578 686 2726 738 male
2759 685 2966 750 facere,
3001 684 3091 739 dic
3143 685 3286 738 mibi
3344 687 3496 740 unde
3554 688 3707 740 male
3739 688 3922 741 facia-

2199 793 2345 830 mus.
2379 776 2456 830 A.
2496 776 2631 829 Eam
2665 774 3047 844 quaestionem
3077 791 3283 841 moves,
3318 791 3445 845 qua:
3476 791 3566 829 me
3592 776 3924 830 admodum

2199 865 2615 918 adolescentem
2647 863 3014 916 vehementer
3066 863 3337 931 exercuit,
3391 869 3448 917 et
3502 864 3818 933 fatigatum
3864 867 3922 917 in

2198 952 2497 1007 haereticos
2522 951 2773 1021 impulit,
2806 957 2978 1021 atque
3010 951 3239 1021 dejecit.
3293 951 3417 1015 Quo
3466 968 3600 1005 casu
3643 954 3731 1005 ita
3784 970 3924 1006 sum

2199 1040 2461 1105 afflictus,
2494 1045 2551 1093 et
2579 1039 2754 1092 tantis
2781 1039 3020 1092 obrutus
3043 1040 3254 1093 acervis
3269 1040 3527 1093 inanium
3555 1040 3921 1104 fabularum,

2196 1133 2260 1182 ut
2292 1127 2401 1181 nisi
2432 1126 2575 1181 mihi
2603 1143 2766 1180 amor
2794 1127 3126 1181 inveniendi
3164 1127 3284 1180 veri
3313 1143 3481 1198 opem
3512 1128 3772 1181 divinam
3808 1127 3925 1180 im-

2196 1216 2549 1285 petravisset,
2583 1231 2877 1286 emergere
2907 1215 3058 1279 inde,
3095 1220 3267 1286 atque
3308 1216 3365 1268 in
3425 1216 3605 1284 ipsam
3651 1217 3919 1284 primam

2196 1304 2490 1375 quaerendi
2521 1304 2842 1358 libertatem
2876 1303 3155 1374 respirare
3201 1319 3319 1357 non
3377 1319 3624 1373 possem.
3662 1305 3733 1357 Et
3761 1321 3920 1374 quo-

2197 1393 2352 1446 niam
2382 1407 2606 1447 mecum
2629 1393 2828 1446 sedulo
2857 1398 3048 1446 actum
3077 1397 3185 1460 est,
3231 1398 3297 1446 ut
3333 1391 3440 1446 ista
3471 1393 3811 1462 quaestione
3849 1394 3922 1445 li-

2194 1481 2414 1546 berare,
2443 1498 2510 1534 eo
2546 1487 2731 1534 tecum
2763 1497 2930 1550 agam
2959 1481 3159 1534 ordine
3211 1497 3382 1551 quem
3437 1471 3668 1534 secutus
3731 1481 3920 1534 evasi.

2192 1569 2390 1622 Aderit
2416 1569 2570 1623 enim
2602 1571 2768 1635 Deus,
2798 1575 2855 1622 et
2873 1586 2976 1623 nos
2999 1569 3320 1638 intelligere
3337 1569 3492 1640 quod
3521 1569 3919 1634 credidimus,

2194 1657 2377 1710 faciet.
2415 1657 2812 1727 Praescriptum
2844 1658 2997 1712 enim
3017 1674 3121 1728 per
3145 1659 3486 1728 prophetam
3508 1659 3788 1730 gradum,
3816 1660 3921 1730 qui

2193 1745 2291 1809 ait,
2341 1747 2463 1801 Nisi
2493 1747 2851 1810 credideritis,
2895 1763 2999 1800 non
3035 1748 3348 1813 intelligetis
3391 1749 3536 1815 (Isai.
3568 1764 3666 1809 vn,
3704 1752 3763 1813 9,
3809 1764 3918 1801 sec.

2192 1834 2364 1902 LXX),
2397 1839 2592 1888 tenere
2624 1835 2909 1902 nos,bene
2932 1835 3098 1889 nobis
3128 1835 3565 1890 consciisumus.
3603 1837 3922 1890 Credimus

2191 1927 2381 1975 autem
2408 1938 2473 1976 ex
2505 1939 2620 1976 uno
2648 1924 2761 1976 Deo
2787 1922 2979 1976 omnia
2997 1938 3116 1976 esse
3131 1939 3259 1994 qum
3283 1928 3416 1976 sunt
3440 1943 3456 1990 ;
3478 1927 3534 1976 et
3561 1928 3771 1977 tamen
3795 1941 3918 1979 non

2190 2027 2309 2064 esse
2340 2017 2704 2081 peccatorum
2752 2018 3041 2066 auctorem
3074 2013 3279 2069 Deum.
3310 2013 3493 2066 Movet
3544 2018 3753 2067 autem
3786 2017 3920 2068 ani-

2188 2115 2369 2164 mum,
2400 2099 2447 2152 si
2477 2104 2706 2169 peccata
2736 2117 2802 2154 ex
2826 2099 2895 2153 iis
2923 2101 3224 2155 animabus
3251 2106 3384 2155 sunt
3401 2117 3540 2172 quas
3571 2103 3732 2156 Deus
3759 2119 3922 2157 creas

2188 2187 2290 2255 vit,
2323 2187 2434 2240 illae
2465 2191 2656 2241 autem
2689 2187 2897 2241 animre
2927 2204 2992 2241 ex
3026 2189 3160 2251 Deo,
3196 2188 3489 2258 quomodo
3543 2205 3667 2243 non
3731 2207 3920 2260 parvo

2187 2275 2486 2329 intervallo
2517 2281 2742 2346 peccata
2777 2276 3095 2330 referantur
3123 2277 3180 2329 in
3215 2278 3414 2330 Deum.

2260 2368 2311 2418 5.
2343 2367 2409 2418 Ε.
2443 2365 2504 2417 Id
2555 2380 2707 2418 nunc
2737 2365 2905 2434 plane
2953 2365 3053 2418 abs
3083 2370 3138 2418 te
3170 2365 3383 2419 dictum
3440 2370 3545 2434 est,
3588 2367 3763 2436 quod
3819 2384 3915 2421 me

2187 2453 2536 2523 cogitantem
2575 2453 2708 2506 satis
2730 2453 3034 2519 excruciat,
3071 2458 3127 2508 et
3167 2455 3321 2523 quod
3349 2454 3422 2508 ad
3452 2454 3622 2508 istam
3651 2455 3916 2526 inquisi-

2186 2541 2402 2594 tionem
2433 2541 2618 2612 coegit
2641 2546 2696 2594 et
2724 2541 2914 2596 traxit.
2949 2544 3015 2596 Α.
3057 2542 3216 2596 Virili
3247 2543 3440 2596 animo
3463 2548 3605 2603 esto,
3651 2548 3715 2596 et
3739 2547 3916 2598 crede

2187 2630 2341 2699 quod
2397 2629 2622 2683 credis:
2674 2629 2816 2684 nihil
2872 2629 3027 2683 enim
3077 2631 3330 2684 creditur
3381 2632 3608 2697 melius,
3673 2633 3914 2687 etiamsi

2186 2734 2356 2771 causa
2387 2719 2557 2772 lateat
2582 2734 2683 2772 cur
2712 2719 2788 2772 ita
2820 2718 2911 2773 sit.
2940 2719 3167 2790 Optime
3189 2736 3437 2790 namque
3463 2719 3531 2774 de
3553 2721 3675 2773 Deo
3706 2722 3913 2775 existi-

2186 2822 2342 2860 mare
2375 2806 2733 2860 verissimum
2753 2812 2835 2860 est
2851 2807 3077 2877 pietatis
3103 2808 3422 2873 exordium,
3449 2825 3553 2862 nec
3586 2809 3910 2880 quisquam

2184 2894 2254 2948 de
2279 2895 2376 2948 illo
2407 2895 2620 2964 optime
2646 2895 2946 2956 existimat,
2970 2896 3069 2967 qui
3100 2912 3219 2950 non
3251 2912 3383 2950 eum
3403 2897 3908 2966 omnipotentem,

2186 2987 2356 3053 atque
2385 2999 2450 3036 ex
2484 2984 2642 3036 nulla
2672 2982 3432 3052 particulacommutabilem
3466 2985 3652 3039 credit
3679 3004 3694 3051 ;
3730 2987 3908 3040 bono-

2183 3087 2313 3124 rum
2340 3071 2511 3125 etiam
2534 3070 2797 3124 omnium
2828 3077 3163 3134 creatorem,
3213 3072 3422 3140 quibus
3451 3078 3534 3126 est
3565 3074 3695 3144 ipse
3756 3092 3905 3146 pra:-

2184 3159 2423 3212 stantior
2439 3167 2744 3218 :rectorem
2762 3176 2992 3231 quoque
2997 3161 3378 3230 justissimum
3399 3177 3603 3215 eorum
3629 3166 3904 3217 omnium

2183 3261 2311 3316 quae
2333 3247 2582 3312 creavit;
2614 3263 2721 3300 nec
2752 3249 2866 3300 ulla
2893 3248 3155 3317 adjutum
3183 3264 3304 3302 esse
3342 3254 3549 3302 natura
3603 3250 3667 3303 in
3700 3268 3903 3304 crean-

2180 3335 2273 3402 do,
2305 3335 2466 3404 quasi
2497 3334 2597 3405 qui
2628 3351 2746 3388 non
2794 3335 2902 3389 sibi
2956 3336 3266 3391 sufﬁceret.
3328 3338 3404 3390 Ex
3453 3354 3568 3408 quo
3631 3342 3705 3392 tit
3741 3346 3811 3394 ut
3839 3343 3903 3394 de

2181 3422 2363 3476 nihilo
2393 3422 2668 3476 creaverit
2699 3423 2922 3490 omnia;
2960 3423 3029 3478 de
3081 3440 3140 3478 se
3196 3430 3384 3479 autem
3441 3441 3559 3478 non
3593 3431 3900 3490 creaverit,

2180 3511 2278 3564 sed
2305 3509 2570 3581 genuerit
2623 3511 2771 3580 quod
2802 3511 2910 3564 sibi
2962 3527 3068 3581 par
3097 3517 3265 3578 esset,
3315 3528 3488 3582 quem
3545 3513 3772 3569 Filium
3808 3517 3902 3570 Dei

2179 3598 2416 3652 unicum
2448 3598 2711 3664 dicimus,
2748 3616 2917 3669 quem
2943 3616 3073 3653 cum
3097 3601 3326 3670 planius
3357 3600 3667 3655 enuntiare
3725 3620 3898 3658 cona-

2182 3703 2330 3753 mur,
2367 3687 2465 3740 Dei
2495 3687 2774 3741 Virtutem
2799 3692 2857 3741 et
2886 3687 2984 3742 Dei
3009 3688 3361 3758 Sapientiam
3380 3689 3786 3759 nominamus,
3807 3709 3903 3764 per

2181 3792 2354 3846 quam
2387 3776 2521 3830 fecit
2550 3776 2766 3842 omnia,
2799 3793 2928 3846 quas
2958 3777 3027 3830 de
3082 3777 3259 3830 nihilo
3304 3777 3449 3831 facta
3480 3785 3639 3832 sunt.
3673 3779 3901 3843 Quibus

2180 3865 2524 3927 constitutis,
2559 3865 2629 3919 ad
2661 3865 3104 3934 intelligentiam
3135 3866 3258 3936 ejus
3289 3865 3370 3920 rei
3401 3882 3581 3937 quam
3623 3870 3896 3940 requiris.

2181 3953 2497 4024 opitulante
2531 3955 2668 4015 Deo,
2704 3954 2959 4008 nitamur
2981 3953 3087 4008 hoc
3117 3954 3314 4008 modo.

2418 4042 2642 4097 CAPUT
2678 4043 2772 4096 ΙΙΙ.
2800 4073 2864 4081 -
2895 4044 3034 4097 Muli
3060 4049 3261 4096 natura
3301 4059 3368 4097 ea:
3401 4043 3648 4098 libidine.

2250 4133 2302 4185 6.
2331 4131 2548 4195 Quaeris
2579 4136 2732 4185 certe
2790 4131 2946 4186 unde
2993 4132 3141 4186 male
3192 4132 3466 4187 faciamus
3499 4149 3513 4187 :
3543 4133 3718 4203 prius
3764 4151 3896 4204 ergo

2178 4220 2596 4276 discutiendum
2628 4224 2714 4275 est
2743 4221 2882 4292 quid
2913 4221 2984 4274 sit
3013 4223 3159 4275 male
3190 4221 3409 4288 facere;
3435 4237 3548 4292 qua
3580 4223 3654 4276 de
3687 4239 3760 4278 re
3791 4225 3893 4278 tibi

2178 4308 2319 4380 quid
2348 4308 2610 4363 videatur
2638 4325 2930 4380 exprome.
2962 4309 3124 4373 Quod
3155 4309 3202 4364 si
3232 4326 3346 4364 non
3389 4317 3548 4381 potes
3581 4316 3781 4367 totum
3820 4315 3893 4366 si-

2174 4397 2297 4451 mul
2339 4397 2586 4451 breviter
2613 4397 2804 4451 verbis
2835 4398 3342 4468 comprehendere,
3383 4399 3582 4452 saltem
3639 4402 3894 4470 particu-

2174 4485 2338 4540 latim
2389 4485 2688 4540 malefacta
2761 4485 2887 4556 ipsa
2947 4487 3470 4553 commemorando,
3528 4490 3884 4544 sententiam

2170 4579 2327 4628 tuam
2358 4579 2552 4627 notam
2602 4574 2691 4628 fac
2740 4574 2902 4628 mihi.
2937 4577 3001 4629 E.
3035 4575 3329 4629 Adulteria
3367 4580 3424 4629 et
3451 4575 3776 4631 homicidia
3829 4587 3884 4631 et

2174 4661 2494 4732 sacrilegia,
2522 4667 2586 4715 ut
2635 4663 2897 4716 omittam
2948 4669 3154 4717 caetera
3207 4665 3417 4735 quibus
3471 4668 3890 4721 enumerandis

2173 4751 2261 4804 vel
2301 4755 2526 4820 tempus
2556 4751 2643 4804 vel
2674 4751 2956 4805 memoria
2984 4768 3101 4806 non
3157 4753 3431 4822 suppetit,
3487 4754 3616 4824 quis
3663 4761 3759 4810 est
3803 4758 3890 4810 cui

2172 4855 2288 4892 non
2320 4840 2467 4892 male
2521 4839 2668 4893 facta
2714 4839 3060 4894 videantur?
3114 4842 3185 4895 Α.
3233 4841 3328 4895 Dic
3359 4857 3497 4910 ergo
3548 4843 3743 4912 prius,
3793 4861 3890 4898 cur

2173 4927 2520 4982 adulterium
2552 4929 2701 4982 male
2731 4929 2858 4984 ﬁeri
2912 4934 3118 4999 putes;
3147 4946 3222 4984 an
3268 4930 3404 5001 quia
3433 4930 3490 4985 id
3544 4931 3741 4986 facere
3801 4934 3886 4987 lex

2171 5021 2370 5074 vetat?
2397 5019 2617 5084 E._Non
2647 5035 2782 5072 sane
2841 5019 2967 5073 ideo
3020 5019 3238 5073 malum
3295 5026 3399 5082 est,
3460 5020 3600 5090 quia
3657 5028 3890 5076 vetatur

2172 5107 2297 5179 lege
2323 5126 2338 5173 ;
2369 5107 2464 5161 sed
2490 5107 2618 5161 ideo
2641 5111 2864 5162 vetatur
2887 5107 3032 5178 lege,
3059 5107 3196 5178 quia
3216 5109 3429 5161 malum
3458 5113 3563 5163 est.
3599 5110 3673 5162 Α.
3707 5109 3884 5174 Quid,

2173 5195 2220 5248 si
2249 5194 2536 5266 quispiam
2576 5211 2680 5250 nos
2734 5196 3000 5266 exagitet,
3063 5211 3412 5266 exaggerans
3468 5196 3888 5253 delectationes

2174 5282 2460 5351 adulterii,
2491 5287 2548 5337 et
2569 5299 2834 5354 quaerens
2864 5300 2897 5337 a
2924 5284 3091 5338 nobis
3121 5301 3222 5338 cur
3268 5285 3374 5339 hoc
3425 5285 3643 5339 malum
3694 5294 3760 5341 et
3790 5288 3890 5342 da-

2172 5371 2466 5425 mnatione
2523 5371 2764 5443 dignum
2801 5372 3163 5443 judicemus;
3194 5389 3332 5427 num
3382 5372 3451 5428 ad
3481 5374 3889 5430 auctoritatem

2172 5459 2316 5530 legis
2340 5459 2788 5532 confugiendum
2821 5477 3016 5515 censes
3056 5460 3405 5528 hominibus,
3441 5461 3564 5532 jam
3593 5479 3717 5519 non
3759 5471 3890 5520 tan-

2174 5552 2300 5604 tum
2332 5549 2587 5619 credere,
2613 5549 2716 5608 sed
2738 5549 3062 5622 intelligere
3090 5549 3450 5623 cupientibus
3468 5554 3499 5605 ?
3524 5553 3668 5608 Nam
3698 5559 3762 5610 et
3781 5571 3888 5625 ego
