4036 6182
479 313 499 363 1
509 310 612 365 227

469 437 704 503 tamque
731 431 921 497 vitam,
959 446 1088 500 quae
1114 444 1266 483 mors
1294 425 1500 481 melius
1529 430 1784 494 vocatur,
1828 430 2055 497 gerunt.
2100 427 2166 480 E.

472 520 783 592 Resipisco,
817 525 874 574 et
903 519 1213 574 admodum
1241 515 1459 586 gaudeo
1485 516 1606 584 jam
1638 531 1730 569 me
1760 516 1932 585 plane
1963 530 2170 585 cogno-

472 609 618 663 visse
658 609 792 679 quid
822 608 893 662 sit
916 607 1086 661 etiam
1117 607 1214 659 illa
1237 604 1536 674 culpabilis
1553 605 1858 675 cupiditas,
1891 621 2018 676 qum
2040 605 2168 658 libi-

474 697 547 752 do
576 695 1138 758 nominatunQuam
1169 709 1287 747 esse
1318 693 1436 762 jam
1481 699 1720 763 apparet
1749 710 1948 748 earum
1976 709 2168 747 rerum

477 801 750 852 amorem,
783 800 922 854 quas
949 787 1138 853 potest
1156 781 1399 852 quisque
1437 781 1648 836 invitus
1673 782 1964 837 amittere.

475 928 698 982 CAPUT
722 927 784 980 V.
807 953 877 964 -ο
921 925 1157 994 Objectio
1183 925 1356 978 altera
1401 924 1466 978 de
1505 927 1762 979 occisione
1804 927 2034 980 hominis
2061 927 2171 979 vim

773 1014 1048 1083 offerentis
1083 1029 1182 1083 per
1212 1015 1481 1067 humanas
1515 1014 1650 1080 leges
1682 1015 1855 1070 licita.

545 1143 630 1194 ll.
663 1140 846 1204 Quare
876 1154 1048 1197 nunc,
1079 1154 1203 1208 age,
1247 1152 1593 1208 quaeramus,
1638 1136 1684 1189 si
1721 1137 1925 1206 placet,
1977 1139 2167 1189 utrum

472 1228 646 1282 etiam
677 1227 737 1281 in
768 1226 1080 1296 sacrilegiis
1121 1226 1298 1279 libido
1341 1224 1686 1290 dominetur,
1739 1242 1868 1296 qum
1911 1224 2171 1277 videmus

470 1317 638 1388 plura
681 1315 1083 1386 superstitione
1116 1313 1419 1368 committi.
1453 1316 1530 1367 Α.
1561 1314 1698 1367 Vide
1747 1330 1816 1366 ne
1841 1328 2168 1383 prmprope-

471 1421 602 1460 rum
629 1404 701 1458 sit
721 1421 733 1458 :
753 1404 912 1474 prius
935 1403 1090 1457 enim
1110 1402 1253 1456 mihi
1282 1401 1704 1456 discutiendum
1732 1402 1957 1456 videtur
1973 1406 2166 1456 utrum

471 1494 560 1547 vel
602 1492 778 1547 hostis
829 1491 1072 1558 irruens,
1122 1491 1210 1545 vel
1255 1490 1556 1544 insidiator
1605 1489 1859 1556 sicarius,
1912 1489 2026 1544 sive
2065 1506 2167 1560 pro

469 1583 609 1651 vita,
637 1581 752 1635 sive
778 1596 880 1650 pro
911 1580 1192 1645 libertate,
1241 1579 1357 1632 sive
1404 1595 1508 1648 pro
1540 1579 1830 1649 pudicitia,
1880 1578 2001 1633 sine
2050 1579 2167 1632 ulla

469 1669 846 1724 interficiatur
873 1668 1131 1723 libidine.
1175 1671 1240 1722 E.
1283 1668 1577 1731 Quomodo
1617 1684 1848 1738 possum
1901 1666 2165 1721 arbitrari

471 1773 661 1812 carere
690 1758 829 1811 istos
861 1756 1120 1821 libidine,
1151 1755 1250 1827 qui
1283 1772 1385 1825 pro
1433 1755 1500 1808 iis
1537 1756 1706 1810 rebus
1755 1755 2162 1826 digladiantur,

469 1862 610 1917 quas
658 1848 896 1916 possunt
953 1843 1215 1898 amittere
1254 1843 1450 1898 inviti:
1506 1848 1603 1898 aut
1646 1843 1690 1897 si
1735 1861 1847 1898 non
1904 1847 2159 1915 possunt,

468 1935 604 2005 quid
648 1950 790 2004 Opus
822 1937 905 1987 est
934 1949 1037 2002 pro
1067 1932 1153 1986 his
1184 1948 1363 2004 usque
1397 1933 1466 1987 ab
1507 1933 1761 1987 hominis
1791 1949 1986 1987 necem
2032 1949 2164 2003 pro-

466 2022 672 2092 gredi?
700 2024 778 2076 Α.
809 2019 845 2075 ⁸.
881 2023 1002 2076 Non
1037 2037 1172 2092 ergo
1196 2022 1286 2075 lex
1309 2023 1467 2092 justa
1499 2027 1602 2090 est,
1628 2038 1757 2092 qua:
1789 2023 1884 2077 dat
1913 2026 2164 2092 potesta-

466 2114 586 2165 tem
613 2110 701 2166 vel
740 2109 944 2164 viatori
971 2113 1030 2162 ut
1059 2110 1359 2176 latronem,
1393 2126 1466 2163 ne
1505 2111 1575 2164 ab
1602 2126 1668 2164 eo
1697 2110 1818 2181 ipse
1851 2111 2160 2178 occidatur,

469 2199 724 2265 occidat;
759 2198 845 2253 vel
876 2197 1125 2268 cuipiam
1149 2199 1268 2253 viro
1299 2203 1396 2253 aut
1425 2198 1654 2254 femina:
1686 2202 1748 2252 ut
1776 2199 2055 2253 violenter
2087 2199 2162 2252 si-

463 2288 524 2343 bi
551 2293 931 2359 stupratorem
978 2287 1293 2341 irruentem
1338 2291 1467 2341 ante
1505 2288 1728 2341 illatum
1777 2291 2059 2357 stuprum,
2116 2288 2164 2342 si

464 2378 665 2448 possit,
702 2375 1016 2432 interimat.
1049 2377 1192 2430 Nam
1225 2376 1398 2430 militi
1427 2375 1600 2430 etiam
1641 2376 1878 2447 jubetur
1919 2379 2066 2448 lege,
2099 2381 2165 2432 ut

465 2474 688 2521 nostem
719 2469 906 2519 necet:
943 2482 973 2518 a
999 2481 1113 2536 qua
1141 2464 1292 2519 caede
1323 2463 1370 2517 si
1395 2464 1818 2535 temperaverit,
1865 2465 1935 2519 ab
1984 2465 2161 2536 impe-

464 2559 651 2609 ratore
681 2569 878 2624 poenas
899 2552 1024 2606 luit.
1061 2553 1207 2607 Num
1235 2552 1370 2606 istas
1385 2553 1540 2624 leges
1567 2553 1833 2623 injustas,
1863 2555 1948 2608 vel
1971 2554 2161 2624 potius

466 2644 652 2699 nullas
682 2643 870 2697 dicere
902 2641 1236 2697 audebimus
1257 2640 1285 2693 ?
1323 2642 1465 2696 Nam
1499 2641 1645 2696 mihi
1669 2643 1759 2697 lex
1783 2658 1902 2696 esse
1933 2659 2049 2698 non
2069 2642 2160 2698 vi—

465 2732 651 2799 detur,
680 2747 809 2804 quas
829 2731 984 2802 justa
1012 2745 1131 2784 non
1158 2728 1352 2786 fuerit.

541 2823 622 2876 1'2.
655 2823 722 2875 E.
768 2821 975 2890 Legem
1023 2819 1252 2890 quidem
1309 2817 1444 2872 satis
1494 2817 1656 2873 video
1709 2835 1829 2873 esse
1876 2820 2157 2875 munitam

464 2912 658 2962 contra
682 2906 1078 2978 hujuscemodi
1101 2906 1540 2973 accusationem,
1574 2923 1703 2978 quae
1734 2908 1792 2961 in
1839 2924 1905 2963 eo
1940 2911 2154 2979 populo

463 3012 636 3066 quem
664 2995 832 3066 regit,
864 2993 1184 3048 minoribus
1206 2994 1515 3048 malefactis
1544 3011 1616 3048 ne
1639 2995 1858 3066 majora
1889 2997 2154 3052 commit-

462 3088 741 3152 terentur,
776 3082 932 3136 dedit
955 3082 1273 3138 licentiam.
1311 3083 1484 3137 Multo
1516 3088 1600 3138 est
1631 3083 1781 3138 enim
1809 3084 2004 3138 mitius
2024 3102 2155 3140 cum

463 3170 565 3240 qui
599 3169 799 3224 alienae
827 3169 958 3222 vitae
989 3168 1311 3237 insidiatur,
1345 3185 1518 3240 quam
1550 3185 1682 3224 eum
1713 3170 1813 3241 qui
1833 3187 1992 3226 suam
2023 3177 2151 3226 tue-

460 3262 574 3326 tur,
608 3257 810 3313 occidi.
845 3258 910 3312 Et
937 3258 1119 3312 multo
1141 3262 1226 3311 est
1252 3258 1561 3313 immanius
1589 3259 1829 3313 invitum
1856 3261 2153 3316 hominem

462 3350 722 3417 stuprum
750 3347 996 3417 perpeti,
1031 3363 1203 3418 quam
1249 3363 1381 3402 eum
1424 3364 1456 3400 a
1486 3363 1600 3418 quo
1632 3348 1714 3401 vis
1760 3348 1859 3403 illa
1887 3349 2150 3418 infertur,

462 3436 532 3491 ab
563 3452 628 3490 eo
655 3435 747 3490 cui
775 3435 986 3490 inferre
1012 3436 1558 3500 conatur,interimi.
1590 3437 1714 3491 Jam
1735 3453 1867 3492 vero
1897 3439 2061 3493 miles
2092 3440 2151 3494 in

459 3525 620 3579 hoste
647 3524 1042 3580 interﬁciendo
1072 3525 1336 3580 minister
1377 3530 1461 3580 est
1489 3525 1631 3597 legis
1657 3542 1669 3593 ;
1695 3543 1870 3597 quare
1900 3527 2150 3583 officium

457 3629 623 3668 suum
648 3613 812 3668 facile
849 3613 1008 3668 nulla
1047 3614 1281 3668 libidine
1324 3614 1603 3685 implevit.
1650 3617 1825 3670 Porro
1875 3617 2000 3688 ipsa
2037 3619 2146 3685 lex,

456 3720 586 3774 quae
615 3704 811 3758 tuendi
838 3703 1032 3774 populi
1062 3721 1228 3758 causa
1259 3705 1370 3760 lata
1393 3709 1497 3774 est,
1526 3706 1738 3759 nullius
1768 3706 2019 3761 libidinis
2057 3724 2147 3762 ar-

454 3792 555 3862 gui
583 3796 788 3862 potest.
821 3791 1115 3861 Siquidem
1141 3792 1236 3846 ille
1271 3793 1371 3863 qui
1401 3793 1550 3858 tulit,
1585 3793 1630 3846 si
1661 3794 1763 3848 Dei
1790 3797 1949 3865 jussu
1992 3797 2145 3864 tulit,

454 3881 512 3934 id
541 3886 626 3934 est
664 3880 812 3948 quod
845 3880 1114 3949 praecepit
1145 3884 1359 3934 aeterna
1389 3880 1635 3950 justitia,
1686 3899 1885 3953 expers
1913 3885 2147 3941 omnino

455 3967 712 4022 libidinis
739 3967 797 4021 id
827 3983 994 4037 agere
1024 3967 1248 4037 potuit:
1297 3968 1344 4022 si
1389 3973 1582 4023 autem
1629 3969 1725 4024 ille
1793 3987 1923 4025 cum
1953 3973 2147 4045 aliqua

453 4055 690 4110 libidine
721 4055 828 4110 hoc
857 4055 1072 4123 statuit,
1106 4073 1221 4110 non
1251 4072 1317 4111 ex
1346 4073 1414 4111 eo
1446 4057 1511 4111 fit
1538 4063 1603 4112 ut
1634 4059 1684 4113 ei
1708 4060 1825 4130 legi
1856 4077 1984 4115 cum
2015 4062 2144 4117 libi-

451 4145 583 4200 dine
613 4143 1008 4215 obtemperare
1038 4161 1263 4200 necesse
1289 4146 1398 4213 sit;
1429 4145 1564 4216 quia
1581 4146 1735 4202 bona
1766 4149 1855 4202 lex
1887 4153 1940 4203 et
1966 4167 1999 4204 a
2031 4168 2145 4207 non

451 4235 603 4288 bono
634 4233 768 4288 ferri
797 4237 1002 4304 potest.
1047 4234 1171 4288 Non
1203 4233 1357 4288 enim
1396 4235 1445 4288 si
1473 4235 1620 4306 quis,
1663 4237 1819 4291 verbi
1849 4254 2020 4293 causa
2063 4245 2146 4311 ty-

452 4323 744 4377 rannicam
770 4327 1107 4393 potestatem
1139 4327 1355 4392 nactus,
1387 4323 1457 4378 ab
1493 4324 1684 4396 aliquo
1723 4326 1815 4380 cui
1855 4328 1963 4382 hoc
2009 4345 2141 4383 con-

450 4411 618 4472 ducit,
649 4412 897 4481 pretium
929 4410 1188 4481 accipiat,
1222 4417 1287 4466 ut
1316 4415 1526 4466 statuat
1555 4413 1701 4467 nulli
1743 4414 1914 4470 licere
1952 4418 2039 4470 vel
2073 4419 2142 4473 ad

449 4500 782 4570 conjugium
811 4500 1083 4554 feminam
1113 4516 1335 4571 rapere,
1366 4505 1672 4571 propterea
1712 4504 1864 4558 mala
1891 4504 1983 4559 lex
2011 4507 2138 4574 erit,

449 4589 585 4660 quia
613 4588 990 4659 illeiinjustus
1039 4593 1208 4660 atque
1253 4595 1554 4662 corruptus
1584 4592 1731 4646 hanc
1771 4594 1920 4656 tulit,
1951 4596 2141 4651 Potest

449 4693 584 4747 ergo
632 4677 718 4732 illi
763 4678 876 4748 legi
907 4694 1034 4748 qua:
1064 4679 1408 4734 tuendorum
1434 4679 1643 4734 civium
1692 4698 1860 4737 causa
1879 4683 1993 4736 vim
2039 4685 2139 4738 lio-

446 4764 635 4819 stilem
656 4765 854 4819 eadem
883 4766 937 4820 vi
975 4767 1177 4836 repelli
1197 4768 1384 4838 jubet,
1429 4769 1551 4825 sine
1576 4769 1812 4824 libidine
1843 4772 2140 4843 obtempe-

441 4853 587 4908 rari:
620 4855 768 4908 etde
799 4855 1064 4910 omnibus
1094 4856 1391 4926 ministris,
1427 4857 1525 4928 qui
1555 4858 1688 4928 jure
1729 4863 1900 4930 atque
1934 4861 2135 4916 ordine

439 4943 818 5013 potestatibus
854 4944 1173 5015 quibusque
1213 4946 1454 5014 subjecti
1485 4951 1637 5014 sunt,
1689 4947 1748 5002 id
1790 4947 1900 5002 dici
1929 4953 2132 5019 potest.

439 5031 543 5085 Sed
575 5031 658 5085 illi
712 5031 975 5086 homines
1017 5033 1143 5103 lege
1183 5033 1492 5104 inculpata,
1535 5036 1824 5105 quomodo
1859 5037 2133 5108 inculpati

438 5127 649 5192 queant
679 5138 821 5191 esse,
848 5137 961 5174 non
1003 5121 1162 5175 video
1189 5138 1201 5175 :
1233 5139 1345 5176 non
1377 5124 1532 5177 enim
1562 5124 1653 5178 lex
1686 5141 1782 5179 eos
1812 5125 1964 5198 cogit
1993 5127 2134 5181 occi-

433 5211 586 5277 dere,
623 5211 720 5266 sed
751 5210 1024 5281 relinquit
1068 5210 1128 5264 in
1171 5215 1469 5280 potestate.
1505 5213 1771 5269 Liberum
1824 5214 1904 5269 eis
1933 5216 2126 5287 itaque

435 5305 519 5354 est
548 5301 837 5355 neminem
868 5315 1072 5354 necare
1094 5315 1196 5371 pro
1226 5300 1296 5354 iis
1324 5302 1494 5356 rebus
1525 5319 1668 5374 quas
1696 5303 1863 5358 inviti
1891 5310 2130 5374 possunt

496 5445 525 5511 i_
545 5444 679 5511 ξεᾱὶῐὶ
705 5443 805 5511 hoc
827 5444 942 5511 loco
964 5443 1216 5511 o_mittu_nt
1235 5447 1371 5511 A_._et
1399 5445 1537 5504 infra
1560 5452 1844 5510 reponunt,
1869 5451 1906 5496 Α
1941 5450 2125 5511 Legem

431 5505 661 5571 quidem.
706 5507 896 5556 Verum
923 5506 1109 5571 isthch
1133 5507 1318 5556 Evodii
1340 5520 1472 5569 esse,
1504 5505 1636 5560 cum'
1661 5505 1914 5561 orationis
1945 5505 2122 5571 series,

429 5573 544 5616 tum
572 5569 694 5615 Mss.
722 5569 1046 5619 renuntiant.

1562 301 1652 354 DE
1693 300 1952 356 LIBERO
1992 297 2350 363 ARBITRIO,
2395 297 2448 352 S.
2492 293 2877 352 AUGUSTINI
3774 301 3862 352 12⁸28

2281 423 2562 492 amittere,
2593 427 2650 477 et
2692 423 2765 476 ob
2796 423 2904 475 hoc
2934 436 3123 474 amare
3154 435 3270 473 non
3308 418 3528 474 debent.
3561 421 3627 474 De
3646 421 3736 475 vita
3758 425 3864 480 enim

2281 509 2514 563 fortasse
2550 510 2797 580 cuipiam
2829 509 2900 562 sit
2937 508 3176 562 dubium
3205 511 3400 561 utrum
3450 507 3630 560 animm
3656 510 3776 564 nullo
3798 529 3863 581 pa-

2281 602 2368 652 cto
2419 599 2730 666 auferatur,
2754 599 2893 652 dum
2911 599 3019 651 hoc
3043 613 3248 667 corpus
3275 595 3640 651 interimitur:
3665 599 3742 652 sed
3757 600 3791 652 si
3809 618 3869 654 au.

2280 687 2417 740 ferri
2463 691 2670 758 potest,
2719 687 3133 741 contemnenda
3181 691 3304 751 est;
3337 686 3382 738 si
3423 702 3532 738 non
3571 690 3738 754 potest,
3772 690 3869 744 nihil

2280 777 2674 830 metuendum.
2711 777 2787 829 De
2818 775 3092 847 pudicitia
3116 791 3248 828 vero
3279 775 3408 845 quis
3438 773 3751 840 dubitaverit,
3776 779 3869 847 quin

2282 880 2349 917 ea
2381 863 2452 917 sit
2472 864 2532 916 in
2561 864 2684 934 ipso
2718 865 2912 918 animo
2941 864 3268 929 constituta,
3303 863 3728 933 quandoquidem
3750 864 3872 917 virtus

2281 953 2412 1005 est?
2441 952 2591 1006 unde
2623 970 2654 1005 a
2675 952 2926 1005 violento
2959 956 3279 1022 stupratore
3311 950 3456 1022 eripi
3485 967 3580 1005 nec
3604 951 3708 1021 ipsa
3729 958 3869 1021 potest.

2281 1039 2568 1110 Quidquid
2608 1039 2788 1112 igitur
2827 1045 3129 1111 erepturus
3159 1045 3280 1094 erat
3310 1040 3407 1093 ille
3463 1038 3556 1110 qui
3584 1040 3820 1105 occiditur,
3843 1041 3872 1094 id

2282 1132 2466 1182 totum
2507 1128 2569 1182 in
2599 1133 2878 1198 potestate
2927 1133 3121 1183 nostra
3169 1145 3284 1182 non
3314 1133 3438 1183 est:
3481 1143 3638 1198 quare
3679 1128 3872 1197 quemad-

2280 1219 2516 1272 modum
2546 1224 2806 1273 nostrum
2829 1220 3236 1290 appellandum
3256 1218 3349 1285 sit,
3385 1235 3498 1272 non
3520 1217 3757 1288 intelligo.
3782 1218 3873 1280 Qua-

2277 1313 2512 1378 propter
2558 1309 2745 1378 legem
2789 1308 3020 1379 quidem
3073 1324 3187 1362 non
3237 1307 3584 1378 reprehendo
3627 1322 3735 1375 quae
3776 1306 3866 1358 tales

2277 1395 2559 1466 permittit
2587 1396 2856 1462 interfici;
2892 1396 2988 1450 sed
3016 1413 3129 1467 quo
3168 1401 3335 1467 pacto
3377 1396 3509 1450 istos
3537 1394 3790 1449 defendam
3813 1394 3872 1463 qui

2275 1484 2646 1551 interficiunt,
2676 1501 2793 1538 non
2823 1483 3074 1539 invenio.

2351 1574 2540 1626 13.11.
2593 1573 2766 1626 Multo
2818 1572 3052 1626 minus1
3103 1587 3208 1643 ego
3262 1569 3520 1625 invenire
3566 1585 3780 1640 possum,
3813 1586 3872 1622 cur

2274 1659 2606 1714 hominibus
2638 1660 3029 1714 defensionem
3075 1677 3340 1730 quaeras”-
3367 1676 3508 1731 quos
3537 1675 3649 1712 reos
3675 1659 3797 1711 nulla
3818 1658 3871 1709 lex

2274 1751 2448 1802 tenet.
2484 1750 2550 1802 E.
2588 1749 2752 1803 Nulla
2782 1749 3040 1816 fortasse,
3073 1748 3172 1802 sed
3202 1765 3400 1802 earum
3432 1749 3615 1818 legum
3631 1763 3739 1818 qua:
3757 1762 3871 1815 appa-

2275 1842 2421 1904 rent,
2443 1836 2578 1891 etab
2601 1837 2931 1891 hominibus
2953 1839 3248 1908 leguntur:
3271 1853 3404 1891 nam
3429 1836 3608 1904 nescio
3632 1840 3790 1888 utrum
3804 1849 3872 1886 non

2274 1925 2467 1996 aliqua
2494 1926 2919 1980 vehementiore
2968 1943 3031 1980 ac
3072 1926 3451 1980 secretissima
3483 1927 3599 1995 lege
3631 1928 3870 1984 teneantur,

2274 2013 2323 2067 si
2341 2014 2486 2068 nihil
2512 2030 2708 2069 rerum
2741 2019 2826 2068 est
2852 2015 3002 2085 quod
3034 2031 3147 2068 non
3172 2014 3530 2069 administret
3567 2012 3733 2067 divina
3750 2009 3872 2081 provi-

2275 2101 2485 2156 dentia.
2531 2103 2825 2166 Quomodo
2885 2103 3038 2156 enim
3083 2103 3233 2174 apud
3284 2118 3410 2156 eam
3450 2105 3578 2155 sunt
3615 2099 3696 2153 isti
3719 2101 3873 2169 peccato

2276 2189 2464 2258 liberi,
2494 2191 2716 2262 quipro
2744 2191 2812 2245 iis
2837 2192 3007 2246 rebus
3054 2207 3193 2262 quas
3235 2191 3526 2245 contemni
3565 2193 3772 2261 oportet,
3807 2188 3874 2240 hu-

2274 2294 2446 2333 mana
2476 2280 2627 2334 caede
2652 2279 2859 2351 polluti
2881 2283 3060 2334 sunt?
3097 2280 3331 2334 Videtur
3360 2297 3497 2351 ergo
3526 2278 3656 2332 mihi
3681 2281 3727 2331 et
3748 2277 3872 2346 legem

2278 2365 2467 2434 istam,
2501 2383 2630 2439 quae
2657 2368 2873 2439 populo
2908 2367 3158 2439 regendo
3181 2367 3486 2438 scribitur,
3518 2371 3656 2421 recte
3685 2364 3770 2418 ista
3790 2378 3875 2433 per-

2271 2454 2516 2523 mittere,
2553 2460 2607 2510 et
2635 2455 2884 2511 divinam
2924 2456 3339 2526 providentiam
3369 2456 3662 2510 vindicare.
3691 2454 3754 2507 Da
3774 2451 3873 2504 enim

2271 2543 2608 2600 vindicanda
2639 2545 2747 2599 sibi
2767 2545 2887 2600 haec
2917 2546 3006 2599 lex
3030 2545 3225 2618 populi
3255 2545 3514 2611 assumit,
3545 2560 3662 2616 quae
3689 2541 3793 2595 satis
3808 2540 3875 2592 sint

2268 2633 2636 2689 conciliandae
2665 2634 2792 2705 paci
2819 2635 3149 2692 hominibus
3171 2634 3479 2706 imperitis,
3509 2639 3560 2688 et
3597 2635 3775 2703 quanta
3794 2644 3872 2699 pos»

2270 2727 2403 2778 sunt
2438 2740 2542 2795 per
2570 2723 2862 2778 hominem
2910 2723 3052 2794 regi.
3082 2725 3199 2778 Illa:
3230 2740 3364 2778 vero
3387 2726 3572 2794 culpae
3605 2722 3724 2776 alias
3745 2733 3874 2791 poenas

2270 2815 2428 2882 aptas
2468 2812 2700 2882 habent,
2731 2829 2765 2866 a
2811 2811 3016 2884 quibus
3050 2813 3170 2867 sola
3199 2812 3343 2866 mihi
3372 2813 3595 2868 videtur
3629 2825 3767 2882 posse
3788 2807 3874 2860 libe-

2267 2915 2394 2954 rare
2425 2901 2727 2972 sapientia.
2777 2903 2852 2955 A.
2905 2902 3097 2956 Laudo
3137 2907 3195 2956 et
3234 2901 3418 2972 probo
3475 2902 3652 2967 istam,
3687 2894 3869 2971 quamvis

2265 2987 2590 3044 inchoatam
2635 2990 2941 3061 minusque
2987 2989 3316 3060 perfectam,
3360 2996 3559 3045 tamen
3598 2989 3816 3043 ﬁdentem
3835 2987 3867 3035 et

2268 3077 2532 3133 sublimia
2560 3080 2820 3149 quaedam
2859 3084 3148 3150 petentem
3179 3079 3605 3134 distinctionem
3637 3084 3779 3131 tuam.
3815 3071 3870 3122 Vi-

2267 3166 2434 3221 detur
2465 3167 2621 3221 enim
2659 3167 2763 3222 tibi
2819 3168 2912 3222 lex
2962 3168 3089 3235 ista,
3139 3185 3267 3240 quae
3322 3168 3588 3240 regendis
3635 3162 3867 3220 civitatibus

2264 3253 2462 3321 fertur,
2506 3257 2687 3310 multa
2723 3257 3031 3310 concedere
3063 3260 3233 3328 atque
3281 3256 3570 3327 impunita
3611 3254 3864 3321 relinquere.

2266 3359 2394 3413 quae
2409 3360 2513 3414 per
2541 3344 2792 3399 divinam
2813 3349 3005 3400 tamen
3033 3345 3460 3417 providentiam
3485 3345 3818 3400 vindicantur;
3837 3341 3868 3387 et

2263 3437 2436 3488 recte.
2489 3435 2682 3504 Neque
2715 3435 2870 3489 enim
2897 3434 3032 3506 quia
3060 3451 3178 3490 non
3223 3434 3423 3490 omnia
3472 3434 3619 3500 facit,
3663 3431 3764 3486 ideo
3787 3437 3864 3496 quif

2260 3520 2395 3576 facit
2424 3521 2802 3592 improbanda
2827 3527 2977 3578 sunt.

2307 3664 2534 3720 CAPUT
2563 3665 2651 3721 Vl.
2681 3694 2752 3706 —
2774 3668 2886 3721 Lea:
2914 3671 3115 3721 aeterna
3151 3666 3496 3722 moderatrix
3518 3668 3828 3722 humanarum.

2807 3758 3044 3811 litanias
3065 3758 3215 3828 .legis
3243 3759 3410 3811 notio.

2334 3879 2422 3934 14.
2453 3878 2559 3933 Sed
2586 3878 2950 3949 dispiciamus
2980 3879 3298 3950 diligenter,
3323 3881 3606 3953 siiplacet,
3633 3892 3729 3950 quo
3748 3885 3865 3941 usque

2257 3983 2361 4037 per
2390 3967 2573 4038 legem
2595 3967 2761 4022 istam
2788 3985 2915 4039 quae
2942 3971 3185 4040 populos
3207 3969 3266 4022 in
3295 3968 3401 4022 hac
3429 3971 3546 4023 vita
3569 3966 3775 4026 cohibet,
3792 3974 3862 4013 ma-

2256 4054 2459 4109 lefacta
2489 4055 2808 4110 ulciscenda
2841 4056 2985 4111 sint:
3022 4057 3226 4114 deinde
3257 4058 3397 4128 quid
3427 4061 3617 4116 restet,
3648 4049 3773 4126 quod
3804 4059 3864 4119 pit

2256 4143 2504 4198 divinam
2529 4144 2946 4215 providentiam
2979 4145 3369 4200 inevitabilius
3400 4151 3711 4215 secretoque
3733 4138 3864 4210 punia-

2255 4237 2366 4287 tur.
2409 4237 2472 4288 E.
2507 4233 2705 4304 Cupio,
2741 4234 2787 4288 si
2819 4234 2988 4288 modo
3019 4235 3310 4306 perveniri
3340 4235 3524 4306 possit
3556 4234 3624 4288 ad
3660 4234 3796 4286 tanta:
3814 4220 3863 4277 rei

2253 4322 2528 4376 terminos
2557 4340 2569 4377 :
2617 4339 2752 4376 nam
2783 4323 2888 4377 hoc
2912 4340 3018 4394 ego
3066 4323 3360 4379 infinitum
3390 4329 3552 4395 puto.
3585 4325 3655 4377 Α.
3689 4322 3783 4373 lmo
3803 4312 3860 4366 ad-

2254 4415 2372 4464 esto
2403 4411 2618 4478 animo,
2662 4417 2716 4466 et
2758 4412 2992 4466 rationis
3019 4412 3138 4467 vias
3169 4413 3380 4485 pietate
3416 4415 3594 4468 fretus
3621 4405 3861 4480 ingredere-

2254 4498 2406 4554 Nihil
2430 4505 2515 4554 est
2543 4500 2696 4554 enim
2726 4505 2844 4556 tam
2871 4502 3113 4556 arduum
3139 4507 3311 4574 atque
3353 4502 3602 4563 difﬁcile,
3644 4496 3770 4570 quod
3794 4505 3862 4545 non

2253 4589 2368 4643 De.)
2418 4589 2721 4659 adjuvante
2768 4590 3170 4660 plenissimum
3228 4597 3403 4663 atque
3451 4584 3859 4662 expeditissimum

2249 4677 2370 4731 fiat.
2402 4678 2467 4731 In
2493 4678 2682 4749 ipsum
2731 4679 2922 4751 itaque
2950 4681 3211 4750 suspensi
3242 4685 3413 4751 atque
3453 4680 3524 4735 ab
3554 4695 3618 4734 eo
3661 4672 3862 4730 auxilium

2249 4765 2636 4836 deprecantes,
2685 4769 2840 4839 quod
2887 4769 3260 4836 instituimus,
3294 4784 3633 4840 qumramus.
3667 4766 3722 4819 Et
3759 4758 3861 4831 prius

2248 4855 2526 4925 responde
2555 4855 2719 4922 mihi,
2743 4860 2937 4910 utrum
2966 4857 3076 4912 ista
3105 4857 3193 4911 lex
3218 4874 3345 4928 quae
3374 4858 3579 4912 litteris
3607 4849 3862 4926 pmmllltn‘

2247 4947 2363 5011 ίαν)
2383 4943 2709 4998 hominibus
2741 4945 2888 5000 hanc
2917 4946 3093 5001 vitam
3132 4946 3460 5001 viventibus
3511 4943 3799 5016 opituletur.
3825 4933 3862 4986 Ε.

2247 5031 2606 5088 Manifestum
2635 5038 2719 5088 est
2743 5050 2757 5088 :
2783 5051 2918 5090 nam
2940 5052 3005 5090 ex
3033 5034 3124 5091 his
3153 5035 3489 5090 hominibus
3517 5033 3703 5104 utique
3724 5020 3863 5100 populi

2244 5119 2612 5192 civitatesque
2639 5124 2976 5179 consistunt.
3003 5125 3078 5179 A.
3109 5124 3260 5189 Quid
3281 5124 3310 5178 ‘I
3329 5123 3438 5195 ipsi
3459 5122 3712 5178 homines
3739 5120 3782 5170 et
3803 5125 3866 5181 p0-

2240 5211 2383 5281 puli,
2410 5211 2740 5282 ejusdemne
2769 5213 2995 5284 generis
3025 5229 3222 5269 rerum
3260 5218 3413 5280 sunt,
3447 5217 3512 5267 ut
3536 5208 3749 5266 interire
3780 5214 3864 5257 mu-

2239 5299 2417 5353 tarive
2442 5316 2556 5355 non
2594 5301 2831 5372 possint,
2873 5303 3186 5375 aeternique
3226 5302 3463 5358 omnino
3516 5299 3666 5354 sint?
3689 5312 3750 5349 an
3774 5302 3863 5342 vero

2237 5389 2542 5444 mutabiles
2569 5391 3038 5464 temporibusque
3070 5392 3310 5464 subjecti
3338 5390 3520 5446 sunt?
3565 5391 3626 5445 E.
3656 5375 3863 5442 Mutabile

2243 5524 2270 5581 '_
2305 5515 2314 5542 '
2341 5515 2410 5581 _I_n
2429 5515 2688 5581 hactenus
2714 5517 2869 5568 editis
2891 5517 3136 5581 habetur.
3175 5521 3244 5569 Β.
3269 5515 3431 5569 Multo
3449 5517 3626 5565 minus
3636 5514 3859 5581 animique.

2237 5579 2297 5625 A.
2328 5575 2503 5629 Νιιιια
2528 5577 2800 5641 fortasse:
2828 5587 2877 5628 et
2907 5580 3064 5640 infra,
3098 5572 3163 5632 Β.
3188 5581 3394 5634 Videtur
3413 5590 3543 5642 ergo
3576 5572 3712 5627 mihi.
