4008 6184
126 256 247 306 1229

114 376 276 444 plane
323 376 493 444 atque
539 375 787 446 tempori
819 375 1132 431 obnoxium
1175 378 1285 432 hoc
1321 393 1502 449 genus
1532 393 1651 431 esse
1682 377 1809 450 quis

114 460 364 517 dubitet?
394 467 464 518 Α.
501 464 674 533 Ergo,
726 464 773 517 si
816 466 1064 535 populus
1104 465 1175 519 sit
1222 466 1366 520 bene
1399 467 1726 521 moderatus
1756 472 1811 521 et

112 552 313 623 gravis,
344 553 791 623 communisque
814 554 1075 607 utilitatis
1098 555 1569 625 diligentissimus
1599 561 1808 624 custos,

110 640 169 695 in
199 657 306 712 quo
335 641 735 713 unusquisque
768 642 1006 696 minoris
1042 659 1164 696 rem
1194 643 1475 712 privatam
1505 661 1677 714 quam
1702 661 1809 715 pu-

109 730 310 784 blicam
352 729 603 800 pendat;
641 746 835 785 nonne
866 738 1015 785 recte
1052 731 1141 785 lex
1169 732 1369 801 fertur,
1402 749 1515 803 qua
1544 732 1677 785 huic
1702 732 1811 802 ipsi

109 820 321 890 populo
360 818 530 871 liceat
579 834 772 874 creare
813 820 921 873 sibi
966 820 1349 890 magistratus,
1390 836 1493 890 per
1536 837 1678 891 quos
1709 837 1811 873 sua

111 924 221 974 res,
253 906 306 961 id
337 911 422 961 est
451 907 700 977 publica,
750 907 1218 963 administretur?
1246 912 1311 963 E.
1354 909 1522 964 Recte
1552 923 1827 979 prorsus.‘

113 1001 181 1053 Α.
225 999 396 1051 Porro
441 997 487 1049 si
530 998 810 1067 paulatim
861 999 1200 1068 depravatus
1229 999 1381 1053 idem
1411 999 1657 1069 populus
1687 1014 1807 1052 rem

120 1087 390 1157 privatam
438 1084 521 1139 rei
560 1086 806 1156 publicze
844 1088 1131 1157 praeferat,
1165 1093 1335 1159 atque
1369 1088 1574 1141 habeat
1611 1088 1807 1141 venale

114 1176 466 1245 suffragium,
513 1180 927 1247 corruptusque
972 1177 1041 1230 ab
1076 1176 1155 1230 eis
1186 1176 1283 1247 qui
1314 1177 1557 1230 honores
1590 1180 1804 1242 amant,

112 1265 363 1335 regimen
398 1264 457 1317 in
491 1281 547 1318 se
578 1264 873 1335 ﬂagitiosis
904 1266 1414 1335 consceleratisque
1455 1264 1802 1330 committat;

116 1370 297 1408 nonne
329 1354 467 1407 item
508 1358 678 1415 recte,
726 1354 773 1407 si
819 1354 946 1425 quis
998 1358 1134 1407 tunc
1182 1353 1459 1408 exstiterit
1489 1354 1572 1406 vir
1600 1353 1803 1414 bonus,

115 1443 213 1514 qui
242 1442 553 1513 plurimum
584 1441 780 1513 possit,
816 1442 1029 1496 adimat
1058 1442 1190 1496 huic
1217 1442 1431 1512 populo
1462 1446 1807 1511 potestatem

112 1531 281 1585 dandi
324 1531 589 1597 honores,
624 1534 680 1583 et
720 1530 778 1583 in
810 1547 1126 1601 paucorum
1170 1531 1474 1594 bonorum,
1518 1530 1604 1583 vel
1634 1530 1807 1583 etiam

114 1619 277 1673 unius
306 1618 527 1689 redigat
556 1618 904 1672 arbitrium?
931 1622 995 1674 E.
1022 1621 1087 1673 Et
1112 1618 1168 1673 id
1199 1622 1368 1672 recte.
1398 1618 1469 1672 Λ.
1502 1619 1642 1672 Cum
1670 1634 1805 1687 ergo

108 1708 237 1762 duas
285 1707 402 1761 ista:
450 1707 603 1777 leges
646 1706 724 1760 ita
772 1707 879 1761 sibi
908 1708 1208 1761 videantur
1240 1723 1359 1760 esse
1398 1706 1716 1772 contrariae,
1747 1710 1808 1760 ut

109 1814 225 1851 una
253 1812 443 1849 earum
473 1796 759 1850 honorum
790 1796 1108 1850 dandorum
1140 1796 1353 1865 populo
1387 1795 1601 1849 tribuat
1646 1799 1803 1865 pote-

107 1885 560 1951 statem,auferat
581 1885 787 1951 altera;
821 1888 875 1937 et
900 1901 1029 1938 cum
1061 1884 1168 1937 ista
1190 1883 1441 1938 secunda
1471 1884 1549 1937 ita
1571 1884 1682 1937 lata
1712 1883 1802 1949 sit,

105 1980 175 2028 ut
212 1974 359 2027 nullo
389 1973 559 2027 modo
593 1973 777 2026 ambae
808 1972 865 2026 in
897 1988 1009 2025 una
1048 1972 1271 2025 civitate
1306 1971 1473 2025 simul
1508 1988 1629 2025 esse
1676 1988 1805 2042 pos-

106 2062 252 2130 sint;
279 2078 417 2115 num
449 2061 703 2115 dicemus
734 2061 985 2132 aliquam
1018 2076 1216 2114 earum
1258 2060 1531 2129 injustam
1567 2076 1707 2128 esse,
1753 2064 1807 2112 et

110 2151 247 2206 ferri
275 2151 512 2205 minime
543 2150 842 2205 debuisse?
885 2153 948 2205 E.
1001 2150 1167 2203 Nullo
1208 2148 1399 2202 modo.
1433 2151 1510 2203 Α.
1540 2148 1805 2217 Appelle-

106 2257 239 2295 mus
285 2256 415 2310 ergo
464 2239 634 2293 istam
678 2240 884 2309 legem,
928 2238 971 2291 si
1014 2238 1215 2307 placet,
1250 2236 1647 2306 temporalem,
1680 2252 1807 2306 quas

108 2345 435 2400 quanquam
478 2329 633 2399 justa
678 2327 766 2394 sit,
810 2326 1147 2381 commutari
1178 2331 1372 2381 tamen
1403 2342 1504 2397 per
1548 2331 1808 2396 tempora

108 2420 263 2489 juste
290 2420 492 2487 potest.
526 2419 590 2471 E.
620 2416 1007 2487 Appellemus.

192 2511 272 2561 15.
305 2511 380 2560 Α.
413 2505 598 2570 Quid?
629 2505 725 2558 illa
755 2506 841 2558 lex
872 2521 999 2575 qua:
1030 2521 1255 2559 summa
1280 2503 1427 2558 ratio
1456 2503 1804 2569 nominatur,

111 2595 204 2651 cui
253 2611 472 2666 semper
516 2594 1033 2664 obtemperandum
1084 2597 1185 2658 est,
1226 2597 1283 2646 et
1328 2608 1430 2663 per
1468 2608 1640 2663 quam
1673 2592 1809 2645 mali

112 2686 397 2747 miseram,
422 2682 557 2737 boni
577 2682 805 2735 beatam
835 2682 1009 2735 vitam
1032 2685 1344 2749 merentur,
1377 2697 1482 2751 per
1513 2696 1685 2751 quam
1717 2680 1809 2733 de-

113 2773 287 2844 nique
317 2772 413 2825 illa
440 2787 614 2842 quam
642 2770 1017 2841 temporalem
1048 2769 1355 2823 vocandam
1386 2768 1808 2834 diximus,recte

118 2860 586 2929 fertur,recteque
613 2862 883 2920 mutatur,
908 2862 1166 2928 potestne
1188 2857 1438 2928 cuipiam
1466 2856 1810 2926 intelligenti

110 2965 231 3003 non
258 2947 742 3002 incommutabilis
773 2951 1098 3017 aeternaque
1127 2946 1344 2999 videri?
1374 2948 1461 2999 An
1490 2949 1676 3015 potest
1700 2944 1807 2996 ali-

107 3038 339 3109 quando
370 3037 648 3107 injustum
678 3053 797 3089 esse
821 3040 882 3088 ut
906 3034 1041 3088 mali
1061 3033 1421 3098 miseri,boni
1446 3038 1636 3087 autem
1657 3032 1808 3086 beati

106 3128 255 3192 sint;
289 3131 384 3179 aut
414 3130 477 3179 ut
508 3125 800 3177 modestus
830 3128 885 3176 et
919 3122 1105 3193 gravis
1132 3122 1379 3193 populus
1408 3123 1529 3192 ipse
1560 3121 1667 3175 sibi
1693 3137 1811 3174 ma-

105 3215 375 3285 gistratus
404 3212 885 3283 creet,dissolutus
907 3227 1038 3265 vero
1069 3216 1123 3266 et
1153 3228 1402 3281 nequam
1442 3210 1549 3264 ista
1580 3211 1809 3264 licentia

108 3304 337 3357 careat?
361 3306 422 3357 E.
454 3302 630 3356 Video
660 3302 807 3355 hanc
837 3306 1111 3354 teternam
1138 3316 1258 3353 esse
1288 3306 1459 3371 atque
1488 3299 1806 3353 incommu-

106 3392 344 3447 tabilem
374 3392 581 3460 legem.
632 3393 709 3444 A.
744 3389 925 3444 Simul
956 3388 1129 3442 etiam
1160 3392 1215 3442 te
1249 3388 1441 3442 videre
1472 3388 1721 3442 arbitror
1750 3386 1809 3440 in

108 3482 213 3535 illa
243 3478 543 3550 temporali
566 3477 710 3531 nihil
733 3494 852 3532 esse
866 3478 1088 3547 justum
1111 3481 1281 3547 atque
1307 3475 1809 3546 legitimum,quod

107 3586 230 3623 non
277 3585 344 3622 ex
391 3568 497 3623 hac
546 3572 759 3621 mterna
797 3566 903 3620 sibi
948 3566 1212 3620 homines
1261 3565 1575 3620 derivarint
1625 3580 1638 3617 :
1677 3579 1811 3616 nam

107 3660 158 3713 si
235 3658 483 3728 populus
557 3657 653 3711 ille
720 3655 970 3727 quodam
1049 3660 1305 3726 tempore
1360 3654 1513 3725 juste
1568 3653 1813 3705 honores

109 3747 291 3814 dedit,
343 3747 590 3819 quodam
641 3762 839 3799 rursus
881 3745 1031 3814 juste
1087 3761 1201 3797 non
1252 3742 1433 3809 dedit;
1483 3742 1605 3795 hzec
1650 3740 1813 3793 vicis-

108 3836 308 3892 situdo
353 3834 684 3905 temporalis
732 3838 797 3887 ut
832 3834 987 3903 justa
1032 3836 1197 3898 esset,
1246 3849 1309 3885 ex
1351 3832 1449 3884 illa
1496 3829 1813 3884 aeternitate

106 3930 293 3981 tracta
343 3931 445 3992 est,
493 3941 606 3995 qua
651 3938 875 3992 semper
899 3923 1120 3992 justum
1165 3925 1249 3974 est
1278 3936 1507 3990 gravem
1540 3918 1814 3989 populum

102 4017 363 4070 honores
394 4013 739 4079 dare,levem
768 4027 882 4064 non
910 4011 1042 4063 dare
1078 4024 1089 4065 :
1127 4026 1199 4062 an
1228 4008 1332 4062 tibi
1374 4008 1538 4061 aliter
1560 4005 1817 4060 videtur?

102 4106 179 4159 E.
216 4102 534 4156 Assentior.
564 4102 634 4155 A.
689 4101 758 4154 Ut
786 4099 963 4168 igitur
998 4096 1245 4151 breviter
1276 4100 1508 4149 aeterna
1539 4094 1678 4164 legis
1712 4110 1816 4146 no-

106 4193 363 4259 tionem,
388 4207 517 4262 quze
548 4189 827 4259 impressa
851 4186 1010 4240 nobis
1032 4188 1421 4254 est,quantum
1450 4183 1610 4235 valeo
1633 4181 1819 4233 verbis

98 4280 421 4351 explicem,
454 4296 518 4333 ea
554 4283 642 4331 est
683 4293 795 4347 qua
825 4276 1043 4346 justum
1084 4277 1168 4324 est
1195 4275 1257 4324 ut
1286 4270 1481 4324 omnia
1527 4269 1639 4322 sint
1668 4268 1819 4322 ordi-

99 4368 415 4424 natissime
449 4384 461 4421 :
494 4371 555 4420 tu
588 4365 632 4419 si
665 4364 829 4418 aliter
859 4360 1164 4426 existimas,
1197 4375 1414 4429 prome.
1446 4360 1511 4412 E.
1546 4357 1689 4421 Quid
1717 4354 1823 4409 tibi

102 4476 253 4514 vera
274 4459 485 4513 dicenti
506 4456 889 4511 contradicam
914 4471 1031 4509 non
1050 4452 1254 4507 habeo.
1281 4452 1352 4505 Α.
1381 4451 1521 4503 Cum
1545 4465 1680 4518 ergo
1701 4448 1822 4501 haec

100 4549 190 4603 sit
214 4564 335 4601 una
364 4548 545 4614 lex,ex
575 4562 688 4616 qua
716 4544 830 4597 illas
862 4560 1058 4597 omnes
1088 4541 1430 4611 temporales
1459 4539 1529 4592 ad
1561 4537 1823 4591 homines

102 4635 410 4707 regendos
438 4636 751 4699 variantur,
783 4649 923 4686 num
956 4632 1084 4686 ideo
1116 4629 1240 4701 ipsa
1270 4626 1477 4681 variari
1503 4626 1618 4680 ullo
1656 4624 1824 4679 modo

99 4726 354 4797 potest?
383 4725 457 4779 E.
492 4722 756 4792 Intelligo
789 4720 1026 4775 omnino
1049 4735 1167 4773 non
1196 4734 1361 4788 posse
1397 4734 1409 4771 :
1458 4731 1644 4785 neque
1670 4713 1825 4767 enim

96 4817 233 4871 ulla
263 4815 370 4881 vis,
400 4814 557 4869 ullus
587 4829 769 4879 casus,
803 4810 922 4865 ulla
951 4825 1142 4863 rerum
1165 4808 1320 4862 labes
1350 4822 1605 4877 unquam
1628 4805 1824 4858 effece-

98 4901 188 4955 rit
214 4904 280 4955 ut
298 4902 525 4973 justum
557 4915 674 4954 non
703 4898 775 4952 sit
806 4895 1004 4952 omnia
1033 4909 1154 4948 esse
1185 4890 1626 4947 ordinatissima.

779 5021 1005 5078 CAPUT
1043 5019 1157 5073 VII.

104 5153 298 5206 Homo
348 5164 415 5202 ex
446 5152 645 5202 interna
688 5148 799 5213 lege
842 5143 1101 5212 quomodo
1145 5140 1583 5196 ordinatissimus
1614 5137 1827 5205 disqui-

188 5238 449 5305 rendum,
479 5252 639 5306 eoque
667 5238 771 5306 ﬁne
814 5232 1115 5288 ostenditur
1152 5233 1289 5285 scire
1316 5229 1502 5283 melius
1532 5242 1641 5281 esse
1670 5241 1833 5295 quam

180 5344 394 5382 vivere.

195 5437 289 5489 16.
323 5437 402 5488 Α.
446 5436 566 5504 Age
604 5448 779 5499 nunc,
824 5428 1142 5497 videamus,
1179 5425 1353 5481 homo
1390 5422 1511 5494 ipse
1544 5421 1832 5494 quomodo

104 5527 184 5580 in
221 5524 419 5593 seipso
452 5524 525 5579 sit
552 5519 1006 5579 ordinatissimus
1054 5534 1066 5573 :
1099 5532 1236 5572 nam
1265 5531 1333 5570 ex
1361 5512 1691 5569 hominibus
1721 5528 1837 5566 una

1604 256 1815 311 LIBER
1856 255 2140 314 PRIMUS.

3472 268 3606 321 1230

1921 380 2046 449 lege
2076 379 2571 451 sociatis,populus
2601 388 2848 449 constat;
2874 400 3003 455 quae
3036 385 3148 448 lex,
3178 390 3239 441 ut
3265 386 3482 443 dictum
3508 398 3611 459 est,

1920 468 2248 539 temporalis
2293 472 2396 523 est.
2430 471 2500 522 Et
2549 470 2636 524 dic
2685 472 2827 525 mihi
2878 477 3069 527 utrum
3114 475 3495 531 certissimum
3541 479 3615 533 sit

1917 554 2019 608 tibi
2053 556 2237 611 vivere
2270 561 2342 611 te.
2376 559 2439 613 E.
2468 560 2581 612 Hoc
2611 576 2741 613 vero
2772 560 2911 630 quid
2941 562 3148 615 certius
3179 565 3615 634 responderim?

1917 646 1993 697 Α.
2029 644 2214 707 Quid?
2243 646 2381 699 illud
2409 651 2644 717 potesne
2676 648 3030 718 dignoscere,
3068 652 3223 707 aliud
3256 670 3374 706 esse
3403 654 3610 719 vivere,

1917 732 2075 786 aliud
2115 750 2281 788 nosse
2315 751 2373 787 se
2406 735 2632 789 vivere?
2678 739 2743 790 E.
2798 737 2923 791 Scio
2970 738 3204 809 quidem
3232 741 3524 796 neminem
3556 758 3613 795 se

1918 836 2084 875 nosse
2113 822 2322 891 vivere,
2358 823 2469 877 nisi
2490 824 2807 893 viventem;
2852 826 2949 879 sed
2980 831 3176 880 utrum
3205 828 3391 882 omnis
3420 830 3614 882 vivens

1918 910 2141 964 noverit
2174 929 2231 964 se
2259 912 2467 979 vivere,
2500 912 2724 983 ignoro.
2758 917 2833 967 A.
2869 913 3050 977 Quam
3082 916 3286 971 vellem
3315 921 3379 970 ut
3408 918 3612 987 credis,

1916 998 1995 1052 ita
2043 1000 2215 1054 etiam
2266 1001 2435 1055 scires
2483 1018 2686 1073 pecora
2727 1019 2917 1057 carere
2961 1003 3211 1071 ratione;
3263 1005 3374 1059 cito
3420 1012 3617 1060 nostra

1920 1087 2226 1158 disputatio
2259 1090 2327 1142 ab
2358 1089 2466 1144 ista
2508 1091 2821 1160 quaestione
2862 1091 3131 1146 transiret
3168 1109 3180 1146 :
3213 1095 3311 1148 sed
3342 1095 3615 1164 quoniam

1916 1177 2135 1231 nescire
2184 1182 2237 1230 te
2301 1178 2460 1243 dicis,
2516 1179 2750 1249 longam
2807 1180 3344 1236 sermocinationem
3400 1200 3609 1238 moves.

1918 1265 2113 1333 Neque
2146 1263 2300 1316 enim
2326 1264 2454 1316 talis
2484 1281 2573 1317 res
2604 1270 2706 1332 est,
2741 1282 2854 1336 qua
2882 1268 3265 1335 praetermissa
3290 1286 3527 1340 pergere
3553 1270 3614 1323 in

1917 1367 1981 1404 ea
2011 1367 2139 1421 quae
2168 1351 2537 1418 intendimus,
2570 1356 2724 1405 tanta
2756 1353 3110 1407 connexione
3140 1357 3615 1427 rationis,quanta

1917 1455 2059 1510 opus
2090 1456 2209 1492 esse
2241 1440 2445 1507 sentio,
2479 1440 2753 1495 sinamur.
2790 1442 2886 1494 Dic
2915 1441 3107 1512 itaque
3136 1443 3436 1511 mihi,cum
3466 1462 3616 1515 saepe

1913 1527 2221 1582 viderimus
2270 1529 2478 1582 bestias
2513 1529 2581 1583 ab
2613 1529 2943 1583 hominibus
2972 1531 3238 1598 domitas,
3268 1531 3326 1586 id
3367 1537 3471 1598 est,
3506 1550 3618 1587 non

1914 1634 2120 1687 corpus
2145 1617 2344 1675 bestiae
2373 1622 2617 1679 tantum,
2642 1619 2738 1672 sed
2768 1622 2821 1672 et
2846 1618 3097 1672 animam
3129 1621 3207 1672 ita
3236 1620 3460 1674 homini
3492 1622 3618 1676 sub-

1909 1705 2188 1775 jugatam,
2220 1708 2284 1759 ut
2315 1706 2593 1760 voluntati
2626 1707 2746 1777 ejus
2780 1723 2946 1761 sensu
2965 1708 3212 1777 quodam
3237 1713 3290 1761 et
3315 1714 3615 1763 consuetu-

1914 1794 2046 1847 dine
2067 1794 2300 1862 serviat;
2325 1799 2519 1848 utrum
2542 1794 2645 1849 tibi
2666 1795 2784 1849 ullo
2806 1796 2976 1849 modo
2994 1796 3120 1849 fieri
3146 1813 3311 1867 posse
3334 1798 3614 1864 videatur,

1916 1886 1977 1935 ut
1997 1882 2178 1936 bestia
2199 1882 2471 1954 quaelibet
2503 1883 2771 1937 immanis
2793 1885 2878 1938 vel
2898 1884 3119 1939 feritate
3136 1886 3222 1939 vel
3244 1902 3506 1957 corpore,
3530 1888 3617 1940 vel

1916 1970 2087 2024 etiam
2105 1988 2269 2025 sensu
2299 1972 2554 2042 quolibet
2576 1972 2873 2041 acerrima,
2896 1972 3020 2043 pari
3048 1972 3166 2027 vice
3188 1973 3295 2027 sibi
3321 1973 3617 2029 hominem

1915 2059 2220 2129 subjugare
2252 2064 2504 2127 conetur,
2542 2077 2669 2114 cum
2702 2077 2909 2131 corpus
2939 2061 3062 2131 ejus
3092 2078 3192 2115 seu
3237 2062 3293 2115 vi
3342 2079 3441 2117 seu
3471 2065 3616 2117 clam

1916 2150 2109 2202 multas
2139 2148 2471 2203 interimere
2517 2150 2760 2204 valeant.
2797 2153 2859 2205 E.
2913 2150 3081 2205 Nullo
3112 2151 3285 2205 modo
3319 2151 3464 2205 istuc
3492 2152 3616 2206 ﬁeri

1916 2253 2080 2307 posse
2111 2237 2424 2291 consentio.
2479 2241 2554 2292 Α.
2590 2240 2741 2292 Bene
2777 2254 2911 2292 sane
2947 2255 2959 2292 :
3004 2240 3099 2293 sed
3146 2239 3283 2293 item
3329 2240 3418 2294 dic
3450 2241 3616 2310 mihi,

1916 2341 2044 2379 cum
2073 2325 2441 2379 manifestum
2470 2325 2563 2391 sit,
2595 2326 2811 2379 viribus
2831 2326 3163 2396 casterisque
3188 2327 3390 2381 ofﬁciis
3414 2344 3617 2398 corpo-

1916 2414 1993 2467 ris
2029 2431 2062 2467 a
2107 2414 2373 2484 plurimis
2402 2415 2599 2468 bestiis
2628 2416 2923 2470 hominem
2954 2416 3119 2469 facile
3151 2416 3428 2486 superari,
3462 2434 3616 2488 quae-

1916 2518 2052 2555 nam
2080 2519 2171 2556 res
2202 2504 2274 2555 sit
2303 2519 2416 2573 qua
2445 2504 2616 2557 homo
2651 2504 2895 2570 excellit,
2924 2508 2989 2557 ut
3019 2505 3176 2557 nulla
3200 2504 3251 2558 ei
3283 2505 3615 2573 bestiarum,

1918 2590 2038 2661 ipse
2073 2594 2260 2645 autem
2293 2592 2491 2644 multis
2522 2592 2805 2661 imperare
2846 2592 3064 2661 possit?
3091 2609 3165 2646 an
3193 2593 3337 2647 forte
3385 2594 3509 2663 ipsa
3535 2601 3620 2648 est

1919 2696 2046 2749 qum
2076 2678 2221 2733 ratio
2251 2680 2339 2732 vel
2372 2679 2755 2749 intelligentia
2784 2680 2893 2733 dici
2926 2680 3108 2733 solet?
3135 2683 3200 2735 E.
3229 2682 3352 2734 Non
3388 2681 3616 2735 invenio

1919 2768 2091 2833 aliud,
2126 2768 2595 2839 quandoquidem
2630 2769 2688 2822 in
2722 2768 2913 2822 animo
2952 2769 3112 2822 estid
3143 2786 3256 2839 quo
3280 2770 3485 2824 belluis
3516 2788 3616 2825 an-

1916 2857 2230 2911 tecellimus
2268 2873 2281 2911 :
2329 2874 2457 2928 quas
2488 2856 2534 2910 si
2578 2857 2866 2910 exanimes
2906 2860 3111 2922 essent,
3145 2857 3389 2911 dicerem
3420 2875 3522 2912 nos
3548 2874 3615 2913 eo

1917 2950 2210 3017 praestare,
2244 2946 2400 3016 quod
2431 2946 2689 2999 animum
2715 2945 3012 2999 habemus.
3049 2946 3209 2999 Nunc
3234 2962 3366 2999 vero
3400 2963 3524 3000 cum
3559 2952 3614 3000 et

1919 3034 2015 3088 illa
2046 3034 2158 3087 sint
2186 3034 2477 3101 animalia,
2510 3034 2568 3088 id
2599 3035 2748 3105 quod
2780 3049 2978 3087 eorum
3006 3033 3213 3087 animis
3235 3050 3350 3087 non
3380 3034 3529 3088 inest
3552 3038 3617 3088 ut

1919 3123 2235 3177 subdantur
2276 3123 2461 3190 nobis,
2493 3123 2641 3176 inest
2669 3127 2863 3177 autem
2907 3122 3115 3176 nostris
3146 3128 3205 3176 ut
3239 3123 3319 3176 eis
3349 3123 3615 3177 meliores

1918 3212 2115 3278 simus,
2163 3210 2435 3283 quoniam
2464 3227 2651 3282 neque
2680 3211 2847 3279 nihil,
2880 3226 3065 3281 neque
3108 3227 3349 3281 parvum
3397 3211 3612 3283 aliquid

1919 3316 2038 3354 esse
2085 3300 2262 3354 cuivis
2293 3303 2555 3369 apparet;
2610 3299 2749 3370 quid
2782 3299 2935 3352 aliud
2968 3299 3193 3367 rectius,
3239 3316 3411 3369 quam
3444 3300 3615 3353 ratio~

1919 3405 2050 3442 nem
2080 3388 2435 3442 vocaverim?
2475 3388 2543 3441 A.
2578 3387 2712 3441 Vide
2763 3404 2935 3458 quam
2965 3386 3129 3440 facile
3169 3388 3266 3440 fiat
3312 3390 3422 3441 Deo
3452 3388 3613 3458 adju-

1918 3482 2107 3545 vante,
2140 3477 2292 3547 quod
2322 3476 2583 3529 homines
2615 3475 3015 3529 difficillimum
3056 3479 3277 3545 putant.
3314 3476 3455 3529 Nam
3489 3492 3615 3546 ego,

1919 3565 2101 3620 fateor
2126 3564 2249 3629 tibi,
2283 3563 2653 3634 quaestionem
2688 3562 2875 3628 ist'im,
2910 3578 3059 3632 qum,
3088 3567 3153 3615 ut
3180 3561 3460 3632 intelligo,
3502 3566 3617 3616 ter-

1922 3654 2137 3707 minata
2165 3657 2266 3721 est,
2298 3652 2516 3705 tamdiu
2539 3668 2644 3705 nos
2674 3655 3026 3705 retenturam
3056 3654 3410 3721 putaveram,
3443 3667 3617 3723 quam

1921 3742 2157 3796 fortasse
2190 3740 2386 3794 omnia
2417 3757 2544 3811 qua:
2574 3740 2722 3795 dicta
2765 3744 2897 3793 sunt
2940 3740 3009 3793 ab
3039 3740 3162 3810 ipso
3191 3745 3397 3793 nostra:
3428 3740 3621 3810 dispu-

1924 3830 2157 3885 tationis
2205 3829 2454 3883 exordio.
2507 3830 2691 3893 Quare
2742 3827 2931 3898 accipe
2958 3829 3099 3897 jam,
3132 3832 3193 3881 ut
3222 3828 3429 3883 deinde
3473 3830 3617 3883 ratio

1925 3922 2294 3972 connectatur
2320 3936 2331 3971 :
2359 3934 2491 3971 nam
2523 3918 2689 3971 credo
2713 3934 2828 3970 non
2857 3922 2910 3969 te
2936 3917 3281 3987 ignorare,id
3310 3918 3460 3988 quod
3482 3917 3622 3971 scire

1928 4008 2189 4074 dicimus,
2223 4007 2363 4060 nihil
2396 4023 2515 4060 esse
2544 4006 2695 4059 aliud
2730 4022 2903 4076 quam
2935 4006 3155 4059 ratione
3184 4006 3395 4059 habere
3424 4022 3621 4075 perce-

1925 4102 2110 4166 ptum.
2136 4098 2202 4150 E.
2228 4096 2312 4149 Ita
2331 4100 2430 4148 est.
2457 4097 2532 4147 A.
2562 4094 2669 4157 Qui
2694 4111 2828 4164 ergo
2852 4094 2953 4147 scit
2977 4110 3033 4145 se
3054 4094 3485 4158 vivere,ratione
3509 4108 3624 4145 non

1928 4189 2097 4238 caret.
2130 4187 2193 4236 E.
2231 4182 2596 4252 Consequens
2624 4186 2723 4235 est.
2758 4186 2831 4236 Α.
2866 4182 3072 4235 Vivunt
3103 4184 3291 4234 autem
3320 4179 3537 4246 bestiae,
3571 4185 3627 4234 et

1929 4272 2207 4341 sicutjam
2230 4269 2728 4333 emicuit,rationis
2745 4274 3000 4341 expertes
3023 4273 3155 4322 sunt
3190 4271 3251 4322 E.
3269 4267 3624 4321 Manifestum

1930 4365 2031 4415 est.
2064 4362 2140 4414 Α.
2175 4360 2308 4413 Ecce
2339 4357 2517 4429 igitur
2535 4360 2655 4428 jam
2678 4359 3003 4429 nosti,quod
3028 4362 3079 4411 te
3100 4357 3371 4426 ignorare
3389 4371 3625 4426 respon-

1930 4448 2110 4514 deras,
2147 4464 2259 4500 non
2283 4463 2455 4501 omne
2486 4448 2638 4518 quod
2668 4447 2801 4500 vivit
2828 4446 2971 4499 scire
3001 4461 3059 4498 se
3080 4444 3626 4516 vivere,quanquam

1932 4553 2102 4590 omne
2135 4536 2287 4606 quod
2320 4552 2377 4589 se
2404 4536 2590 4589 vivere
2623 4536 2780 4600 sciat,
2812 4534 2959 4587 vivat
2993 4532 3330 4588 necessario.

2008 4630 2091 4679 l7.
2138 4627 2204 4679 E.
2257 4625 2377 4678 Non
2421 4625 2565 4678 mihi
2614 4624 2840 4693 estjam
2872 4620 3141 4686 dubium;
3188 4638 3359 4691 perge
3390 4638 3503 4692 quo
3533 4623 3628 4677 in-

1934 4714 2199 4767 tenderas
2232 4729 2245 4766 :
2298 4713 2451 4766 aliud
2492 4712 2644 4765 enim
2686 4726 2806 4764 esse
2853 4710 3061 4775 vivere,
3104 4710 3252 4763 aliud
3290 4710 3429 4763 scire
3458 4728 3517 4766 se
3546 4712 3630 4766 vi-

1935 4817 2085 4867 vere,
2123 4801 2259 4853 satis
2292 4797 2489 4853 didici.
2531 4800 2610 4851 Α.
2652 4796 2798 4860 Quid
2836 4812 2970 4867 ergo
3000 4796 3104 4849 tibi
3146 4797 3352 4850 horum
3387 4798 3630 4851 duorum

1936 4888 2162 4942 videtur
2192 4904 2312 4941 esse
2358 4883 2758 4956 praestantius?
2818 4886 2883 4939 E.
2918 4884 3063 4947 Quid
3097 4888 3285 4954 putas,
3319 4885 3426 4938 nisi
3457 4885 3630 4939 scien-

1936 4977 2077 5033 tiam
2097 4976 2245 5030 vitze.
2271 4978 2346 5029 A.
2388 4974 2653 5029 Meliorne
2674 4972 2779 5025 tibi
2798 4972 3022 5027 videtur
3041 4973 3169 5027 vita:
3190 4973 3438 5027 scientias
3461 4988 3632 5042 quam

1937 5067 2063 5139 ipsa
2103 5064 2254 5119 vita?
2283 5080 2353 5117 an
2386 5063 2527 5116 forte
2556 5061 2826 5132 intelligis
2860 5062 3210 5133 superiorem
3242 5061 3549 5133 quamdam
3580 5065 3636 5114 et

1942 5155 2313 5210 sinceriorem
2358 5152 2531 5205 vitam
2579 5167 2700 5205 esse
2732 5150 3046 5217 scientiam,
3092 5167 3263 5221 quam
3294 5150 3435 5203 scire
3465 5166 3634 5203 nemo

1943 5248 2150 5316 potest,
2177 5242 2285 5295 nisi
2319 5240 2418 5312 qui
2448 5239 2757 5311 intelligit?
2790 5240 3114 5310 Intelligere
3146 5244 3333 5292 autem
3361 5237 3499 5308 quid
3528 5243 3631 5304 est,

1942 5332 2057 5387 nisi
2085 5332 2210 5402 ipsa
2239 5331 2375 5396 luce
2419 5328 2628 5383 mentis
2658 5329 2934 5383 illustrius
2964 5326 3380 5398 perfectiusque
3408 5326 3635 5381 vivere?

1948 5421 2131 5486 Quare
2164 5423 2226 5473 tu
2255 5417 2420 5485 mihi,
2453 5417 2563 5472 nisi
2594 5417 2781 5483 fallor,
2812 5432 2926 5470 non
2954 5415 3084 5468 vita:
3111 5411 3267 5467 aliud
3296 5412 3639 5484 aliquid,sed

1947 5508 2175 5564 cuidam
2203 5508 2334 5562 vitae
2364 5493 2663 5563 meliorem
2690 5506 2865 5560 vitam
2894 5499 3281 5572 praeposuisti.
3314 5503 3376 5556 E.
3407 5501 3636 5572 Optima
