4036 6182
505 361 631 416 1231

502 483 737 540 omnino
768 486 825 537 et
851 480 1166 555 cognovisti
1197 484 1252 535 et
1283 478 1573 551 explicasti
1604 479 1949 534 sententiam
1974 496 2191 534 meam:

501 573 550 627 si
579 573 774 627 tamen
803 572 1037 626 scientia
1067 571 1216 624 mala
1238 585 1358 623 esse
1391 584 1689 641 nunquam
1713 572 1917 639 potest.
1941 569 2195 623 A.Nullo

502 662 673 717 modo
704 659 1082 725 arbitror,nisi
1106 674 1233 712 cum
1265 659 1540 711 translato
1571 658 1743 712 verbo
1772 658 2064 712 scientiam
2096 673 2198 728 pro

503 749 855 822 experientia
868 747 1109 802 dicimus
1129 763 1141 800 :
1158 745 1407 817 experiri
1430 746 1585 800 enim
1606 764 1720 800 non
1739 763 1965 817 semper
1986 747 2197 800 bonum

503 844 615 905 est;
651 838 793 891 sicut
813 834 1062 905 experiri
1092 834 1371 905 supplicia
1399 851 1412 889 :
1446 836 1545 889 illa
1574 842 1706 889 vero
1730 852 1859 906 quae
1887 835 2115 906 preprie
2136 851 2201 888 ac

498 942 642 995 pure
679 923 912 977 scientia
961 922 1316 989 nominatur,
1363 923 1499 993 quia
1529 924 1750 978 ratione
1785 928 1953 995 atque
1983 922 2200 977 intelli-

498 1013 695 1084 gentia
727 1016 985 1083 paratur,
1029 1012 1180 1065 mala
1226 1028 1345 1065 esse
1397 1013 1496 1082 qui
1542 1012 1768 1082 potest?
1816 1015 1880 1067 E.
1931 1013 2116 1066 Teneo
2146 1016 2201 1065 et

497 1100 666 1155 istam
692 1101 1072 1155 differentiam
1106 1117 1118 1154 :
1152 1116 1497 1170 persequere
1527 1106 1751 1154 caetera.

498 1190 722 1245 CAPUT
750 1190 891 1243 VIII.
921 1218 989 1229 —-
1022 1190 1182 1243 Ratio
1209 1204 1319 1257 qua
1342 1190 1601 1256 praecellit
1642 1190 1792 1244 homo
1825 1187 2010 1243 bestiis
2048 1187 2200 1241 debet

1074 1277 1134 1330 in
1164 1279 1280 1346 ipso
1312 1276 1604 1330 dominari.

572 1369 655 1422 l8.
688 1367 761 1423 A.
807 1365 952 1420 Illud
984 1368 1066 1418 est
1109 1364 1263 1435 quod
1306 1366 1433 1418 volo
1478 1363 1665 1418 dicere
1718 1380 1730 1417 :
1778 1365 1888 1418 hoc
1917 1362 2200 1435 quidquid

498 1460 603 1523 est,
637 1472 748 1528 quo
778 1454 1077 1526 pecoribus
1108 1454 1281 1507 homo
1311 1453 1688 1524 prmponitur,
1721 1452 1837 1506 sive
1870 1470 2052 1517 mens,
2083 1454 2199 1507 sive

498 1544 871 1615 spiritus,sive
895 1547 1203 1613 utrumque
1229 1542 1437 1596 rectius
1457 1542 1777 1613 appellatur
1805 1542 1959 1613 (nam
1986 1546 2200 1597 utrum-

496 1650 607 1704 que
638 1633 696 1686 in
726 1631 928 1686 divinis
963 1630 1139 1685 [.ibris
1185 1631 1545 1700 invenimus),
1590 1630 1636 1684 si
1669 1630 1997 1685 dominetur
2025 1636 2197 1703 atque

494 1720 739 1792 imperet
780 1719 999 1775 czrteris
1048 1720 1506 1791 quibuscumque
1560 1721 1732 1773 homo
1779 1724 2013 1788 constat,
2060 1725 2198 1774 tunc

495 1827 615 1864 esse
635 1809 931 1864 hominem
964 1808 1459 1863 ordinatissimum
1475 1851 1487 1863 .
1520 1808 1789 1862 Videmus
1812 1809 1965 1862 enim
1986 1810 2196 1864 habere

492 1915 597 1954 nos
625 1916 740 1953 non
771 1900 954 1953 solum
998 1914 1127 1952 cum
1156 1897 1481 1969 pecoribus,
1527 1899 1623 1952 sed
1658 1898 1831 1951 etiam
1864 1914 1993 1952 cum
2024 1899 2196 1953 arbu-

495 1989 593 2043 stis
614 1993 669 2042 et
695 1988 969 2059 stirpibus
991 1987 1170 2041 multa
1192 1986 1521 2041 communia
1546 2003 1559 2042 :
1583 2003 1835 2059 namque
1857 1988 2193 2044 alimentum

493 2077 749 2148 corporis
778 2093 1022 2142 sumere,
1051 2093 1320 2143 crescere,
1356 2077 1611 2147 gignere,
1652 2076 1867 2147 vigere,
1897 2077 2194 2131 arboribus

493 2182 722 2238 quoque
777 2165 1059 2219 tributum
1097 2164 1377 2231 videmus,
1411 2180 1539 2235 quae
1570 2163 1770 2217 inﬁma
1807 2164 2052 2235 quadam
2080 2163 2195 2218 vita

492 2252 894 2319 continentur;
943 2252 1136 2306 videre
1184 2255 1373 2305 autem
1414 2257 1583 2323 atque
1613 2251 1833 2315 audire,
1879 2255 1933 2305 et
1963 2252 2189 2320 olfactu,

491 2344 686 2413 gustu,
717 2344 871 2395 tactu
901 2340 1220 2411 corporalia
1250 2340 1459 2395 sentire
1488 2357 1654 2411 posse
1684 2341 1916 2411 bestias,
1934 2344 1987 2395 et
2008 2340 2193 2394 acrius

392 2474 397 2485 .
490 2431 796 2500 plerasque
825 2445 995 2499 quam
1025 2446 1147 2495 nos,
1180 2430 1465 2483 cernimus
1485 2434 1541 2483 et
1560 2430 1824 2484 fatemur.
1857 2429 2017 2484 Adde
2046 2429 2194 2484 vires

491 2522 549 2571 et
577 2517 886 2571 valentiam
938 2517 1383 2589 ﬁrmitatemque
1427 2518 1844 2587 membrorum,
1894 2523 1951 2573 et
1995 2519 2193 2573 celeri-

492 2610 639 2660 tates
702 2605 1113 2677 facillimosque
1161 2606 1415 2677 corporis
1473 2610 1682 2671 motus,
1741 2606 1950 2677 quibus
2005 2607 2190 2661 omni-

488 2693 597 2749 bus
648 2695 924 2766 quasdam
973 2711 1170 2750 earum
1205 2711 1562 2766 superamus,
1604 2695 1947 2767 quibusdam
2000 2712 2193 2767 arqua-

490 2800 643 2851 mur,
677 2801 709 2837 a
735 2783 1025 2838 nonnullis
1056 2783 1230 2837 etiam
1255 2783 1558 2839 vincimur.
1580 2784 1767 2838 Genus
1789 2787 1981 2837 tamen
2003 2783 2193 2855 ipsum

489 2889 684 2927 rerum
734 2877 819 2926 est
865 2871 1030 2926 nobis
1079 2877 1227 2926 certe
1276 2888 1581 2927 commune
1629 2889 1758 2927 cum
1790 2872 1996 2927 belluis
2029 2889 2042 2927 :
2068 2873 2190 2943 jam

488 2977 623 3015 vero
646 2967 914 3032 appetere
953 2962 1271 3032 voluptates
1301 2962 1637 3033 corporis,et
1673 2962 1852 3017 vitare
1883 2958 2189 3030 molestias,

488 3050 687 3105 ferinae
718 3050 848 3104 vitae
880 3050 1065 3104 omnis
1104 3051 1249 3104 actio
1282 3055 1383 3105 est.
1418 3051 1561 3106 Sunt
1590 3050 1702 3105 alia
1744 3051 2026 3123 quaedam,
2061 3067 2189 3123 quas

485 3142 606 3210 jam
650 3140 850 3194 cadere
892 3140 953 3193 in
982 3139 1129 3193 feras
1161 3156 1276 3193 non
1303 3140 1587 3206 videntur,
1621 3156 1727 3194 nec
1755 3145 1944 3194 tamen
1993 3139 2054 3194 in
2085 3142 2189 3195 ho-

492 3227 649 3281 mine
678 3227 803 3297 ipso
835 3242 1058 3280 summa
1087 3232 1235 3294 sunt,
1268 3231 1335 3281 ut
1363 3226 1538 3297 jocari
1566 3232 1621 3280 et
1650 3227 1834 3281 ridere
1863 3244 1876 3281 :
1910 3228 2063 3299 quod
2088 3229 2189 3283 hu—

491 3331 727 3369 manum
744 3316 1100 3386 quidem,sed
1121 3315 1388 3370 infimum
1414 3315 1665 3370 hominis
1681 3316 2189 3389 judicat,quisquis

493 3405 562 3459 de
612 3410 816 3459 natura
852 3406 1106 3460 humana
1153 3405 1461 3460 rectissime
1492 3404 1730 3476 judicat.
1783 3405 1997 3460 Deinde
2027 3423 2189 3461 amor

492 3495 675 3549 laudis
700 3499 756 3548 et
786 3495 1006 3565 gloriae,
1027 3499 1084 3550 et
1112 3495 1390 3549 affectatio
1421 3493 1778 3562 dominandi,
1800 3510 1929 3566 quas
1959 3497 2187 3550 tametsi

489 3582 801 3657 bestiarum
830 3602 944 3639 nou
974 3588 1251 3650 sunt,non
1277 3589 1472 3639 tamen
1499 3600 1695 3639 earum
1722 3600 1917 3639 rerum
1948 3584 2184 3639 libidine

488 3671 683 3725 bestiis
710 3673 976 3727 meliores
1003 3690 1105 3726 nos
1136 3689 1257 3726 esse
1278 3673 1673 3728 arbitrandum
1700 3677 1802 3728 est.
1834 3673 1974 3726 Nam
2005 3675 2060 3725 et
2079 3670 2185 3725 iste

490 3761 777 3830 appetitus
806 3777 934 3814 cum
965 3761 1171 3814 rationi
1200 3762 1461 3816 subditus
1490 3778 1606 3815 non
1633 3765 1737 3826 est,
1768 3760 2004 3814 miseros
2030 3759 2182 3814 facit.

489 3847 666 3899 Nemo
698 3850 888 3900 autem
919 3846 1187 3916 cuiquam
1232 3848 1463 3902 miseria
1495 3865 1553 3902 se
1582 3847 2039 3918 praeponendum
2077 3863 2184 3917 pu-

488 3934 646 3988 tavit.
680 3934 839 3987 Hisce
871 3934 1046 4004 igitur
1077 3934 1328 3988 motibus
1354 3935 1561 3989 animze
1591 3952 1722 3990 cum
1751 3935 1896 3990 ratio
1923 3936 2185 3991 domina-

487 4025 604 4090 tur,
645 4020 939 4075 ordinatus
978 4022 1151 4075 homo
1194 4022 1466 4077 dicendus
1512 4028 1621 4078 est.
1679 4025 1804 4079 Non
1842 4025 1995 4078 enim
2044 4024 2183 4079 ordo

486 4113 691 4177 rectus,
713 4114 811 4163 aut
842 4109 978 4164 ordo
1005 4112 1371 4181 appellandus
1399 4116 1483 4166 est
1511 4112 1768 4179 omnino,
1798 4113 1897 4167 ubi
1929 4112 2182 4167 deterio-

483 4197 641 4252 ribus
680 4198 915 4253 meliora
954 4200 1334 4271 subjiciuntur
1367 4218 1379 4254 :
1413 4217 1487 4256 an
1519 4201 1622 4256 tibi
1649 4217 1766 4256 non
1809 4202 2069 4257 videtur?
2112 4204 2176 4259 E.

484 4287 838 4342 Manifestum
871 4292 973 4342 est.
998 4288 1068 4343 A.
1103 4289 1265 4344 Ratio
1296 4289 1403 4345 ista
1434 4307 1589 4361 ergo,
1625 4291 1711 4345 vel
1740 4306 1923 4358 mens,
1945 4292 2032 4345 vel
2064 4291 2177 4363 spi-

483 4375 624 4429 ritus
657 4392 787 4430 cum
832 4375 1192 4431 irrationales
1223 4379 1402 4433 animi
1440 4384 1628 4434 motus
1655 4379 1821 4451 regit,
1864 4380 1921 4434 id
1969 4380 2180 4434 scilicet

480 4463 809 4519 dominatur
836 4464 895 4519 in
926 4466 1181 4535 homine,
1215 4467 1307 4522 cui
1334 4468 1650 4523 dominatio
1680 4470 1808 4541 lege
1841 4469 2085 4524 debetur
2113 4486 2180 4525 ea

481 4568 653 4624 quam
676 4557 946 4608 mternam
970 4571 1089 4609 esse
1106 4556 1582 4627 comperimus.E.
1599 4557 1863 4629 Intelligo
1879 4574 1942 4612 ac
1954 4574 2176 4629 sequor.

481 4642 704 4696 CAPUT
753 4643 840 4696 IX.
873 4672 942 4683 —-
983 4645 1152 4699 Stulti
1190 4650 1240 4699 et
1285 4647 1548 4715 sapientis
1587 4646 1877 4702 discrimen
1905 4662 1973 4702 ea:
2005 4647 2175 4702 domi-

936 4737 1071 4786 natu
1099 4738 1193 4787 aut
1215 4737 1471 4789 servitute
1500 4737 1711 4789 mentis.

556 4822 634 4875 19.
675 4819 746 4875 Α.
793 4820 935 4876 Cum
972 4837 1107 4893 ergo
1134 4821 1216 4877 ita
1244 4823 1419 4877 homo
1451 4824 1794 4879 constitutus
1823 4829 1994 4896 atque
2024 4824 2172 4880 ordi-

474 4911 641 4962 natus
670 4912 772 4977 est,
800 4925 993 4964 nonne
1023 4910 1128 4964 tibi
1157 4911 1383 4981 sapiens
1412 4912 1678 4967 videtur?
1707 4915 1774 4968 E.
1802 4913 2000 4968 Nescio
2031 4915 2174 4969 alius

474 4996 603 5068 quis
646 4997 789 5052 mihi
819 5000 1045 5068 sapiens
1075 4998 1247 5053 homo
1272 4999 1452 5054 videri
1478 5002 1679 5071 possit,
1722 5002 1771 5056 si
1816 5002 1910 5057 hic
1935 5018 2051 5057 non
2089 5003 2173 5058 vi-

473 5084 658 5141 detur.
693 5088 770 5141 Α.
806 5087 983 5142 Credo
1018 5087 1189 5141 etiam
1219 5091 1273 5143 te
1303 5087 1445 5142 illud
1476 5089 1951 5163 scire,plerosque
1982 5091 2173 5145 homi-

470 5189 571 5229 nes
596 5175 797 5229 stultos
845 5191 986 5231 esse.
1018 5178 1085 5231 E.
1120 5176 1235 5230 Hoc
1264 5193 1495 5248 quoque
1534 5178 1670 5233 satis
1712 5184 1949 5234 constat.
1985 5184 2066 5235 Α.
2101 5182 2174 5236 At

470 5262 519 5317 si
547 5264 753 5318 stultus
782 5264 1027 5335 sapienti
1062 5269 1147 5319 est
1172 5266 1511 5336 contrarius,
1545 5267 1820 5340 quoniam
1855 5268 2169 5341 sapientem

469 5352 873 5422 comperimus,
917 5353 1045 5426 quis
1074 5354 1247 5410 etiam
1287 5356 1493 5411 stultus
1530 5356 1622 5426 sit,
1654 5358 1907 5430 profecto
1929 5359 2051 5430 jam
2078 5359 2165 5414 in-

1598 357 1693 411 DE
1733 355 1992 412 LIBERO
2030 355 2393 425 ARBITRIO,
2434 355 2489 413 S.
2532 354 2917 413 AUGUSTINI

3806 369 3903 421 1232

2305 483 2453 548 tem;
2498 495 2591 550 an,
2641 476 2899 551 quamvis
2946 476 3099 544 insit,
3148 490 3275 531 eam
3315 492 3505 533 carere
3548 480 3832 539 dominatu?
3860 490 3904 542 Ε.

2307 570 2423 623 Hoc
2452 568 2639 639 potius
2684 567 2837 639 quod
2884 565 3155 621 ultimum
3185 566 3471 638 subjecisti
3504 569 3541 622 ¹.
3571 572 3636 624 Α.
3665 573 3903 628 Pervellem

2306 657 2405 711 abs
2427 662 2480 711 te
2513 656 2732 724 audire,
2775 655 2983 727 quibus
3015 655 3373 709 documentis
3402 664 3708 727 perceptum
3733 661 3904 727 habeas,

2306 749 2559 800 mentem
2592 744 2774 798 ineSse
2808 743 3047 811 homini,
3082 760 3209 815 qua:
3246 760 3410 797 suum
3442 760 3552 798 non
3579 754 3766 801 exserat
3798 751 3906 819 prin.

2307 833 2579 905 cipatum.
2625 833 2707 887 E.
2760 831 2988 887 Utinam
3030 835 3157 886 tuas
3190 830 3326 886 istas
3354 838 3539 902 partes
3566 833 3726 888 facere
3752 837 3905 890 velles:

2307 939 2443 977 nam
2489 938 2605 977 non
2647 921 2789 976 mihi
2840 921 2999 975 facile
3050 924 3133 974 est
3172 922 3451 974 sustinere
3480 921 3619 991 quod
3648 922 3838 994 ingeris.
3860 926 3904 978 Α.

2307 1010 2455 1065 Illud
2481 1011 2679 1064 saltem
2705 1009 2867 1063 facile
2897 1013 2983 1063 est
3012 1007 3118 1063 tibi
3147 1007 3453 1077 recordari,
3491 1009 3631 1076 quod
3656 1011 3800 1081 paulo
3818 1020 3905 1068 ante

2308 1099 2571 1161 diximus,
2588 1098 3076 1170 quemadmodum
3094 1096 3291 1152 bestiae
3306 1097 3687 1152 mansuefacta!
3706 1100 3764 1153 ab
3783 1101 3905 1154 homi-

2307 1188 2478 1243 nibus
2507 1204 2569 1241 ac
2598 1187 2827 1242 domitae
2876 1186 3123 1241 serviant
3162 1205 3175 1241 :
3222 1185 3373 1257 quod
3412 1186 3479 1240 ab
3507 1186 3582 1240 eis
3610 1187 3816 1241 vicissim
3837 1189 3902 1242 ho-

2306 1277 2511 1343 mines,
2551 1281 2615 1331 ut
2643 1274 3056 1330 demonstravit
3082 1273 3253 1342 ratio,
3301 1276 3624 1344 paterentur
3656 1275 3750 1329 nisi
3774 1276 3902 1347 aliquo

2309 1366 2663 1419 excellerent.
2702 1365 2762 1418 Id
2794 1366 2986 1418 autem
3016 1379 3133 1417 non
3165 1362 3588 1416 inveniebamus
3616 1363 3667 1417 in
3694 1380 3899 1434 corpore:

2307 1451 2386 1506 ita
2415 1470 2544 1507 cum
2577 1453 2636 1506 in
2667 1452 2858 1506 animo
2898 1467 3018 1506 esse
3065 1455 3387 1522 appareret,
3439 1451 3572 1521 quid
3607 1451 3741 1505 aliud
3766 1453 3898 1523 appel-

2305 1541 2543 1595 landum
2586 1544 2733 1595 esset
2773 1556 2947 1612 quam
2988 1540 3156 1605 ratio,
3206 1555 3323 1594 non
3367 1539 3752 1611 comperimus;
3784 1556 3897 1611 quam

2303 1634 2505 1701 postea
2533 1634 2590 1684 et
2610 1633 2860 1683 mentem
2888 1632 2943 1683 et
2970 1628 3230 1699 spiritum
3261 1627 3452 1682 vocari
3479 1627 3733 1682 recordati
3751 1644 3898 1682 sumus.

2304 1717 2413 1772 Sed
2439 1718 2482 1772 si
2514 1717 2672 1772 aliud
2705 1718 2865 1785 ratio,
2909 1717 3063 1772 aliud
3093 1733 3272 1785 mens,
3313 1721 3529 1771 constat
3573 1722 3707 1771 certe
3742 1717 3898 1770 nonnisi

2304 1812 2559 1863 mentem
2594 1808 2677 1862 uti
2721 1823 2887 1879 posse
2932 1806 3171 1862 ratione.
3216 1806 3293 1860 Ex
3341 1822 3455 1876 quo
3494 1805 3626 1861 illud
3667 1804 3897 1867 conﬁcitur,

2304 1912 2435 1951 eum
2491 1895 2591 1967 qui
2639 1896 2923 1950 rationem
2962 1895 3154 1961 habet,
3199 1899 3390 1950 mente
3430 1911 3611 1950 carere
3638 1911 3737 1949 non
3760 1910 3890 1965 posse.

2302 1986 2367 2040 E.
2417 1984 2601 2039 Probe
2643 1984 2753 2039 ista
2799 1983 3132 2039 reminiscor
3174 2000 3238 2038 ac
3282 1989 3471 2040 teneo.
3515 1985 3584 2039 Α.
3630 1982 3893 2048 Quid?‘illud

2303 2074 2584 2141 credisne,
2615 2073 2923 2128 domitores
2941 2073 3263 2128 belluarum
3294 2073 3403 2127 nisi
3429 2074 3691 2145 sapientes
3716 2087 3809 2127 esse
3828 2086 3894 2124 non

2301 2162 2507 2233 posse?
2546 2163 2651 2217 Eos
2684 2162 2840 2217 enim
2878 2162 3159 2233 sapientes
3202 2179 3365 2230 voco,
3409 2178 3546 2234 quos
3572 2160 3752 2215 veritas
3773 2159 3891 2213 vocari

2295 2251 2479 2322 jubet,
2511 2250 2571 2306 id
2593 2255 2699 2319 est,
2731 2251 2831 2324 qui
2873 2267 3051 2323 regno
3090 2251 3300 2306 mentis
3345 2251 3502 2306 omni
3525 2250 3748 2305 libidinis
3766 2249 3890 2317 subju-

2302 2339 2529 2410 gatione
2582 2340 2771 2412 pacati
2814 2344 2966 2395 sunt.
3014 2340 3087 2395 E.
3130 2341 3459 2395 Ridiculum
3502 2344 3582 2394 est
3618 2340 3738 2393 tales
3760 2344 3890 2409 putare

2301 2428 2463 2498 istos,
2496 2446 2638 2502 quos
2668 2430 2838 2501 vulgo
2886 2428 3299 2484 mansuetarios
3327 2433 3665 2501 nuncupant,
3693 2428 3761 2480 vel
3783 2426 3888 2479 etiam

2302 2524 2559 2590 pastores
2602 2522 2701 2574 aut
2747 2519 3045 2588 bubulcos,
3088 2523 3186 2573 aut
3219 2518 3469 2590 aurigas,
3501 2519 3689 2591 quibus
3709 2513 3887 2571 omnibus

2303 2606 2584 2662 domitum
2613 2624 2787 2680 pecus
2814 2608 3132 2679 subjectum
3161 2608 3442 2671 videmus,
3474 2612 3528 2662 et
3555 2622 3764 2679 quorum
3783 2602 3887 2657 indu-

2306 2695 2443 2750 stria
2472 2695 2817 2751 indomitum
2844 2696 3067 2768 subjici.
3099 2697 3171 2752 A.
3196 2698 3275 2751 En
3306 2696 3485 2768 igitur
3501 2697 3662 2751 habes
3679 2696 3887 2750 documen-

2304 2788 2428 2839 tum
2456 2786 2857 2854 certissimum,
2882 2802 2996 2857 quo
3029 2786 3398 2840 manifestum
3420 2786 3518 2841 ﬁat
3543 2786 3707 2841 inesse
3721 2786 3885 2839 mentem

2302 2872 2528 2928 homini
2560 2873 2680 2928 sine
2713 2873 3029 2928 dominatu.
3064 2874 3159 2929 His
3189 2875 3406 2947 quippe
3435 2876 3611 2941 inest;
3637 2870 3882 2944 aguntenim

2298 2962 2456 3031 talia,
2488 2979 2617 3035 qua:
2644 2963 2737 3034 agi
2777 2963 2899 3018 sine
2946 2968 3136 3019 mente
3176 2980 3295 3018 non
3341 2968 3611 3036 possent:
3649 2979 3744 3018 non
3764 2966 3881 3014 tanta

2297 3051 2579 3123 regnat’;
2612 3069 2748 3107 nam
2778 3052 2934 3107 stulti
2967 3058 3119 3121 sunt,
3161 3069 3350 3125 neque
3381 3069 3614 3126 regnum
3639 3049 3799 3107 mentis
3820 3045 3880 3101 ubi

2299 3141 2644 3211 sapientium
2688 3158 2830 3209 esse,
2860 3142 3259 3213 percognitum
3299 3146 3404 3197 est.
3449 3146 3513 3199 Ε.
3537 3142 3722 3214 ,Μίτοω
3741 3135 3876 3192 estho:

2292 3229 2414 3300 jam
2437 3229 2608 3284 fuisse
2638 3247 2671 3285 a
2699 3230 2865 3285 nobis
2888 3230 2948 3285 in
2978 3230 3373 3301 superioribus
3402 3232 3715 3295 confectum,
3738 3232 3779 3281 et
3794 3222 3875 3278 mihi

2298 3319 2434 3390 quid
2466 3319 2888 3391 responderem,
2922 3336 3037 3373 non
3066 3319 3319 3391 potuisse
3351 3320 3413 3375 in
3442 3325 3676 3375 mentem
3691 3315 3836 3372 venire.

2333 3408 2557 3463 CAPUT
2581 3409 2643 3464 X.
2675 3440 2744 3448 ——
2774 3410 2932 3464 Mens
2977 3426 3012 3463 a
3055 3410 3202 3463 nullo
3255 3412 3470 3476 cogitur
3496 3412 3677 3465 servire
3692 3402 3851 3461 libidini.

2365 3499 2453 3551 20.
2514 3497 2621 3551 Sed
2674 3497 2786 3551 alia
2839 3503 3224 3552 contexamus.
3276 3498 3405 3553 Jam
3451 3500 3596 3553 enim
3636 3501 3683 3551 et
3718 3501 3869 3563 regnum

2293 3585 2505 3639 mentis
2532 3586 2801 3641 humanae
2848 3587 3161 3642 humanam
3201 3603 3323 3643 esse
3376 3586 3711 3659 sapientiam,
3741 3586 3867 3636 etum

2291 3692 2457 3747 posse
2487 3676 2657 3731 etiam
2682 3694 2799 3732 non
2828 3694 3089 3749 regnare,
3123 3683 3487 3749 compertum
3515 3682 3612 3733 est.
3634 3678 3694 3731 Α.
3716 3674 3865 3729 Putasnt

2291 3764 2402 3819 ista
2439 3769 2653 3834 mente,
2678 3767 2771 3821 cui
2801 3783 3046 3838 regnum
3076 3768 3137 3821 in
3167 3768 3435 3823 libidines
3455 3773 3654 3823 aeterna
3676 3765 3770 3833 lege
3786 3771 3863 3811 con-

2292 3868 2515 3907 cessum
2571 3870 2692 3908 esse
2756 3855 3169 3925 cognoscimus,
3240 3855 3618 3926 potentiorem
3665 3866 3757 3906 esse

2292 3940 2524 3995 dinem?
2582 3959 2687 4012 ego
2744 3943 2899 3997 enim
2958 3944 3118 3998 nullo
3168 3950 3337 4015 pacto
3385 3950 3541 4017 puto.
3591 3932 3861 4012 Neqneenim

2292 4035 2438 4084 esset
2474 4030 2961 4086 ordinatissimum
3008 4038 3071 4086 ut
3116 4032 3525 4105 impotentiora
3566 4022 3859 4104 potentiori]?us

2291 4118 2659 4189 imperarent.
2688 4120 2872 4184 Quare
2897 4137 3125 4176 necesse
3149 4122 3398 4177 arbitror
3425 4139 3542 4177 esse
3570 4125 3625 4176 ut
3640 4118 3741 4191 plus

2289 4223 2451 4261 mens
2494 4225 2668 4280 quam
2708 4210 3010 4280 cupiditas,
3063 4227 3128 4265 eo
3168 4211 3290 4283 ipso
3347 4229 3462 4284 quo
3507 4202 3857 4281 cupiditatiredt

2281 4295 2551 4368 justeque
2600 4297 2944 4353 dominatur.
2987 4301 3053 4354 E.
3115 4299 3228 4371 Ego
3284 4317 3514 4372 quoque
3557 4299 3628 4353 ita
3651 4286 3855 4378 sentio-4'

2287 4383 2472 4449 Quid?
2503 4385 2774 4441 virtutem
2818 4403 3048 4441 omnem
3094 4404 3234 4441 num
3277 4388 3597 4443 dubitamus
3637 4379 3756 4438 omni

2287 4473 2367 4527 sic
2396 4478 2763 4545 anteponere,
2795 4479 2856 4530 ut
2899 4475 3076 4530 virtus
3124 4481 3339 4547 quanto
3378 4477 3575 4532 melior
3599 4478 3734 4544 atque
3753 4461 3856 4520 50W
3892 4500 3893 4537 i

2285 4561 2452 4631 mior,
2483 4567 2641 4618 tanto
2687 4563 2907 4619 ﬁrmior
2948 4564 3325 4637 invictiorque
3356 4566 3465 4621 sit?
3493 4568 3552 4621 Ε.
3582 4562 3694 4628 Quis
3718 4552 3854 4612 dubii?

2284 4651 2467 4706 verit?
2493 4655 2568 4707 Α.
2604 4653 2804 4708 Nullus
2832 4654 3008 4725 igitur
3044 4654 3282 4709 vitiosus
3313 4655 3535 4710 animus
3559 4652 3727 4706 virtute
3747 4652 3851 4698 am?

2283 4744 2407 4795 tum
2457 4742 2716 4797 animum
2768 4748 3015 4814 superat.
3060 4747 3125 4799 E.
3179 4745 3545 4799 Verissimum
3587 4745 3672 4795 est.
3707 4737 3763 4789 Α.
3784 4731 3887 4809 11m]

2283 4845 2519 4901 corpore
2564 4831 2721 4885 omni
2761 4832 3134 4903 qualemlibet
3162 4833 3422 4888 animum
3452 4830 3709 4887 meliorem
3727 4822 3846 4893 [NW

2280 4917 2599 4991 tioremque
2629 4936 2769 4988 esse,
2795 4937 2911 4974 non
2940 4925 2995 4975 te
3031 4921 3273 4977 arbitror
3302 4927 3643 4994 negaturum.
3668 4917 3719 4969 Ε.
3746 4910 3846 4963 Νέων)

2280 5006 2335 5063 id
2367 5013 2559 5080 negat,
2593 5009 2692 5080 qui
2739 5008 2916 5081 (quod
2942 5009 3105 5065 facile
3137 5013 3239 5083 est)
3270 4993 3424 5066 videt
3469 5013 3559 5063 aut
3584 4993 3845 5060 substantiam

2279 5096 2563 5152 viventem
2593 5114 2711 5153 non
2740 5098 2972 5167 viventi,
3002 5104 3100 5155 aut
3124 5116 3251 5155 eam
3273 5117 3402 5173 qua:
3429 5099 3593 5153 vitam
3616 5093 3694 5148 dat
3716 5087 3841 5153 cili“:

2279 5186 2505 5258 accipit,
2534 5203 2655 5243 esse
2675 5188 3114 5260 prmferendam.
3137 5192 3215 5245 Α.
3249 5190 3423 5245 Multo
3443 5187 3616 5243 minus
3627 5178 3843 5253 igith

2342 5358 2356 5392 ί
2388 5355 2449 5404 In
2478 5355 2623 5417 prius
2646 5354 2876 5419 vulgatis
2904 5356 3050 5408 deest
3075 5357 3179 5419 hic,
3216 5360 3299 5417 4.,
3328 5360 3380 5406 et
3406 5358 3519 5419 post
3544 5332 3841 5419 vocem_

466 5408 695 5510 telligis.
725 5443 792 5497 E.
827 5408 1071 5498 C'ui‘non
1109 5408 1844 5515 appareat‘hﬁunciesse,vinv
1856 5408 2166 5520 quad—mens

2297 5427 2459 5520 iat‘um
2479 5408 2566 5474 sic
2593 5408 2885 5506 reponitur,
2911 5430 2968 5480 Α.
2988 5408 3246 5509 ,Πείηαῇη
3280 5408 3554 5490 rursusque
3577 5414 3791 5471 omittitur.
3808 5408 3839 5450 Α·

466 5543 752 5584 summam
799 5535 1142 5601 potestatem
1179 5549 1299 5590 non
1343 5534 1551 5590 habet?
1575 5536 1645 5591 A.
1687 5535 1837 5600 Quid
1874 5536 2052 5607 igitur
2080 5537 2164 5592 di-

465 5615 732 5685 cendum,
760 5634 892 5675 cum
917 5620 1093 5677 homo
1128 5621 1210 5679 ita
1237 5628 1324 5680 est
1351 5623 1619 5679 affectus?
1648 5623 1845 5682 deesse
1882 5624 1967 5681 illi
1994 5642 2159 5683 men-

2273 5496 2331 5544 in
2358 5495 2475 5545 loco
2498 5496 2737 5559 proxime
2761 5499 3021 5562 sequenti.

2333 5568 2356 5601 ²
2379 5548 2525 5626 Ιιονλ
2547 5579 2654 5618 non
2685 5548 2857 5621 tamen
2880 5548 3124 5634 regnant.
3144 5572 3247 5625 Sed
3265 5571 3450 5624 melius
3472 5566 3554 5618 alii
3571 5559 3677 5614 add.
3694 5548 3837 5614 ταυτί

2271 5636 2471 5687 scilicet
2496 5651 2665 5688 mens.
2943 5630 2959 5634 ⁷
3862 5630 3867 5719 j

3860 5720 3865 5805 ἕ
