4036 6182
204 246 329 298 1233

191 384 312 438 pus,
345 366 762 438 qualecumque
818 365 877 421 id
905 366 995 433 sit,
1029 367 1289 422 animum
1317 367 1525 423 virtute
1565 369 1874 439 praeditum

191 454 375 509 vincit.
414 456 490 509 E.
520 454 1015 509 Evidentissimum
1050 460 1147 510 est.
1182 457 1250 511 A.
1286 457 1431 521 Quid
1454 459 1481 510 ?
1512 457 1736 511 animus
1772 459 1871 529 ju-

191 550 320 612 stus,
348 544 730 614 mensquejus
756 544 1055 615 proprium
1076 544 1498 617 imperiumque
1528 548 1870 615 custodiens,

191 649 323 687 num
351 636 536 703 potest
587 632 756 685 aliam
804 638 1057 687 mentem
1102 634 1225 704 pari
1257 635 1523 704 (equitate
1556 653 1617 690 ac
1666 636 1873 690 virtute

187 726 539 792 regnantem,
560 737 625 775 ex
648 737 773 775 arce
798 721 1059 791 dejicere,
1086 728 1254 792 atque
1279 723 1503 776 libidini
1525 725 1829 794 subjugare
1847 724 1874 777 ?

190 816 247 868 E.
284 812 448 866 Nullo
483 811 682 876 modo;
714 828 830 865 non
860 813 1045 865 solum
1072 816 1302 883 propter
1331 814 1589 867 eamdem
1620 814 1679 867 in
1713 820 1873 868 utra-

188 918 291 970 que
318 900 726 966 excellentiam,
754 900 852 954 sed
882 899 1053 954 etiam
1085 902 1237 971 quod
1267 918 1297 954 a
1322 901 1541 971 justitia
1585 902 1741 972 prior
1769 904 1871 957 de-

185 989 348 1059 cidet,
379 989 591 1059 ﬁetque
616 988 816 1043 vitiosa
847 1005 1025 1055 mens,
1051 1006 1179 1060 quae
1218 990 1387 1045 aliam
1424 991 1606 1046 facere
1637 992 1871 1047 conabi-

183 1082 290 1142 tur,
328 1094 510 1148 eoque
541 1077 665 1147 ipso
693 1076 801 1131 erit
826 1078 1125 1131 inﬁrmior.

251 1170 335 1220 2t.
369 1169 443 1220 Α.
480 1167 629 1219 Bene
661 1166 966 1236 intelligis;
996 1182 1171 1237 quare
1192 1166 1327 1220 illud
1361 1172 1534 1222 restat
1562 1172 1620 1221 ut
1645 1185 1873 1239 respon-

179 1255 328 1323 deas,
360 1254 405 1308 si
425 1258 606 1324 potes,
630 1259 824 1308 utrum
846 1254 948 1308 tibi
978 1256 1232 1310 videatur
1257 1256 1523 1310 rationali
1542 1262 1597 1311 et
1621 1257 1864 1327 sapienti

182 1348 365 1397 mente
398 1343 715 1414 quidquam
763 1360 881 1398 esse
929 1344 1312 1414 praestantius.
1368 1349 1432 1400 E.
1486 1346 1635 1400 Nihil
1666 1350 1873 1416 praeter

185 1433 359 1486 Deum
419 1431 685 1485 arbitror.
715 1432 785 1485 A.
843 1434 907 1486 Et
946 1449 1072 1486 mea
1120 1434 1225 1486 ista
1276 1435 1557 1488 sententia
1604 1440 1705 1488 est.
1763 1435 1870 1489 Sed

185 1520 449 1591 quoniam
481 1536 569 1573 res
603 1521 781 1574 ardua
813 1525 919 1589 est,
950 1538 1136 1591 neque
1168 1539 1317 1575 nunc
1347 1526 1667 1592 opportune
1713 1540 1870 1593 quae-

182 1609 342 1675 ritur,
376 1613 438 1662 ut
466 1608 538 1662 ad
585 1608 1023 1678 intelligentiam
1063 1610 1271 1676 veniat,
1320 1627 1649 1682 quanquam
1697 1611 1869 1665 robu-

180 1698 422 1751 stissima
462 1702 727 1751 teneatur
777 1697 907 1761 ﬁde,
952 1698 1175 1768 integra
1198 1700 1361 1753 nobis
1407 1700 1478 1754 sit
1508 1700 1680 1771 hujus
1711 1717 1869 1771 qua:-

180 1786 392 1854 stionis,
430 1786 673 1857 diligens
705 1790 761 1840 et
788 1790 953 1841 cauta
982 1788 1257 1843 tractatio.

177 1927 398 1982 CAPUT
426 1928 512 1981 XI.
543 1958 608 1967 ——
629 1929 776 1982 Mens
796 1944 863 1981 ea:
888 1930 1056 1981 libera
1083 1929 1356 1983 voluntate
1386 1928 1613 1983 libidini
1631 1932 1867 1985 serviens

811 2020 1044 2085 punitur
1066 2018 1231 2087 juste.

253 2141 315 2193 In
344 2138 648 2210 praesentia
678 2138 832 2193 enim
872 2140 1010 2193 scire
1039 2154 1341 2209 possumus
1368 2155 1744 2210 quaecumque
1775 2140 1871 2194 illa

176 2232 381 2283 natura
411 2228 500 2291 sit,
536 2244 705 2297 quam
737 2228 915 2281 menti
946 2228 1151 2281 virtute
1181 2228 1419 2297 pollenti
1458 2228 1541 2281 fas
1584 2231 1867 2297 estexcel-

174 2318 310 2384 lere,
342 2316 614 2386 injustam
669 2333 786 2369 esse
820 2315 976 2369 nullo
1020 2316 1189 2369 modo
1230 2332 1414 2385 posse.
1447 2316 1630 2379 Quare
1663 2332 1731 2370 ne
1765 2317 1870 2370 ista

174 2406 430 2478 quidem,
474 2405 701 2458 tametsi
750 2405 958 2459 habeat
1004 2410 1365 2475 potestatem,
1410 2411 1571 2475 coget
1616 2411 1867 2460 mentem

174 2494 384 2549 servire
424 2493 668 2547 libidini.
718 2496 783 2549 E.
828 2494 979 2547 Istud
1020 2510 1254 2563 prorsus
1313 2510 1478 2547 nemo
1512 2498 1595 2547 est
1622 2495 1720 2565 qui
1751 2512 1866 2548 non

178 2583 302 2637 sine
332 2584 448 2635 ulla
474 2581 834 2635 cunctatione
863 2582 1122 2635 fateatur.
1156 2584 1233 2635 Α.
1268 2582 1411 2653 Ergo
1435 2583 1778 2653 relinquitur
1805 2587 1869 2636 ut

171 2671 449 2743 quoniam
471 2670 734 2741 regnanti
758 2671 1317 2741 menticompotique
1329 2670 1574 2739 virtutis,
1591 2672 1867 2741 quidquid

164 2776 277 2825 par
304 2766 403 2813 aut
430 2761 735 2830 prazlatum
765 2763 868 2824 est,
898 2776 1012 2811 non
1041 2776 1166 2813 eam
1197 2759 1328 2812 facit
1359 2776 1578 2812 servam
1612 2760 1865 2813 libidinis

165 2854 401 2921 propter
429 2848 753 2919 justitiam;
787 2848 1065 2919 quidquid
1101 2852 1290 2901 autem
1325 2848 1558 2901 inferius
1606 2853 1707 2913 est,
1749 2865 1865 2901 non

164 2938 347 3009 possit
376 2939 481 2991 hoc
514 2938 695 2991 facere
736 2943 968 3007 propter
994 2936 1407 3003 inﬁrmitatem,
1456 2936 1599 2991 sicut
1628 2953 1692 2989 ca
1737 2954 1865 3007 qua}

162 3026 320 3081 inter
349 3042 453 3079 nos
482 3026 855 3079 constiterunt
885 3026 1124 3092 docent;
1158 3026 1317 3079 nulla.
1347 3041 1435 3078 res
1467 3026 1575 3078 alia
1614 3030 1865 3079 mentem

167 3114 493 3186 cupiditatis
525 3114 790 3167 comitem
823 3114 1007 3180 faciat,
1054 3130 1226 3185 quam
1256 3114 1487 3185 propria
1527 3114 1781 3167 voluntas
1812 3119 1868 3169 et

162 3206 411 3260 liberum
436 3204 759 3258 arbitrium.
785 3207 851 3259 E.
888 3203 1041 3257 Nihil
1093 3208 1208 3257 tam
1239 3204 1621 3259 necessarium
1655 3210 1865 3259 restare

166 3294 349 3348 video.

240 3382 327 3435 22.
363 3383 444 3434 Α.
484 3378 751 3451 Sequitur
800 3380 921 3451 jam
977 3384 1040 3434 ut
1069 3380 1174 3434 tibi
1212 3380 1469 3435 videatur
1508 3381 1659 3451 juste
1707 3380 1864 3434 illam

166 3487 276 3543 pro
327 3474 555 3540 peccato
612 3474 771 3523 tanto
822 3486 1019 3539 poenas
1067 3470 1338 3540 pendere.
1372 3472 1446 3524 E.
1504 3472 1717 3541 Negare
1750 3488 1866 3525 non

164 3575 425 3631 possum.
457 3560 526 3612 Α.
564 3557 710 3622 Quid
742 3558 917 3627 igitur
940 3561 969 3611 ?
1002 3559 1147 3611 Num
1178 3558 1284 3612 ista
1329 3558 1453 3629 ipsa
1482 3576 1648 3629 poena
1693 3576 1867 3629 parva

166 3648 545 3703 existimanda
578 3644 684 3714 est,
719 3646 876 3716 quod
906 3646 958 3699 ei
990 3646 1166 3700 libido
1198 3647 1542 3712 dominatur,
1580 3648 1863 3718 exspolia-

164 3742 403 3807 tamque
429 3735 648 3788 virtutis
678 3734 993 3806 opulentia,
1025 3751 1129 3805 per
1157 3736 1378 3790 diversa
1416 3736 1645 3807 inopem
1697 3741 1865 3807 atque

166 3824 526 3896 indigentem
548 3824 744 3891 trahit,
778 3841 931 3879 nunc
959 3825 1099 3879 falsa
1130 3842 1232 3897 pro
1257 3825 1404 3879 veris
1430 3826 1862 3895 approbantem,

168 3930 326 3968 nunc
353 3914 523 3966 etiam
556 3913 1014 3980 defensitantem,
1066 3931 1218 3969 nunc
1270 3915 1694 3986 improbantem
1740 3932 1867 3987 qua:

163 4007 335 4057 antea
361 4000 731 4072 probavisset,
766 4006 821 4055 et
848 4002 1222 4057 nihilominus
1252 4004 1311 4058 in
1342 4004 1450 4057 alia
1480 4004 1619 4057 falsa
1651 4004 1869 4058 irruen-

170 4098 330 4159 tem;
373 4108 525 4146 nunc
555 4091 937 4144 assensionem
974 4094 1416 4161 suspendentem
1448 4110 1630 4156 suam,
1662 4099 1717 4147 et
1746 4096 1867 4163 ple-

163 4198 414 4252 rumque
438 4180 762 4251 perspicuas
784 4180 1242 4235 ratiocinationes
1263 4181 1662 4235 formidantem
1684 4200 1697 4249 ;
1719 4198 1869 4235 nunc

161 4271 568 4340 desperantem
604 4269 675 4322 de
704 4273 824 4323 tota
860 4268 1191 4323 inventione
1220 4268 1491 4335 veritatis,
1531 4274 1585 4323 et
1615 4270 1869 4323 stultitiae

159 4359 419 4413 tenebris
446 4358 674 4431 penitus
714 4359 1127 4425 inhmrentem;
1176 4373 1328 4411 nunc
1361 4362 1658 4411 conantem
1691 4358 1752 4411 in
1784 4359 1868 4411 lu-

159 4464 291 4503 cem
319 4448 696 4521 intelligendi,
732 4464 1042 4518 rursusque
1090 4446 1423 4516 fatigatione
1471 4447 1825 4501 decidentem
1854 4463 1867 4500 :

161 4554 303 4591 cum
335 4536 555 4591 interea
584 4537 961 4607 cupiditatum
994 4536 1134 4590 illud
1167 4551 1409 4606 regnum
1442 4535 1735 4606 tyrannica
1766 4552 1868 4590 sse-

159 4625 303 4689 viat,
339 4630 395 4679 et
424 4626 595 4679 variis
626 4626 1039 4695 contrariisque
1069 4625 1503 4697 tempestatibus
1542 4628 1725 4679 totum
1763 4624 1869 4678 ho-

158 4714 343 4769 minis
372 4714 630 4767 animum
662 4714 950 4784 vitamque
980 4716 1295 4783 perturbet,
1320 4713 1454 4767 hinc
1484 4714 1707 4780 timore,
1734 4714 1867 4767 inde

161 4802 456 4858 desiderio
479 4803 645 4869 ;hinc
674 4802 978 4865 anxietate,
1012 4802 1144 4856 inde
1174 4803 1330 4856 inani
1353 4803 1605 4873 falsaque
1631 4802 1865 4869 laetitia;

160 4892 304 4945 hinc
334 4891 588 4945 cruciatu
608 4892 692 4945 rei
723 4891 943 4945 amissa:
962 4906 1089 4961 quae
1117 4891 1479 4961 diligebatur,
1513 4891 1643 4945 inde
1665 4892 1869 4945 ardore

160 4980 557 5050 adipiscenda:
579 4997 707 5051 quae
728 4997 844 5034 non
855 4980 1172 5033 habebatur
1195 4997 1208 5047 ;
1234 4980 1365 5034 hinc
1379 4986 1618 5050 acceptae
1642 4980 1870 5049 injuriae

160 5069 484 5135 doloribus,
529 5069 663 5124 inde
709 5069 927 5124 facibus
976 5068 1375 5123 vindicandae:
1413 5085 1870 5141 quaquaversum

157 5162 361 5230 potest
410 5162 694 5212 coarctare
753 5158 987 5212 avaritia
1020 5158 1293 5228 dissipare
1318 5158 1560 5223 luxuria,
1609 5158 1870 5213 addicere

159 5247 434 5314 ambitio,
468 5248 671 5301 inﬂare
728 5246 1012 5316 superbia,
1069 5250 1333 5317 torquere
1382 5246 1614 5313 invidia,
1656 5245 1872 5300 desidia

160 5336 438 5405 sepelire,
473 5335 790 5406 pervicacia
828 5337 1132 5394 concitare.
1176 5336 1448 5390 afﬂictare
1488 5334 1782 5404 subjectio,
1816 5341 1872 5389 et

162 5440 555 5497 quaecumque
587 5424 696 5478 alia
726 5424 1168 5479 innumerabilia
1184 5424 1588 5495 regnumillius
1618 5424 1869 5478 libidinis

160 5514 542 5585 frequentant
571 5518 628 5569 et
657 5516 960 5569 exercent?
980 5530 1356 5585 possumusne
1394 5514 1622 5568 tandem
1654 5514 1871 5568 nullam

1655 246 1867 302 LIBER
1907 246 2189 303 PRIMUS.

3560 256 3694 309 1234

1984 369 2154 423 istam
2183 385 2413 441 poenam
2464 375 2686 442 putare,
2748 388 2939 445 quam,
2985 378 3050 429 ut
3078 376 3287 446 cernis,
3342 393 3538 433 omnes
3590 380 3690 450 qui

1985 475 2100 513 non
2130 459 2353 514 haerent
2382 460 2695 530 sapientiae,
2728 478 2952 516 necesse
2984 467 3065 516 est
3097 464 3364 534 perpeti?

2055 551 2141 601 23.
2176 537 2263 603 ΕΤ
2308 550 2567 619 Magnam
2628 551 2861 621 quidem
2912 551 3079 605 istam
3127 570 3356 623 pmnam
3400 571 3521 609 esse
3577 556 3677 625 ju-

1986 635 2133 702 dico,
2167 640 2224 689 et
2254 638 2488 691 omnino
2513 639 2746 708 justam,
2806 639 2852 692 si
2885 640 3011 710 quis
3049 642 3171 709 jam
3220 642 3278 694 in
3325 643 3675 698 sublimitate

1986 725 2279 794 sapientiae
2314 727 2638 793 collocatus,
2671 727 2804 781 inde
2849 728 3186 782 descendere
3217 747 3279 783 ac
3310 731 3536 785 libidini
3566 748 3683 784 ser-

1981 814 2099 868 vire
2131 814 2443 885 delegerit:
2477 816 2573 869 sed
2602 820 2795 870 utrum
2826 834 2945 870 esse
2967 818 3270 887 quisquam
3289 821 3467 888 possit
3497 820 3679 874 incer-

1981 906 2104 956 tum
2136 908 2239 968 est,
2270 904 2368 974 qui
2401 904 2522 957 haec
2552 910 2650 958 aut
2674 906 2916 960 voluerit
2945 907 3147 971 facere,
3178 911 3273 960 aut
3304 908 3457 962 velit.
3492 911 3677 973 Quan-

1985 1006 2157 1060 quam
2192 990 2345 1044 enim
2391 992 2688 1046 credamus
2748 993 3045 1046 hominem
3088 998 3203 1046 tam
3253 995 3497 1063 perfecte
3556 1011 3683 1049 con-

1982 1080 2164 1133 ditum
2195 1096 2227 1132 a
2274 1081 2410 1147 Deo,
2463 1085 2520 1134 et
2570 1080 2630 1134 in
2685 1082 2851 1135 beata
2908 1084 3019 1135 vita
3071 1082 3465 1149 constitutum,
3521 1088 3581 1137 ut
3614 1085 3685 1137 ad

1983 1184 2265 1222 (erumnas
2297 1170 2552 1221 mortalis
2601 1169 2731 1223 vitae
2762 1170 2881 1238 ipse
2923 1171 3055 1224 inde
3104 1171 3337 1241 propria
3386 1173 3678 1226 voluntate

1983 1257 2247 1326 delapsus
2278 1258 2386 1324 sit;
2424 1261 2615 1310 tamen
2648 1259 2753 1311 hoc
2785 1274 2914 1311 cum
2945 1259 3271 1312 ﬁrmissima
3300 1260 3408 1314 ﬁde
3434 1266 3680 1327 teneam,

1983 1343 2362 1413 intelligentia
2392 1345 2653 1398 nondum
2686 1351 2974 1400 assecutus
3008 1364 3165 1402 sum:
3221 1350 3380 1417 cujus
3410 1349 3492 1402 rei
3550 1349 3683 1402 dili—

1982 1436 2214 1501 gentem
2242 1432 2691 1502 inquisitionem,
2726 1434 2773 1486 si
2803 1450 2955 1487 nunc
2981 1436 3360 1490 differendum
3384 1442 3568 1507 putas,
3594 1455 3684 1492 me

1980 1520 2158 1574 invito
2193 1519 2350 1573 facis.

1983 1609 2205 1663 CAPUT
2234 1608 2349 1662 XII.
2388 1638 2459 1647 —
2494 1610 2744 1663 Mortalis
2774 1610 2898 1663 vita
2938 1625 3126 1679 pwnas
3158 1614 3253 1679 qui
3301 1612 3523 1665 libidini
3568 1628 3679 1667 scr-

2051 1698 2228 1761 viunt,
2260 1698 2453 1751 merito
2488 1696 2807 1766 patiuntur,
2855 1700 3068 1752 etiamsi
3102 1701 3368 1768 sapientes
3407 1716 3683 1769 nunquam

2051 1784 2287 1849 fuerint.

2052 1874 2140 1927 24.
2176 1872 2383 1925 Verum
2414 1870 2553 1924 illud
2585 1870 2741 1941 quod
2794 1886 2885 1923 me
2928 1872 3173 1925 maxime
3205 1881 3413 1939 movet,
3448 1890 3547 1926 cur
3575 1874 3680 1927 hu-

1973 1960 2290 2033 juscemodi
2320 1960 2711 2014 acerbissimas
2730 1976 2925 2029 poenas
2948 1962 3235 2031 patiamur
3258 1978 3379 2027 nos,
3415 1964 3511 2033 qui
3533 1967 3681 2016 certe

1980 2049 2138 2104 stulti
2164 2066 2378 2115 sumus,
2418 2065 2521 2103 nec
2535 2048 2819 2119 sapientes
2853 2066 3107 2119 unquam
3136 2050 3368 2116 fuimus,
3393 2056 3455 2104 ut
3477 2052 3680 2105 merito

1978 2139 2099 2193 haec
2128 2138 2386 2192 dicamur
2412 2138 2634 2209 perpeti
2658 2142 2891 2207 propter
2911 2138 3189 2193 desertam
3218 2140 3438 2193 virtutis
3471 2156 3677 2207 arcem,

1979 2232 2035 2282 et
2067 2229 2303 2281 electam
2334 2228 2438 2280 sub
2470 2226 2707 2280 libidine
2740 2227 3091 2293 servitutem,
3126 2229 3265 2298 quin
3315 2229 3532 2299 aperias
3564 2229 3676 2281 dis-

1978 2318 2251 2388 putando,
2286 2317 2331 2369 si
2362 2317 2533 2382 vales,
2576 2316 2735 2369 nullo
2774 2317 2942 2370 modo
2998 2317 3101 2370 tibi
3142 2318 3518 2372 dill‘erendum
3559 2334 3679 2371 esse

1978 2405 2399 2460 concessserim.
2434 2407 2510 2459 Α.
2544 2406 2628 2458 Ita
2648 2405 2792 2457 istuc
2819 2404 2977 2471 dicis,
3003 2406 3162 2475 quasi
3186 2406 3404 2477 liquido
3424 2422 3679 2475 comper-

1978 2500 2101 2549 tum
2139 2495 2349 2549 habeas
2380 2509 2676 2564 nunquam
2708 2510 2811 2547 nos
2852 2494 3023 2547 fuisse
3056 2495 3337 2565 sapientes
3365 2511 3377 2548 :
3435 2495 3679 2547 attendis

1977 2584 2132 2637 enim
2162 2586 2388 2652 tempus
2417 2598 2481 2635 ex
2528 2599 2640 2651 quo
2672 2582 2730 2635 in
2761 2583 2907 2635 hanc
2937 2583 3112 2636 vitam
3163 2583 3279 2636 dati
3319 2600 3533 2637 sumus.
3570 2583 3677 2637 Sed

1977 2688 2108 2726 cum
2138 2670 2418 2741 sapientia
2465 2670 2524 2723 in
2555 2671 2748 2723 animo
2781 2671 2871 2736 sit,
2925 2676 3116 2724 utrum
3161 2677 3293 2725 ante
3328 2672 3677 2725 consortium

1975 2761 2145 2831 hujus
2166 2759 2420 2830 corporis
2451 2758 2560 2811 alia
2590 2759 2837 2829 quadam
2869 2758 2982 2812 vita
3011 2760 3212 2813 vixerit
3241 2759 3486 2822 animus,
3522 2765 3576 2813 et
3605 2776 3677 2812 an

1977 2848 2283 2920 aliquando
2323 2847 2611 2917 sapienter
2662 2847 2882 2913 vixerit,
2916 2864 3123 2917 magna
3159 2850 3397 2917 quaestio
3432 2853 3534 2913 est,
3560 2866 3675 2901 ma-

1977 2953 2155 3010 gnum
2187 2941 2489 3004 secretum,
2522 2940 2577 2988 et
2616 2951 2717 2989 suo
2754 2936 3232 2990 considerandum
3280 2938 3441 2989 loco:
3491 2953 3677 3007 neque

1975 3027 2106 3081 ideo
2138 3030 2330 3080 tamen
2357 3025 2464 3078 hoc
2496 3024 2649 3094 quod
2681 3040 2830 3077 nunc
2872 3025 3149 3077 habemus
3184 3026 3241 3078 in
3282 3025 3543 3079 manibus
3569 3024 3677 3079 im-

1975 3115 2226 3188 peditur,
2257 3113 2563 3184 quominus
2596 3112 2887 3182 aperiatur
2921 3118 2981 3167 ut
3011 3118 3218 3182 potest.

2046 3207 2139 3257 25.
2181 3204 2319 3256 Nam
2352 3217 2546 3273 qumro
2575 3201 2671 3253 abs
2702 3205 2778 3267 te,
2812 3202 2958 3255 sitne
2989 3203 3181 3273 aliqua
3211 3202 3373 3256 nobis
3391 3204 3669 3257 voluntas.

1976 3295 2039 3346 E.
2078 3290 2298 3345 Nescio.
2330 3292 2412 3345 A.
2453 3290 2620 3343 Visne
2648 3291 2756 3344 hoc
2785 3291 2968 3344 scire?
2999 3295 3061 3346 E.
3096 3293 3158 3345 Et
3205 3292 3309 3345 hoc
3335 3292 3551 3346 nescio.
3600 3293 3670 3345 A.

1979 3380 2130 3434 Nihil
2161 3396 2296 3449 ergo
2314 3378 2580 3448 deinceps
2611 3396 2701 3432 me
2722 3379 3059 3449 interroges.
3101 3384 3164 3434 Ε.
3188 3381 3371 3444 Quare
3390 3383 3419 3434 ?
3439 3381 3507 3434 Α.
3535 3380 3676 3444 Quia

1976 3468 2205 3538 roganti
2254 3468 2357 3521 tibi
2384 3468 2729 3537 respondere
2759 3485 2872 3521 non
2907 3470 3105 3534 debeo,
3140 3470 3247 3522 nisi
3278 3469 3494 3524 volenti
3535 3452 3674 3522 scire

1978 3558 2131 3629 quod
2164 3574 2350 3627 rogas.
2387 3556 2601 3610 Deinde
2619 3557 2729 3609 nisi
2752 3557 2888 3609 velis
2908 3558 2973 3610 ad
2999 3558 3332 3627 sapientiam
3353 3557 3672 3627 pervenire,

1977 3662 2164 3699 sermo
2199 3650 2386 3698 tecum
2418 3644 2487 3698 de
2519 3645 2849 3714 hujusmodi
2882 3646 3049 3698 rebus
3080 3663 3196 3698 non
3228 3652 3312 3699 est
3358 3645 3671 3699 habendus.

1977 3737 2271 3789 Postremo
2303 3749 2465 3787 meus
2488 3732 2703 3786 amicus
2735 3750 2853 3787 esse
2880 3751 2996 3787 non
3031 3734 3263 3805 poteris,
3306 3734 3414 3787 nisi
3448 3734 3584 3787 velis
3615 3738 3676 3787 ut

1976 3824 2120 3878 bene
2148 3823 2218 3876 sit
2244 3821 2409 3875 mihi.
2442 3823 2565 3876 Jam
2595 3838 2727 3875 vero
2755 3823 2821 3875 de
2853 3827 2903 3875 te
2935 3827 2994 3875 tu
3028 3823 3147 3893 ipse
3197 3822 3423 3889 videris,
3482 3826 3675 3876 utrum

1976 3911 2081 3965 tibi
2134 3912 2396 3964 voluntas
2432 3911 2590 3964 nulla
2619 3911 2691 3963 sit
2718 3912 2895 3965 beatae
2929 3911 3057 3964 vita:
3084 3917 3213 3965 tuae
3246 3915 3304 3966 E.
3333 3913 3552 3977 Fateor,
3579 3928 3674 3965 ne-

1978 4000 2100 4072 gari
2133 4016 2249 4053 non
2280 4004 2467 4069 potest
2494 4000 2702 4053 habere
2727 4017 2825 4053 nos
2845 4001 3226 4055 voluntatem:
3252 4001 3582 4070 pergejam,
3601 4000 3677 4053 vi-

1978 4092 2211 4145 deamus
2242 4090 2379 4159 quid
2408 4090 2541 4143 hinc
2572 4090 2861 4143 conﬁcias.
2890 4092 2960 4145 Λ.
2984 4090 3204 4143 Faciam
3232 4090 3363 4143 :sed
3393 4090 3479 4143 dic
3504 4089 3676 4142 etiam

1978 4179 2157 4249 prius,
2198 4183 2394 4231 utrum
2426 4182 2480 4231 et
2510 4179 2718 4232 bonam
2749 4180 3101 4233 voluntatem
3134 4184 3186 4231 te
3219 4179 3426 4231 habere
3447 4178 3672 4229 sentias.

1978 4269 2041 4321 E.
2060 4266 2205 4329 Quid
2228 4271 2312 4318 est
2330 4266 2482 4318 bona
2503 4267 2761 4319 voluntas
2784 4269 2811 4319 ‘?
2829 4270 2904 4320 A.
2930 4268 3197 4319 Voluntas
3229 4282 3341 4335 qua
3359 4264 3678 4332 appetimus

1979 4359 2129 4408 recte
2174 4354 2529 4423 honesteque
2578 4354 2785 4421 vivere,
2837 4360 2892 4408 et
2926 4355 2993 4409 ad
3026 4370 3307 4407 summam
3340 4351 3679 4422 sapientiam

1978 4441 2298 4513 pervenire.
2333 4442 2493 4497 Modo
2524 4446 2587 4496 tu
2616 4442 2742 4497 vide
2774 4449 2968 4497 utrum
3007 4446 3217 4496 rectam
3265 4442 3679 4509 honestamque

1981 4547 2095 4585 non
2128 4534 2359 4602 appetas
2390 4531 2583 4597 vitam,
2631 4537 2731 4586 aut
2760 4550 2877 4586 esse
2906 4532 3128 4603 sapiens
3174 4546 3285 4583 non
3316 4530 3681 4583 vehementer

1978 4620 2138 4686 velis,
2173 4624 2268 4674 aut
2315 4624 2464 4674 certe
2510 4638 2721 4692 negare
2776 4622 3005 4687 audeas,
3062 4635 3192 4672 cum
3244 4618 3364 4672 hmo
3392 4617 3679 4685 volumus,

1980 4726 2085 4764 nos
2114 4710 2325 4764 habere
2351 4711 2705 4765 voluntatem
2730 4711 2959 4763 bonam.
2992 4711 3055 4763 E.
3092 4707 3243 4761 Nihil
3270 4709 3477 4761 horum
3509 4723 3677 4777 nego,

1982 4803 2039 4853 et
2076 4804 2382 4869 propterea
2424 4816 2516 4852 me
2556 4816 2673 4852 non
2718 4798 2903 4851 solum
2944 4798 3313 4863 voluntatem,
3362 4796 3457 4849 sed
3508 4796 3679 4848 etiam

1981 4888 2189 4942 bonam
2224 4889 2571 4941 voluntatem
2597 4888 2717 4957 jam
2769 4885 2979 4939 habere
3008 4885 3299 4939 conliteor.
3350 4884 3418 4938 Α.
3472 4883 3679 4947 Quanti

1980 4977 2201 5047 pendis,
2236 4993 2334 5030 oro
2364 4981 2439 5042 te,
2464 4976 2610 5029 hanc
2625 4975 2977 5029 voluntatem
2995 4976 3021 5030 ?
3043 4974 3467 5046 Numquidnam
3490 4973 3541 5026 ei
3563 4972 3679 5025 ulla

1982 5082 2051 5121 ex
2075 5070 2232 5137 parte
2263 5064 2507 5137 divitias,
2543 5070 2639 5118 aut
2667 5065 2931 5118 honores.
2973 5068 3068 5118 aut
3115 5064 3431 5134 voluptates
3477 5077 3673 5130 corpo-

1980 5156 2080 5218 ris,
2113 5160 2209 5208 aut
2258 5135 2593 5207 haic'simul
2636 5153 2831 5207 omnia
2869 5154 3214 5208 conferenda
3256 5149 3674 5205 arbitraris?E.

1978 5243 2260 5299 Averterit
2289 5245 2437 5296 Deus
2474 5242 2639 5296 istam
2676 5244 3009 5312 sceleratam
3042 5241 3410 5297 dementiam.
3444 5241 3525 5292 Α.
3570 5239 3673 5290 Pa-

1982 5349 2184 5387 rumne
2217 5348 2352 5402 ergo
2394 5332 2759 5401 gaudendum
2796 5338 2879 5387 est
2922 5332 3132 5386 habere
3163 5346 3263 5383 nos
3310 5326 3585 5398 quiddam
3612 5325 3676 5379 in

1982 5423 2196 5489 animo,
2230 5420 2373 5475 hanc
2404 5421 2585 5492 ipsam
2615 5421 2739 5476 dico
2770 5422 2981 5475 bonam
3010 5420 3383 5482 voluntatem,
3426 5415 3485 5468 in
3514 5414 3676 5483 cujus

1987 5510 2409 5582 comparatione
2439 5511 2817 5582 abjectissima
2855 5511 2969 5565 sint
2997 5526 3063 5563 ea
3101 5523 3227 5579 quae
3271 5519 3679 5561 commemora-
