4036 6182
442 282 577 334 1235

438 402 642 468 vimus,
671 417 778 470 pro
799 399 1007 470 quibus
1031 399 1407 470 adipiscendis
1427 399 1854 454 multitudinem
1873 401 2133 455 videmus

436 490 739 545 hominum
771 490 956 542 nullos
981 489 1222 556 labores,
1258 489 1415 542 nulla
1443 487 1697 558 pericula
1722 504 1980 543 recusare
2004 492 2032 543 ?
2054 491 2132 546 E.

438 577 814 634 Gaudendum
843 593 998 643 vero,
1023 593 1086 630 ac
1117 577 1450 648 plurimum.
1469 578 1540 632 A.
1569 577 1714 641 Quid
1736 579 1764 631 ?
1797 579 1902 632 hoc
1925 579 2134 649 gaudio

438 667 537 739 qui
571 683 687 720 non
743 665 1033 731 fruuntur,
1079 681 1252 735 parvo
1298 664 1507 718 damno
1556 681 1650 719 eos
1689 665 1919 720 affectos
1971 670 2137 738 putas

439 755 588 809 tanti
615 753 792 809 boni?
825 757 890 808 Ε.
926 755 1046 807 lmo
1079 753 1354 808 maximo.

510 847 597 899 26.
626 845 702 897 A.
742 842 906 896 Vides
945 841 1120 913 igitur
1145 843 1288 912 jam,
1348 846 1410 896 ut
1441 842 1721 908 existimo,
1756 843 1815 896 in
1847 844 2138 898 voluntate

441 936 634 986 nostra
661 947 781 986 esse
812 931 1210 998 constitutum,
1261 935 1322 984 ut
1350 930 1457 984 hoc
1500 931 1590 984 vel
1622 931 1883 985 fruamur
1927 933 2015 985 vel
2045 948 2140 985 ca-

439 1037 665 1074 reamus
695 1025 852 1074 tanto
884 1023 938 1073 et
969 1024 1083 1073 tam
1115 1035 1244 1072 vero
1274 1019 1452 1074 bono.
1492 1019 1638 1084 Quid
1653 1020 1806 1073 enim
1833 1020 2020 1074 tamin
2048 1036 2140 1073 vo-

440 1109 684 1176 luntate,
707 1107 1024 1178 quamjpsa
1036 1108 1296 1161 voluntas
1309 1106 1512 1161 sitaest
1537 1107 1620 1177 (a)
1644 1110 1672 1161 ἶ)
1693 1108 1875 1172 Quam
1898 1107 2140 1179 quisque

442 1213 571 1251 cum
602 1197 775 1250 habet
803 1197 1034 1262 bonam,
1058 1196 1114 1249 id
1136 1201 1286 1250 certe
1308 1196 1480 1250 habet
1506 1196 1663 1266 quod
1687 1197 1929 1250 terrenis
1962 1196 2142 1250 omni-

442 1286 548 1340 bus
591 1285 798 1355 regnis,
850 1283 1353 1354 voluptatibusque
1389 1284 1658 1337 omnibus
1687 1285 1940 1354 corporis
1976 1285 2141 1355 longe

441 1373 906 1444 anteponendum
948 1372 1039 1426 sit.
1073 1372 1342 1442 Quisquis
1376 1378 1569 1426 autem
1601 1389 1716 1426 non
1750 1374 1943 1439 habet,
1990 1379 2144 1426 caret

441 1464 695 1535 profecto
725 1463 821 1516 illa
849 1478 932 1527 re,
967 1477 1140 1532 quam
1169 1462 1621 1532 prmstantiorem
1668 1464 1935 1517 omnibus
1980 1464 2144 1517 bonis

443 1554 503 1607 in
532 1556 808 1623 potestate
849 1555 1044 1604 nostra
1097 1566 1211 1604 non
1252 1551 1596 1620 constitutis,
1628 1554 1748 1606 sola
1776 1553 1857 1606 illi
1888 1554 2145 1606 voluntas

444 1657 549 1712 per
578 1641 824 1710 seipsam
869 1640 1047 1692 daret.
1077 1639 1270 1709 Itaque
1303 1655 1434 1692 cum
1486 1656 1544 1693 se
1576 1640 1698 1709 ipse
1751 1641 2144 1695 miserrimum

439 1728 673 1800 judicet,
710 1728 757 1780 si
784 1726 1038 1780 amiserit
1080 1726 1390 1796 gloriosam
1420 1728 1654 1793 famam,
1692 1729 1954 1798 ingentes
1986 1746 2142 1799 opes,

445 1821 499 1870 et
540 1815 812 1886 quaelibet
840 1815 1093 1884 corporis
1123 1816 1298 1881 bona;
1332 1820 1395 1868 tu
1426 1832 1558 1869 eum
1606 1833 1718 1870 non
1755 1817 2147 1872 miserrimum

440 1903 746 1976 judicabis,
780 1902 1002 1957 etiamsi
1033 1903 1242 1956 talibus
1282 1904 1534 1958 abundet
1580 1905 1869 1972 omnibus,
1917 1922 2048 1960 cum
2079 1906 2148 1960 iis

447 1993 688 2048 inhaeret
714 2007 842 2062 quae
863 1991 1122 2045 amittere
1145 1991 1413 2045 facillime
1441 1998 1651 2063 potest,
1674 2010 1862 2065 neque
1879 1995 2015 2049 dum
2031 1993 2150 2049 vult

446 2080 638 2147 habet,
669 2082 821 2132 caret
847 2083 1035 2133 autem
1068 2080 1216 2133 bona
1248 2081 1558 2145 voluntate,
1605 2098 1735 2152 quae
1780 2099 1885 2136 nec
1916 2099 2148 2154 compa-

447 2169 627 2222 randa
657 2172 739 2222 est
768 2183 899 2222 cum
928 2168 1070 2231 istis,
1104 2174 1160 2223 et
1187 2185 1318 2223 cum
1349 2169 1420 2223 sit
1449 2174 1566 2223 tam
1597 2186 1876 2242 magnum
1907 2172 2143 2238 bonum,

447 2258 589 2311 velle
612 2257 795 2311 solum
818 2256 1091 2327 opus'est,
1121 2257 1514 2314 uthabeatur?
1542 2261 1605 2313 E.
1639 2259 2014 2314 Verissimum
2038 2265 2144 2315 est.

448 2347 518 2400 A.
559 2346 691 2400 Jure
721 2345 898 2415 igitur
928 2361 991 2399 ac
1019 2347 1224 2400 merito
1255 2346 1419 2400 stulti
1435 2346 1719 2413 homines,
1755 2349 1979 2402 tametsi
2009 2365 2151 2403 nun-

451 2448 625 2503 quam
655 2433 886 2487 fuerunt
901 2433 1184 2504 sapientes
1206 2434 1334 2504 (hoc
1349 2434 1500 2488 enim
1531 2435 1769 2489 dubium
1799 2441 1854 2490 et
1883 2437 2153 2491 occultis-

448 2519 658 2574 simum
717 2522 844 2591 est),
875 2521 1270 2592 hujuscemodi
1296 2522 1625 2576 afficiuntur
1657 2523 1903 2578 miseria.
1939 2527 2007 2579 E.
2041 2527 2152 2578 As-

451 2609 688 2662 sentior.

452 2697 677 2751 CAPUT
704 2697 850 2751 XIII.
881 2728 947 2736 —
1005 2695 1302 2754 Voluntate
1351 2697 1537 2753 vitam
1575 2698 1811 2769 beatam,
1863 2701 2155 2757 voluntate

1007 2786 1279 2842 miseram
1318 2786 1595 2858 degimus.

524 2880 612 2928 27.
643 2879 720 2929 Α.
755 2873 1062 2929 Considera
1116 2890 1268 2928 nunc
1325 2880 1519 2928 utrum
1568 2875 1672 2930 tibi
1717 2877 1980 2932 videatur
2036 2895 2156 2933 esse

452 2962 760 3033 prudentia
789 2962 1240 3032 appetendarum
1270 2967 1327 3016 et
1355 2963 1722 3018 vitandarum
1755 2981 1952 3021 rerum
1984 2967 2140 3022 scien

452 3050 550 3105 tia.
585 3053 648 3105 E.
700 3049 952 3104 Videtur.
1011 3052 1081 3105 Α.
1133 3050 1326 3115 Quid?
1382 3052 1654 3106 fortitudo
1711 3070 1903 3108 nonne
1935 3053 2033 3109 illa
2073 3060 2160 3110 est

457 3138 665 3192 animae
694 3137 939 3204 affectio,
974 3153 1086 3208 qua
1111 3138 1304 3193 omnia
1327 3139 1692 3195 incommoda
1725 3148 1782 3196 et
1821 3143 2032 3197 damna
2062 3160 2152 3198 re-

457 3242 587 3280 rum
617 3243 730 3280 non
758 3226 820 3280 in
849 3231 1043 3281 nostra
1067 3231 1344 3297 potestate
1375 3230 1812 3285 constitutarum
1843 3233 2158 3287 contemni-

458 3316 629 3370 mus?
676 3318 742 3370 E.
795 3316 879 3368 Ita
907 3315 1186 3370 existimo.
1230 3318 1300 3371 Α.
1343 3319 1518 3372 Porro
1551 3320 1930 3390 temperantia
1959 3325 2041 3375 est
2071 3320 2158 3375 af-

457 3401 626 3458 fectio
687 3418 951 3457 coercens
996 3409 1052 3457 et
1081 3404 1354 3460 cohibens
1399 3407 1722 3476 appetitum
1770 3409 1838 3462 ab
1869 3409 1938 3462 iis
1987 3409 2162 3464 rebus

459 3507 588 3562 qua:
614 3491 859 3562 turpiter
878 3497 1228 3564 appetuntur
1251 3510 1263 3547 :
1306 3510 1380 3547 an
1408 3498 1470 3548 tu
1500 3496 1666 3550 aliter
1694 3502 1860 3568 putas
1880 3499 1908 3551 ?
1933 3501 1998 3552 E.
2037 3500 2158 3552 Imo

455 3579 535 3633 ita
559 3583 622 3633 ut
650 3579 787 3633 dicis
818 3581 1018 3634 sentio.
1037 3584 1115 3635 Α.
1139 3583 1263 3635 Jam
1277 3581 1555 3652 justitiam
1572 3584 1711 3656 quid
1735 3585 1992 3640 dicamus
2015 3603 2158 3652 esse,

454 3667 566 3722 nisi
599 3669 867 3723 virtutem
911 3686 1024 3740 qua
1071 3687 1172 3724 sua
1203 3671 1407 3742 cuique
1457 3673 1848 3728 tribuuntur?
1893 3678 1958 3729 E.
1993 3676 2158 3729 Nulla

455 3757 598 3811 mihi
623 3757 734 3811 alia
756 3757 995 3827 justitire
1026 3759 1182 3812 notio
1216 3765 1322 3814 est.
1354 3761 1425 3815 Α.
1460 3761 1731 3832 Quisquis
1762 3779 1900 3833 ergo
1945 3764 2159 3818 bonam

458 3846 676 3900 habens
705 3848 1073 3913 voluntatem,
1111 3848 1179 3901 de
1211 3849 1371 3918 cujus
1425 3851 1757 3906 excellentia
1799 3854 1922 3924 jam
1950 3853 2050 3908 diu
2078 3855 2158 3908 lo-

458 3932 710 4003 quimur,
741 3934 888 3987 hanc
921 3950 1094 3988 unam
1117 3935 1420 3990 dilectione
1453 3939 1833 4008 amplexetur,
1869 3957 1982 4010 qua
2011 3941 2155 3994 inte-

457 4021 567 4074 rim
601 4021 804 4074 melius
835 4021 978 4074 nihil
1004 4022 1195 4091 habet,
1215 4023 1320 4077 hac
1351 4041 1471 4079 sese
1500 4026 1761 4093 oblectet,
1786 4029 1890 4082 hac
1913 4028 2158 4100 denique

454 4107 780 4179 perfruatur
831 4113 887 4163 et
914 4109 1178 4180 gaudeat,
1233 4113 1600 4167 considerans
1650 4131 1776 4170 eam
1815 4121 1869 4170 et
1891 4117 2157 4188 judicans

454 4201 670 4268 quanta
700 4197 790 4264 sit,
823 4215 1112 4270 quamque
1169 4201 1344 4255 invito
1373 4201 1456 4255 illi
1489 4203 1632 4274 eripi
1675 4205 1762 4259 vel
1811 4206 2020 4277 surripi
2051 4224 2155 4261 ne-

457 4289 663 4356 queat;
697 4302 837 4340 num
852 4286 1112 4342 dubitare
1141 4288 1454 4358 poterimus
1476 4289 1654 4345 istum
1681 4292 1966 4348 adversari
1990 4295 2158 4348 rebus

455 4372 739 4439 omnibus,
792 4389 921 4444 quae
976 4374 1110 4429 huic
1150 4376 1251 4429 uni
1282 4376 1432 4432 bono
1466 4378 1714 4434 inimica:
1745 4384 1918 4436 sunt?
1946 4385 2008 4436 E.
2043 4385 2155 4437 Ne-

456 4476 607 4514 cesse
633 4465 715 4516 est
748 4461 986 4516 omnino
1015 4468 1080 4518 ut
1107 4464 1455 4521 adversetur.
1490 4470 1540 4520 Α
1551 4509 1564 4522 .
1600 4469 1840 4524 Nullane
1868 4471 2020 4524 hunc
2044 4487 2155 4542 pu-

455 4552 642 4603 tamus
671 4550 980 4620 praeditum
1009 4566 1130 4605 esse
1158 4553 1600 4626 prudentia,qui
1620 4557 1727 4611 hoc
1747 4558 1964 4613 bonum
1986 4575 2156 4630 appe-

459 4637 717 4703 tendum,
748 4642 803 4691 et
830 4639 1060 4694 vitanda
1085 4656 1151 4694 ea
1184 4657 1312 4712 quae
1349 4642 1481 4697 huic
1532 4645 1766 4700 inimica
1793 4652 1926 4702 sunt
1955 4649 2157 4703 videt?

459 4726 524 4780 Ε.
556 4725 720 4778 Nullo
745 4725 914 4779 modo
943 4727 1084 4781 mihi
1106 4729 1334 4785 videtur
1358 4731 1466 4786 hoc
1497 4749 1660 4804 posse
1702 4735 2006 4807 quisquam
2037 4737 2158 4792 sine

455 4813 776 4884 prudentia.
831 4817 907 4867 Α.
960 4816 1128 4871 Recte
1154 4834 1166 4871 :
1195 4819 1288 4872 sed
1307 4836 1407 4873 cur
1426 4837 1540 4874 non
1565 4822 1696 4876 huic
1725 4823 1898 4878 etiam
1929 4825 2156 4880 fortitu-

457 4902 650 4957 dinem
675 4903 993 4958 tribuamus
1011 4907 1037 4959 ?
1062 4906 1162 4960 Illa
1192 4908 1406 4980 quippe
1439 4910 1632 4964 omnia
1645 4927 1774 4982 qua:
1801 4912 1861 4966 in
1883 4917 2156 4982 potestate

456 4996 650 5046 nostra
678 5007 796 5045 non
827 4997 978 5060 sunt,
1012 5010 1204 5049 amare
1234 4995 1340 5051 iste
1374 5014 1438 5051 ac
1465 4999 1701 5070 plurimi
1727 5001 2010 5056 aestimare
2040 5019 2157 5058 non

453 5084 662 5150 potest.
715 5080 854 5135 Mala
885 5081 1038 5136 enim
1087 5083 1375 5138 voluntate
1429 5092 1713 5152 amantur,
1766 5089 2154 5162 cuitanquam

455 5167 704 5223 inimicae
752 5168 1087 5224 charissima
1143 5188 1245 5226 suo
1284 5173 1436 5228 bono
1492 5175 1718 5231 resistat
1763 5195 1993 5232 necesse
2050 5186 2152 5236 est.

457 5257 600 5312 Cum
651 5262 843 5312 autem
889 5273 1004 5311 non
1049 5264 1202 5313 amat
1258 5261 1399 5330 haec,
1455 5281 1572 5318 non
1629 5267 1785 5320 dolet
1833 5267 2065 5334 amissa,
2099 5273 2156 5322 et

456 5345 693 5400 omnino
742 5345 1091 5413 contemnit;
1127 5349 1279 5419 quod
1313 5368 1456 5420 opus
1488 5369 1608 5406 esse
1648 5355 2019 5423 fortitudinis,
2069 5356 2152 5409 di-

453 5437 607 5488 ctum
639 5438 808 5504 atque
839 5450 1170 5490 concessum
1200 5441 1302 5491 est.
1342 5441 1406 5492 E.
1452 5440 1791 5498 Tribuamus
1833 5459 2005 5498 sane:
2040 5459 2153 5498 non

518 5529 591 5592 (a)
621 5529 736 5581 Vid.
770 5531 996 5582 Retract.
1033 5533 1122 5583 lib.
1157 5537 1202 5591 1,
1234 5547 1348 5598 cap.
1375 5537 1420 5591 9.
1456 5550 1510 5585 n.
1547 5541 1592 5587 3.

1530 279 1621 332 DE
1662 280 1920 334 LIBERO
1959 279 2318 345 ARBITRIO,
2363 279 2416 333 S.
2461 277 2844 334 AUGUSTINI

3769 290 3781 338 l
3791 288 3864 339 236

2250 401 2403 455 enim
2433 399 2691 470 intelligo
2723 414 2896 471 quem
2920 397 3124 452 fortem
3159 398 3344 452 verius
3376 399 3649 470 appellare
3690 406 3872 474 possim,

2248 505 2420 560 quam
2451 505 2583 542 eum
2616 486 2715 558 qui
2745 487 2914 540 rebus
2944 486 3013 539 iis
3043 502 3184 556 quas
3230 501 3418 556 neque
3457 492 3516 539 ut
3538 488 3869 560 adipiscamur,

2246 594 2433 648 neque
2463 581 2526 631 ut
2555 577 2917 630 obtineamus
2967 575 3027 629 in
3080 574 3244 628 nobis
3301 575 3474 628 situm
3529 581 3624 641 est,
3677 594 3812 650 aqua
3837 589 3873 634 et

2247 665 2558 738 tranquillo
2579 665 2772 718 animo
2806 669 2989 727 curnt;
3025 663 3179 734 quod
3211 663 3361 717 hunc
3392 666 3693 719 necessario
3735 668 3873 722 facere

2247 760 2605 824 compertum
2635 758 2734 808 est.
2763 755 2840 806 Α.
2870 755 3006 806 Vide
3030 753 3152 822 jam
3175 767 3326 805 nunc
3373 757 3564 806 utrum
3590 754 3654 806 ab
3689 770 3746 808 eo
3775 761 3876 810 tem-

2248 842 2565 912 perantiam
2611 841 2858 894 alienare
2885 841 3188 910 possimus,
3222 855 3352 893 cum
3384 857 3450 893 ea
3477 841 3546 894 sit
3588 842 3746 897 virtus
3785 862 3874 914 quae

2250 931 2515 984 libidines
2561 929 2805 985 cohibet.
2862 929 3008 992 Quid
3039 934 3230 982 autem
3280 934 3396 982 tam
3453 929 3733 984 inimicum
3758 933 3879 985 bona

2249 1019 2530 1072 voluntati
2551 1025 2634 1073 est
2664 1035 2839 1090 quam
2869 1017 3047 1071 libido
3066 1020 3095 1072 ?
3128 1019 3203 1071 Ex
3235 1034 3348 1088 quo
3401 1018 3648 1089 profecto
3671 1020 3880 1091 intelligis

2251 1109 2423 1162 istum
2450 1109 2616 1163 bonae
2641 1107 2950 1162 voluntatis
2980 1123 3095 1160 sum
3151 1112 3468 1161 amatorem
3497 1108 3741 1162 resistere
3768 1113 3878 1162 omni

2254 1197 2442 1264 modo,
2472 1202 2640 1268 atque
2668 1196 2950 1250 adversari
2984 1195 3341 1264 libidinibus,
3387 1202 3445 1250 et
3471 1196 3595 1250 ideo
3637 1198 3754 1266 jure
3780 1204 3876 1251 tem-

2254 1293 2549 1356 perantem
2579 1285 2783 1338 vocari.
2815 1287 2878 1339 E.
2911 1287 3087 1354 Perge
3114 1300 3127 1349 ;
3173 1285 3472 1338 assentior.
3510 1287 3572 1338 4.
3603 1285 3802 1339 Justitia
3825 1303 3880 1338 re-

2254 1380 2384 1441 stat,
2408 1391 2535 1444 quae
2553 1374 2838 1445 quomodo
2867 1372 3154 1427 desithuic
3182 1372 3424 1438 homini,
3454 1389 3570 1426 non
3599 1389 3723 1426 sane
3744 1375 3878 1428 video.

2255 1463 2362 1526 Qui
2392 1462 2547 1516 enim
2588 1462 2757 1516 habet
2795 1465 2850 1516 et
2879 1462 3065 1532 diligit
3094 1463 3444 1515 voluntatem
3475 1462 3701 1529 bonam,
3729 1467 3776 1516 et
3815 1464 3880 1515 ob.

2255 1551 2403 1604 sistit
2433 1551 2533 1617 eis,
2565 1555 2629 1605 ut
2658 1551 2874 1605 dictum
2905 1555 3008 1616 est,
3040 1566 3169 1622 qua:
3192 1550 3324 1604 huic
3353 1549 3586 1604 inimica
3621 1556 3756 1615 sunt,
3785 1554 3881 1604 male

2256 1639 2521 1711 cuiquam
2544 1641 2684 1693 velle
2706 1656 2821 1693 non
2851 1643 3054 1709 potest.
3093 1639 3361 1709 Sequitur
3395 1655 3531 1709 ergo
3559 1644 3621 1692 ut
3640 1640 3880 1693 neminin-

2257 1727 2367 1781 ciat
2395 1727 2704 1797 injuriam;
2751 1726 2904 1798 quod
2961 1727 3118 1780 nullo
3148 1731 3310 1796 pacto
3341 1730 3550 1796 potest,
3583 1727 3684 1780 nisi
3714 1728 3794 1797 qui
3818 1745 3883 1779 sua

2257 1815 2462 1886 cuique
2492 1815 2795 1868 tribuerit:
2844 1814 2948 1867 hoc
2976 1818 3166 1868 autem
3217 1814 3286 1868 ad
3335 1815 3619 1884 justitiam
3665 1817 3883 1885 pertinere

2257 1920 2388 1958 cum
2413 1904 2680 1969 dicerem,
2713 1903 3058 1974 approbasse
3095 1907 3170 1967 te,
3217 1907 3282 1957 ut
3326 1908 3492 1973 puto,
3526 1904 3820 1957 meministi.
3845 1906 3882 1956 Ε.

2259 1993 2374 2063 Ego
2403 2008 2536 2046 vero
2565 1991 2798 2046 memini
2830 1995 2885 2044 et
2912 1991 3092 2045 fateor
3135 1991 3198 2044 in
3242 1992 3350 2045 hoc
3379 1992 3632 2057 homine,
3666 1992 3753 2063 qui
3771 2008 3884 2044 suam

2257 2081 2469 2136 bonam
2525 2082 2874 2134 voluntatem
2931 2081 3127 2150 magni
3166 2081 3364 2151 pendit
3420 2085 3477 2134 et
3517 2080 3715 2151 diligit,
3749 2097 3884 2134 omnes

2259 2174 2506 2240 quatuor
2551 2159 2795 2224 'virtutes
2826 2185 2954 2240 quae
2987 2169 3082 2222 abs
3113 2174 3168 2222 te
3199 2169 3370 2239 paulo
3418 2173 3573 2235 ante,
3622 2185 3706 2223 me
3753 2184 3882 2222 assen.

2260 2259 2455 2326 tiente,
2489 2259 2781 2330 descripta:
2806 2263 2958 2324 sunt,
3002 2274 3121 2312 esse
3151 2263 3498 2328 compertas.

2330 2350 2418 2401 ‘28.
2461 2350 2536 2402 Α.
2585 2347 2732 2412 Quid
2774 2346 2951 2418 igitur
3006 2347 3247 2417 impedit
3285 2363 3385 2400 cur
3413 2347 3587 2418 hujus
3634 2347 3781 2401 vitam
3805 2363 3880 2400 non

2262 2436 2638 2490 concedamus
2668 2451 2790 2490 esse
2821 2435 3167 2489 laudabilem
3187 2437 3216 2489 ?
3242 2438 3313 2490 E.
3355 2436 3512 2489 Nihil
3543 2452 3778 2506 prorsus;
3808 2437 3882 2487 imo

2263 2523 2565 2578 hortantur
2613 2524 2702 2577 vel
2729 2523 2902 2577 etiam
2931 2530 3144 2593 cogunt
3172 2523 3383 2576 omnia.
3418 2526 3497 2578 Α.
3550 2523 3728 2588 Quid?
3763 2523 3882 2575 vitam

2265 2613 2530 2667 miseram
2562 2617 2794 2682 potesne
2825 2613 2941 2666 ullo
2973 2612 3143 2665 modo
3175 2627 3291 2665 non
3306 2612 3569 2681 judicare
3588 2612 3886 2683 fugiendam?

2264 2703 2329 2756 E.
2361 2701 2427 2754 Et
2451 2715 2796 2770 magnopere
2819 2699 3051 2769 quidem
3074 2699 3292 2770 judico,
3319 2699 3581 2772 nihilque
3606 2700 3744 2753 aliud
3768 2714 3883 2769 agen-

2263 2788 2401 2842 dum
2430 2786 2709 2840 existimo.
2743 2788 2817 2839 Α.
2848 2788 2919 2839 At
2949 2786 3294 2840 laudabilem
3323 2803 3440 2840 non
3467 2787 3778 2858 fugiendam
3804 2802 3882 2855 pm

2265 2875 2410 2930 fecto
2436 2879 2620 2947 putas.
2651 2877 2716 2930 E.
2759 2875 2907 2939 Quin
2937 2875 3106 2928 etiam
3133 2875 3524 2945 appetendam
3556 2875 3737 2928 sedulo
3763 2870 3885 2925 existi-

2266 2983 2380 3020 mo.
2433 2969 2505 3018 Α.
2541 2967 2661 3019 Non
2693 2981 2830 3036 ergo
2877 2965 3084 3018 misera
3114 2969 3200 3018 est
3228 2981 3356 3036 quae
3387 2965 3688 3019 laudabilis
3713 2965 3802 3017 vita
3820 2975 3881 3014 εει.

2265 3057 2330 3109 E.
2359 3055 2472 3107 Hoc
2495 3053 2693 3123 utique
2721 3052 2997 3124 sequitur.
3013 3055 3087 3105 Α.
3109 3052 3258 3106 Nihil
3276 3053 3416 3122 jam,
3440 3058 3713 3124 quantum
3725 3050 3878 3122 Opinor.

2269 3142 2500 3197 difﬁcile
2553 3141 2659 3196 tibi
2714 3146 2776 3195 ut
2803 3141 3128 3195 assentiaris
3157 3141 3538 3212 relinquitur,
3597 3159 3710 3196 eam
3735 3140 3880 3194 scilicet

2269 3247 2398 3302 quae
2446 3229 2655 3284 misera
2700 3246 2817 3284 non
2847 3234 2952 3296 est,
2983 3230 3209 3284 beatam
3263 3246 3381 3284 esse
3408 3231 3611 3286 vitam.
3643 3234 3698 3286 Ε.
3729 3227 3880 3284 Manife-

2270 3317 2585 3372 stissimum
2617 3322 2717 3372 est.
2737 3320 2806 3375 A.
2833 3319 3022 3373 Placet
3052 3319 3228 3390 igitur
3257 3319 3494 3374 beatum
3528 3336 3644 3376 esse
3673 3317 3879 3375 hominem

2270 3406 2600 3461 dilectorem
2655 3407 2820 3460 bona:
2859 3407 3169 3461 voluntatis
3199 3424 3338 3474 suae,
3371 3412 3428 3461 et
3478 3425 3598 3479 pra:
3636 3409 3721 3462 illa
3759 3409 3877 3458 conte

2268 3499 2560 3549 mnentem
2575 3495 2974 3566 quodcumque
2986 3496 3141 3550 aliud
3155 3497 3372 3551 bonum
3387 3497 3621 3566 dicitur,
3632 3497 3767 3568 cujus
3776 3492 3877 3547 amis

2270 3583 2353 3637 sio
2384 3588 2569 3654 potest
2593 3583 2844 3638 accidere
2861 3585 3034 3638 etiam
3055 3601 3186 3638 cum
3212 3585 3482 3640 voluntas
3503 3586 3723 3641 tenendi
3738 3585 3874 3637 manet.

2267 3675 2331 3727 E.
2366 3673 2575 3737 Quidni
2605 3674 2842 3744 placeat,
2871 3689 2985 3743 quo
3025 3673 3322 3743 superiora
3377 3691 3513 3746 quae
3563 3671 3874 3728 concessimm.

2268 3761 2584 3816 necessario
2632 3762 2916 3816 trahunt?
2969 3765 3043 3818 Α.
3120 3764 3268 3816 Bene
3325 3762 3645 3835 intelligis:
3698 3761 3774 3815 sed
3811 3757 3874 3814 dit.

2268 3866 2481 3921 quasso,
2521 3866 2708 3904 nonne
2738 3849 2944 3905 bonam
2996 3851 3354 3905 voluntatem
3404 3868 3571 3907 suam
3619 3851 3824 3920 diligere,
3846 3853 3875 3894 et

2267 3941 2385 3992 tam
2405 3937 2600 4009 magni
2627 3938 2909 3993 aestimare
2929 3955 3101 4010 quam
3125 3939 3342 3994 dictum
3355 3946 3462 4007 est,
3485 3942 3653 3995 etiam
3672 3941 3771 4010 ipsa
3786 3936 3874 3988 bona

2267 4028 2527 4081 voluntas
2555 4027 2686 4081 est?
2731 4030 2796 4082 Ε.
2833 4028 3043 4080 Verum
3064 4027 3222 4081 dicis.
3256 4031 3331 4083 Α.
3379 4032 3456 4082 At
3484 4029 3532 4082 si
3561 4029 3700 4082 hunc
3725 4027 3873 4080 beatum

2269 4120 2419 4170 recte
2442 4115 2787 4186 judicamus,
2824 4131 3015 4170 nonne
3048 4121 3196 4170 recte
3227 4116 3644 4189 miserum,qui
3666 4109 3870 4170 contraria

2265 4203 2575 4256 voluntatis
2597 4204 2718 4256 est?
2755 4206 2818 4258 E.
2853 4203 3202 4258 Rectissime.
3225 4205 3301 4258 Α.
3327 4204 3477 4268 Quid
3511 4221 3642 4275 ergo
3668 4216 3807 4256 causa:
3828 4199 3872 4246 est

2267 4307 2366 4344 cur
2386 4291 2766 4346 dubitandum
2796 4296 3081 4362 putemus,
3114 4292 3335 4347 etiamsi
3368 4309 3663 4365 nunquam
3691 4296 3871 4344 anteasa-

2267 4381 2483 4451 pientes
2538 4380 2768 4444 fuimus,
2849 4383 3141 4436 voluntate
3225 4385 3421 4436 tamen
3496 4380 3802 4437 laudabilem
3843 4375 3872 4421 εἴ

2266 4469 2489 4524 beatam
2539 4469 2736 4537 vitam,
2778 4471 3068 4524 voluntate
3103 4474 3330 4541 turpem
3369 4487 3436 4525 ac
3471 4472 3722 4526 miseram
3740 4459 3872 4522 mereri

2268 4575 2330 4613 ac
2353 4559 2558 4629 degere
2590 4559 2666 4630 (a)
2688 4558 2716 4612 ?
2744 4562 2815 4614 E.
2857 4561 3056 4614 Fateor
3076 4559 3187 4614 huc
3211 4560 3377 4614 certis
3407 4565 3465 4615 et
3479 4560 3700 4615 minime
3727 4566 3871 4622 negan-

2269 4647 2354 4702 dis
2381 4649 2551 4702 rebus
2581 4664 2700 4703 esse
2730 4652 3090 4719 perventum.

2335 4740 2424 4792 29.
2458 4740 2540 4791 .4.
2579 4737 2718 4791 Vide
2749 4737 2921 4792 etiam
2955 4737 3109 4792 aliud
3141 4753 3153 4792 :
3183 4753 3319 4791 nam
3377 4737 3550 4793 credo
3593 4741 3645 4791 te
3675 4728 3871 4790 memoria

2266 4828 2460 4879 tenere
2491 4841 2665 4896 quam
2695 4825 3006 4880 dixerimus
3036 4841 3155 4879 esse
3186 4826 3393 4880 bonam
3423 4827 3775 4881 voluntatem:
3800 4815 3871 4886 opi-

2269 4931 2375 4968 nor
2404 4914 2575 4981 enim,
2609 4931 2676 4968 ea
2705 4914 2852 4969 dicta
2874 4920 2960 4968 est
2989 4931 3103 4986 qua
3130 4922 3281 4970 recte
3308 4921 3478 4987 atque
3509 4918 3729 4972 honeste
3758 4910 3872 4960 vir???

2267 5001 2606 5072 appetimus.
2637 5005 2703 5057 E.
2726 5002 3174 5058 Itamemini..4.
3208 5005 3362 5058 Hanc
3384 5005 3564 5076 igitur
3592 5003 3871 5056 voluntatem.

2268 5089 2315 5143 si
2340 5090 2494 5144 bona
2521 5090 2725 5145 itidem
2765 5092 3061 5146 voluntate
3099 5091 3404 5163 diligamus
3439 5097 3608 5165 atque
3647 5090 3872 5159 wplecta-

2266 5195 2416 5246 mur,
2447 5179 2732 5252 rebusque
2763 5180 3030 5234 omnibus
3057 5197 3198 5252 quas
3224 5181 3469 5235 retinere
3501 5196 3612 5234 non
3631 5178 3750 5250 quia
3771 5170 3870 5222 volu-

2267 5284 2394 5322 mus
2418 5285 2741 5340 possumus,
2775 5272 3192 5339 anteponamus
3216 5287 3228 5336 ;
3266 5274 3669 5340 consequenter
3692 5265 3781 5319 illa
3806 5259 3872 5309 vir-

2265 5361 2434 5423 tutes,
2463 5365 2525 5411 ut
2554 5358 2698 5411 ratio
2721 5357 2928 5426 docuit,
2953 5358 3212 5412 animum
3234 5364 3493 5413 nostrum
3523 5357 3766 5419 incolent,
3783 5359 3872 5418 qua5

2266 5443 2473 5498 habere
2509 5445 2760 5516 idipsum
2790 5451 2873 5501 est
2902 5451 3054 5503 recte
3085 5447 3434 5519 honesteque
3465 5447 3663 5502 vivere.
3718 5443 3775 5497 Ex
3799 5447 3871 5505 (ἔσθ

2329 5543 2398 5602 (a)
2422 5543 2538 5592 Vid.
2571 5545 2795 5594 Retract.
2825 5543 2916 5594 lib.
2946 5547 2991 5603 1,
3020 5558 3134 5608 cap.
3167 5547 3215 5603 9,
3243 5559 3295 5594 n.
3327 5547 3372 5594 3.
