4008 6184
196 254 219 303 1
234 253 335 305 237

190 370 499 426 conﬁcitur
527 374 591 424 ut
614 370 875 442 quisquis
909 376 1057 426 recte
1088 374 1442 444 honesteque
1470 374 1592 428 vult
1615 374 1822 441 vivere,
1859 375 1904 429 si

192 459 255 515 id
284 477 343 513 se
372 460 517 513 velle
544 475 661 529 prie
691 460 988 529 fugacibus
1027 460 1193 515 bonis
1224 462 1374 525 velit,
1408 468 1744 534 assequatur
1774 470 1904 518 tan-

192 552 319 603 tam
343 564 467 603 rem
494 552 652 602 tanta
682 548 973 617 facilitate,
1006 555 1067 602 ut
1089 550 1230 603 nihil
1259 551 1413 604 aliud
1440 552 1491 604 ei
1512 569 1684 622 quam
1717 554 1904 623 ipsum

195 637 347 691 velle
378 637 450 691 sit
479 637 688 691 habere
720 637 873 708 quod
905 638 1082 691 voluit
1106 638 1208 709 (a).
1241 642 1305 693 E.
1339 641 1477 693 Vere
1508 642 1611 695 tibi
1642 641 1788 710 dico,
1817 642 1901 696 vix

192 743 295 780 me
333 726 599 780 contineo
647 726 785 796 quin
834 727 1146 780 exclamem
1201 727 1417 793 lautitia,
1478 734 1713 798 repente
1761 730 1903 785 mihi

194 816 403 870 oborto
436 819 553 869 tam
595 831 825 886 magno,
858 819 914 869 et
951 820 1069 868 tam
1099 815 1158 869 in
1190 815 1341 869 facili
1378 817 1682 871 constituto
1714 819 1894 873 bono.

194 906 271 959 A.
306 903 480 975 Atqui
516 904 622 958 hoc
652 904 843 975 ipsum
873 904 1169 975 gaudium,
1212 905 1364 975 quod
1392 906 1562 975 hujus
1597 906 1733 960 boni
1762 907 1898 962 ade-

190 993 398 1064 ptione
428 992 703 1063 gignitur,
746 1009 875 1046 cum
915 993 1221 1064 tranquille
1253 997 1307 1048 et
1337 994 1527 1064 quiete
1565 1000 1732 1065 atque
1764 1011 1898 1049 con—

193 1086 418 1136 stanter
438 1081 605 1152 erigit
625 1081 902 1143 animum,
927 1082 1091 1136 beata
1111 1082 1225 1136 vita
1245 1082 1451 1136 dicitur
1475 1100 1486 1137 :
1520 1083 1630 1136 nisi
1652 1089 1709 1136 tu
1731 1090 1898 1154 putas

193 1168 357 1223 aliud
389 1184 510 1223 esse
548 1169 710 1223 beate
754 1169 961 1237 vivere,
1013 1186 1186 1240 quam
1225 1171 1371 1225 veris
1411 1171 1577 1225 bonis
1615 1172 1898 1243 certisque

192 1258 468 1327 gaudere.
500 1261 565 1313 E.
602 1260 683 1311 Ita
714 1260 914 1312 sentio.

194 1345 422 1401 CAPUT
459 1347 594 1402 XIV.
644 1377 711 1387 —
757 1349 869 1403 Cur
908 1363 1031 1414 ergo
1077 1350 1244 1416 pauci
1289 1348 1524 1404 evadant
1570 1350 1728 1419 beati,
1778 1366 1897 1406 cum

786 1452 961 1491 omnes
987 1451 1096 1491 esse
1116 1438 1302 1491 velint.

268 1525 354 1579 30.
388 1525 461 1580 A.
506 1524 711 1578 Recte:
755 1526 854 1579 sed
893 1541 1163 1579 censesne
1206 1542 1556 1596 quemquam
1594 1526 1911 1583 hominum

189 1628 313 1667 non
343 1613 607 1667 omnibus
638 1613 822 1667 modis
842 1615 985 1669 velle
1014 1620 1185 1685 atque
1215 1618 1411 1684 optare
1433 1615 1607 1669 vitam
1629 1616 1895 1670 beatam?

185 1704 258 1756 Ε.
285 1702 420 1766 Quis
452 1702 676 1756 dubitat
705 1717 934 1756 omnem
961 1702 1255 1756 hominem
1284 1701 1463 1756 velle?
1483 1704 1552 1757 A.
1589 1704 1894 1774 Curigitur

187 1806 321 1845 eam
352 1806 467 1845 non
498 1790 891 1862 adipiscuntur
917 1791 1157 1846 omnes?
1189 1792 1521 1845 Dixeramus
1541 1792 1695 1845 enim
1723 1797 1892 1863 atque

185 1885 536 1934 convenerat
559 1880 711 1934 inter
741 1896 866 1948 nos,
888 1881 1180 1935 voluntate
1199 1880 1354 1933 illam
1382 1880 1588 1934 mereri
1606 1881 1889 1951 homines,

184 1970 479 2024 voluntate
524 1969 693 2023 etiam
736 1970 1023 2035 miseram,
1058 1972 1113 2023 et
1142 1968 1219 2022 sic
1249 1969 1457 2022 mereri
1486 1974 1548 2023 ut
1576 1970 1887 2041 accipiant:

184 2074 345 2112 nunc
375 2074 503 2111 vero
534 2058 725 2111 existit
762 2058 952 2112 nescio
986 2074 1114 2129 qua).
1143 2058 1543 2129 repugnantia,
1577 2064 1632 2113 et
1666 2058 1774 2112 nisi
1804 2059 1893 2113 di-

182 2145 434 2216 ligenter
479 2145 865 2215 dispiciamus,
914 2146 1249 2217 perturbare
1297 2145 1497 2200 nititur
1538 2147 1891 2217 superiorem

180 2238 308 2287 tam
337 2234 657 2305 evigilatam
697 2234 1037 2304 firmamque
1072 2235 1371 2289 rationem.
1404 2235 1703 2299 Quomodo
1734 2236 1890 2291 enim

182 2324 479 2377 voluntate
500 2323 741 2393 quisque
767 2322 1035 2376 miseram
1057 2323 1231 2377 vitam
1248 2323 1482 2395 patitur,
1508 2340 1637 2377 cum
1654 2325 1888 2379 omnino

182 2428 359 2466 nemo
404 2412 541 2466 velit
591 2412 796 2465 misere
845 2410 1068 2466 vivere?
1111 2413 1222 2465 Aut
1271 2413 1554 2482 quomodo
1599 2415 1887 2468 voluntate

178 2500 411 2555 beatam
444 2499 616 2554 vitam
648 2499 1013 2570 consequitur
1041 2500 1233 2566 homo,
1267 2516 1396 2554 cum
1424 2506 1542 2555 tam
1576 2504 1744 2557 multi
1770 2503 1887 2558 mi—

182 2588 301 2642 seri
332 2588 464 2651 sint,
496 2599 552 2643 et
580 2588 731 2642 beati
779 2604 977 2643 omnes
1017 2604 1138 2643 esse
1167 2589 1382 2643 velint?
1427 2592 1511 2643 An
1558 2606 1624 2643 eo
1674 2594 1882 2663 evenit,

183 2677 345 2747 quod
376 2676 528 2731 aliud
558 2680 641 2730 est
665 2678 807 2731 velle
836 2678 981 2731 bene
1017 2681 1115 2731 aut
1148 2679 1317 2740 male,
1352 2676 1504 2731 aliud
1547 2681 1755 2733 mereri
1783 2682 1883 2736 ali-

179 2765 326 2836 quid
353 2782 455 2836 per
482 2765 693 2819 bonam
721 2767 807 2819 vel
839 2767 1049 2820 malam
1079 2766 1471 2820 voluntatem?
1500 2768 1640 2821 Nam
1670 2769 1755 2821 illi
1786 2771 1886 2839 qui

176 2854 340 2909 beati
373 2859 526 2920 sunt,
564 2871 708 2926 quos
747 2854 919 2908 etiam
954 2855 1131 2909 bonos
1167 2871 1287 2908 esse
1328 2859 1569 2925 oportet,
1600 2872 1715 2909 non
1744 2874 1883 2926 pro-

175 2946 381 3013 pterea
408 2948 539 2997 sunt
578 2943 752 3012 beati,
782 2944 914 3014 quia
945 2944 1108 2997 beate
1148 2942 1336 2997 vivere
1374 2944 1714 3011 voluerunt;
1751 2961 1885 2998 nam

174 3033 296 3087 hoc
322 3032 521 3085 volunt
552 3032 723 3086 etiam
746 3032 919 3086 mali:
949 3033 1043 3087 sed
1074 3033 1209 3103 quia
1230 3037 1401 3099 recte,
1434 3033 1585 3101 quod
1618 3032 1751 3087 mali
1781 3050 1882 3087 no-

176 3122 333 3175 lunt.
367 3121 748 3186 Quamobrem
778 3120 923 3174 nihil
953 3121 1163 3175 mirum
1187 3126 1270 3175 est
1290 3121 1441 3192 quod
1475 3121 1669 3176 miseri
1697 3122 1882 3176 homi-

174 3226 284 3265 nes
318 3226 434 3264 non
463 3210 853 3280 adipiscuntur
892 3210 1045 3281 quod
1071 3210 1287 3277 volunt,
1320 3210 1378 3264 id
1404 3215 1505 3271 est,
1545 3212 1770 3265 beatam
1800 3212 1881 3266 vi-

176 3302 321 3354 tam.
366 3299 510 3353 Illud
555 3299 708 3353 enim
738 3298 831 3352 cui
862 3314 1048 3352 comes
1092 3302 1197 3364 est,
1231 3302 1286 3352 et
1324 3299 1444 3353 sine
1476 3315 1589 3369 quo
1620 3315 1684 3353 ea
1713 3316 1882 3355 nemo

176 3387 392 3459 dignus
424 3392 529 3454 est,
562 3403 848 3459 nemoque
880 3387 1221 3457 assequitur,
1252 3391 1399 3441 recte
1431 3387 1643 3441 scilicet
1670 3388 1878 3456 vivere,

177 3492 304 3530 non
331 3476 530 3530 itidem
559 3477 774 3530 volunt.
810 3478 925 3531 Hoc
945 3476 1097 3530 enim
1120 3480 1334 3529 aaterna
1359 3477 1447 3529 lex
1477 3476 1593 3543 illa,
1622 3477 1691 3531 ad
1722 3478 1881 3548 cujus

177 3564 699 3619 considerationem
737 3565 921 3618 redire
951 3565 1072 3634 jam
1102 3568 1327 3633 tempus
1357 3568 1460 3632 est,
1494 3565 1878 3621 incommuta‘

176 3652 286 3706 bili
319 3652 623 3705 stabilitate
651 3652 916 3717 ﬁrmavit,
954 3655 1016 3705 ut
1054 3651 1115 3705 in
1154 3652 1441 3706 voluntate
1472 3654 1741 3707 meritum
1772 3654 1879 3723 sit;

179 3740 242 3794 in
272 3740 540 3794 beatitate
573 3744 763 3795 autem
792 3745 847 3794 et
875 3740 1104 3795 miseria
1133 3741 1438 3810 praemium
1468 3746 1639 3813 atque
1669 3744 1882 3814 suppli-

174 3829 333 3882 cium
367 3829 463 3899 (b).
497 3829 692 3899 Itaque
718 3844 848 3882 cum
879 3829 1119 3883 dicimus
1149 3830 1437 3884 voluntate
1468 3831 1727 3886 homines
1758 3849 1878 3887 esse

176 3918 443 3985 miseros,
476 3935 588 3972 non
620 3918 748 3972 ideo
796 3918 1058 3985 dicimus,
1108 3920 1261 3989 quod
1304 3919 1497 3974 miseri
1530 3938 1648 3975 esse
1680 3923 1878 3991 velint,

176 4008 279 4062 sed
305 4008 457 4078 quod
487 4007 547 4061 in
580 4024 646 4061 ea
674 4008 965 4062 voluntate
997 4014 1149 4077 sunt,
1182 4025 1353 4079 quam
1386 4009 1553 4063 etiam
1588 4011 1668 4063 eis
1689 4010 1880 4065 invitis

176 4094 412 4149 miseria
461 4100 732 4165 sequatur
783 4112 1008 4150 necesse
1056 4102 1158 4151 est.
1209 4097 1391 4160 Quare
1438 4114 1551 4151 non
1598 4104 1879 4169 repugnat

177 4183 464 4253 superiori
498 4184 723 4252 rationi,
768 4186 922 4255 quod
966 4185 1168 4241 volunt
1197 4202 1394 4239 omnes
1426 4186 1575 4239 beati
1606 4203 1741 4254 esse,
1777 4204 1880 4242 nec

174 4277 452 4342 possunt;
498 4288 612 4326 non
648 4275 799 4327 enim
849 4274 1049 4327 volunt
1095 4289 1293 4326 omnes
1340 4277 1489 4327 recte
1539 4274 1745 4341 vivere,
1787 4276 1879 4329 cui

175 4361 287 4415 uni
312 4360 592 4415 voluntati
622 4362 734 4415 vita
765 4362 931 4415 beata
961 4362 1232 4416 debetur:
1269 4361 1378 4415 nisi
1408 4362 1543 4433 quid
1574 4362 1747 4417 habes
1777 4365 1875 4418 ad-

175 4464 372 4502 versus
402 4449 524 4503 Ι]ωο
554 4450 759 4504 dicere.
796 4454 857 4504 E.
894 4452 1006 4521 Ego
1040 4466 1168 4503 vero
1198 4450 1363 4505 nihil.

179 4538 407 4593 CAPUT
436 4539 542 4593 XV.
571 4568 637 4577 —
676 4540 789 4593 Lea:
816 4544 1037 4607 aeterna,
1071 4540 1158 4594 lea:
1202 4541 1510 4610 temporalis
1550 4542 1610 4594 in
1654 4556 1784 4610 quos
1828 4544 1879 4594 et

770 4631 1032 4694 quantum
1058 4628 1292 4681 valeant.

252 4716 340 4767 31.
372 4712 479 4766 Sed
506 4713 800 4768 videamus
815 4715 935 4784 jam
958 4715 1247 4784 quomodo
1279 4716 1400 4769 haec
1425 4716 1494 4769 ad
1527 4716 1878 4787 propositam

177 4800 339 4853 illam
388 4800 768 4870 quaestionem
808 4801 877 4856 de
908 4802 1128 4856 duabus
1168 4803 1390 4872 legibus
1434 4804 1771 4859 referantur.
1804 4805 1876 4858 Α.

178 4888 337 4943 Fiat:
372 4888 471 4942 sed
502 4890 591 4943 dic
619 4890 762 4944 mihi
794 4890 975 4961 prius,
1008 4896 1201 4945 utrum
1229 4893 1328 4962 qui
1359 4897 1508 4947 recte
1538 4893 1725 4946 vivere
1755 4894 1877 4947 dili-

175 4976 280 5047 git,
316 4992 495 5047 eoque
522 4977 602 5032 ita
629 4979 963 5046 delectatur,
998 4985 1060 5033 ut
1088 4996 1205 5034 non
1235 4982 1421 5035 solum
1452 4982 1505 5035 ei
1534 4986 1753 5035 rectum
1784 4982 1874 5049 sit,

176 5066 275 5120 sed
305 5065 475 5119 etiam
512 5066 674 5121 dulce
704 5074 875 5138 atque
899 5069 1243 5138 jucundum,
1288 5074 1441 5123 amet
1477 5070 1645 5124 hanc-
1669 5071 1876 5140 legem,

172 5153 493 5224 habeatque
517 5154 931 5225 charissimam,
952 5171 1066 5226 qua
1083 5155 1234 5209 videt
1254 5156 1529 5209 tributam
1561 5154 1681 5210 esse
1712 5157 1876 5211 bona:

172 5243 455 5296 voluntati
502 5243 729 5297 beatam
774 5244 967 5311 vitam,
1018 5245 1184 5298 malae
1231 5243 1543 5298 miseram?
1588 5249 1659 5301 E.
1711 5249 1876 5301 Amat

172 5331 411 5385 omnino
442 5346 506 5384 ac
533 5332 936 5385 vehementer:
972 5348 1105 5386 nam
1135 5332 1304 5385 istam
1325 5333 1506 5403 ipsam
1530 5347 1776 5403 sequens
1798 5334 1877 5387 ita

238 5452 314 5574 (αξ
345 5451 461 5523 Vid.
492 5453 717 5503 Retract.
748 5454 839 5504 lib.
868 5458 914 5514 1,
941 5468 1055 5518 cap.
1082 5456 1130 5515 9,
1160 5468 1214 5503 n.
1245 5455 1292 5503 3.

241 5512 291 5573 (ὁ
344 5514 461 5563 Vid.
499 5515 626 5564 ibid.

241 5512 310 5573 (ὁ)
344 5514 461 5563 Vid.
499 5515 626 5564 ibid.

1680 252 1893 308 LIBER
1934 252 2215 309 PRIMUS.

3569 266 3707 320 i238

2015 377 2169 432 vivit.
2196 378 2265 432 A.
2302 378 2491 442 Quid?
2507 394 2637 432 cum
2657 379 2804 434 hanc
2824 384 2996 448 amat,
3022 383 3298 438 mutabile
3318 385 3534 456 aliquid
3558 392 3711 443 amat

2013 481 2076 519 ac
2105 468 2445 536 temporale,
2503 484 2576 521 an
2608 468 2809 522 stabile
2840 486 2904 523 ac
2934 472 3345 540 sempiternum
3365 476 3393 527 ?
3423 479 3484 530 E.
3527 479 3708 530 After-

2012 569 2153 608 num
2186 570 2319 607 sane
2350 558 2519 626 atque
2559 556 3047 626 incommutabile,
3081 563 3155 613 A.
3201 561 3346 625 Quid
3383 562 3461 615 illi
3502 565 3601 633 qui
3648 565 3708 618 in

2012 643 2161 695 mala
2197 643 2487 697 voluntate
2513 652 2961 715 perseverantes,
2992 648 3370 703 nihilominus
3401 652 3548 704 beati
3588 670 3707 706 esse

2012 730 2298 801 cupiunt?
2330 738 2642 801 possuntne
2670 750 2862 787 amare
2901 735 3067 789 istam
3101 738 3309 808 legem,
3339 740 3474 809 quia
3504 741 3708 794 talibus

2010 818 2341 874 hominibus
2362 821 2594 875 miseria
2614 823 2819 877 merito
2844 826 3214 895 rependitur?
3240 830 3303 881 E.
3329 828 3493 881 Nullo
3512 828 3707 896 modo,

2010 907 2272 961 arbitror.
2298 910 2374 963 Α.
2396 909 2625 964 Nihilne
2644 916 2841 965 amant
2861 913 3016 966 aliud
3035 916 3063 967 ?
3087 917 3152 969 E.
3189 916 3307 968 Imo
3337 916 3615 985 plurima;
3642 933 3709 971 ea

2009 995 2218 1050 scilicet
2246 996 2305 1050 in
2338 998 2544 1068 quibus
2571 999 2946 1070 adipiscendis
2978 1003 3065 1055 vel
3097 1003 3409 1057 retinendis
3434 1006 3582 1057 mala
3613 1022 3702 1057 vo-

2008 1084 2194 1137 luntas
2223 1085 2319 1138 illa
2348 1087 2620 1156 persistit.
2648 1091 2723 1142 A.
2758 1090 2974 1159 Opinor
3002 1094 3057 1144 te
3102 1091 3288 1145 dicere
3329 1092 3570 1159 divitias,
3599 1094 3703 1146 ho-

2007 1188 2191 1240 nores,
2221 1174 2563 1243 voluptates,
2598 1180 2652 1228 et
2681 1178 3168 1245 pulchritudinem
3217 1181 3495 1249 corporis,
3531 1185 3701 1235 caete-

2007 1275 2184 1330 raque
2205 1261 2398 1315 omnia
2427 1278 2555 1332 qua:
2586 1269 2826 1332 possunt
2857 1270 2911 1319 et
2944 1266 3195 1321 volentes
3225 1284 3343 1322 non
3365 1268 3625 1338 adipisci,
3649 1274 3707 1324 et

2007 1348 2265 1403 amittere
2286 1349 2468 1405 inviti.
2492 1353 2557 1404 E.
2587 1352 2698 1404 Ista
2727 1350 2851 1421 ipsa
2882 1358 3034 1407 sunt.
3067 1358 3143 1408 Α.
3176 1357 3322 1409 Num
3347 1357 3469 1411 haec
3492 1361 3705 1411 aeterna

2007 1451 2135 1490 ecce
2157 1452 2374 1503 censes,
2397 1454 2529 1491 cum
2554 1440 2828 1508 temporis
2846 1441 3192 1495 volubilitati
3212 1443 3402 1498 videas
3419 1446 3663 1500 obnoxia
3677 1449 3706 1500 ?

2005 1528 2068 1579 E.
2102 1524 2239 1589 Quis
2268 1525 2375 1579 hoc
2405 1528 2491 1579 vel
2518 1526 2981 1582 dementissimus
3012 1532 3298 1586 senserit?
3330 1535 3398 1587 Α.
3432 1535 3573 1588 Cum
3603 1535 3705 1605 igi-

2001 1618 2098 1667 tur
2126 1613 2493 1669 manifestum
2514 1615 2587 1669 sit
2608 1615 2749 1670 alios
2765 1633 2885 1671 esse
2912 1618 3172 1673 homines
3200 1626 3485 1675 amatores
3506 1638 3703 1677 rerum

2003 1706 2368 1768 aeternarum,
2421 1703 2558 1756 alios
2601 1706 3030 1775 temporalium,
3078 1725 3323 1780 cumque
3382 1711 3521 1764 duas
3551 1712 3705 1781 leges

2004 1806 2124 1844 esse
2160 1791 2509 1858 convenerit,
2544 1808 2719 1846 unam
2749 1800 3043 1862 aeternam,
3086 1797 3258 1851 aliam
3288 1800 3701 1870 temporalem;

2001 1878 2048 1931 si
2080 1879 2217 1949 quid
2246 1880 2530 1951 aequitatis
2560 1881 2731 1951 sapis,
2779 1899 2924 1953 quos
2956 1883 3194 1939 istorum
3221 1886 3441 1955 judicas
3472 1892 3700 1940 aiternm

2000 1967 2134 2037 legi,
2190 1984 2331 2039 quos
2384 1970 2691 2039 temporali
2743 1986 2867 2025 esse
2927 1973 3298 2028 subdendos?
3334 1978 3398 2030 E.
3438 1977 3581 2030 Puto
3640 1975 3700 2029 in

2000 2061 2269 2126 promptu
2302 2072 2422 2110 esse
2443 2058 2595 2127 quod
2627 2059 2837 2128 quaeris
2862 2076 2874 2113 :
2904 2076 3039 2114 nam
3066 2062 3261 2115 beatos
3289 2063 3417 2117 illos
3448 2064 3520 2117 ob
3548 2080 3699 2119 amo-

1999 2160 2122 2197 rem
2153 2144 2410 2214 ipsorum
2450 2150 2797 2200 mternorum
2828 2149 2934 2203 sub
2982 2154 3194 2204 interna
3230 2152 3357 2222 lege
3390 2167 3558 2222 agere
3588 2153 3700 2206 exi-

1999 2232 2203 2300 stimo;
2246 2233 2469 2287 miseris
2515 2250 2650 2289 vero
2682 2237 3013 2307 temporalis
3053 2238 3387 2309 imponitur.
3417 2244 3494 2294 Α.
3528 2242 3699 2295 Recte
3756 2293 3767 2303 ,

1995 2322 2237 2391 judicas,
2287 2322 2597 2377 dummodo
2645 2324 2787 2378 illud
2833 2324 3237 2381 inconcussum
3286 2333 3501 2396 teneas,
3543 2330 3697 2399 quod

1999 2410 2352 2480 apertissime
2366 2410 2487 2480 jam
2517 2411 2662 2465 ratio
2694 2412 3125 2483 demonstravit,
3144 2431 3238 2469 eos
3267 2417 3366 2486 qui
3393 2417 3698 2487 temporali

1996 2498 2112 2570 legi
2146 2498 2419 2566 serviunt,
2453 2516 2571 2553 non
2600 2516 2719 2555 esse
2748 2518 2917 2571 posse
2944 2503 3013 2557 ab
3035 2506 3249 2558 aeterna
3279 2504 3517 2572 liberos;
3545 2506 3698 2559 unde

1996 2588 2189 2643 omnia
2236 2604 2365 2659 quae
2408 2589 2560 2659 justa
2612 2594 2764 2655 sunt,
2793 2591 3063 2661 justeque
3098 2592 3412 2663 variantur,
3458 2592 3698 2663 exprimi

1995 2678 2274 2732 diximus:
2309 2693 2405 2731 eos
2435 2692 2570 2731 vero
2601 2678 2700 2748 qui
2730 2678 2845 2748 legi
2875 2684 3102 2733 aeterna:
3132 2696 3234 2751 per
3261 2682 3473 2736 bonam
3496 2683 3695 2736 volun-

1994 2769 2171 2819 tatem
2191 2765 2435 2832 haerent,
2468 2765 2801 2835 temporalis
2831 2766 2971 2834 legis
2993 2784 3112 2820 non
3140 2767 3419 2838 indigere,
3452 2768 3606 2835 satis,
3631 2772 3695 2823 ut

1994 2857 2248 2923 apparet,
2273 2852 2563 2924 intelligis.
2602 2857 2665 2908 E.
2695 2855 2883 2907 Teneo
2914 2855 3071 2925 quod
3098 2855 3260 2909 dicis.

2065 2944 2151 2995 32.
2183 2943 2259 2995 Α.
2291 2941 2459 2995 Jubet
2487 2940 2665 3012 igitur
2704 2946 2917 2996 aiterna
2972 2943 3061 2996 lex
3088 2947 3343 2998 avertere
3369 2958 3628 2998 amorem
3658 2962 3692 2997 a

1993 3030 2425 3100 temporalibus,
2442 3033 2497 3084 et
2509 3046 2641 3084 eum
2654 3031 2993 3085 mundatum
3005 3036 3331 3086 convertere
3362 3033 3431 3087 ad
3454 3036 3686 3087 aeterna.

1993 3122 2057 3174 E.
2080 3120 2248 3173 Jubet
2274 3134 2426 3173 vero.
2460 3122 2536 3173 Α.
2562 3119 2707 3183 Quid
2739 3119 2945 3175 deinde
2977 3135 3171 3175 censes
3202 3122 3576 3191 temporalem
3600 3122 3691 3192 ju-

1994 3208 2147 3273 bere,
2180 3206 2379 3261 nisiut
2407 3206 2529 3261 haec
2559 3224 2689 3278 quas
2720 3209 2792 3263 ad
2825 3213 3055 3280 tempus
3076 3214 3269 3263 nostra
3288 3209 3398 3264 dici
3429 3216 3686 3280 possunt,

1992 3297 2221 3369 quando
2253 3296 2333 3350 eis
2362 3295 2621 3351 homines
2641 3297 2951 3368 cupiditate
2981 3298 3285 3361 inhaerent,
3320 3314 3385 3352 eo
3408 3298 3537 3368 jure
3563 3314 3690 3368 pos-

1992 3386 2233 3452 sideant,
2267 3403 2382 3457 quo
2412 3403 2518 3457 pax
2551 3391 2606 3440 et
2637 3386 2873 3441 societas
2893 3388 3146 3441 humana
3179 3392 3451 3453 servetur,
3475 3391 3689 3458 quanta

1996 3474 2056 3528 in
2086 3475 2173 3528 his
2204 3475 2372 3529 rebus
2404 3475 2613 3529 servari
2643 3476 2877 3546 potest?
2928 3477 3001 3529 Ea
3031 3480 3163 3530 sunt
3202 3479 3391 3530 autem
3416 3493 3428 3529 :
3477 3476 3684 3545 primo,

1992 3564 2100 3617 hoc
2131 3579 2357 3633 corpus,
2410 3568 2467 3617 et
2514 3564 2635 3633 ejus
2666 3580 2794 3633 quas
2830 3567 3103 3617 vocantur
3130 3564 3303 3631 bona,
3350 3568 3414 3617 ut
3464 3564 3689 3634 integra

1992 3651 2273 3718 valetudo,
2306 3666 2547 3705 acumen
2596 3668 2887 3718 sensuum,
2933 3653 3101 3719 vires,
3132 3652 3520 3722 pulchritudo,
3555 3657 3610 3706 et
3639 3653 3686 3707 si

1991 3756 2104 3809 qua
2124 3743 2258 3792 sunt
2287 3743 2511 3803 castera,
2557 3738 2766 3808 partim
2814 3740 3133 3793 necessaria
3164 3739 3327 3794 bonis
3360 3740 3597 3807 artibus,
3631 3746 3687 3796 et

1988 3824 2117 3879 ideo
2140 3825 2322 3895 pluris
2348 3827 2661 3895 pensanda,
2694 3827 2906 3896 partim
2930 3827 3148 3881 viliora.
3182 3828 3395 3883 Deinde
3427 3828 3681 3896 libertas,

1990 3930 2119 3984 quae
2150 3914 2383 3985 quidem
2416 3916 2574 3969 nulla
2621 3932 2752 3969 vera
2781 3920 2885 3982 est,
2944 3916 3055 3970 nisi
3084 3916 3403 3983 beatorum,
3466 3922 3522 3971 et
3571 3918 3686 3989 legi

1989 4006 2219 4055 interna:
2246 4001 2664 4056 adhaarentium
2688 4019 2699 4056 :
2733 4003 2832 4057 sed
2858 4020 2983 4057 eam
3010 4019 3164 4058 nunc
3185 4003 3508 4059 libertatem
3537 4021 3686 4059 com-

1988 4106 2266 4153 memoro,
2296 4107 2409 4160 qua
2439 4107 2495 4144 se
2520 4092 2729 4145 liberos
2759 4096 2968 4162 putant
2997 4095 3094 4163 qui
3128 4092 3389 4147 dominos
3419 4092 3684 4147 homines

1988 4195 2105 4233 non
2134 4180 2365 4245 habent,
2397 4185 2454 4233 et
2486 4195 2659 4249 quam
2689 4180 3014 4234 desiderant
3042 4180 3083 4233 ii
3108 4181 3209 4251 qui
3241 4197 3272 4233 a
3305 4180 3551 4234 dominis
3576 4181 3680 4234 ho-

1987 4266 2240 4320 minibus
2272 4266 2599 4320 manumitti
2626 4267 2845 4321 volunt.
2898 4267 3108 4322 Deinde
3140 4273 3425 4337 parentes,
3457 4267 3679 4333 fratres,

1988 4355 2214 4423 conjux,
2241 4354 2427 4420 liberi,
2458 4355 2793 4426 propinqui,
2825 4357 3040 4418 afﬁnes,
3071 4354 3405 4420 familiares,
3440 4359 3497 4408 et
3545 4354 3677 4425 qui-

1987 4457 2233 4511 cumque
2256 4441 2420 4496 nobis
2446 4442 2638 4513 aliqua
2655 4444 3073 4498 necessitudine
3104 4440 3357 4513 adjuncti
3379 4445 3528 4494 sunt.
3555 4442 3682 4511 Ipsa

1989 4530 2237 4600 denique
2268 4530 2487 4600 civitas,
2521 4548 2649 4602 quae
2692 4532 2945 4602 parentis
2977 4533 3098 4584 loco
3139 4529 3337 4583 haberi
3367 4530 3547 4595 solet;
3575 4528 3681 4584 ho-

1987 4635 2154 4673 nores
2182 4619 2351 4673 etiam
2374 4626 2429 4674 et
2459 4621 2674 4688 laudes,
2708 4625 2761 4674 et
2791 4636 2855 4673 ea
2887 4634 3015 4689 qua:
3052 4617 3257 4671 dicitur
3292 4617 3474 4689 gloria
3502 4635 3680 4690 popu-

1988 4707 2139 4761 laris.
2172 4708 2256 4762 Ad
2289 4713 2608 4763 extremum
2650 4708 2914 4779 pecunia,
2951 4722 3064 4777 quo
3094 4723 3213 4760 uno
3242 4708 3475 4762 nomine
3505 4708 3681 4762 conti-

1985 4802 2195 4851 nentur
2224 4798 2416 4851 omnia
2437 4812 2685 4867 quorum
2708 4797 2837 4866 jure
2870 4794 3085 4849 domini
3106 4811 3324 4865 sumus,
3348 4800 3404 4851 et
3431 4812 3677 4867 quorum

1986 4886 2414 4939 vendendorum
2445 4889 2541 4937 aut
2570 4884 2968 4937 domandorum
2994 4884 3202 4938 habere
3233 4888 3575 4954 potestatem
3602 4884 3678 4937 vi-

1986 4973 2207 5028 demur.
2242 4975 2457 5027 Horum
2489 4971 2749 5025 omnium
2795 4972 3281 5043 quemadmodum
3334 4974 3420 5027 lex
3450 4973 3547 5025 illa
3579 4988 3678 5025 sua

1985 5062 2192 5133 cuique
2224 5060 2549 5126 distribuat,
2578 5058 2809 5113 difﬁcile
2837 5065 2893 5114 et
2918 5060 3153 5131 longum
3183 5066 3266 5115 est
3295 5060 3595 5131 explicare,
3625 5063 3679 5112 et

1984 5151 2154 5221 plane
2172 5149 2243 5203 ad
2276 5149 2329 5203 id
2358 5148 2509 5219 quod
2533 5148 2936 5219 proposuimus
2962 5166 3080 5203 non
3096 5149 3500 5204 necessarium.
3534 5146 3677 5201 Satis

1986 5244 2072 5293 est
2101 5238 2254 5292 enim
2284 5237 2477 5291 videre
2508 5253 2623 5290 non
2648 5238 2798 5291 ultra
2817 5238 3035 5310 porrigi
3062 5239 3228 5309 hujus
3256 5237 3399 5307 legis
3430 5240 3675 5306 potesta-

1986 5334 2101 5381 tem
2130 5329 2189 5381 in
2237 5327 2596 5389 vindicando,
2631 5344 2805 5399 quam
2853 5334 2917 5383 ut
2944 5330 3067 5383 haec
3111 5330 3196 5382 vel
3226 5326 3440 5397 aliquid
3470 5326 3677 5379 horum

1987 5416 2201 5471 adimat
2226 5420 2398 5488 atque
2441 5416 2662 5471 auferat
2712 5417 2764 5471 ei
2811 5433 2983 5489 quem
3033 5416 3216 5488 punit.
3265 5415 3409 5470 Metu
3460 5417 3679 5468 coercet

1990 5522 2146 5577 ergo,
2175 5510 2231 5560 et
2274 5506 2344 5561 ad
2374 5507 2432 5562 id
2463 5507 2615 5578 quod
2665 5509 2804 5574 vult,
2836 5511 3065 5578 torquet
3094 5523 3158 5560 ac
3185 5508 3479 5577 retorquet
3505 5502 3675 5560 mise-
