4036 6182
488 319 623 370 1239

479 452 676 491 rerum
713 435 955 504 animos,
1008 436 1216 508 quibus
1273 437 1540 508 regendis
1599 437 2022 492 accommodata
2063 439 2166 490 est.

484 528 631 582 Dum
661 525 816 579 enim
847 527 968 580 haec
1002 527 1262 580 amittere
1303 526 1526 595 timent,
1574 530 1774 580 tenent
1800 527 1859 579 in
1891 526 1979 580 his
2008 531 2176 580 uten-

485 615 572 669 dis
601 613 908 685 quemdam
937 615 1173 676 modum
1203 619 1400 684 aptum
1439 614 1662 669 vinculo
1702 615 1961 680 civitatis,
1996 615 2176 684 qualis

487 720 552 758 ex
581 703 978 773 hujuscemodi
1013 703 1342 756 hominibus
1371 703 1640 758 constitui
1677 709 1883 773 potest.
1921 705 2045 758 Non
2075 720 2174 757 au-

487 799 604 848 tem
632 792 920 846 ulciscitur
961 797 1258 861 peccatum
1299 808 1428 846 cum
1467 796 1733 846 amantur
1763 793 1888 857 ista,
1925 793 2022 847 sed
2047 808 2178 846 cum

488 881 614 936 aliis
644 898 748 951 per
777 880 1200 950 improbitatem
1229 881 1584 936 auferuntur.
1628 882 2010 946 Quamobrem
2050 881 2178 935 vide

488 975 683 1024 utrum
702 971 823 1040 jam
852 975 1192 1040 perventum
1225 970 1298 1024 sit
1327 971 1398 1024 ad
1427 971 1483 1025 id
1514 971 1668 1041 quod
1698 971 1988 1024 inﬁnitum
2021 974 2180 1040 puta-

486 1059 608 1113 bas.
650 1059 1084 1112 Institueramus
1132 1059 1286 1112 enim
1318 1075 1596 1130 quaerere,
1642 1065 1922 1130 quatenus
1975 1059 2181 1113 habeat

480 1148 578 1218 jus
611 1147 915 1201 ulciscendi
965 1164 1030 1202 ea
1078 1148 1166 1201 lex
1197 1165 1311 1218 qua
1337 1149 1538 1218 populi
1566 1149 1779 1203 terreni
1809 1148 2180 1219 civitatesque

487 1236 899 1305 gubernantur.
933 1238 998 1290 E.
1030 1236 1203 1289 Video
1231 1241 1591 1305 perventum.

561 1326 647 1378 33.
675 1326 752 1377 Α.
785 1323 949 1377 Vides
975 1339 1109 1393 ergo
1143 1324 1315 1377 etiam
1345 1324 1510 1389 illud,
1546 1325 1699 1394 quod
1741 1342 1910 1394 pmna
1951 1342 2066 1381 non
2098 1343 2182 1380 es-

485 1417 588 1476 set,
625 1411 742 1465 sive
767 1428 895 1482 quae
921 1427 1022 1482 per
1051 1412 1341 1481 injuriam,
1375 1412 1488 1466 sive
1520 1430 1648 1484 qua:
1678 1431 1781 1484 per
1805 1415 1976 1469 talem
1998 1415 2180 1470 vindi-

488 1505 638 1556 ctam
656 1500 901 1553 infertur
919 1499 1272 1569 hominibus,
1296 1500 1343 1554 si
1374 1518 1468 1554 eas
1500 1518 1589 1556 res
1618 1519 1746 1573 quas
1764 1503 1940 1557 invito
1971 1504 2182 1558 auferri

487 1594 748 1660 possunt,
781 1605 897 1641 non
928 1590 1240 1642 amarent?
1263 1591 1328 1643 E.
1362 1589 1425 1642 Id
1457 1606 1683 1660 quoque
1705 1591 1888 1646 video.
1928 1595 2006 1646 Α.
2040 1592 2182 1647 Cum

488 1678 665 1749 igitur
692 1677 904 1730 eisdem
931 1677 1100 1730 rebus
1131 1677 1272 1730 alius
1301 1678 1471 1744 male,
1506 1679 1650 1732 alius
1689 1680 1833 1734 bene
1866 1686 2087 1748 utatur;
2127 1686 2184 1735 et

487 1766 535 1820 is
558 1766 784 1836 quidem
815 1765 913 1835 qui
943 1767 1112 1830 male,
1142 1782 1333 1819 amore
1363 1766 1451 1819 his
1477 1766 1755 1821 inhenreat
1786 1774 1954 1840 atque
1981 1769 2183 1840 ,impli-

490 1859 670 1920 cetur,
704 1854 915 1907 scilicet
944 1853 1202 1907 subditus
1232 1854 1313 1907 eis
1342 1855 1514 1908 rebus
1538 1872 1678 1925 quas
1699 1856 1751 1910 ei
1781 1857 2033 1912 subditas
2062 1874 2182 1912 esse

489 1944 806 2014 oportebat,
841 1947 898 1996 et
927 1958 995 1996 ea
1019 1944 1168 1996 bona
1197 1942 1306 1996 sibi
1350 1943 1718 2011 constituens,
1771 1947 1978 2016 quibus
2026 1947 2181 2001 ordi-

488 2031 694 2087 nandis
740 2032 998 2102 beneque
1055 2031 1364 2085 tractandis
1393 2032 1512 2102 ipse
1543 2049 1663 2086 esse
1705 2034 1901 2104 utique
1954 2035 2185 2090 deberet

487 2121 740 2175 bonum:
773 2121 868 2173 ille
897 2125 1089 2173 autem
1120 2120 1219 2190 qui
1249 2125 1397 2174 recte
1421 2121 1507 2175 his
1538 2121 1737 2189 utitur,
1769 2124 2032 2178 ostendat
2062 2125 2184 2195 qui-

383 2262 390 2272 ,
488 2209 619 2263 dem
649 2211 802 2264 bona
825 2225 966 2275 esse,
1004 2210 1100 2263 sed
1132 2225 1244 2262 non
1278 2208 1420 2275 sibi;
1453 2227 1570 2263 non
1598 2210 1753 2264 enim
1805 2229 1936 2266 eum
1964 2214 2184 2268 bonum

488 2299 854 2352 melioremve
883 2298 1116 2376 faciunt,
1162 2297 1257 2351 sed
1287 2298 1358 2350 ab
1389 2315 1454 2352 eo
1483 2299 1674 2368 potius
1718 2301 1895 2355 ﬁunt:
1954 2307 2010 2356 et
2054 2302 2183 2356 ideo

492 2403 608 2440 non
629 2386 710 2440 eis
735 2401 929 2440 amore
957 2385 1363 2456 agglutinetur,
1399 2402 1607 2456 neque,
1628 2388 1779 2441 velut
1809 2390 2068 2442 membra
2095 2390 2185 2443 sui

491 2474 670 2529 animi
696 2475 880 2538 faciat,
916 2475 1067 2545 quod
1095 2474 1159 2527 ﬁt
1187 2475 1451 2540 amando,
1488 2491 1556 2528 ne
1579 2491 1708 2529 cum
1735 2478 1978 2530 resecari
2008 2494 2186 2549 coepe-

493 2563 630 2628 rint,
663 2579 795 2616 cum
829 2563 1082 2616 cruciatu
1111 2580 1174 2616 ac
1207 2563 1332 2616 tabe
1378 2563 1592 2616 foedent
1619 2581 1632 2630 ;
1667 2565 1765 2618 sed
1803 2567 1884 2619 eis
1909 2571 2064 2620 totus
2090 2584 2182 2621 su-

497 2653 831 2723 perferatur,
865 2656 919 2705 et
944 2652 1154 2706 habere
1185 2651 1283 2705 illa
1312 2656 1481 2722 atque
1502 2669 1722 2724 regere,
1750 2671 1880 2709 cum
1911 2672 2056 2725 opus
2079 2661 2181 2724 est,

490 2744 744 2810 paratus,
769 2746 826 2794 et
846 2740 1107 2793 amittere
1129 2756 1192 2793 ac
1215 2756 1330 2793 non
1351 2740 1560 2794 habere
1589 2741 1840 2812 paratior
1863 2760 1876 2796 :
1895 2760 2024 2798 cum
2047 2761 2184 2816 ergo

489 2827 612 2882 haec
635 2827 716 2882 ita
735 2827 868 2894 sint,
901 2844 1040 2882 num
1062 2834 1160 2882 aut
1184 2834 1486 2898 argentum
1509 2833 1564 2883 et
1585 2847 1789 2885 aurum
1812 2837 2042 2903 propter
2061 2850 2187 2888 ava-

488 2932 582 2970 ros
613 2917 992 2970 accusandum
1018 2923 1205 2987 putas,
1237 2922 1337 2970 aut
1368 2917 1522 2972 cibos
1551 2924 1786 2989 propter
1810 2937 2056 2988 voraces,
2090 2928 2188 2978 aut

489 3004 686 3059 vinum
723 3011 960 3076 propter
1009 3005 1286 3074 ebriosos,
1334 3011 1432 3060 aut
1477 3007 1785 3064 muliebres
1814 3010 2026 3065 formas
2053 3028 2184 3082 pro-

487 3098 614 3165 pter
645 3098 978 3147 scortatores
1007 3099 1062 3148 et
1095 3095 1399 3160 adulteros,
1419 3100 1589 3166 atque
1622 3097 1730 3150 hoc
1754 3099 1927 3152 modo
1959 3105 2179 3166 caetera,

491 3198 620 3236 cum
650 3182 967 3254 praesertim
996 3183 1186 3237 videas
1232 3188 1286 3236 et
1315 3184 1449 3254 igne
1479 3185 1624 3238 bene
1665 3185 1744 3240 uti
1771 3188 2076 3256 medicum,
2129 3195 2186 3245 et

491 3284 639 3339 pane
691 3271 960 3324 scelerate
1001 3271 1361 3326 veneﬁcum?
1402 3275 1467 3327 E.
1502 3274 1871 3330 Verissimum
1911 3283 2012 3344 est,
2067 3295 2185 3334 non

492 3373 582 3412 res
607 3358 780 3429 ipsas,
811 3359 908 3414 sed
934 3359 1198 3414 homines
1219 3360 1319 3430 qui
1348 3361 1428 3414 eis
1462 3363 1609 3417 male
1643 3368 1882 3418 utuntur
1910 3381 2030 3421 esse
2065 3369 2182 3422 cul-

492 3447 732 3518 pandos.

667 3555 891 3609 CAPUT
921 3555 1008 3609 VI.
1042 3583 1112 3594 —
1127 3555 1388 3624 Epilogus
1410 3559 1657 3611 tractata
1675 3560 2002 3627 queestiom's.

562 3661 649 3714 34.
681 3660 752 3715 Α.
787 3661 994 3715 Recte:
1035 3662 1133 3715 sed
1184 3662 1456 3733 quoniam
1490 3668 1546 3717 et
1579 3664 1716 3735 quid
1745 3667 1929 3720 valeat
1971 3671 2184 3722 (eterna

488 3749 595 3814 lex,
634 3755 698 3803 ut
735 3751 959 3821 Opinor,
992 3751 1184 3806 videre
1219 3754 1340 3823 jam
1371 3754 1666 3824 coepimus,
1702 3762 1755 3811 et
1785 3763 2066 3828 quantum
2097 3760 2184 3813 lex

489 3839 823 3908 temporalis
865 3839 925 3892 in
955 3840 1299 3895 vindicando
1344 3845 1613 3912 progredi
1656 3845 1853 3914 possit,
1888 3847 2184 3902 inventum

491 3930 611 3989 est;
639 3931 694 3978 et
717 3942 908 3979 rerum
932 3927 1043 3980 duo
1065 3944 1294 3998 genera,
1315 3935 1661 3984 aeternarum
1681 3938 1735 3986 et
1753 3935 2180 4004 temporalium,

493 4029 722 4085 quoque
769 4031 966 4068 rursus
996 4016 1316 4086 hominum,
1365 4017 1607 4072 aliorum
1635 4025 1894 4083 azternas,
1937 4023 2183 4080 aliorum

488 4103 828 4170 temporales
841 4104 1204 4174 sequentium
1217 4110 1272 4158 et
1301 4106 1683 4177 diligentium,
1713 4111 1846 4164 satis
1876 4118 2183 4184 aperteque

488 4188 753 4243 distincta
786 4196 918 4245 sunt
941 4209 953 4245 :
989 4192 1128 4262 quid
1160 4197 1350 4248 autem
1372 4194 1612 4266 quisque
1634 4200 1966 4253 sectandum
1989 4206 2048 4255 et
2067 4218 2184 4256 am-

487 4278 850 4348 plectendum
881 4281 1074 4352 eligat,
1115 4281 1174 4335 in
1204 4284 1496 4339 voluntate
1539 4302 1656 4339 esse
1686 4287 1936 4357 positum
1970 4291 2182 4345 consti-

488 4366 557 4420 tit
589 4367 694 4436 (a);
744 4369 1015 4440 nullaque
1056 4386 1118 4423 re
1157 4371 1226 4425 de
1255 4388 1380 4426 arce
1409 4373 1767 4444 dominandi,
1805 4382 2070 4448 rectoque
2098 4395 2185 4432 or-

490 4453 623 4508 dine
638 4462 890 4510 mentem
911 4458 1138 4528 deponi,
1155 4459 1264 4513 nisi
1277 4461 1563 4516 voluntate
1583 4480 1596 4516 :
1621 4467 1678 4516 et
1690 4468 1773 4518 est
1791 4466 2180 4534 manifestum,

553 4559 624 4621 (α)
652 4560 768 4610 Vid.
790 4563 1015 4612 Retract.
1040 4563 1129 4612 lib.
1152 4567 1198 4624 1,
1229 4580 1340 4630 cap.
1373 4569 1418 4624 9,
1449 4580 1502 4615 n.
1535 4570 1578 4616 3.

1573 315 1666 368 DE
1707 313 1966 369 [ΑΒΕΒο
2006 312 2363 379 ARBITRIO,
2407 311 2459 367 S.
2508 306 2893 366 AUGUSTINI

3796 314 3887 366 1240

2277 450 2394 490 non
2411 450 2533 489 rem
2554 434 2749 500 ullam,
2767 448 2897 486 cum
2922 447 2989 486 ea
3009 431 3252 502 quisque
3273 429 3422 484 male
3447 429 3631 501 utitur,
3651 433 3734 487 sed
3751 433 3887 505 ipsum

2289 525 2434 578 male
2457 526 2713 577 utentem
2745 537 2862 575 esse
2888 519 3248 592 arguendum
3273 536 3286 573 :
3313 519 3614 574 referamus
3634 537 3739 589 nos,
3761 524 3795 576 si
3817 526 3892 594 pla-

2286 617 2392 678 cet,
2423 611 2495 666 ad
2525 609 2900 682 quaestionem
2919 609 2979 663 in
3009 608 3241 662 exordio
3264 608 3435 678 hujus
3463 610 3717 663 sermonis
3743 627 3890 682 propu-

2288 701 2474 766 sitam,
2503 704 2560 753 et
2603 699 2892 752 videamus
2948 701 3139 750 utrum
3183 697 3367 749 soluta
3419 696 3520 762 sit;
3560 713 3678 750 nam
3706 715 3892 769 qurerure

2288 789 2719 844 institueramus
2766 787 2904 857 quid
2950 785 3021 840 sit
3061 785 3210 838 male
3259 785 3462 849 facere,
3503 789 3555 838 et
3600 791 3795 856 propter
3823 790 3890 841 hoc

2289 878 2484 933 omnia
2527 893 2654 947 quas
2686 875 2834 930 dicta
2875 879 3026 937 sunt,
3063 873 3330 928 diximus.
3374 873 3634 938 Quocirca
3668 876 3774 929 licet
3796 893 3888 929 nun.~

2289 967 2742 1021 animadvertere
2772 967 2828 1018 et
2877 963 3258 1030 considerare,
3310 967 3503 1016 utrum
3532 963 3601 1016 sit
3640 964 3768 1017 aliud
3798 971 3891 1017 mage

2288 1057 2494 1118 facere,
2544 1069 2719 1124 quam
2765 1051 3039 1122 neglectis
3096 1051 3265 1105 rebus
3322 1051 3569 1119 aeternis,
3619 1052 3794 1122 quibus
3833 1071 3892 1122 per

2290 1145 2536 1215 seipsam
2564 1159 2727 1196 mens
2753 1141 2982 1207 fruitur,
3007 1144 3063 1194 et
3081 1156 3186 1211 per
3206 1139 3450 1210 seipsam
3474 1139 3716 1210 percipit,
3739 1146 3784 1194 et
3805 1158 3892 1211 quas

2292 1249 2490 1288 amans
2529 1231 2787 1285 amittere
2830 1246 2948 1283 non
2994 1232 3200 1299 potest,
3249 1228 3582 1298 temporalia
3620 1234 3669 1282 et
3705 1246 3807 1300 quae.
3837 1248 3893 1300 per

2291 1337 2496 1391 corpus
2517 1318 2764 1374 hominis
2787 1323 3007 1388 partem
3031 1316 3365 1370 vilissimam
3387 1317 3715 1383 sentiuntur,
3738 1322 3783 1371 et
3804 1335 3892 1370 nuu-

2291 1426 2465 1483 quam
2518 1424 2638 1462 esse
2681 1411 2834 1460 certa
2877 1411 3133 1477 possunt,
3181 1406 3344 1477 quasi
3386 1421 3593 1475 magna
3627 1411 3678 1459 et
3711 1406 3893 1459 mirandi

2292 1498 2512 1568 sectari.
2546 1498 2690 1552 Nam
2717 1496 2826 1550 hoc
2855 1511 2971 1548 uno
3003 1509 3210 1566 genere
3240 1494 3430 1549 omnia
3470 1494 3759 1559 malefacta,
3784 1495 3824 1548 id
3846 1503 3892 1548 cst

2289 1569 2538 1660 peccata,
2569 1585 2714 1640 mihi
2752 1583 3019 1638 videntur
3059 1583 3294 1638 includi.
3326 1583 3449 1638 Tibi
3481 1588 3667 1637 autem
3707 1583 3815 1655 quid
3846 1584 3893 1636 vi-

2290 1680 2512 1746 deatur,
2546 1681 2806 1748 exspecto
2838 1692 3198 1746 cognoscere.

2363 1772 2449 1823 35.
2481 1770 2545 1822 E.
2581 1768 2674 1821 Est
2698 1767 2776 1820 ita
2809 1770 2869 1820 ut
2895 1766 3054 1834 dicis,
3098 1770 3153 1820 et
3191 1765 3492 1836 assentior,
3533 1765 3712 1820 omnia
3743 1771 3896 1836 peccata

2291 1856 2400 1911 hoc
2423 1871 2535 1908 uno
2557 1870 2764 1925 genere
2793 1852 3090 1919 contineri,
3125 1868 3255 1906 cum
3278 1853 3520 1924 quisque
3548 1855 3784 1908 avertitur
3807 1871 3828 1906 a
3845 1854 3893 1906 di-

2292 1944 2437 1999 vinis
2465 1959 2712 2014 vereque
2757 1941 3142 2008 manantibus,
3176 1947 3231 1996 et
3261 1943 3329 1997 ad
3362 1944 3652 1997 mutabilia
3690 1948 3822 2014 atque
3842 1943 3893 1994 in-

2292 2038 2444 2088 certa
2470 2031 2840 2086 convertitur.
2871 2031 3009 2095 Qum
3040 2047 3372 2102 quanquam
3402 2031 3463 2084 in
3493 2031 3682 2085 ordine
3707 2049 3787 2084 suo
3803 2038 3894 2083 recte

2291 2123 2472 2177 locata
2497 2121 2630 2186 sint,
2676 2126 2733 2174 et
2772 2136 2934 2173 suam
2975 2120 3283 2191 quamdam
3329 2120 3783 2191 pulchritudinem
3818 2136 3893 2190 per-

2293 2215 2490 2282 agant;
2522 2209 2774 2281 perversi
2797 2213 2988 2265 tamen
3017 2209 3193 2263 animi
3223 2213 3307 2263 est
3338 2214 3394 2264 et
3422 2209 3737 2277 inordinati,
3761 2211 3820 2263 eis
3847 2226 3894 2260 se-

2293 2299 2534 2372 quendis
2557 2297 2780 2369 subjici,
2819 2299 3027 2369 quibus
3057 2298 3125 2352 ad
3158 2303 3364 2352 nutum
3391 2315 3560 2353 suum
3587 2297 3815 2353 ducendis
3836 2313 3894 2367 po-

2292 2390 2405 2442 tius
2435 2388 2626 2442 divino
2654 2387 2853 2442 ordine
2885 2403 2948 2440 ac
2971 2387 3099 2457 jure
3128 2389 3398 2457 praelatus
3422 2392 3525 2441 est.
3561 2388 3621 2441 Et
3646 2387 3767 2440 illud
3790 2385 3894 2438 simul

2293 2477 2438 2532 mihi
2463 2476 2654 2530 videre
2677 2476 2799 2545 jam
2827 2475 3023 2529 videor
3051 2475 3379 2530 absolutum
3411 2480 3582 2548 atque
3611 2479 3893 2545 compertum,

2294 2565 2450 2638 quod
2492 2569 2622 2635 post
2659 2565 2819 2618 illam
2859 2564 3256 2636 quaestionem,
3296 2565 3438 2636 quid
3479 2565 3551 2620 sit
3595 2566 3726 2618 male
3761 2564 3893 2626 facere,

2295 2655 2561 2725 deinceps
2586 2669 2842 2724 quaarere
2863 2653 3312 2720 institueramus,
3336 2653 3493 2708 unde
3523 2654 3661 2707 male
3686 2653 3892 2707 faciamus.

2297 2744 2413 2799 Nisi
2442 2743 2594 2798 enim
2627 2743 2812 2810 fallor,
2846 2748 2908 2798 ut
2947 2743 3090 2797 ratio
3125 2748 3360 2798 tractata
3385 2743 3731 2806 monstravit,
3754 2742 3796 2796 id
3821 2741 3896 2794 laci-

2295 2847 2421 2885 mus
2461 2848 2528 2885 ex
2566 2831 2746 2885 libero
2797 2832 3108 2886 voluntatis
3137 2833 3400 2887 arbitrio.
3435 2833 3544 2887 Sed
3574 2849 3745 2903 quaero
3773 2836 3893 2882 utrum

2293 2919 2482 2990 ipsum
2515 2919 2760 2973 liberum
2808 2921 3134 2989 arbitrium,
3193 2938 3306 2991 quo
3363 2921 3636 2991 peccandi
3662 2919 3892 2974 facultath

2292 3008 2503 3062 habere
2533 3007 2945 3070 convincimur,
2977 3008 3297 3078 oportuerit
3325 3009 3492 3063 nobis
3524 3008 3640 3063 dari
3668 3009 3728 3062 ab
3762 3023 3809 3060 eo
3833 3005 3889 3074 qui

2293 3113 2395 3152 nos
2418 3096 2567 3151 fecit.
2600 3096 2868 3150 Videmur
2897 3096 3052 3150 enim
3089 3113 3207 3150 non
3237 3097 3411 3150 fuisse
3455 3095 3738 3168 peccaturi,
3766 3094 3800 3146 si
3831 3091 3888 3143 isto

2293 3201 2614 3240 careremus
2638 3187 3111 3251 ;etmetuendum
3134 3191 3216 3239 est
3238 3202 3308 3239 ne
3329 3186 3439 3240 hoc
3462 3186 3625 3240 modo
3649 3186 3767 3239 Deus
3783 3180 3887 3234 etiam

2295 3274 2726 3328 malefactorum
2752 3279 3079 3328 nostrorum
3111 3279 3303 3330 auctor
3325 3276 3690 3330 existimetur.
3715 3274 3771 3327 Α.
3791 3268 3887 3322 Nullo

2292 3362 2462 3415 modo
2492 3361 2636 3416 istuc
2691 3362 2990 3418 timueris:
3022 3364 3120 3418 sed
3151 3369 3216 3418 ut
3266 3365 3600 3436 diligentius
3640 3364 3885 3434 requiratur.

2294 3449 2451 3504 aliud
2480 3455 2707 3522 tempus
2738 3453 3079 3507 sumendum
3107 3459 3208 3507 est.
3245 3455 3388 3508 Nam
3438 3455 3561 3508 haec
3589 3445 3883 3507 sermocinatio

2294 3540 2530 3594 modum
2562 3541 2988 3612 terminumque
3013 3542 3134 3613 jam
3164 3543 3490 3610 desiderat;
3530 3561 3639 3614 qua
3664 3539 3796 3594 velim
3816 3549 3884 3587 σὺ

2293 3629 2393 3682 das
2434 3645 2772 3698 magnarum
2821 3630 3260 3702 abditarumque
3289 3647 3488 3686 rerum
3516 3626 3882 3701 inquirendam

2293 3717 2456 3788 quasi
2480 3717 2631 3772 fores
2661 3735 2779 3772 esse
2810 3719 3081 3790 pulsatas.
3126 3720 3190 3773 In
3220 3735 3469 3790 quarum
3517 3715 3789 3791 penetralia
3810 3724 3882 3764 cum

2293 3806 2408 3860 Deo
2437 3805 2576 3860 duce
2605 3807 2796 3860 venire
2826 3807 3187 3878 coeperimus,
3211 3807 3501 3878 judicabis
3533 3807 3756 3879 profecto
3778 3813 3882 3872 qum

2291 3900 2412 3949 tum
2446 3893 2593 3948 inter
2622 3895 2767 3948 hanc
2793 3895 3260 3966 disputationem,
3294 3901 3351 3950 et
3377 3913 3476 3951 eas
3507 3914 3630 3968 quae
3668 3891 3883 3964 sequuntur

2289 3983 2536 4050 intersit,
2570 3989 2966 4055 quantumque
3011 3984 3122 4038 illa:
3162 3990 3436 4056 prastent
3463 3987 3504 4053 ί,
3552 4002 3660 4040 non
3693 3980 3818 4036 modo
3842 3976 3883 4026 in-

2290 4071 2684 4143 vestigationis
2715 4072 3040 4143 sagacitate,
3071 4073 3167 4128 sed
3214 4074 3387 4128 etiam
3432 4074 3712 4145 majestate
3746 4078 3881 4123 rerum.

2291 4165 2347 4214 et
2372 4161 2686 4215 clarissima
2733 4163 2856 4216 luce
2901 4161 3192 4216 veritatis:
3242 4165 3423 4233 pietas
3454 4169 3671 4218 tantum
3712 4156 3880 4212 adsitui

2291 4265 2395 4302 nos
2427 4249 2617 4304 divina
2644 4250 3002 4320 providentia
3028 4267 3257 4305 cursum
3289 4268 3465 4322 quem
3509 4243 3879 4306 instituimus“-

2290 4353 2426 4392 nere
2458 4343 2512 4391 et
2539 4338 2813 4409 perﬁcere
2844 4339 3153 4411 permittat.
3187 4343 3253 4394 Ε.
3278 4340 3428 4396 Cedo
3461 4336 3719 4393 voluntati
3740 4333 3880 4392 tuam1

2291 4425 2342 4478 ei
2374 4441 2559 4480 meam
2583 4426 2802 4496 judicio
2831 4432 2886 4482 et
2910 4433 3037 4483 voto
3068 4428 3445 4483 libentissime
3475 4429 3726 4499 adjungo.

2354 4514 2460 4580 {In
2486 4515 2559 4574 B.,
2595 4514 2706 4580 illa
2715 4519 2974 4578 praestent.
2995 4517 3080 4565 Er.
3104 4517 3269 4580 Lugd.
3290 4518 3421 4566 Ven.
3455 4518 3575 4566 Lov.
3605 4514 3827 4564 lectionem
3841 4517 3880 4549 se

2289 4576 2396 4624 cuti
2423 4590 2626 4626 sumus.
2659 4578 2708 4626 M

487 4671 3880 4703 Μ

1476 4761 2010 4969 PFB-ER.
2085 4766 2990 4969 SECUNDUS:

2053 5140 2430 5154 ——_

484 5255 709 5311 CAPUT
735 5258 1032 5313 PRIMUM.
1061 5287 1127 5297 —
1159 5259 1422 5331 Libertas,
1451 5278 1561 5331 qua
1584 5270 1861 5333 peccatur,
1892 5281 1988 5320 cur
2016 5282 2052 5320 a
2075 5269 2177 5322 Deo

1244 5349 1376 5404 data
1388 5389 1403 5404 .

557 5473 603 5523 t.
636 5472 702 5524 Ε.
734 5471 882 5540 iam,
912 5471 959 5525 si
985 5471 1111 5526 ﬁeri
1140 5477 1342 5544 potest,
1378 5476 1596 5546 explica
1617 5477 1760 5532 mihi
1799 5495 1975 5550 quare
2003 5479 2174 5534 dede-

480 5556 556 5613 rit
586 5560 734 5614 Deus
763 5559 984 5616 homini
1014 5561 1258 5618 liberum
1299 5564 1604 5619 voluntatis
1634 5565 1936 5622 arbitrium
1961 5584 1974 5620 :
2017 5569 2173 5639 quod

2285 5215 2483 5287 utique
2515 5215 2562 5270 si
2588 5233 2702 5272 non
2731 5219 3054 5290 accepisset,
3085 5237 3320 5291 peccare
3351 5237 3468 5276 non
3502 5221 3697 5292 posset.
3725 5215 3784 5268 Α.
3807 5208 3880 5261 1813

2283 5303 2438 5358 enim
2470 5309 2686 5360 certum
2727 5307 2831 5360 tibi
2860 5312 3031 5379 atque
3071 5310 3366 5382 cognitum
3405 5315 3510 5375 est,
3544 5311 3706 5364 Deum
3732 5298 3879 5356 dediss

2281 5393 2505 5447 homini
2535 5395 2662 5464 hoc,
2695 5397 2846 5467 quod
2877 5397 3001 5451 dari
3029 5398 3284 5454 decuisse
3313 5415 3426 5454 non
3457 5394 3659 5470 putas?
3684 5393 3737 5448 Ε.
3758 5391 3879 5453 Οιηη·

2282 5485 2404 5535 tum
2432 5481 2491 5535 in
2523 5484 2789 5552 superior
2817 5485 2963 5540 libro
3012 5487 3331 5559 intelligere
3364 5487 3507 5542 mihi
3542 5485 3678 5539 visus
3700 5493 3816 5536 sum,
3850 5479 3880 5520 θῖ

2279 5568 2557 5625 habemus
2586 5571 2829 5628 liberum
2861 5575 3169 5631 voluntatis
3198 5577 3516 5643 arbitrium,
3546 5579 3598 5629 et
3622 5585 3720 5625 non
3738 5562 3819 5620 nisi
3840 5573 3878 5609 ευ
