4036 6182
202 290 328 344 1241

192 428 511 486 peccamus.
544 411 616 465 A.
651 412 764 483 Ego
794 426 1021 482 quoque
1068 410 1307 466 memini
1353 411 1473 482 jam
1522 412 1686 467 nobis
1718 412 1775 466 id
1804 413 1894 467 fa-

193 508 347 557 ctum
378 517 499 555 esse
530 499 920 571 perspicuum.
975 499 1085 555 Sed
1112 516 1264 554 nunc
1320 500 1670 573 interrogavi
1700 506 1895 556 utrum

192 594 299 647 hoc
325 590 479 663 quod
505 606 610 643 nos
633 589 866 654 habere,
896 589 1114 661 etquod
1142 605 1246 643 nos
1267 605 1497 659 peccare
1525 591 1896 646 manifestum

192 687 293 745 est,
330 681 511 733 Deum
540 676 706 731 nobis
738 676 959 730 dedisse
991 676 1149 730 scias.
1173 679 1239 729 E.
1266 676 1495 731 Nullum
1527 678 1705 732 alium
1735 684 1891 750 puto.

192 769 276 824 Ab
308 768 432 838 ipso
465 766 613 820 enim
667 781 902 832 sumus;
937 769 993 818 et
1046 764 1161 817 sive
1218 770 1538 835 peccantes,
1599 767 1713 820 sive
1745 772 1895 821 recte

193 863 447 929 agentes,
503 855 571 908 ab
629 854 727 907 illo
784 869 1014 924 poenam
1063 868 1353 907 meremur
1402 858 1500 907 aut
1555 855 1885 925 praemium.

190 949 260 1002 A.
292 948 408 1000 Hoc
438 959 671 1015 quoque
700 947 894 996 utrum
925 942 1146 1013 liquido
1172 942 1417 1009 noveris,
1446 958 1519 995 an
1561 943 1896 998 auctoritate

189 1036 507 1091 commotus
540 1030 784 1084 libenter
820 1030 991 1084 etiam
1038 1030 1398 1100 incognitum
1452 1032 1667 1101 credas,
1724 1033 1892 1103 cupio

189 1123 353 1177 scire.
392 1123 457 1177 E.
491 1119 833 1174 Auctoritati
864 1120 1099 1191 quidem
1158 1134 1250 1175 me
1292 1120 1546 1191 primum
1576 1122 1645 1175 de
1675 1122 1780 1176 hac
1832 1138 1895 1177 re

191 1210 499 1266 credidisse
532 1208 829 1261 conﬁrmo.
874 1208 981 1263 Sed
1012 1208 1150 1280 quid
1180 1209 1365 1262 verius
1387 1226 1561 1281 quam
1594 1226 1763 1264 omne
1792 1210 1896 1263 bo-

192 1316 331 1355 num
365 1315 429 1352 ex
459 1299 575 1351 Deo
608 1313 749 1364 esse,
785 1300 839 1349 et
863 1313 1033 1351 omne
1052 1298 1273 1368 justum
1294 1298 1509 1351 bonum
1537 1314 1678 1363 esse,
1700 1302 1753 1351 et
1773 1314 1899 1368 pec-

193 1388 453 1443 cantibus
482 1402 714 1457 poenam
761 1388 1025 1455 recteque
1078 1385 1415 1440 facientibus
1462 1387 1765 1457 prremium
1802 1386 1896 1456 ju-

194 1482 346 1531 stum
379 1493 498 1530 esse
520 1476 548 1529 ?
580 1476 658 1529 Ex
688 1490 801 1544 quo
833 1473 1181 1527 conﬁcitura
1214 1476 1328 1528 Deo
1366 1473 1534 1541 afﬁci,
1564 1478 1618 1528 et
1654 1491 1895 1545 peccan-

194 1570 278 1621 tes
308 1563 554 1630 miseris,
591 1566 645 1617 et
674 1566 823 1616 recte
852 1562 1122 1617 facientes
1151 1562 1445 1617 beatitate.

266 1659 318 1709 2.
351 1655 423 1707 A.
456 1652 613 1707 Nihil
647 1652 847 1705 resisto
884 1668 897 1719 ;
931 1652 1027 1705 sed
1058 1668 1253 1722 quaero
1283 1652 1423 1705 illud
1455 1653 1720 1715 alterum,
1752 1668 1896 1724 quo-

192 1743 368 1797 modo
396 1741 621 1796 noveris
652 1756 755 1794 nos
790 1740 859 1794 ab
890 1740 1011 1810 ipso
1034 1756 1173 1795 esse.
1196 1741 1390 1811 Neque
1412 1740 1568 1793 enim
1597 1742 1704 1795 hoc
1724 1756 1894 1806 nunc,

192 1832 295 1886 sed
326 1831 396 1885 ab
427 1831 550 1901 ipso
576 1846 683 1883 nos
740 1830 827 1882 vel
875 1844 1123 1900 poenam,
1180 1830 1272 1882 vel
1326 1830 1631 1899 praemium
1688 1828 1898 1883 mereri

192 1919 512 1991 explicasti.
542 1922 606 1973 E.
640 1919 754 1971 Hoc
782 1933 1011 1988 quoque
1041 1933 1157 1970 non
1186 1916 1416 1971 aliunde
1446 1916 1610 1971 video
1635 1934 1751 1970 esse
1783 1934 1899 1970 ma-

190 2008 490 2073 nifestum,
524 2006 634 2059 nisi
666 2005 815 2077 quod
838 2006 955 2075 jam
985 2009 1203 2058 constat
1246 2006 1427 2059 Deum
1456 2004 1739 2060 vindicare
1765 2023 1898 2076 pec-

192 2102 337 2151 cata.
372 2095 666 2166 Siquidem
701 2093 769 2147 ab
800 2094 897 2147 illo
933 2098 1017 2147 est
1033 2093 1470 2164 omnisjustitia.
1506 2096 1629 2147 Non
1655 2094 1808 2148 enim
1840 2100 1902 2149 ut

195 2187 437 2257 alicujus
470 2183 837 2238 estbonitatis
852 2182 1052 2235 alienis
1075 2187 1345 2253 praestare
1357 2181 1635 2237 beneﬁcia
1652 2183 1901 2253 itajusti-

193 2276 291 2330 tiae
324 2274 614 2327 vindicare
646 2272 706 2325 in
732 2272 964 2326 alienos.
990 2271 1147 2326 Unde
1172 2270 1541 2325 manifestum
1568 2276 1652 2325 est
1676 2273 1746 2325 ad
1767 2289 1899 2326 eum

193 2380 300 2418 nos
331 2360 923 2433 pertinere,quianon
952 2361 1137 2414 solum
1165 2359 1224 2414 in
1254 2376 1357 2413 nos
1382 2360 1903 2430 benignissimusin

194 2451 548 2525 praestando,
579 2450 673 2503 sed
705 2449 877 2503 etiam
926 2448 1277 2519 justissimus
1330 2450 1390 2502 in
1421 2449 1763 2504 vindicando
1796 2455 1897 2504 est.

196 2541 415 2597 Deinde
448 2556 515 2594 ex
539 2555 605 2592 eo
630 2538 783 2609 quod
813 2554 917 2607 ego
948 2537 1131 2608 posui,
1155 2541 1330 2608 tuque
1344 2538 1687 2604 concessisti,
1723 2555 1892 2593 omne

194 2631 414 2685 bonum
429 2645 492 2682 ex
510 2630 621 2682 Deo
638 2643 777 2692 esse,
803 2626 973 2680 etiam
990 2625 1283 2679 hominem
1298 2643 1361 2680 ex
1386 2627 1497 2679 Deo
1520 2642 1639 2679 esse
1662 2626 1904 2698 intelligi

194 2723 403 2791 potest.
442 2718 624 2771 Homo
647 2716 800 2769 enim
824 2715 944 2785 ipse
967 2715 1025 2767 in
1053 2722 1331 2786 quantum
1363 2716 1535 2769 homo
1557 2719 1639 2769 est
1669 2716 1903 2787 aliquod

194 2810 420 2863 bonum
452 2810 575 2873 est;
607 2806 742 2876 quia
770 2808 919 2858 recte
950 2803 1157 2871 vivere,
1190 2819 1321 2857 cum
1350 2804 1491 2873 vult,
1513 2808 1695 2873 potest
1730 2805 1819 2875 (α).

275 2900 322 2951 3.
357 2896 429 2949 A.
465 2894 636 2947 Plane
664 2893 711 2946 si
738 2893 861 2947 haec
881 2892 961 2945 ita
981 2896 1132 2957 sunt,
1164 2893 1597 2962 solutaquaastio
1629 2898 1711 2946 est
1730 2910 1904 2963 quam

199 2982 573 3056 proposuisti.
609 2981 668 3036 Si
697 2981 851 3035 enim
870 2982 1040 3035 homo
1069 2980 1301 3051 aliquod
1328 2980 1544 3034 bonum
1575 2986 1677 3044 est,
1701 2987 1753 3034 et
1788 2999 1903 3036 non

200 3076 418 3147 posset,
452 3071 563 3124 nisi
595 3086 723 3125 cum
753 3070 942 3136 vellet,
1000 3074 1153 3123 recte
1208 3070 1413 3136 facere,
1470 3070 1666 3124 debuit
1694 3070 1902 3125 habere

202 3163 445 3217 liberam
475 3160 850 3222 voluntatem,
879 3159 1000 3213 sine
1028 3175 1141 3229 qua
1162 3163 1311 3213 recte
1342 3159 1526 3212 facere
1555 3176 1671 3212 non
1692 3165 1899 3230 posset.

203 3252 329 3304 Non
361 3248 517 3302 enim
550 3248 685 3320 quia
722 3264 826 3318 per
849 3247 1008 3301 illam
1038 3248 1210 3301 etiam
1240 3251 1524 3318 peccatur,
1552 3249 1623 3302 ad
1651 3248 1755 3302 hoc
1777 3266 1904 3303 eam

204 3339 387 3392 Deum
422 3336 641 3391 dedisse
656 3335 1005 3389 credendum
1031 3339 1137 3389 est.
1168 3335 1310 3389 Satis
1333 3351 1467 3407 ergo
1488 3352 1671 3390 causae
1702 3340 1784 3389 est
1805 3353 1906 3390 cur

202 3428 328 3482 dari
362 3425 644 3492 debuerit,
683 3424 955 3495 quoniam
983 3423 1104 3478 sine
1135 3423 1234 3477 illa
1266 3425 1439 3478 homo
1469 3429 1619 3479 recte
1650 3442 1765 3479 non
1797 3442 1903 3497 po—

200 3521 313 3571 test
343 3516 553 3569 vivere.
586 3514 671 3568 Ad
700 3514 807 3567 hoc
838 3518 1029 3567 autem
1055 3513 1245 3567 datam
1262 3514 1347 3566 vel
1372 3513 1505 3567 hinc
1524 3513 1771 3585 intelligi
1800 3532 1903 3585 po-

200 3610 325 3672 test,
359 3604 493 3675 quia
524 3603 570 3656 si
603 3603 728 3674 quis
760 3619 825 3656 ea
850 3618 990 3655 usus
1020 3601 1192 3655 fuerit
1237 3602 1304 3655 ad
1358 3602 1728 3672 peccandum,
1762 3602 1901 3656 divi-

197 3692 358 3747 nitus
388 3691 449 3744 in
480 3707 611 3746 eum
640 3690 982 3745 vindicatur.
1018 3690 1181 3755 Quod
1236 3690 1446 3759 injuste
1496 3689 1680 3756 ﬁeret,
1711 3690 1757 3743 si
1787 3708 1901 3744 non

199 3781 388 3834 solum
411 3783 475 3832 ut
505 3783 653 3832 recte
698 3778 1002 3845 viveretur,
1061 3776 1155 3831 sed
1214 3776 1387 3831 etiam
1434 3781 1499 3830 ut
1549 3783 1900 3847 peccaretur,

200 3868 383 3923 libera
415 3872 559 3921 esset
589 3868 852 3921 voluntas
882 3867 1031 3921 data.
1063 3866 1360 3930 Quomodo
1401 3866 1554 3920 enim
1594 3867 1749 3937 juste
1779 3867 1901 3921 vin-

200 3959 490 4013 dicaretur
519 3958 581 4011 in
613 3973 765 4024 eum,
800 3957 901 4029 qui
927 3957 997 4011 ad
1021 3957 1167 4010 hanc
1198 3974 1319 4011 rem
1350 3972 1485 4010 usus
1520 3963 1667 4011 esset
1701 3958 1901 4011 volun-

198 4054 336 4119 tate,
366 4050 437 4103 ad
469 4065 643 4120 quam
672 4064 794 4103 rem
825 4048 956 4101 data
1011 4049 1142 4101 est?
1174 4048 1334 4101 Nunc
1381 4064 1513 4101 vero
1566 4050 1719 4101 Deus
1772 4064 1903 4101 cum

198 4143 531 4211 peccantem
562 4137 749 4208 punit,
779 4136 915 4208 quid
939 4135 1158 4190 videtur
1187 4135 1294 4190 tibi
1348 4135 1502 4189 aliud
1556 4135 1742 4190 dicere
1773 4136 1903 4203 nisi,

198 4229 312 4282 Cur
340 4244 457 4281 non
488 4227 557 4281 ad
593 4242 719 4280 eam
766 4241 889 4280 rem
938 4240 1071 4278 usus
1102 4240 1160 4276 es
1216 4224 1398 4277 libera
1454 4224 1766 4291 voluntate,
1829 4224 1899 4277 ad

201 4332 376 4388 quam
405 4316 507 4370 tibi
556 4332 682 4369 eam
742 4314 892 4384 dedi,
946 4314 1053 4367 hoc
1110 4316 1193 4366 est
1226 4312 1298 4366 ad
1353 4316 1502 4366 recte
1532 4312 1906 4365 faciendum?

199 4405 421 4459 Deinde
452 4405 597 4459 illud
655 4404 896 4473 bonum,
928 4418 1042 4473 quo
1074 4400 1507 4454 commendatur
1536 4400 1659 4470 ipsa
1686 4399 1906 4470 justitia

199 4494 263 4548 in
293 4493 635 4548 damnandis
680 4491 926 4564 peccatis
979 4494 1245 4561 recteque
1308 4489 1469 4544 factis
1528 4488 1899 4556 honorandis,

202 4583 494 4656 quomodo
528 4586 691 4650 esset,
727 4581 773 4635 si
802 4582 976 4635 homo
1003 4582 1219 4634 careret
1271 4578 1448 4632 libero
1478 4578 1785 4632 voluntatis
1814 4594 1904 4631 ar-

200 4672 372 4728 bitrio
394 4674 423 4725 ?
450 4672 575 4726 Non
600 4671 754 4724 enim
786 4674 883 4724 aut
922 4672 1219 4739 peccatum
1277 4671 1439 4735 esset,
1497 4672 1595 4721 aut
1641 4672 1794 4722 recte
1823 4667 1904 4721 fa-

202 4766 381 4827 ctum,
416 4759 568 4831 quod
600 4776 714 4813 non
746 4759 909 4813 ﬁeret
938 4758 1247 4811 voluntate.
1280 4759 1358 4812 Ac
1388 4772 1491 4827 per
1518 4758 1624 4810 hoc
1657 4761 1713 4810 et
1737 4772 1908 4827 poena

202 4850 419 4920 injusta
445 4853 592 4903 esset
621 4854 675 4903 et
715 4846 1041 4919 praemium,
1084 4848 1131 4900 si
1168 4847 1340 4900 homo
1386 4846 1738 4900 voluntatem
1791 4862 1907 4899 non

164 4932 171 4951 ³
204 4939 445 4994 haberet
475 4938 734 4992 liberam.
767 4937 974 4991 Debuit
1001 4941 1193 4990 autem
1241 4940 1297 4990 et
1326 4935 1385 4989 in
1416 4935 1716 5006 supplicio,
1763 4938 1818 4989 et
1847 4935 1906 4989 in

202 5027 447 5099 praemio
463 5043 581 5081 esse
590 5026 839 5097 justitia;
878 5026 1148 5097 quoniam
1174 5025 1281 5079 hoc
1311 5039 1492 5077 unum
1515 5028 1599 5077 est
1626 5024 1906 5077 bonorum

204 5133 337 5189 quae
368 5120 502 5170 sunt
532 5132 595 5169 ex
627 5117 766 5169 Deo.
808 5114 1013 5169 Debuit
1041 5114 1217 5185 igitur
1247 5114 1395 5168 Deus
1424 5113 1557 5167 dare
1587 5112 1807 5166 homini
1837 5113 1905 5166 1i-

204 5205 403 5260 beram
434 5206 808 5259 voluntatem.

205 5295 434 5350 CAPUT
484 5295 553 5346 Ιῐ.
613 5321 676 5331 —
738 5292 973 5359 Objectio
1006 5310 1022 5345 :
1054 5292 1308 5345 Liberum
1364 5291 1677 5355 arbitrium,
1744 5291 1793 5345 si
1834 5290 1907 5345 ad

352 5385 545 5438 bonum
575 5381 765 5434 datum
797 5384 894 5443 est,
920 5380 1179 5448 quomodo
1211 5381 1284 5433 ad
1331 5381 1533 5434 malum
1565 5380 1761 5448 ﬂexile.

278 5474 333 5526 4.
364 5475 426 5527 Ε.
459 5474 582 5526 Jam
606 5469 853 5525 concedo
885 5484 1011 5522 eam
1070 5469 1249 5521 Deum
1289 5469 1527 5524 dedisse.
1572 5468 1679 5524 Sed
1711 5485 1905 5524 nonne

273 5568 346 5630 (α)
377 5568 492 5618 Vid.
524 5569 750 5619 Retract.
781 5566 873 5616 lib.
902 5568 947 5626 1,
980 5579 1092 5630 cap.
1123 5566 1171 5626 9,
1198 5579 1251 5615 n.
1285 5568 1329 5614 3.

1640 288 1851 346 LIBER
1893 288 2271 347 SECUNDUS.

3568 293 3586 343 l
3598 291 3702 346 242

2006 413 2110 468 tibi
2140 413 2386 480 videtur,
2416 427 2609 484 quaeso
2639 416 2715 477 te,
2745 412 2791 466 si
2821 411 2893 467 ad
2919 414 3069 465 recte
3099 410 3426 466 faciendum
3447 411 3576 466 data
3595 416 3703 481 est,

2006 502 2157 574 quod
2193 518 2305 557 non
2334 501 2594 557 debuerit
2614 501 2682 555 ad
2712 501 3066 571 peccandum
3104 516 3270 571 posse
3300 500 3589 553 converti?
3623 500 3703 553 sic

2004 596 2068 645 ut
2096 591 2218 660 ipsa
2244 590 2465 660 justitia
2488 607 2616 662 qum
2648 591 2779 644 data
2810 595 2894 643 est
2922 588 3143 644 homini
3199 588 3268 643 ad
3328 590 3473 643 bene
3504 590 3699 643 viven-

2006 677 2144 732 dum
2179 694 2192 731 :
2226 678 2507 750 numquid
2540 678 2691 731 enim
2722 682 2911 747 potest
2948 676 3232 748 quispiam
3287 693 3391 748 per
3414 676 3700 747 justitiam

2005 782 2167 820 suam
2194 768 2342 820 male
2396 766 2582 820 vivere
2601 767 2628 821 ‘?
2657 766 2745 820 Sic
2801 782 2970 819 nemo
3001 769 3189 836 posset
3218 782 3319 835 per
3350 766 3702 819 voluntatem

2002 872 2255 927 peccare,
2290 856 2335 908 si
2365 857 2630 909 voluntas
2658 856 2786 909 data
2838 858 2985 908 esset
3016 855 3084 907 ad
3142 858 3293 907 recte
3351 854 3695 908 faciendum.

2005 948 2074 1000 A.
2108 945 2353 999 Donabit
2380 944 2609 1015 quidem
2642 946 2811 1010 Deus,
2835 947 2898 997 ut
2928 958 3117 1013 spero,
3149 949 3215 995 ut
3235 942 3340 996 tibi
3364 943 3577 995 valeam
3609 957 3698 994 re-

2004 1034 2307 1104 spondere,
2338 1034 2423 1087 vel
2450 1034 2648 1106 potius
2678 1038 2741 1087 ut
2762 1033 2882 1103 ipse
2912 1032 3015 1087 tibi
3049 1033 3271 1097 eadem,
3303 1048 3430 1103 quae
3478 1045 3703 1083 summa

2006 1123 2264 1177 omnium
2290 1123 2563 1193 magistra
2587 1126 2669 1175 est
2696 1122 2933 1176 veritate
2988 1121 3141 1176 intus
3171 1122 3406 1176 docente
3460 1136 3698 1191 respon-

2007 1211 2158 1266 deas.
2192 1211 2299 1266 Sed
2325 1212 2619 1281 paulisper
2645 1210 2785 1263 mihi
2812 1211 2939 1263 volo
2986 1210 3209 1273 dicas,si
3240 1210 3296 1264 id
3328 1210 3478 1280 quod
3511 1210 3611 1261 abs
3644 1211 3701 1261 te

2007 1300 2403 1373 quaesiveram,
2438 1304 2656 1353 certum
2687 1302 2741 1352 et
2766 1298 3057 1369 cognitum
3087 1302 3265 1363 tenes,
3326 1300 3505 1351 Deum
3536 1296 3700 1350 nobis

2007 1390 2227 1444 dedisse
2250 1389 2487 1443 liberam
2521 1388 2895 1455 voluntatem,
2953 1392 3148 1441 utrum
3198 1390 3456 1456 oporteat
3512 1386 3701 1439 dicere

2007 1479 2131 1535 dari
2162 1494 2279 1531 non
2326 1477 2601 1542 debuisse,
2653 1476 2803 1547 quod
2832 1474 3051 1529 dedisse
3103 1475 3440 1528 conﬁtemur
3498 1475 3698 1528 Deum.

2005 1567 2063 1623 Si
2094 1567 2247 1622 enim
2277 1567 2557 1620 incertum
2585 1570 2669 1619 est
2696 1570 2891 1619 utrum
2924 1562 3160 1628 dederit,
3200 1567 3349 1616 recte
3394 1561 3705 1632 quaerimus

2006 1661 2201 1710 utrum
2232 1657 2374 1709 bene
2405 1655 2476 1707 sit
2499 1654 2645 1719 data,
2680 1657 2743 1706 ut
2772 1669 2900 1705 cum
2930 1651 3317 1705 invenerimus
3347 1651 3491 1703 bene
3515 1650 3705 1703 datam

2007 1762 2148 1814 esse,
2196 1743 2523 1798 inveniatur
2552 1743 2722 1796 etiam
2753 1742 2916 1795 illum
2974 1740 3218 1809 dedisse,
3248 1757 3280 1794 a
3310 1756 3423 1810 quo
3479 1738 3706 1792 homini

2006 1836 2137 1890 data
2168 1837 2299 1887 sunt
2331 1833 2521 1887 omnia
2579 1832 2732 1885 bona
2757 1832 2775 1867 ι
2802 1845 2814 1885 :
2847 1830 2894 1883 si
2924 1833 3114 1883 autem
3147 1828 3534 1882 invenerimus
3590 1842 3707 1881 non

2006 1924 2153 1977 bene
2186 1924 2376 1977 datam
2407 1938 2547 1981 esse,
2565 1936 2679 1975 non
2694 1936 2825 1973 eum
2840 1919 3060 1973 dedisse
3090 1918 3501 1988 intelligamus,
3533 1932 3707 1987 quem

2008 2014 2237 2083 culpare
2269 2011 2428 2064 nefas
2461 2016 2562 2065 est.
2594 2010 2651 2064 Si
2675 2025 2807 2062 vero
2839 2013 3057 2062 certum
3088 2012 3172 2061 est
3212 2006 3366 2077 quod
3396 2006 3516 2076 ipse
3548 2005 3706 2058 illam

2011 2100 2252 2169 dederit,
2280 2104 2502 2171 oportet
2532 2100 2831 2164 fateamur,
2865 2113 3093 2169 quoquo
3124 2096 3292 2150 modo
3326 2095 3457 2149 data
3482 2098 3583 2159 est,
3615 2110 3709 2147 ne-

2011 2208 2122 2263 que
2152 2207 2269 2244 non
2300 2190 2442 2255 dari,
2476 2204 2661 2259 neque
2693 2187 2856 2241 aliter
2884 2187 3005 2240 dari
3062 2202 3189 2239 eam
3244 2184 3501 2238 debuisse
3532 2198 3704 2253 quam

2011 2281 2139 2333 data
2169 2283 2273 2333 est.
2304 2279 2402 2332 Ille
2433 2278 2584 2331 enim
2612 2276 2785 2341 dedit,
2845 2275 3006 2346 cujus
3062 2274 3275 2327 factum
3322 2277 3475 2327 recte
3514 2286 3705 2343 repre-

2010 2368 2186 2422 hendi
2216 2367 2375 2420 nullo
2405 2371 2569 2436 pacto
2598 2370 2803 2435 potest.

2082 2460 2132 2510 5.
2168 2459 2230 2511 E.
2265 2456 2603 2526 Quanquam
2628 2455 2750 2508 hmc
2792 2453 3126 2508 inconcussa
3175 2452 3286 2507 ﬁde
3339 2456 3587 2518 teneam,
3620 2454 3706 2505 ta-

2011 2561 2143 2599 men
2172 2544 2308 2615 quia
2337 2544 2661 2615 cognitione
2701 2543 2954 2597 nondum
3007 2547 3192 2605 teneo,
3251 2542 3329 2595 ita
3383 2557 3709 2611 quaeramus

2012 2635 2172 2707 quasi
2200 2618 2394 2688 omnia
2418 2634 2633 2687 incerta
2660 2632 2790 2685 sint.
2824 2632 2996 2685 Video
3028 2631 3181 2684 enim
3214 2646 3279 2682 ex
3312 2630 3419 2683 hoc
3445 2630 3599 2699 quod
3620 2629 3708 2681 in—

2012 2729 2228 2779 certum
2259 2727 2362 2791 est,
2390 2726 2583 2775 utrum
2620 2722 2689 2775 ad
2718 2724 2867 2774 recte
2899 2720 3223 2773 faciendum
3242 2718 3501 2772 voluntas
3530 2717 3711 2771 libera

2013 2813 2144 2867 data
2167 2813 2259 2877 sit,
2294 2826 2423 2863 cum
2450 2826 2552 2881 per
2580 2810 2736 2863 illam
2769 2808 2942 2862 etiam
2972 2823 3206 2876 peccare
3243 2806 3546 2876 possimus,
3581 2805 3706 2859 ﬁeri

2013 2901 2183 2954 etiam
2213 2900 2355 2954 illud
2386 2899 2691 2964 incertum,
2724 2902 2919 2951 utrum
2967 2896 3089 2950 dari
3143 2894 3422 2949 debuerit.
3458 2893 3516 2948 Si
3548 2892 3704 2946 enim

2011 2989 2292 3044 incertum
2320 2993 2403 3043 est
2434 2989 2503 3043 ad
2548 2992 2695 3041 recte
2747 2985 3071 3041 faciendum
3105 2984 3295 3038 datam
3350 2998 3489 3047 esse,
3526 2981 3708 3035 incer-

2012 3082 2135 3131 tum
2167 3082 2251 3131 est
2276 3076 2445 3131 etiam
2475 3076 2597 3131 dari
2628 3076 2884 3130 debuisse
2913 3092 2925 3129 :
2960 3092 3022 3129 ac
3051 3091 3155 3145 per
3178 3074 3285 3128 hoc
3311 3073 3484 3127 etiam
3513 3075 3709 3125 utrum

2013 3182 2139 3221 eam
2171 3169 2349 3220 Deum
2407 3166 2644 3233 dederit,
2694 3164 2978 3221 incertum
3003 3164 3147 3230 erit;
3182 3162 3318 3235 quia
3346 3162 3391 3215 si
3420 3161 3706 3215 incertum

2013 3259 2097 3309 est
2127 3255 2249 3309 dari
2299 3255 2579 3322 debuisse,
2634 3254 2916 3309 incertum
2971 3258 3054 3307 est
3083 3253 3152 3307 ab
3206 3269 3272 3306 eo
3330 3252 3519 3306 datam
3568 3266 3708 3316 esse,

2014 3361 2185 3416 quem
2215 3344 2372 3398 nefas
2402 3349 2488 3397 est
2516 3345 2747 3399 credere
2776 3344 2991 3398 dedisse
3021 3341 3236 3414 aliquid
3267 3341 3419 3412 quod
3449 3339 3571 3394 dari
3595 3355 3711 3392 non

2013 3433 2225 3488 debuit.
2261 3435 2334 3488 A.
2367 3433 2512 3488 Illud
2545 3434 2746 3487 saltem
2773 3432 2880 3486 tibi
2936 3436 3156 3485 certum
3210 3434 3312 3496 est,
3354 3430 3534 3483 Deum
3567 3442 3706 3480 esse.

2014 3526 2076 3577 E.
2113 3523 2294 3576 Etiam
2308 3523 2412 3576 hoc
2434 3538 2548 3575 non
2594 3521 3058 3592 contemplando,
3082 3520 3182 3574 sed
3205 3518 3489 3573 credendo
3509 3516 3712 3569 incon-

2013 3627 2239 3665 cussum
2268 3617 2454 3665 teneo.
2487 3611 2557 3664 Α.
2591 3611 2648 3665 Si
2669 3611 2795 3681 quis
2833 3626 2968 3679 ergo
2998 3609 3228 3662 illorum
3284 3605 3707 3676 insipientium,

2011 3701 2080 3755 de
2110 3700 2320 3771 quibus
2350 3700 2620 3771 scriptum
2656 3705 2758 3764 est,
2801 3702 2953 3753 Dzlrit
3007 3701 3268 3767 insipiens
3300 3699 3357 3750 in
3395 3695 3551 3750 corde
3588 3710 3704 3760 suo,

2010 3792 2130 3847 Non
2159 3794 2235 3843 est
2266 3792 2404 3843 Deus
2428 3790 2591 3857 (Psal.
2618 3804 2711 3853 Lu,
2758 3788 2828 3858 l),
2861 3788 2968 3841 hoc
3016 3786 3121 3840 tibi
3172 3786 3405 3851 diceret,
3462 3800 3564 3837 nec
3593 3784 3710 3837 vel-

2011 3877 2090 3930 let
2127 3881 2317 3930 tecum
2344 3876 2572 3929 credere
2603 3874 2753 3946 quod
2783 3873 2986 3940 credis,
3020 3872 3117 3925 sed
3148 3885 3485 3943 cognoscere
3513 3872 3709 3923 utrum

2010 3981 2146 4019 vera
2176 3963 2518 4030 credideris;
2559 3963 2988 4033 relinqueresne
3037 3961 3353 4027 hominem,
3401 3976 3481 4013 an
3518 3957 3710 4030 aliquo

2012 4055 2201 4121 modo,
2236 4054 2390 4126 quod
2419 4054 2821 4107 inconcussum
2854 4056 3032 4127 tenes,
3075 4049 3532 4121 persuadendum
3593 4063 3713 4102 esse

2014 4143 2392 4209 arbitrareris;
2422 4141 2743 4213 prazsertim
2774 4141 2821 4193 si
2849 4140 2943 4194 ille
2960 4156 3073 4193 non
3096 4138 3374 4192 obluctari
3401 4136 3709 4206 pervicaci-

2012 4236 2117 4297 ter,
2148 4232 2244 4285 sed
2278 4230 2524 4283 studiose
2554 4229 2613 4283 id
2651 4230 2821 4283 vellet
2875 4225 3228 4300 agnoscere?
3269 4229 3325 4280 E.
3387 4226 3503 4278 Hoc
3555 4225 3711 4293 quod

2013 4318 2283 4373 ultimum
2316 4317 2571 4389 posuisti,
2607 4316 2740 4371 satis
2770 4333 2861 4371 me
2896 4317 3167 4370 admonet
3197 4313 3333 4384 quid
3390 4313 3443 4366 ei
3474 4328 3710 4383 respon-

2013 4407 2146 4463 dere
2174 4407 2462 4461 deberem.
2496 4406 2656 4461 Certe
2686 4404 2841 4459 enim
2881 4403 3139 4476 quamvis
3170 4407 3315 4456 esset
3367 4400 3711 4456 absurdissi-

2014 4511 2162 4562 mus,
2205 4495 2541 4549 concederet
2570 4494 2731 4561 mihi,
2764 4510 2895 4547 cum
2953 4492 3146 4546 doloso
3206 4495 3262 4545 et
3308 4489 3589 4561 pervicaci
3640 4490 3707 4543 de

2014 4586 2171 4640 nulla
2204 4584 2437 4639 omnino
2472 4589 2527 4638 et
2556 4584 2799 4638 maxime
2828 4583 2896 4637 de
2922 4597 2982 4635 re
3015 4584 3188 4646 tanta,
3221 4595 3336 4633 non
3368 4594 3489 4633 esse
3529 4578 3713 4633 disse-

2014 4675 2278 4730 rendum.
2313 4675 2432 4740 Quo
2465 4690 2753 4737 concesso,
2801 4670 2958 4743 prior
2987 4684 3212 4723 mecum
3239 4672 3451 4739 ageret,
3508 4673 3573 4723 ut
3602 4667 3710 4723 sibi

2011 4765 2301 4819 crederem
2330 4764 2481 4818 bono
2513 4763 2705 4817 animo
2727 4775 2857 4813 eum
2884 4759 3029 4812 istuc
3060 4773 3334 4829 quaerere,
3365 4773 3551 4829 neque
3596 4758 3707 4811 ali-

2016 4853 2153 4925 quid
2182 4854 2241 4907 in
2271 4870 2349 4919 se,
2384 4852 2537 4923 quod
2566 4850 2637 4904 ad
2666 4865 2788 4903 rem
2819 4849 2965 4901 hanc
2994 4847 3215 4911 attinet,
3247 4846 3362 4901 doli
3409 4863 3472 4900 ac
3525 4845 3711 4916 pervi-

2015 4943 2181 4996 cacize
2207 4943 2403 4996 latere.
2440 4942 2580 4994 Tum
2626 4955 2731 5009 ego
2785 4938 3261 5002 demonstrarem,
3320 4936 3475 5007 quod
3532 4933 3711 4986 cuivis

2015 5032 2351 5087 facillimum
2382 5035 2545 5101 puto,
2579 5032 2788 5099 quanto
2845 5032 2991 5081 esset
3043 5027 3285 5098 aequius,
3342 5041 3471 5079 cum
3502 5021 3607 5075 sibi
3641 5021 3710 5075 de

2016 5122 2247 5176 occultis
2276 5118 2454 5173 animi
2484 5117 2571 5171 sui
2589 5133 2716 5189 quae
2746 5116 2867 5187 ipse
2897 5122 3105 5181 nosset,
3137 5116 3305 5169 vellet
3332 5114 3576 5167 alterum
3590 5126 3711 5163 cre-

2015 5211 2147 5264 dere
2172 5208 2269 5280 qui
2302 5224 2419 5261 non
2451 5212 2657 5273 nosset,
2692 5209 2753 5259 ut
2782 5205 2954 5259 etiam
2983 5206 3103 5275 ipse
3138 5209 3426 5259 tantorum
3460 5200 3711 5254 virorum

2017 5299 2219 5367 Libris,
2251 5297 2349 5369 qui
2378 5314 2435 5352 se
2465 5314 2595 5351 cum
2624 5296 2762 5351 Filio
2796 5296 2897 5349 Dei
2926 5295 3130 5349 vixisse
3159 5295 3425 5346 testatum
3484 5288 3710 5344 Litteris

2015 5388 2391 5459 reliquerunt,
2420 5403 2539 5441 esse
2572 5389 2749 5441 Deum
2799 5387 3090 5451 crederet;
3152 5382 3286 5453 quia
3317 5384 3373 5433 et
3411 5396 3476 5433 ea
3517 5394 3574 5432 se
3625 5377 3709 5431 vi-

2015 5477 2161 5531 disse
2190 5476 2556 5547 scripserunt,
2617 5492 2743 5547 quae
2796 5476 2953 5529 nullo
3010 5474 3177 5527 modo
3222 5470 3347 5525 ﬁeri
3376 5472 3629 5541 possent,
3665 5468 3713 5522 si

2081 5567 2097 5600 ι
2118 5565 2523 5623 Quatuordecim
2546 5565 2688 5623 Mss.,
2705 5576 2738 5614 α
2756 5576 2862 5628 quo
2876 5566 3067 5614 animas
3080 5560 3213 5612 data
3225 5562 3347 5610 sunt
3360 5559 3541 5610 omnia
3557 5559 3711 5609 bona.
