4008 6184
100 264 240 316 1245

91 390 315 452 autem,
345 388 411 437 ut
447 384 514 437 de
552 384 771 437 caeteris
799 398 1035 449 taceam,
1067 399 1171 439 nec
1200 384 1417 439 colores
1449 385 1669 455 auditu,
1699 402 1804 440 nec

89 491 260 528 voces
286 474 412 527 visu
440 489 603 544 posse
635 472 851 526 sentiri.
890 472 953 525 Et
982 488 1113 526 cum
1144 474 1253 527 hoc
1279 473 1506 535 scimus,
1539 491 1644 529 nec
1671 492 1802 530 ocu-

93 565 186 630 lis,
231 579 337 616 nec
383 562 616 616 auribus
661 562 891 628 scimus,
924 578 1116 632 neque
1162 562 1259 616 illo
1301 578 1476 617 sensu
1509 564 1805 635 interiore,

92 668 214 723 quo
246 666 351 704 nec
380 649 577 704 bestia:
610 654 822 703 carent.
861 650 982 703 Non
1018 650 1173 703 enim
1204 651 1555 707 credendum
1594 658 1680 707 est
1713 669 1806 708 eas

94 756 287 806 nosse,
318 755 421 793 nec
460 739 693 793 auribus
735 737 931 792 sentiri
971 739 1181 805 lucem,
1225 755 1329 793 nec
1360 741 1540 795 oculis
1568 758 1802 809 vocem;

99 828 375 900 quoniam
419 828 525 880 ista
555 826 784 880 nonnisi
812 825 1079 880 rationali
1110 826 1608 884 animadversione
1634 836 1689 884 et
1713 846 1805 884 co-

100 918 381 989 gitatione
413 916 806 970 discernimus.
845 918 908 969 E.
943 916 1067 969 Non
1096 932 1335 986 possum
1366 917 1551 972 dicere
1581 918 1685 973 hoc
1714 935 1807 973 me

98 1008 315 1061 habere
346 1010 695 1076 perceptum.
729 1004 875 1068 Quid
905 1004 952 1057 si
990 1004 1145 1058 enim
1178 1021 1347 1059 sensu
1376 1006 1475 1060 illo
1508 1006 1804 1075 interiore,

100 1112 219 1166 quo
252 1111 343 1148 eas
384 1110 498 1147 non
529 1109 719 1147 carere
747 1093 1030 1159 concedis,
1064 1094 1173 1147 hoc
1211 1110 1441 1166 quoque
1467 1095 1805 1165 dijudicant,

104 1200 211 1237 nec
252 1184 467 1236 colores
496 1182 696 1236 auditu
739 1198 843 1235 nec
874 1181 1009 1247 _visu
1037 1198 1204 1236 voces
1238 1199 1400 1253 posse
1432 1184 1677 1239 sentiri?
1727 1188 1805 1240 .4.

103 1274 255 1326 Num
287 1270 457 1325 etiam
506 1274 672 1340 putas
719 1285 787 1323 ea
839 1286 1000 1340 posse
1050 1271 1394 1338 discernere,
1444 1272 1511 1326 ab
1560 1272 1805 1327 invicem

103 1362 353 1415 colorem
396 1358 495 1430 qui
524 1358 786 1423 sentitur,
822 1363 877 1413 et
917 1375 1146 1413 sensum
1177 1360 1276 1430 qui
1315 1360 1377 1414 in
1406 1362 1570 1414 oculo
1612 1364 1715 1428 est,
1757 1366 1812 1416 et

103 1449 437 1504 interiorem
482 1447 648 1501 illum
678 1463 910 1501 sensum
945 1448 1099 1518 apud
1129 1448 1401 1513 animam,
1436 1453 1493 1503 et
1522 1449 1805 1511 rationem

106 1556 223 1611 qua
256 1538 364 1591 ista
389 1536 723 1608 singillatim
743 1536 1103 1591 definiuntur
1144 1542 1198 1592 et
1224 1538 1666 1593 dinumerantur
1683 1539 1711 1593 ?
1739 1543 1807 1595 E.

106 1628 276 1682 Nullo
308 1626 496 1680 modo.
542 1628 619 1680 .4.
651 1625 795 1690 Quid
818 1625 845 1679 ?
887 1626 993 1680 ista
1021 1626 1167 1680 ratio
1196 1632 1387 1698 posset
1416 1628 1537 1682 haec
1566 1633 1811 1699 quatuor

106 1718 427 1772 discernere
486 1715 554 1769 ab
607 1714 853 1769 invicem
913 1720 970 1769 et
1011 1716 1441 1770 definitionibus
1472 1717 1807 1785 terminare,

106 1808 220 1862 nisi
248 1808 317 1861 ad
347 1822 472 1859 eam
502 1804 812 1859 referretur
832 1810 889 1859 et
917 1806 1074 1859 color
1098 1822 1199 1876 per
1229 1807 1527 1861 oculorum
1556 1823 1808 1873 sensum,

108 1902 165 1952 et
196 1898 314 1968 ipse
361 1912 557 1950 rursus
590 1912 693 1966 per
724 1896 888 1949 illum
919 1895 1255 1950 interiorem
1299 1897 1399 1967 qui
1440 1897 1492 1951 ei
1522 1898 1808 1968 praesidet,

113 1991 169 2042 et
188 1986 339 2041 idem
371 1984 607 2038 interior
624 2000 729 2055 per
749 1984 1018 2054 seipsum,
1054 1984 1100 2037 si
1130 1989 1320 2038 tamen
1336 1986 1457 2054 jam
1488 1985 1631 2038 nihil
1662 1984 1814 2038 aliud

114 2071 514 2142 interpositum
558 2072 677 2125 est?
721 2074 785 2126 E.
822 2072 944 2126 Non
972 2071 1134 2125 video
1163 2072 1451 2143 quomodo
1490 2072 1653 2126 aliter
1682 2088 1811 2142 pos-

114 2166 217 2214 set.
250 2164 325 2214 Α.
360 2160 552 2226 Quid?
598 2161 706 2213 hoc
733 2160 986 2227 videsne,
1027 2177 1197 2214 sensu
1232 2161 1528 2216 oculorum
1559 2162 1811 2215 colorem

117 2250 333 2316 sentiri,
384 2250 651 2303 eumdem
695 2254 888 2303 autem
935 2265 1164 2304 sensum
1217 2251 1421 2304 eodem
1478 2266 1647 2305 sensu
1697 2266 1813 2305 non

117 2339 356 2393 sentiri?
415 2340 541 2392 Non
597 2338 752 2392 enim
810 2354 923 2409 quo
975 2354 1144 2393 sensu
1193 2339 1443 2393 colorem
1492 2340 1668 2409 vides,
1709 2340 1816 2395 hoc

118 2429 322 2482 eodem
365 2427 522 2482 vides
570 2427 741 2481 etiam
779 2428 970 2498 ipsum
1018 2428 1229 2484 videre.
1274 2432 1337 2484 E.
1386 2430 1510 2483 Non
1557 2429 1813 2483 omnino.

118 2521 197 2571 .4.
248 2516 473 2571 Enitere
512 2516 685 2570 etiam
718 2515 823 2569 ista
852 2516 1199 2586 dijudicare:
1244 2532 1380 2570 nam
1412 2517 1580 2571 credo
1613 2521 1668 2570 te
1697 2533 1816 2571 non

114 2621 328 2676 negare
352 2605 506 2659 aliud
532 2606 782 2658 colorem
807 2621 950 2672 esse,
982 2608 1037 2658 et
1055 2604 1213 2659 aliud
1242 2606 1492 2659 colorem
1517 2606 1731 2673 videre,
1763 2610 1819 2660 et

113 2695 258 2748 item
284 2694 435 2748 aliud
452 2694 644 2760 etiam,
668 2710 798 2747 cum
820 2695 974 2747 color
992 2710 1107 2747 non
1129 2694 1566 2760 subest,habere
1588 2711 1817 2749 sensum

114 2800 235 2854 quo
280 2783 461 2836 videri
503 2788 714 2852 posset,
755 2782 800 2835 si
855 2782 1126 2836 subesset.
1176 2785 1241 2836 E.
1292 2783 1559 2836 Discerno
1596 2786 1651 2837 et
1688 2783 1813 2851 ista,

116 2877 181 2925 et
208 2872 354 2925 inter
392 2887 450 2924 se
492 2871 717 2924 differre
779 2870 1046 2924 concedo.
1084 2872 1162 2925 .4.
1206 2871 1353 2924 Num
1391 2872 1597 2925 horum
1642 2870 1818 2925 trium

116 2958 435 3030 quidquam
463 2959 618 3014 vides
649 2959 848 3027 oculis,
886 2959 995 3011 nisi
1029 2960 1316 3012 colorem?
1348 2962 1413 3013 E.
1460 2959 1609 3013 Nihil
1645 2959 1817 3013 aliud.

116 3052 200 3102 .4.
233 3048 332 3102 Dic
362 3065 498 3119 ergo
527 3049 681 3103 unde
710 3048 902 3101 videas
937 3046 1049 3100 alia
1082 3046 1196 3100 duo
1224 3067 1238 3113 ;
1270 3063 1386 3100 non
1418 3048 1571 3101 enim
1608 3065 1675 3102 ea
1705 3064 1819 3102 non

115 3137 238 3192 visa
283 3154 477 3208 posses
521 3138 858 3192 discernere.
903 3138 967 3191 E.
1024 3136 1220 3189 Nescio
1268 3135 1405 3207 quid
1453 3136 1647 3203 aliud;
1700 3153 1819 3190 esse

119 3226 261 3293 scio,
318 3225 464 3281 nihil
523 3224 790 3296 amplius.
846 3227 923 3278 Α.
984 3223 1174 3278 Nescis
1228 3224 1406 3295 igitur
1454 3229 1649 3279 utrum
1698 3227 1819 3296 jam

118 3315 249 3385 ipsa
278 3314 352 3368 sit
378 3313 542 3380 ratio,
576 3330 647 3367 an
677 3313 775 3367 illa
805 3312 918 3367 vita
947 3312 1019 3366 sit
1038 3328 1211 3384 quam
1233 3329 1463 3367 sensum
1489 3313 1819 3368 interiorem

118 3420 390 3458 vocamus
418 3402 841 3474 praecellentem
879 3402 1134 3456 sensibus
1175 3402 1447 3471 corporis,
1480 3418 1555 3456 an
1600 3402 1821 3474 aliquid

122 3492 320 3547 aliud?
370 3494 435 3547 E.
487 3491 703 3546 Nescio.
747 3493 822 3545 Α.
856 3491 1007 3545 Illud
1053 3496 1247 3545 tamen
1294 3492 1420 3558 scis,
1472 3509 1539 3546 ea
1594 3491 1821 3546 definiri

120 3582 236 3637 nisi
264 3580 480 3636 ratione
509 3598 623 3635 non
650 3596 847 3651 posse;
874 3596 1061 3651 neque
1092 3580 1373 3634 rationem
1396 3581 1456 3635 id
1477 3581 1685 3647 facere,
1708 3581 1820 3635 nisi

121 3673 195 3727 de
212 3671 280 3724 iis
302 3687 430 3742 quae
452 3670 559 3724 sibi
588 3669 967 3723 examinanda
992 3669 1336 3724 offeruntur.
1367 3673 1431 3724 E.
1458 3670 1690 3724 Certum
1717 3674 1817 3725 est.

120 3762 200 3814 .4.
238 3758 527 3830 Quidquid
560 3758 737 3829 igitur
767 3762 851 3812 est
878 3758 1033 3812 aliud
1059 3774 1172 3828 quo
1206 3758 1403 3812 sentiri
1432 3763 1619 3829 potest
1650 3776 1822 3814 omne

119 3848 280 3920 quod
311 3848 541 3914 scimus,
583 3847 968 3901 ministerium
999 3847 1235 3901 rationis
1282 3852 1384 3914 est,
1421 3848 1513 3902 cui
1556 3848 1721 3902 offert
1768 3853 1825 3903 et

119 3937 418 3991 renuntiat
459 3936 740 4008 quidquid
792 3936 1040 4007 attingit,
1082 3941 1147 3990 ut
1189 3952 1256 3991 ea
1312 3953 1440 4007 quae
1498 3937 1824 3991 sentiuntur

120 4024 368 4081 discerni
397 4025 512 4079 suis
534 4024 741 4079 ﬁnibus
764 4023 1006 4094 possint,
1030 4029 1086 4079 et
1112 4040 1229 4078 non
1252 4024 1545 4079 sentiendo
1574 4028 1820 4092 tantum,

120 4116 222 4169 sed
250 4114 419 4169 etiam
447 4114 676 4168 sciendo
702 4113 1134 4183 comprehendi.
1166 4117 1236 4168 E.
1276 4114 1357 4167 Ita
1386 4118 1487 4167 est.
1522 4116 1599 4167 .4.
1631 4113 1776 4178 Quid
1796 4113 1823 4167 ?

120 4205 248 4274 ipsa
294 4203 438 4257 ratio
469 4220 596 4274 quas
624 4202 919 4256 ministros
949 4218 1100 4267 suos,
1138 4207 1191 4257 et
1226 4218 1293 4255 ea
1324 4218 1452 4273 quas
1482 4206 1819 4271 suggerunt,

122 4292 398 4346 discernit
449 4292 518 4347 ab
574 4292 839 4353 invicem,
896 4296 955 4344 et
1005 4288 1333 4360 itemrquid
1397 4290 1548 4342 inter
1592 4290 1715 4342 haec
1768 4304 1825 4355 et

122 4380 370 4451 seipsam
402 4379 591 4442 distet,
625 4379 901 4450 agnoscit,
946 4394 1119 4449 seque
1160 4377 1272 4431 illis
1310 4377 1822 4448 praepotentiorem

119 4486 246 4524 esse
277 4469 613 4534 conﬁrmat;
648 4484 786 4522 num
829 4468 942 4521 alia
976 4483 1037 4522 re
1087 4465 1332 4537 seipsam
1374 4465 1483 4519 nisi
1513 4466 1721 4536 seipsa,
1762 4466 1822 4520 id

119 4562 209 4613 est
237 4558 457 4612 ratione
486 4557 920 4629 comprehendit
939 4558 959 4594 ί
978 4558 1006 4611 ?
1036 4573 1109 4611 an
1138 4556 1303 4610 aliter
1331 4555 1502 4609 scires
1530 4559 1585 4610 te
1611 4556 1823 4610 habere

117 4647 424 4713 rationem,
474 4647 584 4701 nisi
650 4647 706 4701 id
761 4646 978 4701 ratione
1031 4644 1351 4716 perciperes
1394 4645 1423 4697 ?
1481 4647 1544 4699 E.
1615 4644 1823 4699 Verisi-

116 4751 286 4791 mum
325 4740 426 4790 est.
470 4738 539 4792 Α.
590 4735 873 4799 Quoniam
912 4751 1048 4806 ergo
1079 4750 1209 4788 cum
1238 4734 1490 4788 colorem
1522 4734 1821 4803 sentimus,

115 4840 244 4879 non
272 4823 472 4879 itidem
511 4840 679 4878 sensu
729 4824 854 4894 ipsa
894 4840 998 4878 nos
1028 4822 1237 4876 sentire
1286 4821 1460 4877 etiam
1506 4822 1819 4889 sentimus;

115 4930 309 4984 neque
339 4930 468 4968 cum
499 4914 765 4969 audimus
795 4928 1023 4980 sonum,
1046 4916 1309 4965 nostrum
1355 4911 1530 4965 etiam
1558 4912 1821 4965 audimus

113 5002 386 5057 auditum
413 5024 427 5069 ;
452 5019 641 5075 neque
668 5019 798 5056 cum
825 5001 1120 5056 olfacimus
1150 5016 1360 5065 rosam,
1385 5001 1502 5054 olet
1526 5000 1692 5053 nobis
1717 5001 1821 5053 ali-

111 5090 263 5163 quid
309 5095 363 5144 et
401 5091 522 5162 ipse
574 5092 844 5157 olfactus;
876 5104 1065 5161 neque
1104 5087 1421 5159 quidquam
1461 5089 1822 5159 gustantibus

111 5179 272 5249 sapit
301 5179 358 5233 in
390 5196 486 5233 ore
516 5180 636 5250 ipse
656 5183 885 5251 gustus;
911 5194 1016 5233 nec
1044 5180 1342 5248 tangentes
1368 5176 1602 5248 aliquid,
1630 5176 1822 5247 ipsum

112 5268 298 5323 etiam
337 5268 611 5340 tangendi
641 5284 868 5323 sensum
915 5283 1218 5338 possumus
1247 5271 1484 5338 tangere
1517 5282 1530 5320 :
1572 5266 1820 5321 manife-

188 5421 202 5453 ι
230 5418 291 5466 In
318 5419 374 5484 B_.
399 5434 409 5466 :
436 5419 705 5484 Animalia
726 5432 782 5484 re
804 5422 1029 5484 seipsam
1049 5422 1155 5484 nisi
1179 5433 1233 5471 se
1254 5423 1371 5481 ipsa
1378 5418 1447 5484 _¢'d
1470 5421 1539 5484 est
1560 5421 1820 5484 rationem

110 5480 533 5593 ἓῗηέιὲζεὴεῦἀίι.
558 5482 708 5532 Hunc
730 5480 905 5532 locum
935 5480 1351 5532 restituimus’ex
1376 5482 1459 5531 Er.
1494 5482 1658 5545 Lugd.
1687 5482 1815 5531 Ven.

112 5558 173 5593 Θῑ
204 5558 328 5592 ιδον.
396 5558 463 5593 Μ.

1540 261 1753 317 LIBER
1794 260 2027 318 SECUN
2040 261 2193 317 DUS.

3490 272 3622 325 1246

1915 390 2067 439 stum
2113 397 2198 439 est
2243 384 2498 456 quinque
2548 385 2687 440 istos
2737 402 2936 440 sensus
2977 389 3134 443 nullo
3187 404 3387 445 eorum
3444 407 3617 446 sensu

1916 490 2078 547 posse
2123 474 2341 539 sentiri,
2392 474 2650 544 quamvis
2711 475 2790 529 eis
2834 478 3149 548 corporalia
3200 495 3443 550 quaeque
3482 497 3613 534 sen-

1915 568 2149 618 tiantur.
2179 567 2246 619 E.
2277 564 2637 618 Manifestum
2669 570 2769 619 est.

1986 672 2209 726 CAPUT
2240 672 2325 725 IV.
2354 700 2422 711 --
2440 672 2639 725 Sensus
2666 673 2892 725 interior
2920 676 3082 737 sentit
3110 677 3289 744 ipsum
3306 676 3506 730 sentire
3531 691 3543 728 :

2492 776 2563 813 an
2593 765 2642 814 et
2670 776 2724 814 se
2750 760 3043 817 discernat.

1992 867 2075 921 l0.
2119 866 2189 921 Α.
2238 866 2501 920 Arbitror
2538 866 2711 920 etiam
2740 866 2880 921 illud
2915 884 3034 922 esse
3069 867 3453 935 manifestum,
3489 887 3618 923 sen-

1918 970 2043 1007 sum
2087 955 2252 1009 illum
2298 954 2635 1009 interiorem
2687 972 2799 1009 non
2843 972 2907 1009 ea
2950 960 3177 1011 tantum
3208 958 3437 1023 sentire,
3486 975 3613 1028 quae

1917 1044 2199 1114 acceperit
2254 1061 2287 1097 a
2341 1044 2596 1115 quinque
2645 1045 2905 1099 sensibus
2955 1046 3223 1115 corporis,
3286 1046 3385 1099 sed
3443 1046 3617 1100 etiam

1917 1134 2070 1205 ipsos
2101 1135 2170 1187 ab
2201 1150 2268 1187 eo
2309 1134 2525 1187 sentiri.
2577 1135 2699 1187 Non
2749 1134 2904 1187 enim
2954 1134 3119 1187 aliter
3160 1135 3337 1188 bestia
3368 1140 3620 1190 moveret

1918 1239 2000 1291 se,
2032 1224 2117 1276 vel
2166 1223 2484 1291 appetendo
2526 1221 2764 1291 aliquid,
2800 1222 2886 1275 vel
2922 1221 3216 1291 fugiendo,
3251 1222 3363 1275 nisi
3394 1239 3450 1276 se
3484 1238 3617 1276 sen-

1917 1312 2023 1366 tire
2052 1310 2323 1375 sentiret;
2358 1326 2473 1363 non
2504 1309 2574 1363 ad
2607 1309 2917 1374 sciendum,
2948 1310 3209 1375 namhoc
3240 1311 3475 1364 rationis
3508 1316 3614 1378 est,

1918 1400 2017 1454 sed
2056 1404 2279 1453 tantum
2314 1398 2385 1451 ad
2435 1398 2803 1461 movendum,
2851 1398 3005 1468 quod
3051 1415 3167 1451 non
3195 1399 3395 1469 utique
3426 1400 3619 1471 aliquo

1919 1488 2151 1541 illorum
2182 1486 2439 1557 quinque
2470 1485 2661 1538 sentit.
2695 1485 2859 1548 Quod
2890 1485 2937 1538 si
2964 1487 3149 1539 adhuc
3178 1487 3481 1541 obscurum
3514 1494 3622 1554 est,

1919 1577 2214 1637 elucescet,
2252 1574 2299 1628 si
2348 1573 2765 1627 animadvertas
2807 1574 2961 1644 quod
3012 1574 3258 1645 exempli
3304 1575 3486 1644 gratia
3541 1580 3626 1630 sat

1920 1669 2004 1719 est
2033 1664 2092 1717 in
2124 1680 2241 1717 uno
2276 1663 2466 1734 aliquo
2496 1680 2686 1729 sensu,
2720 1662 2877 1716 velut
2914 1662 2973 1715 in
3004 1664 3147 1718 visu.
3193 1663 3450 1732 Namque
3487 1680 3623 1732 ape-

1920 1754 2031 1807 rire
2063 1754 2315 1817 oculum,
2347 1757 2403 1805 et
2433 1768 2663 1805 movere
2696 1751 3025 1821 aspiciendo
3060 1752 3129 1805 ad
3163 1751 3220 1804 id
3251 1752 3402 1821 quod
3433 1752 3622 1806 videre

1923 1843 2158 1914 appetit,
2192 1843 2348 1896 nullo
2380 1842 2549 1896 modo
2582 1846 2793 1912 posset,
2835 1841 2945 1893 nisi
2974 1841 3137 1894 oculo
3169 1841 3360 1894 clauso
3390 1841 3477 1893 vel
3507 1856 3626 1893 non

1921 1931 2001 1985 ita
2031 1936 2184 1984 moto
2215 1948 2272 1984 se
2302 1930 2360 1984 id
2392 1947 2507 1984 non
2536 1930 2729 1983 videre
2763 1929 3017 1983 sentiret.
3052 1928 3109 1983 Si
3139 1934 3330 1983 autem
3361 1929 3534 1982 sentit
3564 1945 3622 1982 se

1922 2036 2038 2073 non
2061 2020 2249 2074 videre
2287 2020 2425 2073 dum
2464 2036 2577 2072 non
2608 2018 2780 2084 videt,
2804 2034 3032 2071 necesse
3079 2022 3166 2071 est
3201 2016 3376 2071 etiam
3419 2016 3626 2069 sentiat

1924 2125 1982 2162 se
2008 2108 2200 2162 videre
2232 2108 2369 2161 dum
2407 2107 2592 2173 videt;
2627 2107 2762 2177 quia
2791 2122 2921 2159 cum
2961 2123 3027 2160 eo
3067 2106 3329 2177 appetitu
3357 2122 3472 2159 non
3502 2122 3627 2159 mo-

1923 2201 2016 2251 vet
2055 2198 2284 2250 oculum
2332 2196 2549 2265 videns,
2584 2212 2698 2266 quo
2748 2200 2939 2250 movet
2987 2212 3104 2249 non
3148 2194 3367 2261 videns,
3416 2194 3627 2248 indicat

1925 2303 1982 2339 se
2014 2289 2321 2357 utrumque
2353 2284 2590 2338 sentire.
2629 2284 2736 2350 Sed
2763 2289 2956 2338 utrum
2983 2288 3039 2337 et
3066 2300 3124 2338 se
3154 2284 3337 2355 ipsam
3364 2283 3485 2337 haec
3514 2284 3630 2336 vita

1927 2373 2151 2440 sentiat,
2186 2389 2315 2444 quae
2346 2389 2403 2427 se
2430 2373 2750 2443 corporalia
2781 2372 2993 2427 sentire
3024 2372 3216 2440 sentit,
3254 2388 3370 2425 non
3400 2371 3481 2425 ita
3509 2372 3627 2424 cla-

1926 2479 2056 2517 rum
2086 2466 2189 2529 est,
2209 2462 2321 2516 nisi
2347 2462 2500 2533 quod
2524 2477 2581 2515 se
2616 2461 2857 2532 quisque
2878 2461 3033 2515 intus
3060 2461 3447 2531 interrogans,
3480 2460 3632 2514 inve-

1928 2553 2012 2607 nit
2039 2568 2273 2606 omnem
2316 2567 2439 2605 rem
2477 2550 2761 2604 viventem
2791 2551 2991 2620 fugere
3022 2554 3263 2603 mortem
3291 2566 3304 2616 ;
3341 2567 3471 2621 quae
3501 2566 3631 2603 cum

1926 2639 2000 2693 sit
2040 2640 2171 2693 vitae
2212 2639 2514 2705 contraria,
2557 2654 2783 2691 necesse
2815 2642 2897 2691 est
2928 2643 2991 2691 ut
3033 2638 3149 2691 vita
3179 2639 3351 2692 etiam
3383 2639 3629 2708 seipsam

1927 2728 2152 2793 sentiat,
2168 2744 2296 2797 qua:
2317 2726 2667 2780 contrarium
2690 2742 2857 2779 suum
2874 2726 3039 2796 fugit.
3058 2726 3219 2791 Quod
3242 2726 3287 2778 si
3310 2726 3493 2780 adhuc
3510 2743 3626 2779 non

1927 2816 2128 2886 liquet,
2152 2815 2473 2884 omittatur,
2499 2820 2565 2869 ut
2586 2832 2702 2868 non
2723 2814 2975 2868 nitamur
2995 2814 3063 2868 ad
3088 2814 3144 2867 id
3170 2814 3319 2883 quod
3342 2816 3627 2879 volumus,

1929 2904 2038 2956 nisi
2068 2904 2234 2957 certis
2273 2903 2700 2974 manifestisque
2735 2901 3112 2956 documentis.
3146 2901 3437 2955 Manifesta
3473 2902 3627 2954 enim

1929 2996 2082 3060 sunt,
2103 3008 2274 3045 sensu
2288 2991 2543 3062 corporis
2563 2991 2763 3045 sentiri
2784 2990 3125 3062 corporalia;
3148 2990 3415 3044 eumdem
3436 2995 3631 3043 autem

1929 3097 2157 3135 sensum
2202 3081 2305 3135 hoc
2349 3082 2550 3136 eodem
2591 3097 2758 3134 sensu
2797 3097 2915 3134 non
2964 3096 3126 3150 posse
3166 3078 3404 3145 sentiri;
3462 3094 3633 3133 sensu

1929 3174 2120 3223 autem
2143 3169 2411 3223 interiore
2433 3174 2490 3224 et
2511 3169 2831 3239 corporalia
2846 3184 2949 3239 per
2970 3184 3203 3221 sensum
3224 3167 3478 3237 corporis
3496 3182 3626 3221 sen-

1929 3257 2045 3325 tiri,
2078 3262 2135 3313 et
2184 3258 2374 3329 ipsum
2404 3259 2656 3329 corporis
2687 3274 2956 3312 sensum:
2990 3256 3212 3311 ratione
3245 3272 3376 3309 vero
3422 3261 3478 3310 et
3526 3255 3624 3309 illa

1930 3346 2143 3415 omnia,
2168 3353 2223 3402 et
2243 3349 2504 3403 eamdem
2526 3348 2708 3418 ipsam
2729 3352 2926 3402 notam
2950 3347 3096 3415 ﬁeri,
3120 3352 3177 3401 et
3198 3345 3434 3399 scientia
3454 3344 3635 3399 conti-

1929 3435 2057 3489 neri
2086 3452 2098 3489 :
2133 3453 2205 3490 an
2234 3437 2337 3490 tibi
2370 3454 2484 3491 non
2513 3437 2738 3491 videtur
2758 3438 2786 3490 ?
2813 3440 2876 3491 E.
2917 3436 3147 3489 Videtur
3178 3451 3338 3491 sane.
3379 3437 3456 3488 Α.
3490 3437 3632 3504 Age,

1932 3539 2083 3578 nunc
2113 3526 2391 3595 responde
2416 3526 2566 3579 unde
2597 3525 2668 3579 sit
2699 3525 2960 3596 quaestio,
2995 3525 3065 3578 ad
3092 3524 3252 3593 cujus
3284 3522 3632 3577 solutionem

1931 3612 2229 3683 pervenire
2268 3614 2581 3684 cupientes,
2632 3614 2754 3684 jam
2801 3614 2898 3667 diu
2934 3613 3103 3667 istam
3143 3612 3417 3666 molimur
3461 3610 3633 3665 viam.

1933 3737 2155 3792 CAPUT
2183 3738 2243 3792 V.
2273 3766 2343 3777 —
2372 3738 2567 3793 Sensus
2596 3738 2824 3790 interior
2848 3741 3077 3806 praestat
3103 3738 3340 3791 externis
3369 3735 3634 3805 sensibus,

2305 3842 2533 3896 quorum
2563 3830 2640 3880 est
2668 3825 2974 3880 moderator
3002 3829 3052 3879 et
3074 3825 3271 3895 judew.

2007 3937 2089 3988 ll.
2126 3937 2190 3988 E.
2216 3933 2507 3998 Quantum
2540 3931 2777 3986 memini
2796 3932 2973 3987 trium
2994 3932 3225 3987 illarum
3251 3932 3637 4004 quaestionum

1932 4039 2074 4094 quas
2095 4024 2265 4094 paulo
2296 4026 2426 4076 ante
2457 4021 2531 4075 ad
2567 4021 2987 4076 contexendum
3012 4021 3274 4076 ordinem
3305 4022 3475 4092 hujus
3515 4021 3638 4076 dis-

1930 4111 2244 4182 putationis
2266 4111 2581 4182 posuimus,
2602 4126 2754 4163 nunc
2771 4110 2960 4180 prima
2978 4120 3254 4171 versatur,
3280 4110 3334 4163 id
3358 4114 3462 4176 est,
3488 4116 3627 4180 quo-

1932 4201 2102 4254 modo
2145 4200 2509 4254 manifestum
2550 4198 2676 4253 ﬁeri
2725 4198 2925 4267 possit,
2962 4196 3220 4268 quamvis
3268 4196 3627 4250 tenacissime

1932 4289 2370 4359 ﬁrmissimeque
2411 4287 2756 4341 credendum
2805 4286 2898 4354 sit,
2945 4286 3125 4339 Deum
3168 4300 3308 4338 esse.
3343 4285 3414 4337 A.
3460 4285 3628 4337 Recte

1932 4377 2039 4431 hoc
2066 4382 2263 4440 tenes;
2307 4375 2406 4429 sed
2452 4374 2625 4428 etiam
2654 4374 2795 4428 illud
2826 4373 3133 4443 diligenter
3166 4376 3355 4426 tenere
3389 4375 3444 4425 te
3482 4372 3637 4439 volo,

1931 4481 2061 4519 cum
2092 4464 2160 4519 de
2190 4464 2372 4535 teipso
2403 4479 2723 4535 quaererem
2753 4468 2951 4517 utrum
2982 4465 3035 4514 te
3068 4477 3189 4515 esse
3233 4459 3478 4526 noveris,
3509 4475 3627 4514 non

1932 4556 2116 4609 solum
2142 4556 2269 4621 hoc,
2302 4553 2399 4607 sed
2429 4553 2603 4607 etiam
2633 4553 2744 4607 alia
2776 4553 2887 4606 duo
2920 4550 3082 4604 nobis
3112 4549 3441 4619 apparuisse
3474 4549 3631 4621 quod

1930 4646 2171 4698 noveris.
2207 4647 2270 4699 E.
2317 4643 2381 4698 Id
2427 4659 2656 4714 quoque
2694 4646 2880 4695 teneo.
2918 4641 2990 4693 Α.
3029 4640 3189 4693 Nunc
3226 4654 3363 4708 ergo
3397 4638 3519 4693 vide
3555 4639 3627 4694 ad

1929 4750 2103 4805 quam
2133 4749 2254 4787 rem
2297 4733 2535 4786 istarum
2575 4730 2751 4784 trium
2799 4726 3086 4797 intelligas
3122 4728 3409 4797 pertinere
3462 4743 3632 4782 omne

1931 4822 2082 4892 quod
2120 4820 2370 4892 corporis
2400 4834 2601 4873 sensus
2648 4816 2916 4885 attingit;
2951 4815 3009 4869 id
3048 4819 3153 4882 est,
3186 4815 3245 4868 in
3281 4832 3394 4887 quo
3438 4832 3633 4870 rerum

1932 4927 2141 4981 genere
2180 4911 2283 4966 tibi
2323 4907 2657 4980 ponendum
2694 4906 2969 4971 videatur,
3004 4904 3289 4976 quidquid
3320 4906 3404 4959 vel
3435 4906 3625 4959 oculo-

1932 5016 2081 5067 rum,
2114 5001 2202 5055 vel
2246 4999 2357 5053 alio
2404 4996 2664 5069 quolibet
2704 4994 2959 5065 corporis
3008 4995 3389 5049 instrumento
3433 4998 3633 5046 noster

1930 5105 2128 5143 sensus
2164 5087 2427 5156 attingit:
2461 5090 2657 5139 utrum
2693 5085 2753 5139 in
2785 5100 2853 5138 eo
2887 5085 3042 5155 quod
3072 5088 3296 5139 tantum
3329 5087 3430 5147 est,
3466 5096 3538 5134 an
3570 5080 3632 5133 in

1931 5196 1997 5233 eo
2032 5177 2184 5249 quod
2215 5176 2384 5230 etiam
2433 5173 2591 5240 vivit,
2627 5190 2698 5228 an
2739 5174 2799 5227 in
2849 5190 2915 5227 eo
2947 5174 3103 5244 quod
3133 5173 3302 5225 etiam
3336 5168 3630 5238 intelligit.

1930 5271 1994 5323 E.
2025 5269 2088 5321 In
2118 5282 2183 5320 eo
2233 5264 2385 5335 quod
2416 5268 2641 5317 tantum
2672 5268 2774 5317 est.
2828 5264 2901 5318 Α.
2951 5262 3139 5327 Quid?
3178 5259 3363 5328 ipsum
3408 5272 3635 5309 sensum

1930 5357 1988 5410 in
2022 5372 2134 5427 quo
2176 5369 2385 5424 genere
2424 5352 2601 5406 trium
2642 5353 2851 5407 horum
2901 5367 3022 5405 esse
3064 5348 3302 5402 censes?
3340 5348 3406 5399 E.
3458 5346 3521 5397 In
3569 5360 3635 5397 eo

1930 5445 2082 5517 quod
2112 5442 2265 5497 vivit.
2290 5444 2358 5497 A.
2388 5441 2535 5507 Quid
2565 5442 2742 5515 igitur
2771 5443 2992 5496 horum
3020 5438 3264 5515 duorum
3295 5432 3499 5488 melius
3519 5448 3637 5487 esse

1923 5530 2184 5603 judicas?
2219 5546 2449 5586 sensum
2484 5530 2695 5601 ipsum,
2740 5546 2812 5585 an
2844 5527 2997 5600 quod
3030 5540 3228 5580 sensus
3252 5521 3529 5593 attingit?
3564 5525 3628 5577 E.
