4008 6184
377 242 510 295 1247

373 363 620 419 Sensum
664 358 897 414 scilicet.
925 359 998 413 Α.
1030 357 1262 422 Quare?
1305 359 1372 412 E.
1421 354 1564 420 Quia
1623 354 1830 410 melius
1881 358 1967 409 est
2007 353 2069 409 id

378 451 535 524 quod
565 449 736 504 etiam
761 447 916 514 vivit,
947 463 1120 518 quam
1152 446 1210 500 id
1242 445 1394 516 quod
1423 449 1648 499 tantum
1679 449 1780 500 est.

456 543 539 594 l2.
578 540 646 593 Α.
683 537 826 601 Quid
848 536 1058 590 ‘Pillum
1091 551 1318 589 sensum
1347 534 1700 601 interiorem,
1741 549 1912 604 quem
1941 532 2065 604 qui-

384 629 514 684 dem
544 627 692 682 infra
718 626 1018 691 rationem,
1050 629 1104 677 et
1131 624 1314 677 adhuc
1343 623 1510 678 nobis
1539 639 1906 676 communem
1940 639 2071 676 cum

381 717 577 772 bestiis
602 716 863 786 superius
895 697 1310 784 indagavimus,
1343 711 1700 766 dubitabisne
1719 712 1852 766 huic
1880 711 2072 766 sensui

380 821 714 878 praaponere
747 820 860 874 quo
903 819 1110 873 corpus
1143 802 1495 872 attingimus,
1530 805 1586 855 et
1617 817 1786 872 quem
1812 802 1930 871 jam
1962 800 2071 872 ipsi

379 893 598 964 corpori
626 893 1079 962 prazponendum
1100 890 1469 961 essejdixisti?
1499 893 1559 944 E.
1591 890 1756 944 Nullo
1788 890 1956 944 modo
1974 890 2073 944 du-

373 983 692 1038 bitaverim.
725 983 796 1035 Α.
830 981 1009 1035 Etiam
1039 982 1151 1035 hoc
1183 997 1285 1034 cur
1315 996 1428 1033 non
1457 979 1700 1046 dubites,
1729 981 1858 1033 volo
1891 979 1988 1032 abs
2017 983 2072 1033 te

379 1071 596 1126 audire.
632 1071 753 1125 Non
795 1070 948 1124 enim
988 1070 1205 1140 poteris
1236 1069 1423 1124 dicere
1463 1070 1614 1122 hunc
1654 1085 1882 1122 sensum
1932 1068 2074 1122 inte-

377 1161 589 1215 riorem
622 1160 743 1231 jam
785 1160 845 1213 in
885 1176 950 1213 eo
985 1176 1192 1231 genere
1236 1159 1412 1214 trium
1443 1159 1668 1211 illorum
1707 1174 1825 1212 esse
1854 1174 2071 1228 ponen-

379 1251 538 1318 dum,
570 1250 720 1321 quod
761 1249 935 1302 etiam
978 1248 1263 1318 intelligit,
1299 1248 1398 1301 sed
1427 1248 1611 1300 adhuc
1643 1246 1702 1300 in
1731 1263 1796 1300 eo
1838 1248 1985 1318 quod
2019 1251 2074 1301 et

380 1343 464 1393 est
493 1343 551 1392 et
579 1338 734 1406 vivit,
767 1337 988 1391 etiamsi
1019 1336 1312 1390 intellectu
1339 1341 1490 1390 caret
1515 1352 1526 1389 :
1559 1335 1665 1389 iste
1695 1334 1844 1388 enim
1877 1351 2074 1390 sensus

310 1464 312 1466 τ
381 1427 528 1482 inest
577 1430 632 1480 et
669 1425 885 1488 bestiis,
933 1424 1141 1496 quibus
1195 1425 1516 1478 intellectus
1569 1440 1683 1477 non
1735 1423 1898 1478 inest.
1936 1424 2074 1488 Quae

384 1533 515 1570 cum
541 1515 619 1568 ita
645 1514 778 1576 sint,
807 1530 1000 1584 quaero
1030 1530 1130 1567 cur
1157 1529 1458 1585 praeponas
1478 1529 1706 1566 sensum
1739 1513 2074 1568 interiorem

383 1603 516 1658 huic
541 1603 730 1656 sensui
753 1619 863 1672 quo
895 1601 1207 1672 corporalia
1229 1601 1568 1668 sentiuntur,
1590 1617 1718 1655 cum
1741 1601 1812 1656 sit
1835 1605 2074 1672 uterque

387 1692 447 1746 in
469 1708 535 1744 eo
562 1707 770 1762 genere
800 1691 949 1760 quod
973 1690 1126 1743 vivit.
1152 1689 1391 1744 Sensum
1415 1695 1608 1744 autem
1635 1689 1805 1743 istum
1835 1691 1934 1760 qui
1955 1707 2076 1744 cor-

385 1794 528 1849 pora
558 1777 807 1848 attingit,
857 1777 984 1831 ideo
1031 1776 1394 1847 praeposuisti
1425 1775 1779 1847 corporibus,
1811 1777 1945 1847 quia
1976 1778 2074 1831 illa

385 1871 515 1921 sunt
545 1865 604 1920 in
659 1881 724 1920 eo
762 1882 971 1937 genere
1015 1867 1170 1937 quod
1199 1869 1421 1919 tantum
1461 1870 1562 1932 est,
1595 1864 1698 1919 iste
1738 1881 1868 1920 vero
1918 1866 1974 1920 in
2005 1883 2071 1920 eo

385 1955 538 2026 quod
571 1955 739 2008 etiam
771 1954 945 2008 vivit:
993 1955 1051 2008 in
1091 1971 1202 2026 quo
1233 1971 1362 2008 cum
1402 1958 1458 2008 et
1495 1954 1590 2008 ille
1629 1954 1871 2009 interior
1908 1971 2074 2026 repe-

378 2043 578 2110 riatur,
623 2061 724 2097 cur
779 2060 911 2098 eum
957 2045 1254 2098 meliorem
1299 2049 1465 2115 putes
1507 2044 1596 2098 dic
1626 2045 1790 2098 mihi.
1833 2045 1887 2098 Si
1919 2045 2072 2099 enim

384 2133 612 2200 dixeris,
663 2132 798 2203 quia
841 2133 934 2186 ille
963 2133 1134 2186 istum
1180 2132 1371 2199 sentit,
1419 2149 1532 2186 non
1562 2138 1618 2186 te
1660 2133 1828 2187 credo
1874 2133 2072 2187 inven-

382 2227 578 2277 turum
611 2222 868 2292 regulam
900 2238 1011 2292 qua
1040 2222 1214 2293 ﬁgere
1244 2220 1528 2292 possimus
1549 2220 1591 2288 ¹,
1625 2237 1794 2274 omne
1825 2221 2073 2274 sentiens

383 2311 587 2366 melius
615 2327 735 2365 esse
765 2327 938 2381 quam
964 2310 1022 2364 id
1057 2310 1208 2380 quod
1239 2310 1308 2364 ab
1335 2327 1400 2365 eo
1421 2310 1693 2380 Isentitur,
1721 2327 1790 2363 ne
1822 2309 2073 2364 fortassis

383 2416 452 2454 ex
475 2400 583 2454 hoc
599 2399 770 2453 etiam
803 2415 1076 2469 cogamur
1095 2397 1300 2465 dicere,
1333 2415 1501 2452 omne
1522 2398 1845 2469 intelligens
1871 2399 2074 2453 melius

385 2505 506 2543 esse
550 2504 721 2558 quam
756 2487 812 2542 id
857 2487 1012 2558 quod
1043 2487 1112 2540 ab
1152 2503 1218 2541 eo
1251 2487 1608 2558 intelligitur.
1645 2489 1756 2542 Hoc
1787 2488 1941 2542 enim
1971 2488 2074 2541 fal-

385 2593 510 2631 sum
549 2580 670 2643 est;
703 2575 838 2646 quia
867 2576 1040 2629 homo
1071 2574 1339 2644 intelligit
1367 2575 1726 2644 sapientiam,
1763 2581 1817 2629 et
1849 2593 1961 2630 non
1992 2581 2078 2630 est

387 2663 591 2717 melior
639 2679 812 2734 quam
863 2663 986 2734 ipsa
1031 2661 1329 2732 sapientia.
1374 2663 1752 2727 Quamobrem
1793 2663 1918 2719 vide
1963 2681 2077 2735 qua

384 2767 552 2805 causa
580 2751 682 2805 tibi
725 2752 906 2805 visum
955 2751 1044 2818 sit,
1078 2767 1304 2804 sensum
1345 2750 1680 2805 interiorem
1726 2752 1859 2806 huic
1887 2753 2076 2806 sensui

385 2857 496 2911 quo
555 2839 831 2893 sentimus
877 2855 1136 2910 corpora,
1187 2856 1307 2893 esse
1356 2840 1797 2910 praeferendum.
1837 2844 1894 2896 E.
1936 2841 2077 2905 Quia

380 2929 802 2983 moderatorem
849 2932 906 2982 et
931 2928 1183 2998 judicem
1215 2929 1523 3000 quemdam
1553 2929 1724 3000 hujus
1756 2930 1919 2984 illum
1958 2947 2076 2985 esse

381 3034 682 3088 cognosco.
717 3018 859 3070 Nam
881 3023 936 3071 et
964 3016 1008 3070 si
1040 3018 1178 3088 quid
1205 3017 1336 3071 huic
1367 3017 1424 3070 in
1457 3017 1642 3072 ofﬁcio
1673 3035 1774 3073 suo
1808 3019 2074 3087 defuerit,

380 3107 477 3162 ille
520 3110 791 3176 tanquam
820 3105 1077 3160 debitum
1105 3124 1138 3160 a
1175 3106 1436 3161 ministro
1463 3108 1701 3178 ﬂagitat,
1734 3107 1878 3161 sicut
1907 3107 2076 3178 paulo

382 3199 515 3250 ante
547 3195 901 3264 disputatum
928 3199 1030 3248 est.
1063 3196 1186 3249 Non
1213 3196 1367 3250 enim
1396 3212 1454 3249 se
1487 3196 1691 3263 videre,
1725 3199 1824 3249 aut
1845 3212 1963 3249 non
1994 3195 2076 3248 vi-

383 3283 516 3338 dere
547 3298 746 3336 sensus
777 3283 926 3336 oculi
954 3283 1128 3351 videt,
1155 3288 1210 3337 et
1238 3284 1372 3354 quia
1403 3301 1514 3337 non
1544 3285 1714 3349 videt,
1747 3301 1860 3338 non
1891 3289 2078 3354 potest

383 3371 524 3444 quid
545 3371 652 3426 sibi
680 3371 846 3436 desit,
881 3375 980 3426 aut
1005 3371 1141 3442 quid
1171 3372 1306 3425 satis
1335 3372 1408 3426 sit
1429 3373 1718 3442 judicare;
1753 3373 1850 3426 sed
1882 3373 1976 3428 ille
1995 3374 2077 3428 in-

381 3460 576 3527 terior,
597 3475 711 3531 quo
733 3461 1079 3515 admonetur
1106 3464 1160 3515 et
1176 3461 1366 3515 anima
1384 3461 1582 3516 bestiae
1603 3464 1824 3533 aperire
1849 3463 2076 3517 oculum

384 3550 660 3617 clausum,
693 3553 750 3604 et
787 3549 940 3621 quod
979 3551 1171 3604 deesse
1205 3551 1377 3605 sentit
1409 3551 1668 3622 implere.
1698 3552 1854 3607 Nulli
1884 3557 2077 3608 autem

385 3639 620 3698 dubium
656 3643 739 3692 est
777 3655 908 3693 eum
959 3639 1057 3710 qui
1080 3639 1322 3710 judicat,
1364 3656 1430 3694 eo
1473 3641 1540 3694 de
1571 3657 1684 3712 quo
1708 3641 1929 3712 judicat
1958 3657 2078 3696 esse

385 3729 705 3782 meliorem.
738 3729 809 3782 Α.
848 3728 1042 3783 Cernis
1085 3745 1220 3799 ergo
1258 3729 1430 3783 istum
1461 3729 1632 3783 etiam
1665 3730 1920 3801 corporis
1950 3747 2078 3784 sen-

386 3833 515 3870 sum
544 3817 614 3869 de
654 3817 990 3886 corporibus
1016 3817 1441 3887 quodammodo
1467 3819 1722 3890 judicare
1742 3823 1770 3875 ?
1799 3819 1885 3874 Ad
1915 3820 2080 3874 illum

385 3903 541 3958 enim
587 3903 836 3973 pertinet
863 3906 1126 3975 voluptas
1169 3910 1225 3958 et
1264 3907 1440 3970 dolor,
1479 3922 1610 3960 cum
1639 3909 1727 3961 vel
1756 3908 1963 3962 leniter
1991 3909 2081 3962 vel

385 4006 582 4060 aspere
610 4006 846 4061 corpore
876 3991 1197 4063 attingitur.
1223 3994 1362 4047 Nam
1393 3994 1536 4048 sicut
1561 3995 1654 4048 ille
1684 3995 1924 4050 interior
1943 3995 2082 4066 quid

387 4078 534 4134 desit
560 4079 647 4133 vel
679 4078 815 4133 satis
863 4079 934 4134 sit
982 4081 1275 4136 oculorum
1321 4083 1511 4137 sensui
1541 4083 1790 4154 judicat;
1842 4084 1920 4138 sic
1959 4084 2080 4154 ipse

385 4185 585 4224 sensus
623 4170 918 4225 oculorum
960 4171 1099 4242 quid
1146 4171 1290 4226 desit
1318 4171 1360 4239 ³,
1407 4173 1492 4227 vel
1523 4173 1658 4228 satis
1699 4173 1768 4228 sit
1797 4173 2080 4228 coloribus

377 4259 618 4330 judicat.
653 4261 795 4315 Item
819 4260 961 4315 sicut
991 4260 1086 4316 ille
1117 4262 1355 4316 interior
1383 4263 1451 4318 de
1481 4263 1678 4318 auditu
1708 4268 1900 4317 nostro
1925 4263 2079 4334 judi-

390 4354 501 4417 cat,
531 4354 722 4404 utrum
743 4350 936 4404 minus
959 4367 1030 4405 an
1054 4351 1400 4407 sufﬁcienter
1422 4352 1677 4407 intentus
1696 4351 1800 4420 sit;
1832 4352 1910 4406 sic
1923 4353 2079 4422 judi-

389 4444 479 4495 cat
500 4440 726 4495 auditus
742 4440 865 4511 ipse
887 4441 956 4496 de
981 4441 1228 4511 vocibus,
1252 4441 1388 4514 quid
1415 4459 1610 4497 earum
1633 4442 1839 4497 leniter
1856 4442 2077 4508 inﬂuat,

390 4534 489 4584 aut
518 4546 714 4600 aspere
738 4535 1078 4602 perstrepat.
1105 4533 1229 4586 Non
1261 4547 1489 4586 necesse
1510 4536 1596 4586 est
1621 4537 1855 4586 cwtcros
1884 4547 2082 4586 sensus

390 4617 645 4687 corporis
672 4618 971 4690 persequi:
989 4619 1112 4690 jam
1135 4620 1306 4687 enim,
1339 4624 1404 4674 ut
1431 4620 1656 4690 opinor,
1681 4618 2082 4673 animadvertis

391 4705 529 4775 quid
555 4706 722 4759 velim
746 4707 951 4774 dicere,
981 4708 1059 4762 ita
1081 4710 1294 4764 scilicet
1312 4725 1541 4763 sensum
1570 4708 1734 4762 illum
1752 4707 2083 4761 interiorem

394 4793 462 4847 de
487 4793 608 4846 istis
643 4796 900 4864 corporis
929 4798 1184 4852 sensibus
1207 4798 1486 4869 judicare,
1519 4813 1648 4851 cum
1679 4787 1877 4850 eerum
1909 4800 1962 4849 et
1992 4795 2083 4849 ino

388 4881 713 4953 tegritatem
734 4887 958 4954 probat,
983 4892 1038 4941 et
1060 4887 1314 4942 debitum
1336 4888 1572 4956 ﬂagitat,
1602 4885 2084 4958 quemadmodum

393 4978 451 5028 et
480 4971 591 5043 ipsi
627 4975 882 5043 corporis
913 4991 1109 5029 sensus
1155 4977 1224 5031 de
1263 4977 1598 5047 corporibus
1621 4974 1899 5046 judicent,
1933 4990 2084 5027 assu-

396 5067 617 5118 mentes
658 5062 717 5116 in
757 5062 840 5117 eis
888 5064 1074 5118 lenem
1117 5069 1350 5129 tactum,
1389 5065 1822 5136 rejicientesque
1861 5067 2083 5116 contra-

404 5153 573 5208 rium.
608 5156 674 5209 E.
707 5153 888 5208 Cerno
918 5169 1074 5222 sane,
1107 5159 1164 5209 et
1191 5155 1480 5209 verissima
1508 5171 1627 5210 esse
1659 5153 1965 5208 consentio.

451 5333 470 5403 ξ
499 5331 654 5403 gditj.
687 5332 1085 5403 Rgg‘ulam‘qtta
1111 5328 1270 5403 ﬁdere
1291 5335 1584 5403 possimus.
1615 5333 1758 5403 Mss,
1785 5329 1958 5403 ﬁgere.

450 5396 471 5429 ³
499 5394 692 5458 Regius
723 5389 896 5444 Codex
926 5389 1260 5458 aliiqueduo
1287 5389 1359 5442 sic
1389 5395 1620 5444 habent:
1654 5389 1793 5458 Nam
1825 5389 1960 5442 sicut
1989 5389 2083 5458 ille

384 5452 613 5508 interici-
625 5458 688 5506 de
700 5462 820 5508 visu
839 5452 1451 5520 nostro'judicatulrum
1475 5458 1650 5508 minus
1660 5457 1824 5516 clare,
1847 5468 1916 5506 an
1937 5452 2085 5520 sufﬁ-

384 5521 592 5571 cienter
625 5521 795 5571 videat
820 5536 832 5583 ;
855 5520 932 5571 sic
953 5523 1110 5571 visus
1136 5522 1247 5583 ipse
1271 5519 1398 5583 quid
1422 5519 1566 5570 desit.

1469 233 1562 288 DE
1603 230 1864 287 LIBERO
1902 230 2261 296 ARBITRIO,
2306 228 2358 284 S.
2403 224 2788 284 AUGUSTINI

3763 227 3893 280 1248

2182 354 2403 410 CAPUT
2441 352 2532 406 VI.
2576 379 2643 391 —
2671 351 2832 405 Ratio
2879 350 3082 404 ceteris
3114 351 3172 402 in
3220 349 3431 403 homine
3473 351 3745 418 praestat;
3791 363 3901 416 qua

2513 422 2528 436 Ι
2568 442 2618 495 si
2649 439 2784 509 quid
2807 441 3184 508 praestantius,
3221 441 3360 492 Deus
3389 442 3488 492 est.

2258 533 2340 586 l3.
2373 531 2448 585 A.
2479 529 2720 584 Attende
2745 529 2868 599 jam
2898 533 3090 582 utrum
3120 527 3268 581 ratio
3299 527 3476 580 etiam
3509 527 3585 580 de
3617 526 3740 579 hoc
3767 526 3903 579 inte

2182 620 2332 675 riore
2360 635 2527 673 sensu
2547 617 2782 689 judicet.
2817 618 2942 671 Jam
2974 616 3126 670 enim
3157 632 3274 670 non
3301 631 3506 686 quaero
3539 619 3758 668 utrum
3785 630 3908 668 eam

2185 709 2480 765 meliorem
2511 708 2610 761 illo
2641 722 2760 760 esse
2800 705 3045 772 dubites,
3078 705 3212 776 quia
3237 721 3352 758 non
3383 704 3598 758 dubito
3635 703 3702 756 id
3734 709 3794 756 te
3822 705 3908 772 ju-

2183 799 2370 853 dicare
2397 814 2408 852 :
2435 812 2767 868 quanquam
2802 811 2873 849 ne
2896 795 2954 849 id
2979 795 3208 865 quidem
3224 795 3346 864 jam
3373 793 3786 865 quaerendum
3811 809 3909 863 pu-

2181 892 2319 954 tem,
2346 891 2540 942 utrum
2570 886 2638 939 de
2669 884 2777 938 isto
2809 900 2979 938 sensu
3004 883 3220 954 judicet
3242 884 3410 936 ratio.
3444 883 3732 952 Namque
3756 881 3823 934 in

2183 977 2321 1048 ipsis
2352 992 2483 1047 quae
2513 974 2664 1028 infra
2695 989 2822 1028 eam
2872 977 3023 1039 sunt,
3058 972 3111 1026 id
3153 977 3237 1025 est
3266 971 3325 1025 in
3364 970 3732 1040 corporibus
3773 974 3832 1023 et
3860 970 3908 1022 in

2185 1066 2445 1121 sensibus
2487 1062 2744 1134 corporis
2787 1066 2843 1116 et
2887 1061 2993 1115 isio
3036 1061 3307 1115 interiore
3353 1076 3555 1124 sensu,
3607 1059 3907 1129 quomodo

2183 1155 2257 1210 sit
2281 1153 2439 1209 aliud
2459 1153 2570 1207 alio
2597 1151 2822 1218 melius,
2846 1156 2903 1205 et
2925 1143 3098 1221 quain
3127 1151 3198 1203 sit
3220 1149 3330 1203 illis
3347 1148 3748 1219 praestantior
3771 1149 3909 1217 ipsa,

2185 1260 2314 1315 quae
2334 1242 2586 1308 tandem,
2614 1241 2724 1295 nisi
2752 1241 2872 1311 ipsa
2897 1239 3226 1294 renuntiat?
3249 1238 3402 1309 quod
3424 1237 3713 1308 profecto
3757 1237 3909 1289 nulio

2185 1333 2357 1388 modo
2384 1336 2594 1402 posset,
2623 1330 2733 1384 nisi
2752 1331 2820 1384 de
2851 1329 2940 1384 his
2959 1329 3082 1399 ipsa
3105 1327 3406 1398 judicaret.
3426 1330 3500 1382 E.
3528 1325 3909 1381 Manifestum

2185 1427 2287 1496 est.
2319 1423 2390 1477 A.
2424 1421 2566 1476 Cum
2593 1436 2730 1490 ergo
2762 1435 2888 1474 eam
2916 1424 3179 1473 naturam
3209 1433 3340 1487 quae
3379 1420 3627 1470 tantum
3671 1420 3785 1480 est,
3818 1431 3909 1468 nec

2183 1511 2319 1565 vivit
2349 1526 2454 1564 nec
2483 1509 2773 1580 intelligit,
2809 1507 2972 1562 sicuti
2995 1512 3080 1561 est
3108 1522 3312 1576 corpus
3346 1504 3663 1568 exanime,
3699 1520 3906 1573 praece-

2185 1601 2280 1656 dat
2314 1617 2381 1654 ea
2418 1604 2621 1654 natura
2657 1614 2786 1668 quae
2831 1614 2948 1652 non
2977 1601 3200 1650 tantum
3233 1599 3339 1662 est,
3389 1593 3489 1647 sed
3525 1593 3727 1647 etiam
3761 1593 3906 1650 vivit.

2181 1707 2287 1745 nec
2318 1687 2606 1758 intelligit,
2638 1687 2804 1741 sicuti
2849 1690 2934 1740 est
2979 1685 3170 1739 anima
3214 1683 3539 1738 bestiarum
3568 1703 3587 1749 ;
3623 1686 3690 1736 et
3721 1697 3908 1735 rusus

2181 1780 2328 1834 hanc
2357 1777 2640 1849 prmcedat
2666 1793 2732 1831 ea
2761 1792 2890 1848 qua:
2918 1775 3088 1829 simul
3121 1778 3177 1827 et
3206 1777 3293 1827 est
3321 1777 3382 1827 et
3409 1771 3559 1825 vivit
3593 1774 3662 1825 et
3702 1771 3907 1824 intelli-

2182 1868 2285 1939 git,
2318 1867 2463 1922 sicut
2491 1866 2549 1920 in
2578 1865 2814 1920 homine
2851 1879 3012 1918 mens
3041 1861 3380 1929 rationalis;
3413 1876 3570 1914 num
3607 1859 3908 1914 arbitraris

2181 1956 2243 2010 in
2273 1955 2458 2022 nobis,
2489 1955 2545 2008 id
2569 1959 2653 2008 est
2679 1953 2739 2006 in
2766 1953 2835 2006 iis
2861 1951 3066 2024 quibus
3096 1956 3300 2005 natura
3328 1954 3536 2004 nostra
3577 1949 3909 2018 completur

2185 2049 2247 2099 ut
2275 2044 2537 2099 homines
2557 2042 2753 2102 simus,
2786 2041 3004 2112 aliquid
3026 2040 3266 2094 inveniri
3297 2056 3462 2110 posse
3495 2040 3905 2109 praestantius,

2183 2149 2358 2204 quam
2393 2133 2500 2186 hoc
2527 2131 2676 2202 quod
2728 2130 2791 2184 in
2838 2129 2927 2184 his
2959 2129 3142 2184 tribus
3181 2129 3349 2182 tertio
3390 2129 3523 2181 loco
3555 2125 3906 2198 posuimus?

2187 2225 2330 2278 Nam
2362 2227 2420 2277 et
2451 2237 2658 2291 corpus
2687 2237 2792 2274 nos
2823 2221 3035 2274 habere
3067 2217 3438 2273 manifestum
3469 2221 3588 2282 est,
3636 2219 3701 2268 et
3741 2220 3907 2274 vitam

2185 2313 2494 2385 quamdam
2536 2327 2648 2382 qua
2677 2311 2866 2380 ipsum
2899 2325 3104 2380 corpus
3133 2307 3422 2362 animatur
3455 2311 3651 2378 atque
3684 2313 3907 2380 vegeta-

2184 2405 2298 2466 tur,
2331 2416 2457 2470 quae
2488 2398 2599 2452 duo
2627 2398 2799 2452 etiam
2827 2397 2889 2451 in
2917 2396 3113 2451 bestiis
3145 2396 3537 2466 agnoscimus,
3574 2403 3643 2451 et
3675 2398 3906 2452 tertium

2185 2487 2456 2559 quiddam
2485 2485 2648 2556 quasi
2683 2485 2890 2540 animae
2929 2489 3140 2539 nostra:
3170 2488 3340 2554 caput
3369 2488 3473 2538 aut
3503 2487 3788 2552 oculum,
3820 2490 3906 2537 aut

2186 2575 2233 2629 si
2253 2576 2390 2647 quid
2413 2575 2818 2644 congruentius
2846 2574 2914 2628 de
2938 2573 3159 2627 ratione
3179 2577 3347 2643 atque
3368 2572 3787 2643 intelligentia
3809 2575 3906 2627 dici

2185 2669 2391 2736 potest,
2426 2679 2598 2735 quam
2620 2679 2736 2716 non
2755 2662 2927 2716 habet
2947 2665 3148 2715 natura
3169 2660 3506 2715 bestiarum.
3536 2662 3748 2725 Quare
3772 2663 3906 2725 vide,

2187 2754 2442 2821 obsecro,
2493 2757 2688 2806 utrum
2725 2749 2946 2822 aliquid
2990 2749 3243 2803 invenire
3284 2749 3488 2818 possis,
3538 2751 3716 2820 quod
3757 2753 3830 2804 sit
3859 2751 3906 2802 in

2187 2847 2392 2896 natura
2430 2840 2684 2895 hominis
2714 2839 2935 2894 ratione
2975 2837 3293 2893 sublimius.
3341 2841 3407 2892 E.
3446 2837 3617 2892 Nihil
3674 2839 3904 2894 omnino

2187 2931 2392 2986 melius
2425 2929 2604 2984 video.

2263 3021 2346 3074 14.
2402 3019 2473 3073 Α.
2511 3016 2662 3082 Quid
2687 3017 2733 3070 si
2764 3015 2978 3088 aliquid
3024 3015 3279 3070 invenire
3325 3016 3741 3086 potuerimus,
3765 3017 3902 3088 quoi

2187 3125 2302 3163 non
2334 3109 2517 3163 solum
2570 3124 2690 3163 esse
2737 3123 2855 3161 non
2887 3106 3132 3169 dubites,
3180 3106 3276 3160 sed
3323 3106 3504 3161 etiam
3546 3108 3688 3177 ipsa
3719 3115 3902 3165 nostra

2188 3198 2407 3253 ratione
2451 3195 2866 3268 praestantius?
2901 3195 3258 3250 dubitabisne
3290 3196 3433 3250 illud
3462 3198 3775 3267 quidquid
3811 3205 3898 3262 est,

2189 3288 2370 3342 Deum
2395 3286 2580 3340 dicere
2599 3288 2627 3339 ?
2651 3289 2716 3342 E.
2753 3286 2876 3339 Non
2905 3285 3199 3351 continuo,
3227 3285 3274 3338 si
3304 3285 3444 3356 quid
3473 3287 3707 3341 melius
3741 3304 3900 3358 quam

2187 3376 2244 3431 id
2272 3376 2424 3447 quod
2446 3375 2506 3428 in
2527 3391 2656 3430 mea
2677 3378 2882 3428 natura
2901 3373 3184 3444 optimum
3205 3378 3310 3442 est,
3336 3373 3610 3430 invenire
3645 3383 3896 3447 potuere,

2190 3467 2371 3520 Deum
2400 3481 2519 3519 esse
2550 3463 2810 3519 dixerim.
2841 3463 2964 3517 Non
2993 3463 3148 3516 enim
3176 3462 3321 3516 mihi
3350 3463 3546 3532 placet
3581 3465 3779 3520 Deum
3815 3482 3898 3534 ap-

2186 3555 2423 3626 pellare,
2450 3570 2564 3625 quo
2587 3569 2714 3606 mea
2737 3552 2882 3606 ratio
2913 3556 2997 3606 est
3025 3552 3279 3617 inferior,
3309 3552 3406 3606 sed
3433 3569 3558 3623 quo
3595 3556 3802 3608 nullus
3827 3561 3897 3608 est

2189 3642 2474 3714 superior.
2513 3643 2585 3696 A.
2616 3643 2699 3695 Ita
2728 3641 2937 3711 plane:
2984 3657 3116 3694 nam
3165 3640 3284 3711 ipse
3333 3641 3470 3695 huic
3531 3646 3659 3698 tum
3705 3644 3894 3698 rationi

2191 3733 2364 3798 dedit,
2402 3736 2515 3786 tam
2560 3731 2628 3785 de
2659 3747 2717 3784 se
2748 3730 2840 3800 pie
2869 3745 3112 3800 vereque
3153 3729 3384 3783 sentire.
3417 3729 3560 3797 Sed,
3593 3748 3802 3802 quaeso
3833 3741 3894 3799 te,

2191 3822 2238 3876 si
2267 3837 2386 3875 non
2409 3819 2692 3874 inveneris
2721 3835 2840 3873 esse
2867 3819 3082 3890 aliquid
3105 3835 3274 3889 supra
3297 3823 3562 3873 nostram
3587 3822 3890 3884 rationem,

2189 3911 2301 3965 nisi
2329 3909 2484 3981 quod
2513 3913 2793 3964 aeternum
2823 3912 2996 3978 atque
3025 3907 3501 3962 incommutabile
3535 3914 3649 3972 est,
3684 3912 3892 3965 dubita-

2187 3999 2350 4055 bisne
2382 4000 2536 4054 hunc
2565 4000 2742 4052 Deum
2789 3996 2974 4052 dicere
2996 3995 3023 4048 Ῡ
3055 3997 3196 4050 Nam
3221 4000 3278 4050 et
3307 4012 3555 4066 corpora
3601 3999 3894 4054 mutabilia

2191 4105 2312 4143 esse
2342 4087 2670 4158 cognoscis;
2704 4090 2760 4140 et
2780 4086 2962 4157 ipsam
2992 4085 3162 4138 vitam
3198 4101 3312 4156 qua
3340 4101 3554 4156 corpus
3585 4088 3892 4152 animatur,

2188 4195 2292 4249 per
2313 4178 2543 4232 affectus
2563 4174 3142 4247 varioslmutabilitate
3161 4190 3279 4228 non
3301 4189 3494 4228 carere
3529 4177 3894 4230 manifestum

2190 4272 2308 4334 est;
2358 4270 2414 4321 et
2442 4266 2566 4336 ipsa
2593 4265 2738 4319 ratio
2767 4280 2894 4319 cum
2931 4263 3097 4319 modo
3139 4263 3209 4317 ad
3241 4279 3440 4318 verum
3468 4266 3793 4333 pervenire
3819 4268 3894 4319 ni-

2189 4356 2348 4420 titur,
2384 4355 2554 4409 modo
2602 4370 2718 4409 non
2760 4353 2985 4421 nititur,
3023 4358 3081 4407 et
3127 4352 3439 4424 aliquando
3471 4357 3775 4422 pervenit,
3809 4356 3895 4408 ali-

2191 4445 2418 4517 quando
2448 4460 2564 4498 non
2591 4442 2866 4514 pervenit,
2897 4441 3188 4496 mutabilis
3219 4457 3339 4495 esse
3371 4441 3638 4511 profecto
3675 4446 3894 4498 convino

2191 4535 2358 4588 citur.
2409 4533 2546 4597 Quae
2587 4533 2635 4586 si
2679 4533 2837 4587 nullo
2881 4531 3137 4586 adhibito
3181 4530 3435 4600 corporis
3487 4530 3892 4590 instrumento.

2192 4638 2379 4694 neque
2401 4638 2503 4692 per
2531 4626 2766 4687 tactum,
2795 4637 2980 4691 neque
3005 4636 3108 4690 per
3136 4624 3451 4688 gustatum,
3475 4635 3680 4691 neque
3710 4640 3816 4693 per
3833 4624 3894 4676 oi-

2191 4713 2426 4777 factum,
2458 4727 2644 4781 neque
2689 4726 2792 4781 per
2829 4725 3014 4775 aures,
3059 4721 3246 4779 neque
3293 4724 3396 4778 per
3436 4709 3665 4777 oculos,
3725 4726 3894 4782 neque

2192 4816 2296 4871 per
2319 4800 2499 4853 ullum
2525 4813 2758 4852 sensum
2783 4813 2842 4851 se
2869 4796 3224 4863 inferiorem,
3255 4795 3351 4850 sed
3377 4811 3481 4864 per
3512 4797 3780 4866 seipsam
3803 4815 3895 4853 cer-

2194 4890 2281 4943 nit
2330 4892 2609 4942 asternum
2669 4886 2885 4957 aliquid
2943 4890 2997 4940 et
3057 4884 3551 4951 incommutabile,
3614 4888 3802 4943 simul
3853 4893 3896 4941 et

2195 4978 2439 5050 seipsam
2466 4974 2821 5042 inferiorem,
2845 4979 2900 5030 et
2927 4975 3089 5028 illum
3115 4979 3343 5045 oportet
3367 4975 3551 5028 Deum
3582 4991 3767 5032 suum
3794 4993 3895 5031 esse

2193 5069 2456 5123 fateatur.
2492 5069 2554 5120 E.
2593 5067 2755 5118 Hunc
2784 5065 2957 5135 plane
2996 5063 3217 5119 fatebor
3248 5065 3448 5130 Deum,
3481 5079 3602 5133 quo
3632 5066 3792 5121 nihil
3824 5082 3900 5120 su-

2193 5157 2389 5230 perius
2419 5172 2539 5211 esse
2569 5154 2904 5209 constiterit.
2937 5155 3008 5208 A.
3045 5155 3191 5208 Bene
3221 5153 3428 5207 habet:
3463 5168 3603 5206 nam
3633 5157 3789 5210 mihi
3823 5173 3897 5210 sa~

2194 5249 2266 5302 tis
2313 5246 2422 5300 erit
2469 5244 2771 5300 ostendere
2804 5259 2924 5297 esse
2972 5241 3188 5313 aliquid
3220 5241 3579 5310 hujusmodi,
3616 5245 3782 5312 quod
3815 5247 3898 5298 aut

2195 5335 2462 5392 fateberis
2515 5336 2695 5388 Deum
2741 5349 2883 5399 esse,
2935 5337 3032 5386 aut
3065 5331 3112 5384 si
3143 5329 3356 5401 aliquid
3396 5345 3575 5398 supra
3611 5337 3728 5398 est,
3778 5347 3899 5387 eum

2197 5426 2387 5496 ipsum
2419 5427 2599 5478 Deum
2646 5439 2765 5476 esse
2795 5421 3086 5476 concedes.
3120 5421 3303 5485 Quare
3334 5418 3450 5472 sive
3483 5435 3664 5489 supra
3701 5421 3775 5475 sit
3805 5420 3898 5474 ali-

2195 5515 2355 5587 quid,
2403 5514 2518 5569 sive
2548 5529 2664 5568 non
2707 5511 2800 5580 sit,
2832 5510 3201 5566 manifestum
3229 5508 3339 5564 erit
3375 5509 3562 5563 Deum
3593 5525 3744 5579 esse,
3778 5527 3896 5565 cum
