4008 6184
110 322 141 371 1
162 321 277 373 249

105 458 267 512 ego,
302 439 460 511 quod
487 436 746 509 promisi,
789 452 909 492 esse
947 453 1120 508 supra
1147 437 1447 504 rationem,
1481 440 1677 495 eodem
1708 441 1833 511 ipso

108 531 444 601 adjuvante
477 532 885 582 monstravere.
919 530 983 583 E.
1017 529 1349 583 Demonstra
1378 545 1513 600 ergo
1541 532 1695 602 quod
1719 532 1837 601 pol-

108 618 348 671 liceris.

112 706 368 761 CAPUT
398 707 511 759 VII.
541 735 609 746 —-
641 705 913 771 Quomodo
933 705 1074 759 idem
1094 708 1362 760 sentiatur
1382 722 1415 760 a
1434 708 1620 761 multis
1642 708 1839 776 quidve

352 800 542 863 totum,
572 795 708 863 quid
736 810 840 849 non
870 799 1037 849 totum
1065 800 1115 848 et
1143 798 1360 850 simula
1387 798 1638 863 singulis.

212 888 302 938 15.
334 884 406 938 Α.
438 883 691 937 Faciam:
726 884 822 938 sed
848 884 1006 953 prius
1036 900 1232 955 quaero
1261 889 1455 938 utrum
1489 900 1685 938 sensus
1719 900 1837 938 cor-

114 972 296 1045 poris
326 988 488 1026 meus
517 972 667 1026 idem
716 972 787 1026 sit
836 973 935 1043 qui
966 977 1117 1039 tuus,
1153 989 1226 1026 an
1268 990 1399 1027 vero
1431 990 1592 1027 meus
1623 990 1738 1027 non
1769 974 1839 1027 sit

114 1063 249 1117 nisi
281 1078 464 1129 meus,
497 1066 552 1115 et
582 1066 712 1115 tuus
749 1077 865 1115 non
897 1062 968 1115 sit
998 1062 1106 1115 nisi
1147 1067 1304 1129 tuus;
1349 1062 1503 1133 quod
1536 1062 1581 1115 si
1611 1078 1727 1115 non
1758 1061 1838 1115 ita

116 1154 304 1217 esset,
362 1167 479 1203 non
516 1166 745 1220 possem
782 1166 886 1221 per
933 1152 1126 1205 oculos
1172 1168 1331 1205 meos
1370 1151 1561 1205 videre
1594 1150 1834 1221 aliquid,

115 1240 295 1311 quod
325 1244 387 1293 tu
416 1255 531 1293 non
576 1239 815 1292 videres.
870 1241 934 1293 E.
983 1240 1242 1293 Concedo
1288 1254 1541 1311 prorsus,
1577 1238 1837 1310 quamvis

119 1329 398 1399 ejusdem
433 1328 679 1398 generis,
723 1332 917 1382 tamen
949 1328 1204 1397 singulos
1235 1345 1336 1383 nos
1374 1329 1583 1382 habere
1610 1344 1830 1394 sensus,

116 1418 385 1479 videndi,
419 1419 505 1472 vel
537 1417 827 1481 audiendi,
860 1417 947 1470 vel
976 1417 1263 1488 quoslibet
1302 1417 1441 1470 alios
1472 1421 1834 1471 caeterorum.

125 1509 261 1561 Non
293 1506 445 1561 enim
477 1508 663 1560 solum
707 1505 921 1572 videre,
955 1506 1050 1560 sed
1079 1506 1249 1560 etiam
1283 1506 1481 1560 audire
1515 1509 1700 1576 potest
1727 1504 1835 1557 ali-

125 1596 266 1667 quis
296 1596 599 1649 hominum
625 1595 779 1665 quod
806 1594 949 1648 alius
969 1586 1329 1663 non'audiat,
1361 1598 1416 1649 et
1435 1594 1592 1649 aliud
1621 1593 1837 1665 aliquid

124 1686 396 1757 quolibet
423 1685 533 1738 alio
566 1700 734 1739 sensu
776 1685 1079 1755 quisquam
1121 1685 1331 1738 sentire
1361 1685 1516 1755 quod
1548 1684 1691 1739 alius
1720 1700 1838 1737 non

123 1773 364 1826 sentiat.
401 1773 557 1827 Unde
597 1772 963 1827 manifestum
994 1777 1077 1827 est
1107 1778 1163 1827 et
1195 1779 1355 1827 tuum
1387 1772 1620 1827 nonnisi
1650 1778 1834 1839 tuum,

124 1866 189 1915 et
222 1877 416 1915 meum
464 1877 697 1915 sensum
746 1877 861 1914 non
895 1877 1017 1915 esse
1048 1861 1159 1915 nisi
1187 1877 1402 1915 meum.
1433 1864 1505 1915 A.
1541 1863 1653 1915 Hoc
1682 1861 1838 1915 idem

120 1951 506 2021 respondebis
534 1952 603 2004 de
633 1950 731 2003 illo
764 1950 937 2004 etiam
968 1967 1139 2005 sensu
1177 1950 1485 2005 interiore?
1514 1966 1587 2004 an
1617 1950 1835 2021 aliquid

121 2040 334 2093 aliud?
362 2042 427 2093 E.
464 2039 614 2094 Nihil
642 2055 775 2092 sane
806 2039 979 2093 aliud.
1011 2042 1150 2093 Nam
1173 2044 1229 2093 et
1258 2040 1353 2093 ille
1374 2039 1573 2110 utique
1606 2054 1836 2093 sensum

120 2146 330 2183 meum
379 2129 549 2182 sentit
597 2145 779 2195 meus,
813 2133 868 2182 et
896 2134 1059 2183 tuum
1092 2127 1263 2182 sentit
1291 2133 1422 2182 tuus
1471 2144 1484 2181 :
1533 2144 1667 2181 nam
1710 2128 1836 2181 ideo

122 2217 477 2287 plerumque
514 2216 839 2287 interrogor
868 2216 937 2270 ab
961 2233 1025 2271 eo
1056 2217 1157 2287 qui
1185 2217 1405 2287 aliquid
1434 2217 1607 2287 videt,
1642 2221 1836 2270 utrum

126 2306 244 2359 hoc
275 2305 448 2359 etiam
479 2321 583 2375 ego
622 2305 871 2375 videam,
917 2306 1051 2377 quia
1098 2322 1204 2377 ego
1250 2323 1343 2360 me
1374 2307 1561 2361 videre
1593 2310 1692 2359 aut
1720 2321 1837 2358 non

130 2394 330 2448 videre
360 2395 563 2461 sentio,
597 2411 714 2448 non
735 2395 829 2448 ille
857 2396 956 2466 qui
986 2395 1320 2466 interrogat.
1348 2397 1419 2450 A.
1446 2395 1627 2459 Quid?
1649 2394 1836 2464 ipsam

130 2483 424 2537 rationem
467 2499 658 2537 nonne
699 2484 1095 2556 unusquisque
1130 2489 1391 2539 nostrum
1420 2485 1591 2539 habet
1634 2483 1836 2537 suam?

130 2572 605 2644 quandoquidem
634 2572 759 2627 fieri
790 2578 976 2645 potest
1016 2578 1082 2629 ut
1112 2591 1216 2646 ego
1248 2574 1464 2645 aliquid
1490 2573 1831 2643 intelligam,

130 2677 270 2715 cum
320 2666 380 2715 tu
435 2661 491 2716 id
540 2678 656 2715 non
701 2663 1002 2733 intelligis;
1052 2679 1158 2716 nec
1198 2667 1394 2717 utrum
1422 2662 1741 2732 intelligam
1771 2665 1833 2714 tu

134 2750 284 2804 scire
334 2751 535 2821 possis,
586 2768 689 2822 ego
735 2757 926 2806 autem
978 2752 1169 2807 sciam.
1228 2756 1293 2807 E.
1354 2752 1712 2806 Manifestum
1751 2753 1836 2804 est

130 2839 312 2892 etiam
360 2839 661 2894 rationales
707 2844 926 2895 mentes
968 2840 1221 2911 singulos
1270 2856 1526 2911 quosque
1573 2842 1835 2893 nostrum

130 2926 390 2998 singulas
421 2928 651 2983 habere.

213 3020 294 3070 l6.
328 3018 399 3072 Α.
436 3018 581 3071 Num
614 3018 785 3071 etiam
819 3018 1030 3087 poteris
1059 3018 1247 3072 dicere
1270 3017 1529 3087 singulos
1557 3017 1703 3071 soles
1732 3032 1834 3070 nos

130 3105 344 3159 habere
376 3122 517 3177 quos
567 3106 848 3171 videmus,
896 3112 992 3160 aut
1028 3107 1209 3173 lunas,
1270 3110 1369 3160 aut
1422 3106 1705 3172 luciferos,
1739 3110 1837 3160 aut

133 3200 339 3249 cmtera
381 3196 734 3266 hujusmodi,
786 3196 1044 3267 quamvis
1092 3212 1192 3250 suo
1233 3195 1474 3267 quisque
1508 3212 1571 3250 ac
1599 3194 1835 3265 proprio

135 3301 308 3338 sensu
336 3285 442 3339 ista
471 3285 703 3339 videat?
728 3288 793 3340 E.
846 3286 1010 3339 Nullo
1052 3285 1226 3339 modo
1261 3285 1412 3338 istud
1454 3284 1714 3339 dixerim.
1756 3284 1825 3338 Α.

135 3374 441 3427 Possumus
497 3390 633 3444 ergo
692 3373 882 3427 videre
929 3390 1110 3428 unum
1158 3374 1376 3444 aliquid
1422 3375 1588 3427 multi
1638 3374 1832 3441 simul,

135 3477 268 3515 cum
302 3460 412 3516 sint
450 3478 647 3515 sensus
675 3462 852 3515 nostri
888 3462 1056 3516 nobis
1088 3462 1327 3533 singulis
1358 3462 1590 3532 singuli,
1626 3462 1834 3532 quibus

138 3550 404 3605 omnibus
434 3551 571 3605 illud
604 3567 787 3605 unum
826 3551 1101 3605 sentimus
1146 3551 1298 3622 quod
1329 3551 1500 3604 simul
1539 3551 1830 3615 videmus;

140 3645 203 3693 ut
231 3640 488 3710 quamvis
518 3640 663 3694 alius
694 3656 891 3694 sensus
922 3656 1084 3695 meus
1115 3641 1204 3707 sit,
1238 3645 1293 3694 et
1337 3641 1480 3693 alius
1511 3644 1662 3706 tuus,
1694 3656 1833 3709 pos-

139 3729 211 3782 sit
254 3733 448 3782 tamen
503 3729 627 3783 ﬁeri
672 3733 735 3783 ut
782 3729 838 3783 id
887 3730 1042 3801 quod
1090 3728 1369 3795 videmus,
1413 3745 1531 3782 non
1578 3728 1650 3781 sit
1680 3726 1834 3781 aliud

138 3833 353 3883 meum,
387 3817 543 3871 aliud
584 3822 783 3885 tuum;
833 3819 929 3871 sed
959 3818 1098 3871 illud
1138 3833 1319 3871 unum
1350 3821 1558 3887 praesto
1587 3817 1660 3870 sit
1692 3816 1832 3870 utri-

139 3923 250 3977 que
282 3911 539 3961 nostrum
571 3912 627 3961 et
656 3907 825 3961 simul
856 3908 926 3962 ab
958 3912 1206 3979 utroque
1233 3908 1516 3963 videatur.
1552 3908 1626 3961 E.
1660 3906 1833 3961 Mani-

136 3996 505 4050 festissimum
552 4002 656 4051 est.
705 3999 773 4051 A.
832 3999 1138 4051 Possumus
1176 3998 1348 4051 etiam
1378 4013 1554 4051 unam
1584 3997 1836 4068 aliquam

135 4100 328 4137 vocem
380 4084 550 4138 simul
594 4084 815 4153 audire,
866 4088 931 4138 ut
989 4086 1247 4155 quamvis
1294 4086 1439 4138 alius
1483 4085 1555 4139 sit
1608 4085 1836 4139 auditus

135 4190 317 4241 meus,
366 4173 510 4227 alius
550 4178 700 4241 tuus,
755 4190 874 4227 non
916 4175 990 4227 sit
1034 4178 1226 4228 tamen
1275 4174 1385 4227 alia
1433 4190 1580 4237 mea,
1624 4178 1679 4227 et
1726 4174 1837 4227 alia

134 4267 233 4316 tua
272 4278 379 4316 vox
422 4279 597 4333 quam
625 4263 795 4317 simul
827 4262 1112 4330 audimus,
1143 4264 1233 4316 vel
1269 4262 1380 4315 alia
1416 4279 1547 4332 pars
1579 4262 1702 4332 ejus
1733 4278 1833 4314 au-

138 4352 260 4405 ditu
308 4367 435 4405 meo
466 4352 741 4423 capiatur,
785 4357 839 4407 et
871 4352 979 4406 alia
1008 4356 1129 4418 tuo,
1164 4352 1261 4405 sed
1295 4350 1577 4421 quidquid
1627 4367 1834 4405 sonue-

140 4439 232 4505 rit,
263 4443 316 4493 et
339 4456 520 4494 unum
549 4446 605 4495 et
637 4446 819 4495 totum
860 4441 1210 4495 audiendum
1241 4439 1411 4494 simul
1461 4440 1610 4495 adsit
1639 4441 1834 4495 ambo-

137 4526 262 4580 bus.
292 4527 368 4582 E.
403 4528 467 4581 Et
489 4528 598 4582 hoc
629 4529 997 4583 manifestum
1028 4533 1129 4583 est.

212 4620 293 4669 l7.
343 4617 416 4670 A.
458 4619 582 4671 lam
612 4617 783 4672 etiam
835 4618 904 4672 de
935 4618 1153 4672 caeteris
1187 4617 1444 4672 sensibus
1483 4616 1737 4687 corporis
1765 4615 1837 4670 li-

140 4706 226 4757 cet
247 4704 660 4760 animadvertas
706 4707 858 4778 quod
895 4708 1158 4772 dicimus,
1195 4724 1382 4779 neque
1414 4707 1649 4760 omnino
1681 4707 1832 4772 illos,

141 4793 293 4863 quod
339 4794 409 4847 ad
453 4796 600 4850 hanc
644 4812 769 4849 rem
827 4796 1049 4865 attinet,
1098 4797 1175 4850 ita
1222 4814 1280 4850 se
1328 4797 1540 4850 habere
1593 4801 1655 4848 ut
1708 4794 1835 4849 illos

140 4882 277 4936 duos
330 4883 626 4938 oculorum
669 4890 725 4939 et
772 4884 1019 4947 aurium,
1064 4901 1250 4956 neque
1296 4886 1530 4938 omnino
1579 4901 1693 4937 non
1733 4883 1830 4937 ita.

138 4970 276 5022 Nam
304 4970 439 5040 quia
469 4987 531 5024 ex
556 4988 670 5025 uno
700 4989 829 5026 aere
862 4977 917 5027 et
945 4989 1051 5043 ego
1083 4978 1139 5026 et
1167 4978 1229 5026 tu
1259 4989 1563 5042 possumus
1592 4971 1833 5041 implere

135 5058 572 5129 spiramentum,
598 5066 655 5114 et
677 5063 797 5131 ejus
816 5062 962 5115 aeris
984 5061 1346 5115 affectionem
1374 5063 1551 5115 odore
1583 5060 1791 5115 sentire
1815 5080 1828 5116 :

133 5152 191 5202 et
216 5146 351 5199 item
381 5146 517 5216 quia
547 5164 612 5201 ex
642 5164 759 5202 uno
790 5151 973 5211 melle,
1015 5152 1102 5204 vel
1146 5149 1405 5221 quolibet
1435 5150 1547 5203 alio
1581 5148 1705 5203 cibo
1734 5165 1831 5203 seu

130 5239 270 5307 potu
297 5233 462 5288 ambo
501 5241 729 5307 gustare
759 5254 1083 5306 possumus,
1118 5243 1174 5291 et
1200 5239 1321 5309 ejus
1352 5238 1712 5292 affectionem
1744 5255 1831 5293 sa-

135 5339 270 5396 pore
300 5321 532 5390 sentire,
568 5324 827 5395 quamvis
858 5324 952 5379 ille
984 5342 1135 5380 unus
1165 5326 1255 5389 sit,
1288 5326 1469 5381 nostri
1500 5332 1693 5381 autem
1720 5328 1831 5381 sint

134 5428 325 5467 sensus
374 5412 607 5484 singuli,
667 5413 770 5467 tibi
817 5418 950 5469 tuus
999 5402 1247 5469 et'mihi
1293 5432 1483 5483 meus;
1540 5421 1601 5470 ut
1647 5432 1829 5471 unum

133 5502 361 5556 odorem
414 5504 503 5557 vel
559 5520 741 5559 unum
786 5520 1047 5575 saporem
1098 5521 1228 5559 cum
1278 5506 1443 5559 ambo
1491 5505 1824 5573 sentiamus,

133 5605 235 5646 nec
277 5595 343 5645 tu
374 5595 569 5649 tamen
614 5610 747 5649 eum
796 5610 923 5649 meo
955 5610 1121 5649 sensu
1152 5594 1378 5664 sentias,
1414 5611 1515 5651 nec
1554 5611 1661 5667 ego
1699 5598 1829 5668 tuo,

1576 317 1789 375 LIBER
1831 317 2217 376 SECUNDUS.

3513 334 3648 388 l250

1949 459 2054 496 nec
2092 442 2284 513 aliquo
2333 458 2450 496 uno
2493 443 2593 512 qui
2640 443 2936 519 utriusque
2994 450 3255 502 nostrum
3305 451 3485 521 possit
3525 469 3647 507 esse

1950 531 2349 598 communiter,
2390 532 2489 586 sed
2534 548 2767 602 prorsus
2804 535 2947 589 mihi
2984 552 3145 591 meus
3191 555 3387 594 sensus
3438 543 3529 603 sit,
3592 547 3648 595 et

1948 626 2080 675 tuus
2125 620 2251 686 tibi,
2303 621 2522 674 etiamsi
2566 638 2715 676 unus
2743 628 2841 677 aut
2873 625 3035 693 odor,
3064 631 3162 680 aut
3187 644 3353 697 sapor
3381 630 3452 683 ab
3485 636 3646 684 utro-

1951 719 2061 774 que
2083 704 2359 757 sentiatur
2394 721 2405 757 :
2438 705 2572 758 hinc
2611 721 2745 775 ergo
2784 706 2879 759 isti
2917 725 3113 762 sensus
3142 710 3514 766 inveniuntur
3541 713 3644 768 ha-

1948 792 2083 846 bere
2115 792 2329 863 aliquid
2376 794 2507 860 tale,
2560 796 2725 865 quale
2772 795 2856 849 illi
2900 796 3012 850 duo
3059 797 3119 851 in
3162 798 3287 851 visu
3317 804 3371 853 et
3400 802 3592 855 auditu
3631 818 3645 855 :

1950 882 2047 935 sed
2096 882 2155 935 in
2198 898 2264 935 eo
2314 882 2565 952 dispares
2595 888 2746 952 sunt,
2778 890 3058 955 quantum
3088 886 3156 940 ad
3186 886 3243 941 id
3286 891 3442 958 quod
3487 906 3642 944 nunc

1949 970 2172 1040 agimus
2200 970 2468 1041 pertinet,
2492 973 2644 1042 quod
2665 973 2769 1027 etsi
2791 990 2972 1029 unum
2990 992 3182 1030 aerem
3203 977 3437 1031 naribus
3470 980 3641 1034 ambo

1947 1061 2249 1128 trahimus,
2284 1066 2381 1115 aut
2408 1078 2589 1116 unum
2634 1062 2825 1117 cibum
2864 1066 3146 1130 gustando
3187 1067 3471 1137 capimus;
3528 1085 3645 1124 non

1947 1154 2139 1203 tamen
2187 1166 2313 1203 eam
2359 1156 2581 1221 partem
2628 1152 2774 1206 aeris
2814 1153 2956 1207 duco
3005 1170 3179 1224 quam
3225 1160 3309 1219 tu,
3341 1173 3444 1209 nec
3475 1173 3637 1211 eam-

1949 1238 2079 1293 dem
2132 1242 2355 1308 partem
2410 1239 2523 1293 cibi
2569 1256 2733 1293 sumo
2781 1257 2955 1310 quam
3011 1246 3093 1309 tu,
3148 1244 3247 1297 sed
3298 1245 3467 1299 aliam
3516 1263 3641 1317 ego,

1948 1327 2117 1381 aliam
2172 1332 2232 1381 tu
2283 1344 2295 1381 :
2351 1333 2408 1382 et
2464 1329 2591 1382 ideo
2642 1329 2711 1383 de
2756 1333 2873 1383 toto
2927 1346 3057 1384 aere
3108 1347 3238 1385 cum
3270 1333 3445 1402 spiro,
3500 1336 3642 1390 duco

1947 1420 2169 1485 partem
2196 1420 2410 1486 quanta
2439 1416 2582 1470 mihi
2606 1417 2739 1470 satis
2762 1422 2866 1486 est,
2891 1422 2945 1472 et
2972 1423 3031 1471 tu
3055 1418 3193 1473 item
3220 1421 3289 1475 de
3320 1426 3437 1476 toto
3472 1424 3643 1478 aliam

1949 1508 2161 1573 quanta
2188 1503 2292 1557 tibi
2327 1505 2461 1557 satis
2490 1509 2573 1558 est
2609 1506 2768 1559 ducis
2800 1522 2812 1559 :
2848 1511 2902 1559 et
2932 1507 3089 1561 cibus
3119 1511 3377 1578 quamvis
3408 1528 3556 1566 unus
3586 1518 3646 1567 et

1946 1596 2099 1646 totus
2129 1593 2197 1646 ab
2228 1598 2474 1664 utroque
2504 1594 2837 1649 absumatur
2865 1594 2883 1627 ¹
2915 1612 3031 1650 non
3061 1600 3255 1651 tamen
3285 1604 3341 1653 et
3372 1617 3401 1653 a
3430 1616 3523 1655 me
3554 1605 3642 1655 to-

1947 1684 2061 1748 tus,
2107 1686 2162 1735 et
2204 1699 2237 1735 a
2271 1685 2326 1736 te
2367 1688 2520 1737 totus
2567 1684 2788 1738 absumi
2834 1690 3038 1756 potest,
3084 1688 3375 1757 quomodo
3404 1691 3641 1744 verbum

1947 1772 2003 1822 et
2046 1784 2148 1838 ego
2178 1774 2360 1824 totum
2408 1771 2602 1839 audio,
2652 1776 2707 1825 et
2754 1776 2816 1825 tu
2861 1776 3043 1826 totum
3073 1774 3262 1840 simul,
3305 1781 3360 1829 et
3389 1777 3639 1847 speciem

1948 1858 2262 1928 quamlibet
2304 1864 2576 1930 quantam
2613 1877 2718 1931 ego
2765 1861 2951 1931 video,
2982 1867 3201 1916 tantam
3233 1868 3289 1918 et
3332 1869 3394 1919 tu
3433 1866 3641 1934 simul;

1946 1947 2041 2001 sed
2072 1948 2185 2001 cibi
2214 1950 2298 2002 vel
2327 1949 2575 2020 potionis
2600 1950 2712 2004 alia
2732 1966 2863 2020 pars
2891 1951 2950 2005 in
2983 1967 3093 2018 me,
3128 1952 3237 2005 alia
3266 1953 3328 2006 in
3358 1957 3412 2007 te
3445 1959 3639 2009 trans-

1947 2041 2041 2090 eat
2069 2052 2295 2091 necesse
2338 2042 2425 2091 est
2469 2055 2482 2092 :
2543 2054 2615 2093 an
2660 2055 2863 2109 parum
2910 2039 3014 2094 ista
3060 2040 3372 2111 intelligis?
3400 2043 3474 2097 E.
3518 2043 3641 2096 Imo

1945 2141 2079 2178 vero
2111 2125 2469 2196 apertissima
2495 2130 2550 2181 et
2579 2127 2893 2182 certissima
2923 2145 3043 2182 esse
3074 2130 3386 2185 consentio.

2022 2216 2104 2270 l8.
2123 2216 2194 2269 A.
2230 2216 2379 2269 Num
2407 2232 2601 2271 censes
2630 2218 2904 2289 tangendi
2934 2234 3163 2272 sensum
3192 2221 3643 2290 comparandum

1948 2319 2068 2357 esse
2112 2304 2408 2359 oculorum
2450 2309 2507 2360 et
2551 2306 2778 2361 aurium
2818 2307 3075 2361 sensibus
3104 2308 3170 2361 .in
3223 2324 3289 2362 ea
3326 2325 3386 2363 re
3429 2311 3498 2363 de
3532 2326 3646 2381 qua

1949 2408 2101 2446 nunc
2120 2393 2333 2463 agitur;
2358 2393 2494 2465 quia
2512 2410 2630 2449 non
2658 2395 2842 2449 solum
2872 2411 3078 2465 corpus
3105 2411 3287 2450 unum
3318 2397 3489 2451 ambo
3516 2414 3645 2467 pos-

1948 2499 2143 2537 sumus
2163 2483 2371 2537 sentire
2392 2484 2696 2555 tangendo,
2728 2484 2823 2538 sed
2844 2483 3017 2538 etiam
3044 2485 3305 2539 eamdem
3329 2491 3553 2556 partem
3580 2491 3643 2541 tu

1949 2587 2177 2642 quoque
2208 2572 2422 2642 poteris
2450 2576 2683 2642 tangere
2714 2588 2888 2642 quam
2918 2589 3021 2642 ego
3049 2574 3312 2643 tetigero,
3340 2579 3405 2627 ut
3424 2591 3539 2628 non
3561 2591 3647 2628 so-

1946 2662 2067 2715 lum
2109 2661 2264 2715 idem
2293 2678 2516 2732 corpus,
2552 2662 2649 2715 sed
2676 2662 2938 2715 eamdem
2968 2677 3194 2732 quoque
3223 2663 3481 2733 corporis
3510 2681 3641 2734 par—

1945 2750 2063 2799 tem
2089 2749 2373 2817 possimus
2403 2749 2570 2803 ambo
2602 2750 2811 2803 sentire
2837 2751 3162 2820 tangendo?
3188 2752 3312 2804 Non
3352 2752 3505 2805 enim
3535 2752 3641 2807 sic-

1948 2836 2032 2889 uti
2061 2836 2251 2891 cibum
2300 2838 2551 2908 aliquem
2581 2839 2906 2909 appositum
2936 2856 3053 2893 non
3084 2855 3387 2909 possumus
3437 2846 3492 2894 et
3538 2857 3642 2911 ego

1947 2929 2133 2978 totum
2164 2930 2220 2979 et
2252 2930 2315 2980 tu
2342 2931 2527 2981 totum
2558 2944 2777 2997 capere,
2824 2944 2956 2982 cum
2986 2924 3156 2982 ambo
3205 2929 3304 2982 illo
3336 2929 3640 2997 vescimur,

1947 3013 2025 3066 sic
2054 3014 2226 3068 etiam
2251 3014 2627 3087 in;tangendo
2656 3017 2859 3071 accidit
2891 3034 2903 3071 :
2937 3018 3037 3071 sed
3068 3022 3122 3071 et
3149 3034 3333 3072 unum
3363 3022 3419 3071 et
3456 3022 3645 3095 totum

1947 3103 2101 3172 quod
2131 3119 2235 3174 ego
2262 3104 2523 3175 tetigero,
2557 3106 2732 3160 etiam
2760 3112 2820 3160 tu
2851 3111 3034 3177 potes,
3065 3112 3129 3160 ut
3156 3106 3216 3160 id
3246 3107 3414 3161 ambo
3446 3111 3641 3177 tanga—

1946 3209 2095 3259 mus,
2141 3211 2259 3248 non
2303 3195 2543 3266 singulis
2595 3197 2873 3267 partibus,
2920 3198 3018 3253 sed
3063 3202 3248 3252 totum
3297 3198 3527 3269 singuli.
3560 3200 3639 3253 E.

1948 3284 2150 3338 Fateor
2189 3285 2297 3338 hoc
2330 3286 2499 3340 modo
2542 3286 2766 3341 duobus
2798 3287 2910 3341 illis
2935 3287 3325 3356 superioribus
3356 3287 3637 3356 sensibus,

1946 3370 2100 3425 hunc
2128 3375 2404 3444 tangendi
2436 3392 2667 3430 sensum
2714 3392 2834 3430 esse
2879 3377 3236 3431 simillimum
3265 3393 3277 3431 :
3314 3378 3411 3431 sed
3442 3377 3500 3430 in
3536 3377 3644 3431 hoc

1944 3460 2110 3514 video
2158 3478 2278 3515 esse
2321 3463 2674 3532 dissimilem,
2724 3466 2880 3535 quod
2928 3466 3118 3531 simul,
3151 3466 3208 3518 id
3238 3470 3321 3519 est
3350 3481 3465 3518 uno
3494 3470 3642 3519 tem-

1943 3564 2104 3618 pore,
2136 3554 2191 3603 et
2218 3550 2410 3605 videre
2449 3552 2665 3623 aliquid
2697 3569 2878 3606 unum
2907 3558 3090 3606 totum
3121 3554 3291 3607 ambo
3339 3569 3643 3623 possumus

1947 3640 2002 3690 et
2048 3637 2276 3707 audire;
2317 3644 2551 3711 tangere
2599 3644 2791 3694 autem
2837 3657 3139 3711 possumus
3182 3641 3418 3712 quidem
3456 3646 3641 3697 totum

1945 3724 2164 3796 aliquid
2210 3727 2377 3781 ambo
2418 3744 2536 3781 uno
2586 3732 2858 3799 tempore,
2912 3728 3007 3783 sed
3062 3729 3319 3799 partibus
3375 3730 3641 3800 singulis,

1946 3815 2207 3869 eamdem
2234 3821 2423 3870 autem
2452 3821 2677 3887 partem
2706 3818 2936 3872 nonnisi
2961 3819 3317 3888 temporibus
3346 3819 3589 3890 singulis
3631 3836 3644 3874 :

1947 3921 2081 3959 nam
2110 3906 2253 3959 nulli
2283 3906 2430 3977 parti
2460 3923 2633 3977 quam
2663 3912 2816 3962 tactu
2846 3908 3016 3979 capis,
3050 3924 3286 3980 possum
3332 3925 3526 3963 meum
3556 3913 3641 3963 ta-

1947 3999 2103 4048 ctum
2134 3995 2457 4063 admovere,
2486 3996 2595 4050 nisi
2624 4001 2685 4051 tu
2716 3999 2992 4052 amoveris
3012 4003 3201 4052 tuum.

2023 4088 2105 4138 19.
2162 4085 2233 4139 Α.
2296 4086 2730 4157 Vigilantissime
2773 4088 3113 4158 respondisti
3150 4104 3162 4141 :
3195 4088 3290 4141 sed
3331 4092 3554 4158 Oportet
3592 4091 3646 4142 te

1948 4174 2121 4227 etiam
2155 4174 2300 4228 illud
2340 4175 2554 4237 videre,
2605 4192 2734 4229 cum
2764 4176 2969 4230 horum
3017 4176 3276 4230 omnium
3306 4191 3434 4245 quae
3473 4177 3648 4230 senti-

1946 4278 2094 4327 mus,
2128 4262 2239 4316 alia
2285 4262 2396 4315 sint
2452 4279 2582 4332 quae
2635 4264 2824 4332 ambo,
2881 4265 2989 4318 alia
3028 4280 3157 4335 quae
3188 4263 3399 4332 singuli
3430 4264 3645 4317 sentia-

1947 4365 2103 4415 mus;
2162 4350 2314 4419 ipsos
2361 4365 2495 4403 vero
2546 4366 2743 4405 sensus
2791 4357 3014 4406 nostros
3054 4367 3186 4404 suos
3237 4350 3479 4421 quisque
3523 4350 3645 4405 sin-

1946 4436 2067 4506 guli
2112 4436 2425 4491 sentiamus
2474 4444 2539 4493 ut
2568 4456 2755 4510 neque
2786 4457 2891 4511 ego
2922 4439 3165 4492 sentiam
3195 4453 3426 4492 sensum
3455 4441 3642 4505 tuum,

1947 4538 2130 4595 neque
2161 4530 2221 4579 tu
2252 4542 2466 4595 meum,
2500 4529 2655 4598 quod
2687 4532 2755 4583 de
2784 4529 2873 4582 his
2902 4527 3070 4581 rebus
3100 4541 3229 4596 quas
3259 4525 3585 4579 sentiuntur
3614 4542 3647 4580 a

1945 4613 2108 4667 nobis
2146 4631 2250 4685 per
2291 4618 2539 4688 corporis
2588 4634 2805 4682 sensus,
2849 4616 2905 4670 id
2936 4620 3019 4669 est
3047 4614 3200 4686 quod
3229 4614 3299 4668 de
3328 4614 3643 4685 corporali-

1944 4702 2049 4756 bus
2088 4704 2257 4758 rebus
2294 4721 2409 4759 non
2453 4720 2757 4775 possumus
2787 4703 2997 4757 sentire
3023 4704 3213 4770 ambo,
3265 4704 3358 4758 sed
3407 4703 3644 4775 singuli,

1943 4791 2053 4845 nisi
2085 4792 2239 4863 quod
2290 4793 2369 4846 ita
2411 4794 2476 4846 ﬁt
2517 4798 2775 4846 nostrum
2830 4796 2895 4845 ut
2941 4791 3048 4846 hoc
3087 4792 3149 4845 in
3187 4808 3291 4847 nos
3319 4798 3559 4862 vertere,
3589 4797 3645 4848 et

1946 4888 2298 4936 commutare
2344 4883 2648 4953 possimus,
2680 4881 2846 4934 sicuti
2877 4885 2959 4935 est
2988 4881 3146 4935 cibus
3176 4886 3231 4936 et
3257 4887 3447 4951 potus,
3480 4884 3642 4953 cujus

1946 4972 2162 5025 nullam
2194 4976 2419 5042 partem
2450 4988 2622 5042 quam
2653 4986 2760 5041 ego
2802 4986 3132 5042 percepero,
3166 4976 3221 5025 et
3244 4976 3308 5025 tu
3350 4971 3644 5041 percipere

1943 5061 2160 5131 poteris
2194 5077 2207 5113 :
2233 5060 2367 5131 quia
2397 5063 2451 5113 et
2480 5060 2525 5113 si
2544 5060 2793 5113 nutrices
2817 5059 3090 5114 alimenta
3114 5075 3311 5113 mansa
3332 5059 3646 5113 infantibus

1943 5150 2212 5216 reddunt,
2244 5149 2384 5203 illud
2415 5154 2606 5204 tamen
2638 5149 2791 5220 quod
2822 5149 2954 5203 inde
2986 5154 3242 5221 gustatus
3277 5148 3532 5219 rapuerit
3559 5153 3643 5202 at-

1944 5255 2055 5311 que
2099 5240 2159 5292 in
2190 5238 2512 5293 mandentis
2549 5239 2763 5294 viscera
2792 5238 3247 5302 commutaverit,
3280 5238 3439 5291 nullo
3471 5237 3641 5292 modo

1941 5326 2193 5382 revocari
2218 5327 2430 5397 poterit
2448 5332 2514 5382 ut
2543 5327 2604 5381 in
2634 5344 2819 5382 escam
2845 5328 3183 5383 refundatur
3210 5324 3466 5380 infantis.
3502 5326 3645 5381 Gula

1942 5418 2098 5472 enim
2119 5433 2249 5470 cum
2284 5415 2495 5488 aliquid
2521 5418 2776 5489 jucunde
2799 5417 2966 5488 sapit,
3000 5414 3225 5470 etiamsi
3256 5414 3540 5483 exiguam,
3566 5420 3647 5470 ta-

1942 5518 2078 5556 men
2106 5502 2539 5557 irrevocabilem
2568 5508 2792 5573 partem
2822 5501 2930 5557 sibi
2964 5499 3238 5566 vindicat,
3273 5502 3330 5552 et
3356 5498 3464 5553 hoc
3493 5499 3647 5570 cogit

2010 5604 2025 5637 ί
2038 5603 2161 5652 Tres
2181 5604 2303 5653 Mss.
2317 5604 2958 5666 assumatur.Moxque,et
2973 5614 3009 5652 α
3027 5603 3076 5652 te
3089 5604 3225 5652 totus
3235 5600 3446 5654 absumi
3452 5604 3643 5666 potest.
