4036 6182
438 307 572 357 1251

435 426 566 483 ﬁeri
596 426 748 498 quod
773 429 997 482 naturze
1026 425 1282 498 corporis
1301 425 1561 480 convenit
1589 441 1601 479 :
1630 424 1784 496 quod
1818 424 1926 479 nisi
1956 423 2034 479 ita
2055 440 2139 478 es-

435 521 539 582 set,
573 517 767 571 nullus
798 521 1122 571 remaneret
1151 531 1320 586 sapor
1365 514 1426 568 in
1472 531 1568 568 ore
1610 518 1983 585 posteaquam
2013 514 2135 568 fue-

434 605 552 659 rint
581 622 779 659 mansa
809 606 908 659 illa
935 605 1159 659 reddita
1180 609 1351 674 atque
1385 603 1642 673 desputa.
1677 604 1837 667 Quod
1869 602 2040 656 etiam
2071 603 2138 657 de

439 695 588 750 aeris
631 695 890 766 partibus
938 699 1090 748 recte
1129 692 1239 746 dici
1284 696 1488 763 potest,
1539 708 1679 764 quas
1720 692 1952 746 naribus
1983 690 2140 744 duci-

434 801 564 838 mus
598 800 609 836 :
644 800 776 837 nam
806 782 1031 836 etiamsi
1061 781 1278 852 aliquid
1310 783 1454 836 aeris
1485 782 1641 852 quod
1670 798 1777 853 ego
1811 781 2134 840 reddidero,

441 872 625 944 possis
656 873 827 926 etiam
858 877 922 926 tu
971 871 1197 936 ducere,
1231 887 1348 925 non
1378 875 1569 925 tamen
1617 870 1831 941 poteris
1862 869 2035 924 etiam
2066 870 2138 922 il-

438 961 558 1024 lud,
592 961 748 1032 quod
796 960 926 1014 inde
969 961 1029 1014 in
1081 959 1417 1014 alimentum
1455 975 1652 1014 meum
1697 959 1957 1024 cesserit;
2006 957 2141 1028 quia

442 1067 547 1105 nec
576 1050 738 1104 reddi
768 1054 972 1120 potest.
1009 1051 1152 1104 Nam
1187 1049 1359 1104 etiam
1390 1049 1626 1103 naribus
1663 1047 2000 1102 alimentum
2035 1061 2140 1099 nos

440 1156 642 1211 capere
675 1139 883 1193 medici
913 1140 1118 1194 docent
1150 1155 1162 1194 :
1197 1139 1353 1210 quod
1401 1139 1739 1193 alimentum
1783 1141 1838 1191 et
1869 1134 2140 1206 spirando

440 1230 596 1285 solus
627 1228 838 1283 sentire
878 1245 1135 1299 possum,
1170 1232 1224 1282 et
1253 1228 1507 1282 reﬂando
1542 1228 1841 1282 restituere
1865 1241 1980 1279 non
2009 1240 2140 1294 pos—

441 1335 592 1388 sum,
621 1322 684 1372 ut
711 1318 810 1372 abs
841 1322 896 1372 te
928 1317 1102 1371 etiam
1134 1317 1370 1371 ductum
1400 1316 1634 1370 naribus
1665 1314 1960 1369 sentiatur.
1997 1314 2139 1366 Nam

437 1411 645 1462 caetera
671 1406 962 1461 sensibilia
986 1423 1116 1476 quas
1150 1403 1410 1476 quamvis
1440 1405 1771 1468 sentiamus,
1805 1418 1924 1456 non
1947 1406 2140 1455 tamen

438 1513 506 1550 ea
531 1495 829 1549 sentiendo
872 1495 933 1548 in
973 1499 1236 1549 nostrum
1267 1511 1470 1565 corpus
1517 1497 1783 1563 corrupta
1825 1495 2138 1558 mutamus,

435 1600 743 1657 possumus
775 1600 862 1653 ea,
893 1583 1008 1638 sive
1042 1599 1153 1637 uno
1203 1587 1485 1653 tempore,
1537 1582 1652 1637 sive
1696 1580 1935 1651 singulis
1975 1577 2140 1632 vicis-

438 1675 544 1728 sim
599 1673 952 1744 temporibus
1004 1673 1172 1726 ambo
1219 1672 1450 1738 sentire,
1501 1671 1646 1725 sicut
1693 1670 1779 1724 vel
1815 1673 2003 1724 totum
2053 1667 2141 1721 vel

435 1780 565 1836 pars
594 1763 716 1834 ipsa
747 1779 920 1833 quam
951 1761 1156 1824 sentio,
1191 1761 1288 1814 abs
1317 1765 1374 1815 te
1405 1760 1578 1815 etiam
1612 1759 1920 1825 sentiatur;
1946 1756 2136 1828 qualia

437 1857 590 1920 sunt,
638 1851 751 1905 sive
797 1851 916 1917 lux,
961 1851 1074 1904 sive
1107 1866 1300 1917 sonus,
1346 1850 1463 1903 sive
1507 1864 1747 1919 corpora
1793 1863 1923 1918 quae
1967 1845 2140 1900 attin-

436 1940 647 2011 gimus,
677 1955 792 1994 non
824 1943 1019 1993 tamen
1043 1937 1328 1992 laedimus.
1369 1938 1445 1991 E.
1479 1935 1766 2003 Intelligo.
1807 1935 1879 1990 A.
1915 1932 2143 1988 Manife-

437 2033 586 2084 stum
620 2032 703 2082 est
732 2044 869 2098 ergo
901 2044 969 2082 ea
1002 2044 1129 2098 qua:
1149 2043 1266 2081 non
1284 2030 1707 2080 commutemus
1730 2027 1788 2078 et
1807 2027 2001 2078 tamen
2019 2038 2142 2076 sen-

434 2119 611 2174 timus
633 2117 890 2188 corporis
920 2117 1203 2181 sensibus,
1234 2121 1288 2170 et
1316 2132 1432 2170 non
1452 2114 1740 2185 pertinere
1771 2113 1843 2168 ad
1876 2117 2140 2166 naturam

436 2223 708 2262 sensuum
754 2209 1102 2271 nostrorum,
1153 2208 1210 2258 et
1253 2208 1556 2274 propterea
1602 2202 1785 2274 magis
1825 2201 1992 2256 nobis
2019 2216 2138 2255 esse

437 2295 784 2355 communia,
818 2293 954 2364 quia
992 2293 1054 2346 in
1091 2296 1358 2346 nostrum
1392 2291 1692 2362 proprium
1737 2294 1794 2344 et
1832 2289 1993 2360 quasi
2019 2287 2139 2358 pri-

436 2389 629 2439 vatum
656 2399 773 2436 non
800 2385 1103 2436 vertuntur
1131 2385 1302 2450 atque
1333 2385 1652 2434 mutantur.
1680 2381 1753 2433 E.
1793 2381 2030 2433 Prorsus
2056 2394 2139 2431 as-

438 2471 674 2526 sentior.
706 2472 783 2524 A.
819 2467 1123 2539 Proprium
1157 2483 1293 2537 ergo
1323 2473 1379 2521 et
1420 2466 1585 2538 quasi
1614 2466 1898 2537 privatum
1924 2464 2142 2519 intelli-

439 2560 694 2632 gendum
743 2562 850 2627 est,
897 2557 1052 2629 quod
1090 2555 1403 2628 unicuique
1449 2560 1711 2610 nostrum
1753 2554 1856 2609 soli
1893 2558 1978 2608 est
2009 2553 2050 2618 ί,
2087 2557 2145 2608 et

439 2648 594 2720 quod
623 2648 682 2701 in
713 2663 772 2700 se
803 2646 957 2700 solus
997 2645 1187 2711 sentit,
1233 2645 1392 2715 quod
1421 2643 1493 2698 ad
1523 2659 1684 2698 suam
1715 2647 1978 2696 naturam
2005 2658 2140 2712 pro-

439 2738 567 2809 prie
597 2735 848 2807 pertinet
880 2751 892 2788 :
926 2749 1232 2788 commune
1279 2738 1474 2787 autem
1520 2736 1577 2786 et
1617 2731 1783 2803 quasi
1822 2730 2140 2802 publicum,

441 2825 596 2898 quod
645 2825 713 2879 ab
746 2823 1012 2878 omnibus
1051 2822 1431 2876 sentientibus
1471 2820 1628 2874 nulla
1656 2820 1746 2874 sui
1775 2821 2143 2890 corruptione

437 2919 608 2984 atque
639 2911 1086 2967 commutatione
1112 2911 1374 2965 sentitur.
1409 2911 1485 2964 E.
1511 2911 1594 2964 Ita
1624 2914 1735 2964 est.

438 3004 660 3059 CAPUT
693 3003 834 3055 VIII.
871 3031 936 3040 —
965 3003 1320 3058 Numero-rum
1366 3002 1510 3053 ratio
1538 2999 1686 3052 nullo
1716 2999 1956 3067 corporis
1983 3011 2143 3052 sensu

505 3094 829 3163 percipitur,
861 3107 895 3144 α
927 3092 1114 3159 quovis
1157 3090 1488 3156 intelligente
1522 3092 1777 3158 percepta
1821 3103 1933 3141 una
1977 3091 2056 3142 est
2092 3091 2142 3141 et

509 3179 984 3234 incommutabilis.

509 3273 597 3325 20.
648 3270 723 3323 Α.
771 3271 911 3338 Age,
953 3283 1108 3321 nunc
1153 3266 1403 3333 attende,
1436 3269 1492 3319 et
1520 3264 1610 3318 die
1639 3263 1782 3318 mihi
1829 3266 2021 3317 utrum
2050 3261 2140 3316 in-

436 3359 700 3414 veniatur
737 3356 954 3428 aliquid
1003 3356 1160 3427 quod
1191 3371 1388 3408 omnes
1419 3351 1822 3408 ratiocinantes
1854 3368 1954 3406 sua
1985 3351 2141 3422 quis-

437 3465 550 3522 que
591 3449 812 3502 ratione
862 3450 1034 3516 atque
1084 3449 1276 3498 mente
1315 3442 1700 3497 communiter
1730 3440 1979 3506 videant,
2011 3455 2142 3493 cum

433 3537 577 3593 illud
608 3535 760 3607 quod
802 3534 1031 3588 videtur
1062 3537 1273 3604 priesto
1315 3533 1387 3586 sit
1413 3530 1701 3599 omnibus,
1733 3545 1835 3583 nec
1872 3529 1935 3582 in
1973 3542 2142 3582 usum

435 3641 634 3680 eorum
687 3622 894 3694 quibus
957 3624 1169 3692 praesto
1227 3625 1313 3674 est
1365 3621 1768 3683 commutetur,
1839 3613 2005 3687 quasi
2057 3613 2142 3667 ci—

433 3715 539 3770 bus
582 3717 684 3766 aut
732 3710 911 3782 potio,
965 3709 1063 3763 sed
1111 3709 1512 3778 incorruptum
1554 3706 1962 3777 integrumque
2012 3718 2140 3774 per-

435 3804 686 3867 maneat,
753 3798 868 3852 sive
927 3797 1013 3850 illi
1062 3797 1312 3865 videant,
1373 3797 1486 3848 sive
1533 3812 1652 3848 non
1703 3794 1935 3848 videant
1995 3809 2010 3846 :
2069 3808 2142 3845 an

435 3889 582 3942 forte
633 3886 777 3940 nihil
807 3885 1142 3956 huiusmodi
1173 3901 1292 3938 esse
1337 3883 1665 3937 arbitraris?
1694 3883 1770 3936 E.
1808 3883 1928 3935 Imo
1961 3881 2144 3934 multa

436 3991 557 4030 esse
595 3974 790 4040 video;
841 3990 870 4027 e
911 3972 1123 4043 quibus
1165 3987 1344 4025 unum
1390 3969 1829 4024 commemorari
1871 3969 2002 4022 satis
2035 3973 2140 4034 est,

435 4063 594 4136 quod
619 4063 762 4116 ratio
793 4066 851 4117 et
875 4060 1081 4114 veritas
1112 4060 1339 4114 numeri
1370 4059 1638 4114 omnibus
1663 4056 2142 4112 ratiocinantibus

433 4157 644 4225 praesto
691 4155 796 4216 est,
847 4155 912 4204 ut
951 4150 1138 4203 omnis
1183 4166 1306 4204 eam
1341 4153 1702 4219 computator
1747 4164 1848 4200 sua
1899 4145 2142 4217 quisque

434 4243 660 4297 ratione
689 4245 744 4295 et
771 4239 1155 4309 intelligentia
1178 4243 1416 4292 conetur
1436 4236 1899 4309 apprehendere;
1923 4238 1979 4289 et
1997 4235 2143 4289 alius

433 4333 492 4389 id
516 4330 758 4397 facilius,
809 4327 954 4383 alius
990 4327 1284 4381 difﬁcilius
1334 4326 1527 4398 possit,
1577 4326 1720 4380 alius
1760 4323 1994 4379 omnino
2027 4340 2144 4378 non

433 4420 614 4490 possit
647 4435 659 4473 :
693 4434 825 4472 cum
872 4422 1066 4470 tamen
1108 4416 1234 4486 ipsa
1272 4415 1574 4486 aequaliter
1611 4414 1878 4469 omnibus
1908 4429 1967 4466 se
1993 4428 2141 4483 pras-

432 4507 566 4562 beat
609 4507 930 4562 valentibus
980 4522 1105 4560 eam
1149 4520 1382 4575 capere;
1435 4520 1540 4558 nec
1580 4520 1711 4558 cum
1741 4519 1867 4557 eam
1899 4501 2143 4573 quisque

435 4596 700 4668 percipit,
725 4597 785 4652 in
824 4596 915 4651 sui
943 4594 1296 4666 perceptoris
1328 4594 1493 4664 quasi
1519 4593 1860 4648 alimentum
1887 4594 2144 4644 vertatur

437 4691 608 4758 atque
651 4690 935 4752 mutetur;
986 4701 1088 4739 nec
1117 4701 1247 4739 cum
1277 4683 1340 4737 in
1369 4699 1436 4738 ea
1466 4682 1710 4754 quisque
1751 4680 1989 4746 fallitur,
2019 4679 2145 4750 ipsa

435 4775 682 4838 deﬁciat,
733 4774 830 4828 sed
879 4790 945 4827 ea
981 4789 1115 4828 vera
1162 4777 1218 4828 et
1248 4772 1474 4842 integra
1502 4775 1902 4842 permanente,
1937 4769 2036 4823 ille
2083 4767 2143 4822 in

437 4877 630 4916 errore
657 4861 733 4916 sit
761 4866 921 4916 tanto
953 4861 1222 4931 amplius,
1255 4864 1470 4932 quanto
1503 4859 1696 4914 minus
1727 4873 1854 4913 eam
1883 4857 2056 4912 videt.

506 4954 596 5008 2t.
645 4953 717 5008 Α.
770 4951 938 5007 Recte
969 4967 1132 5018 sane;
1179 4951 1277 5005 sed
1315 4949 1481 5003 video
1512 4952 1567 5002 te
1597 4952 1869 5019 tanquam
1901 4962 2016 5000 non
2047 4961 2142 4999 ru-

435 5043 569 5099 dem
615 5042 823 5097 harum
865 5056 1061 5096 rerum
1109 5038 1221 5093 cito
1261 5037 1548 5091 invenisse
1580 5037 1734 5106 quod
1765 5036 1982 5090 diceres
2013 5051 2025 5089 :
2059 5038 2142 5088 ta-

435 5149 591 5201 men,
647 5132 694 5186 si
744 5131 851 5186 tibi
907 5128 1111 5200 aliquis
1160 5127 1374 5181 diceret
1426 5141 1698 5180 numeros
1743 5124 1882 5179 istos
1914 5140 2030 5178 non
2074 5139 2143 5178 ex

436 5222 630 5293 aliqua
675 5237 779 5275 sua
819 5223 1044 5280 natura,
1097 5216 1196 5271 sed
1227 5232 1294 5270 ex
1326 5215 1395 5269 iis
1425 5215 1597 5269 rebus
1627 5230 1770 5285 quas
1811 5229 1982 5268 sensu
2015 5229 2140 5266 cor-

434 5311 592 5384 poris
620 5309 977 5380 attingimus,
1015 5306 1322 5376 impressos
1362 5321 1484 5359 esse
1513 5303 1708 5358 animo
1751 5306 1948 5357 nostro
1978 5301 2143 5373 quasi

436 5399 715 5471 quasdam
761 5395 1046 5468 imagines
1085 5409 1448 5466 quocumque
1494 5392 1834 5460 visibilium;
1879 5391 2017 5463 quid
2043 5406 2141 5446 re-

499 5528 515 5561 ι
545 5524 672 5574 Bad.
703 5523 790 5573 Er.
820 5525 872 5573 et
889 5522 1012 5573 Mss.
1045 5518 1329 5579 sexdecim,
1350 5517 1484 5580 quod
1500 5518 1866 5580 unusquisque
1885 5517 2140 5568 nostrum

432 5603 528 5653 sibi
554 5608 647 5654 est.

1543 302 1632 355 DE
1675 298 1936 354 LIBERO
1975 297 2332 363 ARBITRIO,
2377 299 2430 354 S.
2475 297 2856 355 AUGUSTINI
3773 309 3865 361 ηδῖ

2249 425 2603 495 sponderes‘?
2646 441 2721 479 an
2765 427 2828 478 tu
2880 439 3109 496 quoque
3152 423 3214 479 id
3242 424 3448 496 putas?
3479 427 3541 482 E.
3575 427 3721 482 Nullo
3743 433 3867 485 modo
3922 429 3923 482 ἢ

2252 514 2311 568 id
2358 514 2679 585 putaverim
2731 531 2743 568 :
2805 531 2922 568 non
2962 514 3119 568 enim
3163 513 3209 567 si
3241 530 3410 568 sensu
3437 517 3674 586 corporis
3699 524 3868 588 percepi

2249 620 2541 669 numeros,
2589 603 2798 658 idcirco
2844 603 3017 657 etiam
3062 603 3344 657 rationem
3393 604 3696 674 partitionis
3721 624 3868 663 nume-

2248 707 2446 745 rorum
2494 692 2581 745 vel
2621 691 3004 762 copulationis
3034 707 3204 746 sensu
3235 692 3485 762 corporis
3520 694 3778 764 percipere
3803 714 3870 766 μοι

2248 780 2352 835 tui.
2390 782 2504 835 Hac
2532 780 2686 835 enim
2728 782 2852 835 luce
2899 779 3109 836 mentis
3151 781 3351 836 refello
3385 798 3536 848 eum,
3569 783 3792 855 quisquis
3816 791 3868 841 vel

2247 869 2309 922 in
2357 869 2620 923 addendo
2651 869 2739 923 vel
2770 869 2828 922 in
2877 870 3217 924 retrahendo
3248 870 3384 924 dum
3423 876 3702 940 computat
3724 873 3866 928 falsam

2251 973 2537 1012 summam
2581 956 3014 1012 renuntiaverit.
3066 959 3127 1013 Et
3175 958 3456 1030 quidquid
3493 975 3656 1014 sensu
3683 965 3869 1030 corporis

2251 1051 2447 1117 tango,
2491 1046 2669 1101 veluti
2713 1050 2800 1101 est
2839 1047 2946 1101 hoc
2975 1047 3178 1102 coelum
3231 1051 3288 1101 et
3328 1048 3452 1101 haec
3497 1052 3662 1114 terra,
3691 1053 3739 1102 et
3761 1067 3867 1120 que-

2250 1151 2495 1205 cumque
2540 1135 2600 1189 in
2648 1135 2728 1189 eis
2759 1134 2871 1189 alia
2915 1151 3157 1206 corpora
3205 1134 3408 1201 sentio,
3441 1135 3704 1206 quamdiu
3738 1138 3870 1191 futura

2251 1223 2366 1278 sint
2410 1223 2600 1279 nescio
2655 1241 2668 1278 :
2705 1229 2926 1295 septem
2975 1230 3168 1278 autem
3216 1229 3274 1278 et
3320 1225 3429 1278 tria
3469 1224 3658 1279 decem
3692 1233 3870 1289 sunt;el

2249 1330 2366 1367 non
2396 1314 2580 1368 solum
2602 1329 2773 1379 nunc,
2796 1313 2890 1368 sed
2921 1313 3095 1368 etiam
3127 1328 3385 1383 semper;
3415 1330 3602 1384 neque
3625 1313 3730 1367 ullo
3756 1316 3869 1368 modo

2249 1401 2559 1472 aliquando
2589 1407 2805 1473 septem
2853 1407 2912 1456 et
2939 1402 3049 1456 tria
3091 1418 3212 1456 non
3241 1403 3476 1457 fuerunt
3506 1403 3793 1468 decem,aut
3813 1406 3870 1458 ali-

2250 1491 2478 1562 quando
2513 1495 2731 1561 septem
2765 1495 2819 1545 et
2847 1491 2957 1545 tria
2986 1507 3102 1545 non
3133 1495 3302 1546 erunt
3346 1491 3562 1546 decem.
3611 1493 3745 1546 Hanc
3781 1509 3868 1561 ergo

2249 1580 2746 1650 incorruptibilem
2775 1581 3002 1634 numeri
3032 1580 3330 1635 veritatem
3363 1583 3403 1649 ί,
3436 1581 3552 1636 dixi
3581 1580 3711 1635 mihi
3732 1585 3774 1636 et
3795 1581 3868 1634 cui-

2250 1670 2391 1725 libet
2418 1669 2791 1724 ratiocinanti
2816 1687 2936 1724 esse
2968 1686 3358 1726 communem.

2321 1760 2407 1812 22.
2440 1757 2512 1812 Α.
2569 1759 2690 1813 Non
2722 1759 2920 1813 resisto
2953 1759 3057 1814 tibi
3097 1759 3390 1814 verissima
3420 1763 3480 1813 et
3521 1757 3795 1813 certissima
3814 1775 3870 1812 re-

2251 1847 2578 1916 spondenti.
2603 1847 2709 1902 Sed
2740 1847 2896 1918 ipsos
2925 1864 3152 1920 quoque
3182 1864 3456 1902 numeros
3487 1865 3602 1902 non
3628 1865 3717 1918 per
3741 1865 3870 1919 carpe

2250 1935 2328 1989 ris
2374 1951 2573 1990 sensus
2615 1940 2877 1991 attractos
2921 1953 3044 1991 esse
3086 1936 3250 1991 facile
3282 1936 3522 2002 videbis,
3549 1937 3596 1989 si
3619 1935 3869 2007 cogitaveris

2251 2024 2566 2095 quemlibet
2598 2041 2904 2080 numerum
2934 2029 3021 2080 tot
3047 2026 3239 2079 vocari
3267 2025 3496 2096 quoties
3525 2041 3696 2079 unum
3719 2026 3866 2079 habue-

2252 2114 2327 2168 rit
2386 2132 2398 2168 :
2453 2115 2613 2169 verbi
2669 2115 2870 2186 gratia,
2931 2115 2978 2168 si
3021 2113 3108 2168 bis
3156 2114 3424 2168 habuerit
3469 2130 3664 2182 unum,
3702 2113 3791 2167 duo
3811 2130 3869 2164 vo-

2251 2208 2484 2270 cantur;
2546 2203 2594 2257 si
2651 2207 2757 2271 ter,
2819 2202 2962 2270 tria;
3015 2207 3071 2257 et
3128 2202 3175 2256 si
3222 2202 3409 2257 decies
3479 2219 3652 2257 unum
3706 2202 3866 2262 habent

2251 2296 2388 2347 tunc
2461 2297 2738 2347 vocantur
2801 2293 2999 2347 decem
3059 2308 3074 2345 :
3129 2296 3186 2346 et
3252 2291 3500 2362 quilibet
3551 2291 3757 2345 omnino
3800 2307 3864 2342 nu-

2253 2396 2445 2435 merus
2507 2380 2732 2452 quoties
2785 2381 2960 2436 habet
3013 2396 3219 2447 unum,
3267 2379 3404 2434 hinc
3450 2380 3536 2434 illi
3587 2395 3764 2434 nomen
3798 2384 3863 2443 est,

2253 2475 2311 2525 et
2338 2475 2421 2524 tot
2458 2472 2794 2542 appellatur.
2833 2472 3020 2526 Unum
3065 2486 3200 2525 vero
3242 2469 3507 2541 quisquis
3535 2468 3788 2524 verissime
3811 2483 3865 2519 co-

2252 2559 2416 2630 gitat,
2466 2561 2720 2631 profecto
2764 2559 2982 2614 invenit
3028 2559 3282 2630 corporis
3332 2559 3592 2614 sensibus
3635 2574 3734 2612 non
3761 2571 3866 2627 posse

2254 2647 2472 2702 sentiri.
2531 2647 2821 2719 Quidquid
2879 2647 3035 2702 enim
3081 2647 3183 2702 tali
3236 2662 3410 2702 sensu
3456 2646 3747 2718 attingitur,
3787 2644 3862 2712 jam

2253 2753 2370 2792 non
2420 2753 2626 2807 unum,
2691 2737 2790 2792 sed
2843 2737 3027 2791 multa
3081 2752 3204 2790 esse
3253 2735 3616 2790 convincitur
3667 2750 3679 2788 :
3726 2745 3863 2800 corpus

2253 2833 2339 2882 est
2383 2825 2558 2893 enim,
2600 2829 2656 2880 et
2709 2825 2838 2880 ideo
2888 2825 3062 2880 habet
3107 2824 3562 2879 innumerabiles
3606 2818 3864 2894 partesSed

2252 2918 2319 2968 ut
2366 2914 2618 2969 minutas
2667 2930 2924 2986 quasque
2969 2913 3275 2984 minusque
3315 2914 3638 2968 articulatas
3667 2927 3757 2964 non
3782 2923 3862 2979 per-

2253 3019 2481 3074 sequar,
2553 3005 3148 3074 quantulumcumque
3199 3002 3342 3056 illud
3397 3001 3762 3073 corpusculum
3807 2996 3860 3057 sit.

2251 3093 2424 3148 habet
2452 3097 2603 3147 certe
2642 3092 2813 3147 aliam
2846 3097 3066 3164 partem
3098 3090 3594 3157 dexteram,aliam
3623 3088 3859 3146 sinistram;

2252 3181 2425 3236 aliam
2465 3181 2840 3252 superiorem,
2883 3180 3055 3234 aliam
3086 3180 3452 3246 inferiorem;
3485 3184 3580 3234 aut
3605 3177 3744 3231 aliam
3768 3175 3858 3226 ulte

2251 3270 2484 3338 riorem,
2532 3271 2705 3325 aliam
2756 3270 3111 3336 citeriorem;
3171 3273 3270 3323 aut
3325 3268 3469 3322 alias
3514 3266 3713 3330 ﬁnales,
3750 3260 3859 3314 aliam

2252 3359 2538 3414 mediam:
2567 3359 2691 3414 haec
2721 3359 2874 3413 enim
2895 3374 3124 3413 necesse
3149 3363 3234 3412 est
3263 3357 3583 3428 quamlibet
3607 3354 3772 3424 exiguo
3791 3364 3859 3401 cor-

2252 3448 2406 3519 poris
2451 3448 2683 3502 modulo
2729 3447 2910 3501 inesse
2957 3446 3270 3514 fateamur;
3307 3450 3364 3500 et
3395 3450 3689 3517 propterea
3711 3439 3857 3495 nullum

2252 3553 2457 3607 corpus
2485 3553 2615 3591 vere
2645 3551 2906 3608 pureque
2954 3552 3133 3590 unum
3175 3551 3293 3589 esse
3325 3534 3696 3597 concedimus,
3723 3531 3767 3583 in
3788 3539 3856 3596 quo

2251 3633 2449 3682 tamen
2502 3643 2618 3680 non
2668 3629 2902 3696 possent
2940 3628 3058 3680 tam
3102 3625 3285 3679 multa
3328 3622 3619 3678 numerari
3657 3618 3745 3674 nisi
3762 3615 3854 3670 illius

2250 3716 2424 3772 unius
2454 3715 2781 3787 cognitione
2809 3715 3071 3770 discreta.
3105 3715 3247 3768 Cum
3276 3713 3435 3767 enim
3465 3727 3653 3785 quaaro
3679 3703 3854 3763 nnumin

2253 3821 2511 3876 corpore,
2541 3808 2598 3858 et
2627 3820 2718 3858 me
2757 3820 2875 3858 non
2905 3803 3161 3858 invenire
3190 3819 3310 3856 non
3340 3802 3560 3866 dubito,
3593 3799 3708 3854 novi
3728 3794 3854 3861 utique

2253 3894 2393 3965 quid
2423 3893 2505 3948 ibi
2534 3909 2809 3965 quaeram,
2843 3896 2900 3948 et
2943 3893 3081 3963 quid
3125 3891 3206 3946 ibi
3252 3907 3372 3946 non
3413 3889 3705 3952 inveniam,
3730 3888 3855 3938 etnon

2250 3999 2419 4053 posse
2459 3981 2725 4045 inveniri,
2771 3982 2860 4035 vel
2907 3981 3097 4052 potius
3129 3979 3367 4034 omnino
3404 3979 3483 4032 ibi
3523 3994 3629 4031 non
3665 3987 3770 4028 esse.
3795 3965 3856 4019 tbi

2256 4087 2394 4142 ergo
2427 4070 2560 4124 novi
2589 4070 2742 4141 quod
2773 4086 2891 4124 non
2921 4074 3006 4124 est
3030 4085 3238 4139 corpus
3265 4083 3473 4134 unum,
3503 4065 3634 4137 quid
3663 4063 3722 4116 sit
3743 4067 3855 4111 unum

2251 4159 2384 4214 novi
2417 4176 2431 4214 :
2472 4175 2657 4213 unum
2686 4159 2839 4213 enim
2871 4157 2917 4212 si
2949 4175 3066 4212 non
3117 4173 3366 4223 nossem,
3416 4156 3596 4210 multa
3623 4153 3676 4206 in
3700 4156 3854 4215 carpo?e

2252 4262 2557 4301 numerare
2633 4262 2750 4300 non
2805 4261 3054 4316 possem.
3117 4245 3474 4314 Ubicumque
3529 4245 3701 4296 autem
3741 4241 3856 4287 unum

2251 4336 2534 4403 noverim,
2604 4351 2722 4390 non
2788 4334 2988 4406 utique
3045 4349 3149 4404 per
3199 4333 3457 4404 corporis
3516 4343 3722 4386 sensum
3757 4317 3854 4377 novi;

2252 4425 2388 4497 quia
2442 4441 2548 4496 per
2599 4423 2852 4496 corporis
2903 4439 3136 4478 sensum
3190 4439 3306 4478 non
3375 4422 3509 4476 novi
3569 4417 3666 4472 nisi
3705 4420 3854 4476 corpus.

2253 4513 2408 4584 quod
2455 4529 2586 4567 vere
2644 4528 2902 4583 pureque
2950 4528 3135 4566 unum
3189 4527 3306 4566 non
3364 4526 3487 4564 esse
3545 4499 3854 4584 convincimu-

2252 4604 2430 4657 Porro
2461 4601 2508 4656 si
2539 4618 2722 4656 unum
2765 4617 2882 4656 non
2924 4601 3287 4672 percepimus
3316 4598 3572 4670 corporis
3597 4605 3754 4652 sensu,
3780 4580 3854 4636 ωλῙ·

2252 4692 2374 4746 lum
2403 4707 2711 4746 numerum
2742 4708 2810 4746 eo
2841 4707 3010 4746 sensu
3031 4689 3417 4762 percepimus,
3443 4701 3634 4742 eorum
3661 4676 3852 4766 duntati2

2252 4796 2629 4836 numerorum
2661 4796 2803 4852 quos
2833 4778 3215 4849 intelligentia
3243 4777 3554 4833 cernimus.
3573 4770 3743 4828 Nullus
3761 4771 3854 4814 enim

2255 4875 2340 4925 est
2366 4886 2435 4924 ex
2466 4869 2558 4933 iis,
2590 4869 2692 4940 qui
2721 4885 2837 4924 non
2865 4873 2950 4924 tot
2977 4873 3234 4936 vocetur,
3281 4865 3504 4938 quoties
3545 4859 3698 4917 habet
3720 4859 3852 4940 unum?

2254 4961 2417 5031 cuius
2469 4937 2762 5031 Perceptio
2802 4957 3059 5030 corporis
3113 4937 3455 5012 sensuinon
3506 4953 3587 5007 ﬁt.
3631 4937 3855 5015 Cujuslihet

2253 5048 2411 5104 enim
2441 5048 2761 5121 corpusculi
2790 5064 2922 5120 pars
2950 5046 3191 5102 dimidia
3236 5044 3464 5117 quantis
3493 5038 3695 5096 duabus
3734 5031 3852 5121 ιοιυιιξ

2252 5141 2494 5205 constat,
2528 5112 2701 5192 habet
2733 5112 2940 5207 et-ipsa
2977 5112 3275 5189 dimidiam
3309 5148 3488 5188 suam.
3535 5127 3617 5182 Sic
3643 5112 3855 5209 er89_

2251 5226 2365 5281 illa:
2415 5226 2543 5281 duae
2586 5230 2775 5297 partes
2817 5205 2877 5279 in
2907 5239 3166 5294 corpore,
3216 5226 3282 5276 ut
3307 5237 3411 5276 nec
3446 5220 3578 5290 ipse
3607 5205 3855 5279 simpliciter

2251 5316 2379 5371 duae
2411 5315 2549 5371 sint.
2591 5315 2871 5370 Numerus
2903 5317 3096 5368 autem
3125 5311 3222 5366 ille
3261 5311 3362 5382 qui
3387 5310 3608 5363 vocatur
3632 5301 3740 5361 duo,
3765 5302 3854 5360 qm"

2251 5405 2412 5460 niam
2443 5404 2532 5460 bis
2561 5403 2735 5459 habet
2764 5403 2910 5458 illud
2934 5401 3092 5475 quod
3121 5400 3451 5473 simpliciter
3468 5407 3636 5451 unum
3663 5388 3747 5448 est,
3770 5387 3855 5450 Pars

2318 5531 2334 5564 ¹
2361 5531 2424 5579 In
2455 5526 2843 5592 antiquioribus
2859 5524 3108 5576 editionis
3127 5528 3179 5576 et
3193 5535 3382 5574 novem
3399 5508 3732 5576 Mss.,numeri
3749 5499 3855 5552 nats.

2253 5603 2372 5642 ram
2381 5628 2394 5642 .
