4008 6184
92 286 125 334 1
152 285 289 338 253

84 404 173 474 ej
190 422 268 458 us
290 402 544 470 dimidia,
562 402 621 456 id
643 406 726 457 est
752 402 1095 472 illudipsum
1122 403 1280 474 quod
1297 403 1637 473 simpliciter
1658 419 1842 457 unum

84 499 251 561 est,
288 511 403 548 non
434 498 620 565 potest
666 509 862 547 rursus
908 493 1118 547 habere
1163 493 1458 548 dimidiam
1504 498 1726 565 partem
1755 494 1844 547 vel

84 582 395 648 tertiam,
428 580 514 634 vel
569 579 962 650 quotamlibet,
1018 579 1291 651 quoniam
1341 581 1579 651 simplex
1617 585 1674 634 et
1716 596 1845 633 vere

92 684 331 722 unum
365 672 468 721 est.

212 761 306 812 23.
343 756 554 811 Deinde
577 757 851 827 quoniam
874 760 1137 810 tenentes
1167 756 1426 811 ordinem
1450 773 1843 825 numerorum,

94 852 277 915 post
308 862 486 899 unum
516 846 627 900 duo
667 847 945 912 videmus,
977 846 1076 916 qui
1107 862 1378 900 numerus
1408 847 1479 900 ad
1512 863 1691 901 unum
1732 847 1846 901 col-

92 935 315 997 latus,
348 934 554 1004 duplus
602 933 919 988 invenitur:
985 934 1195 1004 duplus
1226 936 1470 988 duorum
1502 951 1619 988 non
1649 951 1844 988 conse-

101 1026 391 1093 quenter
430 1022 782 1092 adjungitur,
824 1023 921 1076 sed
954 1022 1291 1093 interposito
1322 1024 1573 1077 ternario
1613 1028 1847 1093 quater-

98 1111 341 1166 narius
371 1111 646 1182 sequitur,
678 1111 778 1182 qui
810 1112 1018 1182 duplus
1045 1117 1131 1166 est
1159 1114 1422 1167 duorum.
1463 1114 1525 1166 Et
1556 1114 1676 1167 haec
1703 1112 1845 1166 ratio

100 1217 247 1271 per
270 1216 468 1254 omnes
516 1204 749 1254 caeteros
781 1216 1054 1255 numeros
1080 1201 1395 1255 certissima
1438 1206 1491 1255 et
1525 1202 1845 1255 incommu-

98 1290 306 1344 tabili
338 1291 461 1360 lege
492 1289 873 1359 pertenditur,
930 1294 994 1343 ut
1047 1295 1176 1360 post
1220 1306 1424 1359 unum,
1481 1290 1537 1344 id
1585 1294 1669 1343 est
1723 1294 1850 1360 post

102 1379 398 1449 primum
422 1378 681 1431 omnium
704 1394 1101 1444 numerorum,
1125 1378 1246 1449 ipso
1272 1383 1507 1448 excepto
1536 1378 1754 1448 primus
1777 1379 1849 1431 sit

105 1467 245 1538 qui
279 1468 520 1536 duplum
554 1468 676 1537 ejus
720 1467 927 1533 habet;
989 1468 1101 1522 duo
1150 1466 1303 1520 enim
1343 1472 1681 1537 sequuntur.
1716 1469 1848 1521 Post

106 1556 456 1610 secundum
487 1560 699 1623 autem,
754 1555 812 1609 id
842 1561 927 1609 est
959 1560 1085 1626 post
1117 1556 1251 1623 duo,
1302 1556 1427 1626 ipso
1477 1561 1710 1626 excepto
1753 1573 1843 1610 se-

107 1645 363 1699 cundus
410 1644 482 1699 sit
521 1644 620 1715 qui
667 1644 909 1713 duplum
956 1645 1079 1715 ejus
1108 1645 1317 1698 habet:
1361 1650 1493 1714 post
1537 1644 1651 1698 duo
1691 1644 1846 1698 enim

104 1733 363 1804 primus
393 1735 476 1785 est
506 1732 805 1799 ternarius,
841 1732 1125 1787 secundus
1169 1732 1596 1803 quaternarius,
1636 1732 1845 1803 duplus

111 1820 395 1875 secundi.
422 1821 555 1873 Post
585 1819 839 1887 tertium,
867 1818 924 1873 id
961 1825 1048 1874 est
1085 1820 1426 1887 ternarium,
1459 1820 1582 1891 ipso
1609 1824 1845 1890 excepto

113 1910 346 1965 tertius
377 1909 449 1963 sit
481 1908 581 1980 qui
609 1909 817 1979 duplus
849 1913 933 1963 est
972 1910 1122 1980 ejus:
1156 1914 1284 1981 post
1313 1910 1549 1963 tertium
1586 1909 1762 1979 enim,
1786 1910 1846 1964 id

117 2002 227 2053 est
254 2001 382 2068 post
410 1997 729 2051 ternarium
742 1996 962 2068 primus
993 2002 1077 2051 est
1106 1998 1530 2067 quaternarius,
1563 1998 1845 2052 secundus

118 2087 463 2158 quinarius,
494 2086 695 2140 tertius
726 2086 1005 2154 senarius,
1041 2087 1139 2158 qui
1167 2087 1375 2157 duplus
1406 2090 1490 2140 est
1525 2087 1709 2142 tertii.
1746 2090 1843 2141 At-

118 2192 255 2246 que
276 2176 356 2229 ita
384 2180 514 2246 post
541 2180 831 2247 quartum,
859 2176 983 2246 ipso
1027 2181 1259 2246 excepto
1281 2181 1520 2247 quartus
1540 2176 1714 2231 habet
1740 2177 1843 2231 du-

122 2266 305 2335 plum
338 2266 459 2336 ejus
485 2282 497 2318 :
527 2268 655 2335 post
685 2269 953 2335 quartum
994 2264 1167 2333 enim,
1211 2264 1270 2319 id
1295 2269 1382 2319 est
1412 2265 1846 2336 quaternarium

126 2354 367 2425 primus
398 2357 482 2407 est
537 2353 855 2423 quinarius,
885 2354 1162 2408 secundus
1211 2353 1488 2422 senarius,
1518 2354 1720 2409 tertius
1768 2371 1848 2409 se-

127 2442 462 2514 ptenarius,
492 2447 730 2513 quartus
763 2443 1105 2510 octonarius,
1138 2443 1238 2514 qui
1267 2444 1472 2514 duplex
1504 2447 1588 2498 est
1635 2444 1842 2515 quarti.

129 2533 330 2601 Atque
360 2531 438 2585 ita
492 2547 595 2601 per
640 2547 837 2584 omnes
894 2537 1124 2585 caeteros
1167 2532 1416 2601 reperies
1446 2533 1553 2586 hoc
1582 2533 1733 2603 quod
1788 2532 1847 2586 in

126 2619 329 2691 prima
341 2621 546 2690 copula
567 2636 962 2687 numerorum,
985 2620 1043 2674 id
1066 2624 1150 2673 est
1174 2637 1287 2675 uno
1320 2625 1376 2675 et
1396 2621 1620 2676 duobus
1650 2621 1846 2675 inven-

130 2713 270 2761 tum
302 2712 403 2775 est,
433 2711 495 2761 ut
517 2712 726 2777 quotus
757 2708 1001 2779 quisque
1027 2725 1301 2762 numerus
1326 2713 1412 2763 est
1442 2709 1510 2762 ab
1542 2708 1667 2778 ipso
1696 2709 1849 2779 prin-

128 2796 311 2868 cipio,
343 2800 494 2850 totus
524 2803 654 2867 post
683 2797 846 2851 illum
881 2797 1175 2866 sitduplus
1200 2799 1349 2867 ejus.
1386 2799 1504 2851 Hoc
1520 2813 1657 2868 ergo
1690 2798 1847 2867 quod

130 2902 247 2957 per
278 2902 475 2939 omnes
500 2902 768 2939 numeros
800 2903 919 2940 esse
943 2886 1259 2953 immobile,
1305 2886 1541 2941 ﬁrmum
1582 2887 1847 2940 incorru—

132 2979 423 3045 ptumque
463 2975 863 3045 conspicimus,
898 2975 1049 3028 unde
1080 2975 1500 3045 conspicimus?
1535 2976 1660 3030 Non
1692 2975 1847 3029 enim

136 3064 296 3117 ullus
328 3064 444 3117 ullo
502 3080 669 3117 sensu
717 3063 972 3133 corporis
1022 3081 1219 3118 omnes
1277 3080 1547 3118 numeros
1578 3064 1843 3135 attingit;

138 3152 597 3207 innumerabiles
644 3153 799 3207 enim
830 3158 999 3207 sunt:
1058 3154 1211 3208 unde
1256 3170 1392 3225 ergo
1434 3153 1698 3207 novimus
1746 3170 1848 3225 per

144 3258 347 3296 omnes
370 3242 480 3296 hoc
501 3258 640 3307 esse,
658 3246 754 3296 aut
767 3259 881 3314 qua
892 3243 1193 3313 phantasia
1208 3244 1292 3296 vel
1321 3244 1718 3313 phantasmate
1731 3248 1849 3298 tam

143 3336 300 3386 certa
328 3331 532 3385 veritas
561 3331 789 3386 numeri
814 3349 915 3403 per
944 3332 1385 3386 innumerabilia
1418 3337 1536 3385 tam
1577 3332 1843 3395 ﬁdenter,

142 3419 256 3472 nisi
294 3418 353 3472 in
396 3418 518 3473 luce
565 3419 834 3475 interiore
882 3420 1248 3491 conspicitur,
1304 3436 1479 3491 quam
1536 3418 1845 3490 corporalis

142 3523 343 3562 sensus
368 3508 595 3579 ignorat
617 3508 645 3561 Ἰ

218 3599 306 3653 24.
334 3597 438 3650 His
467 3602 524 3651 et
554 3596 765 3652 talibus
797 3596 992 3651 multis
1041 3596 1399 3651 documentis
1452 3599 1739 3667 coguntur
1767 3596 1847 3650 fa-

144 3685 273 3753 teri,
307 3684 514 3756 quibus
543 3685 962 3756 disputantibus
1005 3687 1153 3739 Deus
1183 3686 1411 3739 donavit
1442 3684 1763 3756 ingenium,
1795 3690 1850 3738 et

144 3775 458 3845 pertinacia
502 3774 811 3845 caliginum
857 3791 971 3829 non
1030 3774 1281 3843 obducit,
1318 3774 1599 3829 rationem
1650 3772 1850 3826 verita-

143 3867 379 3933 temque
409 3878 809 3929 numerorum,
844 3868 900 3917 et
929 3863 999 3917 ad
1029 3880 1227 3917 sensus
1277 3862 1531 3934 corporis
1564 3878 1679 3916 non
1720 3877 1847 3932 per-

141 3952 350 4017 tinere,
413 3956 469 4004 et
517 3951 901 4007 invertihilem
961 3952 1356 4023 sinceramque
1408 3952 1742 4020 consistere,
1797 3955 1852 4005 et

144 4039 414 4095 omnibus
442 4040 917 4095 ratiocinantibus
950 4042 1019 4095 ad
1078 4042 1388 4096 videndum
1428 4059 1549 4095 esse
1592 4057 1849 4095 commu-

144 4145 302 4184 nem.
356 4130 715 4200 Quapropter
764 4147 895 4184 cum
934 4131 1115 4183 multa
1144 4130 1253 4183 alia
1283 4131 1503 4201 possint
1532 4145 1850 4199 occurrere,

145 4234 278 4289 quae
305 4218 666 4271 comnuniter
692 4223 748 4271 et
775 4222 1045 4288 tanquam
1096 4218 1322 4288 publice
1354 4224 1565 4288 praesto
1594 4223 1728 4271 sunt
1756 4234 1852 4271 ra-

142 4306 576 4372 tiocinantibus,
610 4311 667 4360 et
692 4306 761 4361 ab
789 4306 869 4360 eis
896 4306 1200 4361 videantur
1221 4311 1411 4360 mente
1434 4311 1605 4375 atque
1630 4305 1851 4359 ratione

147 4395 509 4467 singulorum
528 4412 889 4466 quorumque
912 4396 1287 4457 cernentium,
1313 4411 1492 4466 eaque
1510 4394 1777 4448 inviolata
1798 4401 1854 4447 et

144 4485 643 4539 incommutabilia
672 4488 945 4538 maneant
971 4501 984 4550 ;
1016 4500 1133 4538 non
1166 4489 1360 4537 tamen
1389 4482 1600 4536 invitus
1627 4497 1855 4551 accepe-

145 4573 259 4627 rim
291 4574 444 4644 quod
475 4575 580 4627 ista
606 4574 753 4626 ratio
777 4577 831 4627 et
868 4572 1071 4626 veritas
1102 4572 1330 4625 numeri
1356 4571 1462 4625 tibi
1492 4570 1851 4642 potissimum

146 4662 477 4730 occurrerit,
511 4679 639 4716 cum
672 4662 743 4716 ad
774 4662 835 4715 id
866 4662 1019 4733 quod
1074 4662 1580 4732 interrogaveram,
1613 4676 1851 4730 respon-

145 4752 281 4806 dere
338 4750 645 4804 voluisses:
680 4766 794 4804 non
845 4749 999 4804 enim
1056 4750 1265 4803 frustra
1316 4749 1378 4802 in
1434 4749 1643 4803 sanctis
1675 4748 1853 4803 Libris

146 4839 443 4910 sapientiae
497 4840 837 4910 conjunctus
884 4843 970 4893 est
1020 4854 1317 4902 numerus,
1349 4838 1449 4892 ubi
1489 4839 1701 4893 dictum
1733 4842 1850 4892 est:

147 4928 395 4985 σίν-ου’ἰυί
415 4944 506 4995 ego
526 4933 577 4983 et
604 4943 700 4984 cor
728 4943 916 4984 meum
945 4925 988 4995 ⁸,
1020 4933 1088 4983 ut
1115 4930 1328 4992 scirem,
1354 4932 1403 4982 et
1429 4927 1849 4981 considerarem.

146 5022 200 5074 et
232 5034 523 5086 quaererem
555 5020 911 5087 sapientiam,
959 5022 1009 5071 et
1056 5031 1359 5071 numerum
1384 5017 1579 5086 (Eccle.
1612 5032 1705 5083 vn,
1738 5016 1849 5085 26).

148 5107 376 5161 CAPUT
408 5108 495 5162 IX.
529 5137 594 5147 —-
626 5107 769 5173 Quid
811 5109 1109 5177 sapientia,
1148 5108 1264 5160 sine
1315 5120 1428 5176 qua
1455 5120 1606 5158 nemo
1644 5103 1852 5169 beatus,

401 5253 413 5265 ,
462 5211 533 5249 an
564 5212 679 5252 una
718 5195 795 5250 sit
814 5198 872 5249 in
897 5196 1153 5251 omnibus
1177 5194 1539 5264 sapientibus.

221 5287 309 5338 25.
340 5285 766 5352 Verumtamen,
803 5301 995 5355 quazso
1020 5290 1097 5351 te,
1131 5284 1271 5355 quid
1300 5283 1369 5338 de
1419 5282 1541 5353 ipsa
1579 5280 1859 5351 sapientia

217 5375 232 5407 ¹
264 5373 323 5420 In
335 5372 464 5421 Edd.
476 5410 487 5429 ,
502 5375 556 5421 et
577 5372 834 5421 inclinavi
854 5386 943 5421 cor
954 5384 1156 5421 meum.
1171 5371 1237 5419 At
1258 5371 1404 5419 abest
1416 5369 1678 5420 inclinavi
1690 5383 1720 5417 a
1733 5370 1853 5417 Mss.

150 5448 250 5483 nec
271 5448 375 5483 non
394 5450 423 5483 a
450 5448 621 5497 grzeco
645 5435 927 5497 Scripturas
952 5438 1119 5494 textu,
1132 5433 1285 5495 juxta
1306 5446 1464 5495 quem
1484 5437 1673 5497 postea
1686 5431 1856 5497 legere

153 5498 285 5546 solet
300 5493 647 5560 Augustinus,
667 5493 985 5560 sapientiam
1004 5501 1056 5547 et
1072 5493 1367 5560 numerant
1389 5509 1402 5554 ;
1431 5493 1535 5558 quo
1555 5494 1713 5560 modo
1730 5493 1857 5558 legit

154 5559 310 5609 etiam
338 5558 644 5609 Ambrosius
674 5558 885 5608 in'libro
921 5560 985 5607 de
1010 5560 1155 5609 Bono
1186 5558 1387 5617 Mortis,
1412 5570 1527 5620 cap.
1554 5559 1603 5605 7.

1552 280 1763 337 LIBER
1802 278 2188 336 SECUNDUS.

3522 285 3658 337 1254

1952 406 2120 472 putas
2147 398 2636 454 existimandum?
2664 398 2927 470 Singulas
2959 415 3217 471 quasque
3261 417 3390 455 suas
3419 403 3657 457 arbitra-

1955 490 2031 543 ris
2058 489 2313 559 singulos
2344 504 2603 559 quosque
2657 487 2918 541 homines
2947 487 3161 543 habere
3194 490 3502 559 sapientias
3524 494 3551 544 ?
3581 508 3655 545 an

1952 595 2085 633 vero
2122 594 2292 631 unam
2319 583 2526 647 praesto
2555 593 2673 630 esse
2703 576 3087 630 communiter
3146 578 3434 645 omnibus,
3496 581 3659 649 cujus

1956 674 2172 741 quanto
2205 669 2387 739 magis
2420 668 2662 739 quisque
2697 669 2763 722 ﬁt
2792 668 3096 739 particeps,
3128 672 3284 722 tanto
3316 674 3399 723 est
3430 670 3657 740 sapien-

1954 760 2106 813 tior?
2134 762 2197 812 E.
2234 759 2414 822 Quam
2446 758 2597 811 dicas
2627 757 2967 828 sapientiam
3017 758 3276 811 nondum
3307 758 3455 825 scio;
3490 759 3655 813 video

1956 848 2169 919 quippe
2199 848 2351 900 varie
2377 846 2556 901 videri
2583 846 2931 914 hominibus,
2951 845 3089 916 quid
3118 846 3219 899 ﬁat
3251 847 3543 901 dicaturve
3568 866 3651 902 sa-

1956 937 2179 1008 pienter
2212 954 2222 990 :
2263 953 2397 989 nam
2428 940 2484 989 et
2531 935 2631 1005 qui
2683 936 2956 1003 militant,
2988 935 3276 1006 sapienter
3314 936 3422 989 sibi
3471 936 3659 991 facere

1956 1026 2224 1080 videntur
2248 1045 2263 1092 ;
2294 1030 2349 1079 et
2378 1024 2477 1095 qui
2504 1029 2832 1095 contempta
2860 1023 3066 1077 militia
3095 1024 3331 1077 colendo
3390 1041 3528 1093 agro
3560 1040 3660 1079 cu-

1956 1132 2078 1169 ram
2113 1119 2277 1185 atque
2321 1126 2554 1183 operam
2598 1113 2961 1183 impendunt,
3008 1113 3115 1165 hoc
3162 1112 3353 1182 potius
3400 1114 3655 1179 laudant,

1958 1204 2332 1271 tribuuntque
2365 1201 2695 1272 sapientia};
2730 1206 2787 1254 et
2816 1201 2915 1271 qui
2968 1201 3140 1254 astuti
3172 1206 3304 1254 sunt
3331 1202 3401 1255 ad
3443 1202 3661 1273 excogi-

1957 1292 2161 1346 tandos
2207 1291 2404 1345 modos
2446 1289 2853 1360 conquirendae
2901 1288 3179 1359 pecuniae,
3239 1289 3344 1343 sibi
3396 1290 3661 1345 videntur

1958 1397 2079 1434 esse
2110 1379 2394 1448 sapientes
2421 1398 2436 1445 ;
2474 1383 2530 1431 et
2561 1378 2660 1447 qui
2690 1379 2810 1430 hrec
2842 1376 3037 1430 omnia
3068 1378 3372 1447 negligant
3399 1380 3485 1431 vel
3518 1380 3661 1449 abji-

1956 1467 2133 1534 ciunt,
2152 1472 2476 1538 etquaeque
2506 1471 2639 1520 sunt
2672 1465 3003 1535 hujusmodi
3027 1466 3371 1534 temporalia
3401 1471 3455 1519 et
3476 1471 3661 1519 totum

1959 1557 2212 1611 studium
2243 1572 2411 1610 suum
2435 1556 2505 1609 ad
2528 1554 3025 1624 investigationem
3052 1554 3358 1607 conferunt
3388 1554 3665 1624 veritatis,

1955 1651 2018 1700 ut
2049 1644 2387 1715 semetipsos
2410 1646 2703 1713 Deumque
2718 1647 3085 1713 cognoscant,
3114 1658 3391 1712 magnum
3414 1642 3519 1696 hoc
3540 1659 3661 1698 esse

1951 1735 2246 1806 sapientia:
2268 1750 2476 1788 munus
2494 1733 2790 1803 judicant;
2826 1735 2883 1785 et
2909 1731 3007 1801 qui
3039 1731 3173 1784 huic
3206 1731 3324 1785 otio
3358 1732 3662 1801 quaerendi

1956 1828 2011 1877 et
2042 1822 2468 1893 contemplandi
2501 1822 2620 1876 veri
2644 1821 2853 1874 nolunt
2881 1836 2938 1873 se
2971 1820 3197 1886 dedere,
3230 1821 3328 1873 sed
3356 1819 3548 1890 potius
3579 1822 3661 1874 la-

1954 1912 2359 1966 boriosissimis
2381 1911 2531 1965 curis
2562 1915 2619 1963 et
2649 1909 2851 1964 ofﬁciis
2872 1912 3072 1978 agunt,
3106 1912 3166 1961 ut
3186 1908 3512 1961 hominibus
3525 1924 3661 1962 con-

1956 2002 2160 2065 sulant,
2197 2005 2252 2054 et
2282 1999 2341 2053 in
2372 2015 2567 2053 rerum
2588 1999 2977 2052 humanarum
3000 1997 3154 2067 juste
3181 1996 3663 2051 moderandarum

1956 2093 2011 2144 et
2058 2088 2564 2159 gubernandarum
2622 2087 2845 2140 actione
2897 2090 3213 2154 versantur,
3267 2085 3552 2155 sapientes
3602 2103 3659 2140 se

1954 2194 2073 2232 esse
2102 2178 2489 2243 arbitrantur;
2524 2181 2581 2231 et
2619 2175 2717 2247 qui
2741 2181 3049 2245 utrumque
3102 2175 3308 2227 horum
3338 2181 3538 2243 agunt,
3598 2180 3658 2229 et

1956 2268 2165 2338 partim
2194 2266 2392 2321 vivunt
2422 2266 2481 2319 in
2511 2262 2995 2334 contemplatione
3038 2262 3311 2327 veritatis,
3345 2263 3556 2333 partim
3596 2263 3658 2317 in

1957 2355 2254 2409 laboribus
2281 2353 2567 2419 ofﬁciosis,
2597 2369 2741 2424 quos
2762 2352 3029 2406 humanae
3058 2350 3314 2405 societati
3339 2351 3534 2406 deberi
3552 2368 3659 2423 pu-

1956 2448 2100 2509 tant,
2136 2444 2242 2497 sibi
2274 2444 2527 2514 palmam
2560 2440 2855 2512 sapientiae
2892 2444 3086 2494 tenere
3113 2440 3396 2494 videntur.
3448 2440 3663 2495 Omitto

1957 2531 2409 2585 innumerabiles
2440 2534 2632 2591 sectas,
2667 2544 2912 2599 quarum
2945 2528 3102 2580 nulla
3132 2530 3219 2581 est
3264 2543 3393 2597 quae
3423 2543 3539 2581 non
3586 2544 3666 2582 se-

1961 2624 2201 2674 ctatores
2232 2636 2363 2672 suos
2393 2633 2740 2688 praeponens
2796 2615 3035 2681 caeteris,
3072 2630 3167 2668 eos
3197 2616 3347 2668 solos
3374 2615 3509 2670 velit
3538 2632 3662 2671 esse

1958 2708 2261 2778 sapientes.
2294 2707 2679 2771 Quamobrem
2706 2720 2836 2758 cum
2867 2703 2923 2757 id
2952 2719 3102 2756 nunc
3129 2707 3333 2772 agatur
3362 2702 3512 2756 inter
3535 2720 3659 2771 nos,

1958 2802 2023 2852 ut
2052 2814 2165 2851 non
2198 2797 2335 2867 quid
2348 2796 2647 2850 credamus
2678 2793 3142 2863 respondendum
3171 2792 3263 2861 sit,
3295 2792 3391 2845 sed
3420 2793 3559 2861 quid
3581 2793 3663 2847 di-

1957 2886 2145 2939 lucida
2175 2884 2558 2954 intelligentia
2583 2888 2900 2943 teneamus,
2931 2881 3089 2935 nullo
3140 2879 3314 2934 modo
3365 2880 3436 2933 ad
3464 2880 3525 2933 id
3554 2880 3661 2934 tibi

1958 2975 2113 3046 quod
2144 2973 2508 3044 interrogasti
2551 2971 2893 3042 respondere
2943 2974 3163 3040 potero,
3208 2969 3319 3023 nisi
3352 2969 3507 3039 quod
3540 2985 3661 3023 cre-

1958 3064 2141 3119 dendo
2172 3068 2362 3131 teneo,
2388 3061 2827 3132 contemplando
2850 3059 3022 3114 etiam
3046 3063 3101 3114 et
3124 3058 3345 3113 ratione
3375 3059 3660 3114 cernendo

1959 3154 2240 3220 noverim,
2271 3169 2401 3224 quae
2432 3152 2503 3205 sit
2540 3152 2665 3221 ipsa
2694 3148 2994 3220 sapientia.

2029 3247 2116 3297 26.
2149 3244 2221 3298 Α.
2256 3244 2404 3296 Num
2432 3241 2603 3295 aliam
2647 3244 2815 3310 putas
2858 3254 2978 3292 esse
3007 3236 3346 3307 sapientiam
3377 3236 3485 3291 nisi
3514 3237 3662 3291 veri-

1958 3337 2154 3399 tatem,
2188 3331 2250 3385 in
2280 3348 2393 3401 qua
2415 3329 2667 3383 cernitur
2706 3332 2762 3382 et
2788 3331 3014 3381 tenetur
3043 3341 3336 3379 summum
3386 3326 3607 3380 bonum
3628 3328 3657 3379 ?

1962 3423 2103 3476 Nam
2125 3420 2208 3474 illi
2239 3436 2436 3473 omnes
2457 3434 2600 3489 quos
2626 3414 3084 3471 commemorasti
3110 3414 3331 3467 diversa
3360 3418 3661 3482 sectantes,

1959 3509 2175 3562 bonum
2202 3510 2499 3576 appetunt,
2534 3510 2589 3558 et
2631 3505 2848 3557 malum
2894 3501 3161 3571 fugiunt;
3203 3501 3301 3554 sed
3346 3506 3656 3571 propterea

1960 3596 2183 3651 diversa
2212 3598 2520 3659 sectantur,
2578 3591 2731 3662 quod
2781 3590 2936 3643 aliud
2994 3588 3092 3642 alii
3142 3587 3365 3642 videtur
3420 3589 3657 3644 bonum.

1961 3684 2227 3754 Quisquis
2266 3698 2402 3753 ergo
2434 3680 2651 3751 appetit
2706 3679 2861 3750 quod
2914 3678 3298 3748 appetendum
3352 3693 3471 3730 non
3516 3683 3657 3743 erat,

1960 3772 2187 3827 tametsi
2218 3771 2275 3826 id
2313 3787 2429 3824 non
2460 3773 2755 3840 appeteret
2784 3767 2893 3821 nisi
2924 3767 2977 3821 ei
3009 3767 3297 3821 videretur
3324 3767 3662 3833 bonum,er—

1956 3867 2045 3918 rat
2074 3868 2286 3917 tamen.
2322 3862 2518 3914 Errare
2552 3862 2744 3912 autem
2770 3873 2958 3928 neque
3007 3856 3102 3910 ille
3150 3860 3343 3927 potest
3372 3855 3472 3926 qui
3514 3856 3659 3911 nihil

1961 3952 2202 4023 appetit,
2233 3966 2419 4021 neque
2451 3949 2547 4002 ille
2591 3947 2691 4019 qui
2717 3949 2824 4001 hoc
2855 3946 3073 4017 appetit
3102 3947 3253 4016 quod
3294 3945 3461 3999 debet
3491 3961 3663 4016 appe-

1960 4047 2102 4096 tere.
2156 4042 2219 4094 In
2272 4043 2551 4110 quantum
2608 4036 2783 4107 igitur
2839 4051 3037 4090 omnes
3084 4034 3347 4088 homines
3380 4038 3663 4105 appetunt

1958 4131 2133 4185 vitam
2164 4131 2410 4194 beatam,
2445 4143 2559 4180 non
2609 4128 2820 4179 errant.
2855 4125 2918 4177 In
2949 4128 3227 4194 quantum
3261 4126 3454 4175 autem
3510 4122 3659 4192 quis-

1962 4235 2072 4289 que
2108 4233 2226 4271 non
2257 4232 2383 4271 eam
2396 4220 2552 4269 tenet
2579 4213 2710 4267 vitae
2740 4212 2890 4265 viam
2922 4227 3051 4281 quae
3080 4209 3236 4264 ducit
3264 4209 3333 4262 ad
3364 4208 3666 4261 beatitudi-

1960 4323 2115 4372 nem,
2148 4320 2279 4359 cum
2306 4320 2363 4357 se
2398 4301 3087 4371 fateatur,etproﬁteatur
3115 4298 3268 4351 nolle
3299 4296 3408 4349 nisi
3429 4296 3501 4349 ad
3528 4296 3660 4350 bea-

1960 4394 2265 4448 titudinem
2292 4391 2610 4463 pervenire,
2644 4390 2705 4443 in
2732 4393 2954 4444 tantum
2993 4391 3163 4440 errat.
3191 4387 3358 4439 Error
3388 4388 3475 4438 est
3505 4384 3659 4437 enim

1961 4499 2091 4537 cum
2106 4481 2402 4552 sequimur
2417 4478 2635 4551 aliquid
2648 4478 2803 4550 quod
2819 4493 2936 4531 non
2961 4476 3032 4529 ad
3054 4474 3113 4528 id
3153 4474 3307 4527 ducit
3339 4489 3453 4543 quo
3496 4474 3666 4528 volu-

1961 4588 2088 4625 mus
2118 4570 2435 4641 pervenire.
2474 4570 2539 4623 Et
2565 4572 2779 4640 quanto
2811 4564 2990 4634 magis
3020 4563 3081 4616 in
3113 4562 3201 4616 via
3251 4561 3384 4615 vitae
3414 4561 3542 4633 quis
3573 4579 3663 4617 er-

1961 4663 2066 4726 rat,
2101 4663 2259 4713 tanto
2288 4658 2479 4714 minus
2510 4657 2676 4727 sapit.
2711 4656 2891 4708 Tanto
2928 4650 3082 4705 enim
3112 4649 3297 4720 magis
3326 4650 3494 4721 longe
3525 4656 3611 4705 est
3631 4667 3665 4706 a

1959 4750 2214 4811 veritate,
2247 4734 2308 4803 in
2339 4763 2452 4819 qua
2481 4744 2733 4800 cernitur
2761 4746 2817 4795 et
2841 4744 3071 4795 tenetur
3100 4755 3389 4793 summum
3422 4742 3661 4796 bonum.

1961 4837 2196 4891 Summo
2230 4840 2421 4890 autem
2445 4833 2599 4886 bono
2630 4833 2885 4883 assecuto
2913 4831 2971 4881 et
3001 4826 3227 4897 adepto,
3279 4827 3479 4881 beatus
3507 4827 3663 4898 quis-

1962 4942 2073 4997 que
2095 4926 2189 4991 ﬁt;
2224 4923 2376 4993 quod
2424 4936 2622 4974 omnes
2681 4916 2804 4971 sine
2849 4915 3236 4970 controversia
3263 4917 3550 4971 volumus.
3592 4917 3663 4970 Ut

1962 5032 2099 5086 ergo
2130 5017 2350 5069 constat
2404 5027 2506 5064 nos
2562 5008 2759 5062 beatos
2816 5022 2935 5059 esse
2966 5005 3131 5075 velle,
3178 5005 3257 5059 ita
3312 5022 3416 5059 nos
3447 5008 3666 5058 constat

1961 5106 2105 5158 velle
2135 5119 2255 5157 esse
2284 5098 2565 5170 sapientes
2590 5114 2603 5163 ;
2638 5096 2776 5167 quia
2804 5111 2973 5151 nemo
3005 5094 3125 5148 sine
3157 5093 3436 5165 sapientia
3462 5094 3663 5146 beatus

1963 5199 2067 5250 est.
2098 5194 2276 5247 Nemo
2304 5188 2459 5243 enim
2490 5188 2691 5242 beatus
2741 5190 2844 5252 est,
2894 5183 3004 5238 nisi
3034 5199 3257 5237 summo
3288 5183 3459 5247 bono,
3505 5183 3661 5251 quod

1911 5310 1917 5316 ι
1962 5283 2023 5339 ni
2054 5299 2121 5337 ea
2151 5280 2406 5347 veritate,
2429 5292 2603 5348 quam
2635 5273 2975 5345 sapientiam
3004 5287 3291 5335 vocamus,
3327 5268 3581 5323 cernitur
3610 5274 3665 5324 et

1964 5373 2215 5423 tenetur.
2255 5367 2409 5421 Sicut
2438 5381 2575 5435 ergo
2626 5368 2935 5435 antequam
2966 5361 3118 5416 beati
3149 5360 3345 5425 simus,
3375 5358 3662 5413 mentibus

1963 5462 2157 5513 tamen
2188 5455 2394 5509 nostris
2418 5453 2699 5525 impressa
2728 5458 2811 5507 est
2836 5449 2995 5506 notio
3025 5447 3344 5513 beatitatis;
3377 5462 3483 5518 per
3516 5447 3663 5503 hanc

1965 5546 2120 5599 enim
2149 5543 2379 5611 scimus,
2414 5542 2798 5613 ﬁdenterque,
2830 5544 2887 5595 et
2914 5538 3035 5593 sine
3062 5537 3178 5592 ulla
3196 5535 3549 5592 dubitatione
3578 5538 3663 5593 di-
