4008 6184
359 247 492 300 1255

350 364 532 420 cimus
555 362 755 416 beatos
781 374 887 412 nos
917 372 1038 413 esse
1062 355 1207 410 velle
1241 371 1254 410 :
1286 354 1366 408 ita
1395 353 1569 408 etiam
1594 353 1932 425 priusquam
1962 372 2047 410 sa-

352 454 576 525 pientes
608 450 804 517 simus,
835 447 1128 518 sapientiae
1158 443 1450 499 notionem
1481 443 1540 496 in
1555 447 1744 497 mente
1775 444 2052 498 habemus

356 544 712 614 impressam,
749 555 851 609 per
883 555 1054 608 quam
1077 535 1467 605 unusquisque
1500 538 1756 587 nostrum
1792 534 1837 587 si
1868 534 2050 588 inter-

358 638 598 702 rogetur
635 629 843 683 velitne
868 643 988 681 esse
1021 624 1266 694 sapiens,
1299 622 1421 677 sine
1453 622 1568 676 ulla
1595 622 1837 693 caligine
1885 623 2049 678 dubi-
2099 626 2102 630 â€™

353 722 584 778 tationis
614 737 670 775 se
704 720 846 772 velle
873 715 1200 787 respondet.

425 815 514 866 27.
542 810 725 873 Quare
757 807 802 860 si
825 807 946 877 jam
977 808 1199 858 constat
1227 802 1376 856 inter
1400 817 1503 855 nos
1534 817 1662 872 quae
1719 800 1792 855 sit
1821 803 2046 872 sapien-

354 899 453 964 tia,
489 913 662 968 quam
692 897 928 950 fortasse
959 892 1146 948 verbis
1177 891 1456 962 explicare
1487 907 1603 943 non
1638 894 1863 960 poteras
1895 889 2048 960 (nam

350 988 397 1042 si
419 1003 544 1041 eam
573 987 732 1040 nullo
763 984 932 1038 modo
962 982 1154 1036 animo
1187 996 1467 1045 cerneres,
1499 979 1655 1033 nullo
1688 979 1856 1033 modo
1878 979 2049 1034 scires

350 1082 406 1132 et
434 1077 574 1130 velle
604 1079 659 1129 te
687 1091 806 1129 esse
837 1073 1153 1144 sapientem
1181 1075 1235 1124 et
1254 1070 1396 1124 velle
1419 1069 1644 1136 debere,
1679 1069 1831 1140 quod
1861 1074 1916 1123 te
1947 1086 2046 1124 ne-

349 1170 621 1237 gaturum
659 1178 778 1216 esse
835 1178 952 1216 non
1012 1158 1298 1228 arbitror),
1355 1160 1481 1212 volo
1511 1159 1631 1228 jam
1676 1158 1828 1212 dicas
1885 1157 2044 1226 mihi,

349 1257 547 1309 utrum
570 1252 739 1306 etiam
772 1249 1134 1321 sapientiam,
1157 1247 1299 1301 sicut
1321 1246 1546 1300 numeri
1569 1246 1850 1300 rationem
1878 1251 2047 1318 atque

347 1343 647 1396 veritatem
661 1339 927 1394 omnibus
954 1336 1422 1391 ratiocinantibus
1440 1351 1802 1390 communem
1824 1352 1882 1389 se
1910 1353 2049 1406 pra:-

350 1433 486 1487 bere
518 1429 848 1496 arbitreris;
881 1445 953 1482 an
985 1426 1259 1497 quoniam
1301 1430 1383 1479 tot
1413 1429 1543 1478 sunt
1597 1430 1817 1479 mentes
1865 1424 2048 1478 homi-

348 1537 492 1575 num
522 1523 662 1590 quot
690 1517 951 1572 homines
984 1521 1135 1580 sunt,
1170 1514 1319 1568 unde
1349 1530 1454 1568 nec
1482 1529 1616 1584 ergo
1649 1514 1716 1568 de
1745 1517 2045 1568 tuamente

348 1608 564 1680 aliquid
590 1623 780 1673 cerno,
823 1621 926 1659 nec
954 1609 1014 1658 tu
1048 1604 1116 1658 de
1159 1619 1306 1669 mea,
1351 1607 1437 1657 tot
1481 1603 1651 1656 etiam
1701 1607 1865 1673 putes
1927 1619 2045 1656 esse

348 1697 676 1768 sapientias,
715 1699 856 1767 quot
884 1693 1180 1765 potuerint
1211 1709 1331 1746 esse
1362 1691 1668 1763 sapientes.
1698 1695 1762 1747 E.
1809 1691 1865 1747 Si
1896 1708 2046 1746 sum-

349 1773 512 1840 mum
541 1787 757 1840 bonum
789 1783 1054 1838 omnibus
1085 1797 1265 1835 unum
1299 1785 1401 1846 est,
1449 1785 1672 1850 oportet
1701 1780 1874 1834 etiam
1899 1780 2046 1834 veri-

346 1880 522 1931 tatem
552 1875 611 1929 in
642 1891 757 1945 qua
785 1871 1037 1927 cernitur
1066 1875 1120 1924 et
1152 1874 1399 1936 tenetur,
1429 1868 1490 1923 id
1543 1873 1625 1923 est
1680 1869 2039 1940 sapientiam,

347 1965 612 2020 omnibus
641 1979 818 2017 unam
849 1977 968 2016 esse
1001 1975 1389 2014 communem.
1447 1960 1526 2014 A.
1586 1958 1817 2012 Dubitas
1851 1963 2044 2014 autem

347 2070 641 2110 summum
681 2053 920 2117 bonum,
952 2049 1230 2121 quidquid
1262 2047 1401 2102 illud
1433 2051 1518 2101 est
1547 2047 1814 2101 omnibus
1856 2047 2042 2101 homi-

346 2145 514 2199 nibus
543 2158 726 2198 unum
752 2157 873 2195 esse
897 2140 924 2192 ?
949 2141 1012 2192 E.
1051 2138 1260 2191 Dubito
1294 2152 1449 2202 sane,
1503 2135 1638 2206 quia
1668 2135 1919 2190 diversos
1964 2136 2044 2189 di-

347 2233 522 2288 versis
551 2231 720 2285 rebus
769 2228 1019 2300 gaudere
1056 2225 1218 2280 video
1261 2229 1534 2296 tauquam
1595 2224 1831 2279 summis
1878 2223 2044 2278 bonis

347 2321 483 2376 suis.
515 2320 586 2374 A.
621 2319 834 2372 Vellem
863 2315 1118 2387 quidem,
1155 2319 1215 2368 ut
1242 2314 1311 2368 de
1339 2329 1563 2367 summo
1593 2314 1742 2367 bono
1766 2313 1845 2368 ita
1872 2330 2042 2368 nemo

347 2408 654 2474 dubitaret,
682 2409 746 2460 ut
775 2421 944 2459 nemo
999 2403 1221 2458 dubitat
1249 2402 1529 2472 quidquid
1584 2402 1726 2456 illud
1779 2407 1884 2469 est,
1929 2420 2046 2458 non

345 2496 454 2550 nisi
488 2512 553 2550 eo
580 2494 789 2564 adepto
835 2509 1002 2562 posse
1031 2491 1156 2546 fieri
1185 2491 1477 2545 hominem
1506 2490 1758 2546 beatum.
1785 2492 1889 2546 Sed
1909 2509 2046 2562 quo-

344 2584 502 2639 niam
533 2599 742 2655 magua
771 2581 1011 2652 quaestio
1043 2585 1144 2647 est,
1171 2583 1225 2633 et
1259 2581 1496 2650 longum
1537 2597 1858 2634 sermonem
1902 2580 2043 2636 forte

345 2673 656 2743 desiderat,
699 2677 968 2743 putemus
1008 2669 1245 2724 omnino
1300 2672 1386 2722 tot
1440 2685 1665 2723 summa
1711 2669 1860 2723 bona
1899 2686 2040 2738 esse,

345 2766 487 2834 quot
531 2767 666 2817 sunt
693 2761 832 2832 ipsae
863 2777 951 2815 res
980 2759 1218 2814 diversae
1271 2774 1399 2829 quas
1422 2774 1455 2810 a
1479 2757 1714 2812 diversis
1766 2765 2043 2830 tanquam

344 2867 569 2906 summa
601 2851 752 2905 bona
782 2853 1167 2921 appetuntur:
1201 2864 1340 2902 num
1370 2847 1498 2901 ideo
1520 2848 1798 2918 sequitur,
1827 2853 1891 2902 ut
1919 2847 2044 2918 ipsa

343 2939 625 3012 sapientia
655 2940 828 2994 etiam
853 2955 972 2992 non
995 2937 1067 2991 sit
1087 2953 1199 2991 una
1229 2935 1548 2991 communis
1571 2937 1857 3004 omnibus,
1907 2936 2043 3008 quia

345 3045 413 3083 ea
441 3030 613 3098 bona,
646 3045 774 3098 quae
813 3027 872 3081 in
918 3027 1016 3080 illa
1078 3029 1320 3079 cernunt
1375 3029 1430 3079 et
1486 3026 1705 3096 eligunt
1759 3026 2039 3093 homines,

344 3118 524 3171 multa
557 3121 612 3170 et
640 3116 858 3170 diversa
910 3116 1088 3168 sunt?
1120 3114 1178 3168 Si
1209 3114 1360 3168 enim
1418 3115 1524 3168 hoc
1552 3119 1739 3185 putas,
1774 3120 1934 3186 potes
1987 3121 2068 3170 et.

343 3205 414 3260 de
441 3205 567 3258 luce
599 3205 734 3257 solis
768 3203 1028 3257 dubitare
1060 3203 1213 3274 quod
1241 3219 1355 3256 una
1385 3203 1474 3269 sit,
1508 3203 1643 3274 quia
1676 3205 1854 3258 multa
1885 3208 1942 3258 et
1961 3204 2042 3258 di-

341 3309 502 3348 versa
531 3297 684 3359 sunt,
718 3309 845 3362 qua:
868 3291 926 3345 in
944 3309 1009 3346 ea
1029 3291 1335 3347 cernimus.
1364 3293 1440 3346 De
1468 3292 1675 3363 quibus
1705 3294 1901 3347 multis
1927 3296 2042 3348 ele-

343 3383 428 3453 git
459 3381 699 3453 quisque
731 3398 832 3452 pro
861 3381 1156 3435 voluntate
1186 3397 1299 3451 quo
1327 3381 1549 3435 fruatur
1586 3398 1688 3452 per
1742 3382 2038 3436 oculorum

343 3486 576 3524 sensum
602 3487 614 3524 :
639 3475 694 3524 et
723 3469 866 3524 alius
896 3469 1254 3524 altitudinem
1287 3469 1498 3523 montis
1528 3469 1764 3541 alicujus
1785 3470 2043 3526 intuetur

343 3558 610 3618 libenter.
645 3563 702 3614 et
735 3575 800 3612 eo
830 3559 1038 3628 gaudet
1062 3562 1326 3629 aspectu;
1352 3557 1495 3612 alius
1512 3558 1697 3629 campi
1719 3559 2040 3629 planitiem,

343 3647 490 3704 alius
520 3647 1063 3716 convevavallium,
1120 3647 1262 3701 alius
1320 3664 1623 3702 nemorum
1671 3648 2038 3715 viriditatem,

343 3737 489 3791 alius
520 3737 795 3790 mobilem
825 3736 1207 3807 aequalitatem
1235 3736 1426 3802 maris,
1473 3736 1618 3790 alius
1665 3738 1786 3790 haec
1824 3737 2036 3803 omnia,

341 3826 430 3879 vel
461 3826 730 3896 quaedam
760 3825 967 3879 horum
987 3824 1156 3878 simul
1179 3825 1420 3895 pulchra
1440 3824 1656 3878 confert
1686 3826 1755 3878 ad
1781 3825 2038 3879 laetitiam

341 3913 587 3968 videndi.
617 3913 771 3968 Sicut
799 3930 935 3984 ergo
956 3914 1064 3968 ista
1099 3914 1278 3967 multa
1310 3917 1367 3966 et
1399 3912 1619 3966 diversa
1637 3918 1789 3979 sunt,
1823 3930 1949 3984 quae
1980 3914 2039 3967 in

341 4006 467 4057 luce
498 4002 630 4056 solis
658 4003 919 4057 homines
947 4002 1141 4057 vident
1160 4006 1216 4055 et
1246 4001 1464 4070 eligunt
1489 4001 1563 4055 ad
1591 4002 1919 4069 fruendum,
1946 4003 2038 4058 lux

340 4095 537 4147 tamen
566 4092 688 4164 ipsa
719 4109 834 4147 una
860 4096 960 4158 est,
999 4092 1059 4144 in
1090 4107 1203 4161 qua
1232 4089 1386 4143 videt
1410 4094 1468 4144 et
1486 4094 1643 4145 tenet
1671 4108 1784 4162 quo
1815 4092 2040 4148 fruatur

340 4182 790 4253 uniuscujusque
820 4179 1096 4235 intuentis
1123 4183 1380 4250 aspectus
1417 4195 1429 4232 :
1463 4179 1562 4247 ita,
1593 4180 1818 4235 etiamsi
1860 4184 2039 4239 multa

343 4277 476 4326 sunt
503 4272 652 4326 bona
679 4286 857 4340 eaque
880 4269 1167 4336 diversa,e
1186 4268 1393 4339 quibus
1424 4269 1599 4341 eligat
1627 4270 1868 4343 quisque
1886 4271 2039 4343 quod

340 4361 512 4427 volet,
546 4360 717 4430 idque
770 4357 1012 4412 videndo
1045 4362 1099 4412 et
1126 4359 1374 4414 tenendo
1429 4360 1501 4415 ad
1531 4360 1838 4416 fruendum
1881 4378 2037 4416 sum-

341 4461 505 4500 mum
536 4443 646 4498 sibi
675 4443 888 4496 bonum
923 4446 1074 4496 recte
1111 4459 1350 4516 vereque
1390 4445 1731 4513 constituat;
1791 4445 1915 4501 ï¬eri
1962 4451 2041 4502 ta-

344 4550 480 4588 men
510 4535 700 4604 potest
717 4535 780 4585 ut
801 4531 895 4585 lux
926 4530 1050 4602 ipsa
1077 4533 1392 4604 sapientiae,
1421 4533 1480 4587 in
1499 4551 1611 4605 qua
1632 4535 1753 4589 base
1783 4534 1960 4590 videri
1981 4541 2039 4592 et

344 4622 530 4676 teneri
551 4624 806 4692 possunt,
841 4621 1108 4677 omnibus
1153 4622 1505 4694 sapientibus
1533 4621 1606 4676 sit
1631 4640 1744 4678 una
1781 4640 2036 4680 commu-

341 4710 450 4766 nis.
481 4714 547 4767 E.
585 4712 782 4766 Fateor
813 4710 938 4766 ï¬eri
976 4728 1164 4783 posse,
1195 4729 1300 4766 nec
1357 4711 1632 4782 impedire
1692 4713 1928 4784 aliquid,
1975 4719 2038 4770 ut

340 4817 458 4856 non
489 4799 561 4855 sit
599 4800 865 4856 omnibus
921 4801 1243 4856 communis
1289 4817 1406 4855 una
1461 4801 1759 4872 sapientia,
1815 4804 2036 4860 etiamsi

342 4891 523 4946 multa
552 4894 610 4945 et
635 4890 852 4945 diversa
878 4891 991 4945 sint
1046 4906 1272 4945 summa
1301 4889 1452 4944 bona
1485 4907 1499 4944 :
1533 4893 1630 4946 sed
1662 4892 1864 4947 vellem
1893 4894 2034 4948 scire

341 4991 414 5029 an
444 4974 521 5028 ita
550 4973 638 5029 sit.
693 4974 849 5039 Quod
911 4974 1066 5028 enim
1115 4972 1478 5028 concedimus
1508 4975 1634 5030 fieri
1671 4993 1836 5047 posse
1865 4982 1929 5032 ut
1957 4979 2034 5033 ita

339 5063 433 5125 sit,
464 5080 582 5118 non
613 5063 885 5118 continuo
913 5061 993 5116 ita
1047 5077 1167 5116 esse
1223 5063 1608 5118 concedimus.
1651 5067 1724 5120 A.
1756 5068 2034 5125 Tenemus

337 5152 573 5208 interim
603 5168 724 5207 esse
766 5149 1139 5221 sapientiam:
1196 5152 1292 5206 sed
1342 5159 1536 5208 utrum
1586 5154 1661 5208 sit
1715 5160 2034 5214 communis

338 5259 455 5297 una
499 5240 786 5306 omnibus,
846 5255 919 5293 an
975 5239 1189 5309 singuli
1245 5241 1527 5312 sapientes
1584 5261 1713 5300 suas
1765 5246 2030 5317 habeant,

340 5329 509 5384 sicuti
536 5328 754 5384 animas
784 5329 872 5383 vel
904 5333 1124 5385 mentes
1155 5346 1306 5404 suas,
1337 5332 1446 5388 hoc
1469 5335 1727 5390 nondum
1756 5340 2032 5394 tenemus.

339 5419 404 5473 E.
438 5420 522 5475 Ita
545 5422 651 5476 est.

1444 239 1539 293 DE
1587 237 1847 294 LIBERO
1884 237 2247 302 ABBITRIO,
2291 239 2344 295 S.
2385 237 2772 296 AUGUSTINI

3733 245 3865 298 1256

2161 359 2388 414 CAPUT
2417 360 2478 414 X.
2507 390 2575 400 â€”-
2606 362 2723 415 Una
2743 363 2821 414 est
2841 356 3140 428 sapientia:
3169 360 3272 416 tua:
3296 361 3550 417 omnibus
3597 362 3873 432 sapienti-

2783 449 2880 504 bus
2914 450 3236 504 communis.

2231 539 2318 591 29.
2342 539 2416 590 Î‘.
2436 537 2577 600 Quid
2595 539 2622 592 ?
2652 537 2759 591 hoc
2780 538 2935 608 quod
2956 543 3216 593 tenemus
3239 539 3325 593 vel
3349 539 3872 610 esse'sapientiam,

2159 626 2247 680 vel
2279 626 2580 697 sapientes,
2643 632 2700 681 et
2744 627 2940 681 beatos
2996 644 3114 680 esse
3164 644 3361 682 omnes
3393 628 3660 683 homines
3703 631 3872 695 velle,

2161 715 2262 769 ubi
2318 715 2615 769 videmus?
2666 716 2808 770 Nam
2859 716 2966 770 hoc
3021 720 3076 770 te
3120 717 3335 782 videre,
3385 721 3440 771 et
3495 734 3708 772 verum
3761 735 3876 772 esse

2159 804 2318 858 nullo
2349 805 2516 858 modo
2558 803 2756 874 utique
2788 804 3188 860 dubitaverim.
3243 807 3355 860 Hoc
3385 823 3523 877 ergo
3556 823 3776 861 verum
3807 809 3878 862 sic

2158 891 2313 946 vides
2343 897 2406 946 ut
2433 892 2838 962 cogitationem
2867 897 3046 962 tuam,
3079 910 3252 965 quam
3276 895 3326 948 si
3351 895 3494 948 mihi
3531 911 3655 950 non
3689 912 3878 950 enun-

2159 982 2285 1048 ties,
2320 999 2424 1052 ego
2453 999 2688 1053 prorsus
2719 983 2968 1053 ignoro?
2999 1000 3071 1037 an
3101 985 3181 1038 ita
3206 989 3269 1038 ut
3296 984 3588 1055 intelligas
3618 990 3684 1040 et
3707 1003 3744 1039 a
3795 1003 3880 1040 me

2157 1071 2338 1126 videri
2362 1088 2525 1142 posse
2557 1072 2665 1126 hoc
2694 1089 2915 1134 verum,
2945 1073 3171 1127 tametsi
3197 1073 3339 1128 mihi
3363 1075 3462 1128 abs
3492 1079 3548 1128 te
3577 1091 3706 1128 non
3722 1075 3880 1129 dica-

2156 1163 2249 1214 tur
2268 1160 2295 1214 ?
2314 1162 2378 1214 E.
2409 1161 2530 1213 Imo
2552 1161 2633 1213 ita
2662 1163 2724 1213 ut
2754 1161 2850 1214 abs
2879 1165 2933 1215 te
2964 1178 3216 1232 quoque,
3248 1163 3418 1216 etiam
3449 1180 3541 1217 me
3570 1163 3789 1230 invito,
3811 1165 3882 1216 vi-

2158 1247 2282 1304 deri
2311 1264 2475 1318 posse
2514 1265 2630 1302 non
2660 1248 2938 1304 dubitem.
2971 1251 3043 1304 A.
3072 1250 3230 1314 Quod
3280 1267 3415 1320 ergo
3445 1267 3630 1305 unum
3669 1268 3881 1306 verum

2156 1337 2413 1392 videmus
2443 1338 2608 1392 ambo
2635 1337 2872 1409 singulis
2915 1339 3224 1408 mentibus,
3267 1357 3458 1394 nonne
3488 1342 3746 1412 utrique
3783 1358 3878 1395 no-

2158 1429 2339 1479 strum
2392 1443 2697 1481 commune
2755 1429 2887 1482 est?
2929 1431 2994 1483 E.
3057 1428 3528 1485 Mauifestissime.
3594 1432 3676 1484 A.
3737 1432 3878 1484 Item

2156 1515 2322 1569 credo
2353 1519 2405 1569 te
2436 1533 2552 1570 non
2581 1533 2790 1587 negare
2817 1517 3159 1571 studendum
3191 1534 3309 1571 esse
3333 1517 3666 1588 sapientiae,
3705 1522 3878 1588 atque

2155 1604 2263 1658 hoc
2291 1621 2489 1659 verum
2547 1621 2666 1660 esse
2726 1607 3057 1662 concedere.
3092 1609 3155 1660 Î•.
3193 1608 3431 1660 Prorsus
3462 1623 3582 1660 non
3639 1607 3876 1662 dubito.

2153 1695 2230 1746 Î‘.
2268 1694 2380 1747 Hoc
2429 1694 2566 1747 item
2616 1710 2835 1760 verum,
2867 1697 2924 1748 et
2951 1710 3130 1748 unum
3162 1711 3302 1760 esse,
3357 1700 3414 1749 et
3447 1695 3737 1748 omnibus
3780 1697 3879 1766 qui

2154 1780 2261 1834 hoc
2295 1781 2500 1849 sciunt,
2554 1782 2624 1836 ad
2683 1782 2993 1836 videndum
3041 1799 3161 1835 esse
3222 1799 3550 1851 commune,
3603 1783 3880 1853 quamvis

2153 1869 2549 1941 unusquisque
2579 1869 2634 1924 id
2665 1887 2768 1924 nec
2798 1887 2945 1937 mea,
2980 1887 3082 1924 nec
3119 1875 3240 1939 tua,
3268 1887 3371 1925 nec
3395 1872 3754 1942 cujusquam
3802 1873 3878 1924 al-

2154 1957 2350 2024 terius,
2381 1959 2475 2012 scd
2507 1975 2610 2012 sua
2639 1963 2828 2013 mente
2855 1958 3187 2028 conspiciat,
3207 1974 3336 2013 cum
3369 1959 3425 2012 id
3451 1960 3607 2030 quod
3645 1960 3880 2030 conspi-

2152 2046 2318 2112 citur,
2371 2047 2637 2101 omnibus
2695 2047 3173 2118 conspicientibus
3227 2048 3617 2102 communiter
3652 2055 3875 2119 praesto

2154 2136 2247 2198 sit,
2305 2136 2598 2207 numquid,
2633 2153 2843 2207 negare
2903 2137 3266 2207 poterimus?
3309 2141 3376 2193 E.
3433 2138 3604 2191 Nullo
3678 2140 3875 2193 modo.

2155 2227 2231 2278 Î‘.
2268 2225 2430 2290 Item,
2476 2225 2628 2294 juste
2659 2241 2778 2279 esse
2808 2225 3140 2287 videndum,
3172 2225 3476 2280 deterioria
3520 2227 3880 2281 melioribus

2155 2330 2274 2368 esse
2308 2314 2624 2381 subdenda,
2657 2319 2716 2369 et
2740 2313 2902 2385 paria
2943 2315 3179 2384 paribus
3207 2315 3615 2385 comparanda,
3655 2320 3717 2369 et
3747 2333 3879 2386 pro-

2153 2402 2278 2475 pria
2304 2403 2419 2456 suis
2450 2403 2771 2474 quibusque
2820 2403 3145 2472 tribuenda,
3191 2419 3380 2457 nonne
3412 2403 3697 2458 fateberis
3755 2422 3879 2459 esse

2153 2491 2540 2558 verissimum,
2573 2496 2630 2545 et
2657 2496 2773 2546 tam
2799 2491 2942 2546 mihi
2965 2509 3138 2564 quam
3171 2492 3274 2547 tibi
3301 2497 3471 2563 atque
3499 2493 3793 2547 omnibus
3827 2494 3878 2547 id

2153 2580 2479 2636 videntibus
2508 2584 2715 2651 praesto
2770 2597 2890 2634 esse
2941 2581 3322 2634 communiter
3348 2583 3376 2635 â€˜2
3408 2581 3482 2635 E.
3540 2582 3874 2636 Assentior.

2153 2671 2226 2724 Î‘.
2269 2670 2417 2734 Quid
2464 2670 2860 2741 incorruptum
2915 2672 3120 2725 melius
3185 2688 3305 2725 esse
3360 2675 3664 2741 corrupto,
3701 2677 3876 2726 aeter-

2153 2775 2293 2813 num
2325 2758 2644 2829 temporali,
2694 2758 3024 2814 inviolabile
3055 2759 3326 2826 violabili,
3357 2758 3572 2830 poteris
3598 2775 3831 2829 negare
3851 2760 3878 2810 ?

2151 2851 2216 2904 E.
2251 2848 2384 2913 Quis
2433 2845 2660 2918 potest?
2690 2851 2766 2902 Î‘.
2823 2849 2939 2902 Hoc
2978 2865 3115 2919 ergo
3163 2865 3360 2902 verum
3390 2853 3585 2918 potest
3611 2847 3874 2919 quisque

2152 2954 2319 2991 suum
2375 2937 2671 3008 proprium
2727 2937 2932 3003 dicere,
2967 2954 3097 2992 cum
3143 2936 3706 2992 incommutabiliter
3735 2954 3874 2990 con-

2151 3026 2548 3096 templandum
2582 3026 2728 3080 adsit
2750 3025 3015 3079 omnibus
3063 3025 3162 3096 qui
3194 3027 3301 3080 hoc
3352 3026 3744 3094 contemplari
3775 3043 3870 3078 va-

2150 3114 2271 3168 lent
2291 3114 2318 3167 â€˜?
2349 3117 2414 3168 E.
2447 3113 2646 3167 Nullus
2674 3113 2782 3167 hoc
2803 3130 2932 3167 vere
2956 3114 3162 3168 dixerit
3181 3130 3346 3168 suum
3376 3130 3494 3168 esse
3526 3114 3868 3185 proprium,

2151 3217 2280 3256 cum
2311 3206 2428 3256 tam
2455 3201 2527 3256 sit
2577 3219 2758 3256 unum
2804 3207 2975 3273 atque
3025 3203 3290 3257 omnibus
3321 3219 3632 3257 commune
3695 3220 3870 3274 quam

2150 3307 2348 3345 verum
2378 3295 2482 3348 est.
2515 3295 2589 3345 Î‘.
2625 3291 2767 3345 Item
2828 3307 2860 3344 a
2903 3291 3269 3362 corruptione
3301 3291 3690 3345 avertendum
3745 3293 3871 3346 ani-

2149 3385 2519 3451 mum,atque
2552 3380 2620 3434 ad
2651 3379 3138 3451 incorruptionem
3154 3381 3603 3435 convertendum
3640 3398 3791 3447 esse,
3816 3381 3871 3435 id

2151 3473 2236 3523 est
2259 3485 2373 3523 non
2397 3469 2844 3540 corruptionem,
2869 3471 2964 3524 sed
2993 3469 3477 3540 incorruptionem
3499 3469 3869 3540 diligendam

2152 3573 2272 3611 esse
2304 3558 2433 3629 quis
2459 3559 2676 3629 negat?
2702 3560 2815 3612 Aut
2848 3559 2976 3630 quis
3007 3576 3136 3613 cum
3175 3575 3374 3613 verum
3405 3575 3528 3613 esse
3589 3558 3866 3625 fateatur,

2150 3663 2266 3702 non
2297 3648 2469 3702 etiam
2515 3647 2984 3702 incommutabile
3016 3649 3325 3719 intelligat,
3375 3652 3551 3718 atque
3591 3650 3868 3703 omnibus

2149 3736 2439 3790 mentibus
2486 3735 2544 3790 id
2591 3737 2910 3790 valentibus
2961 3737 3193 3803 intueri,
3227 3737 3619 3791 communiter
3651 3744 3866 3810 praesto

2151 3841 2268 3878 esse
2310 3824 2541 3879 videat?
2571 3828 2636 3880 E.
2667 3825 3036 3880 Verissimum
3067 3830 3169 3880 est.
3199 3831 3274 3880 Î‘.
3301 3826 3446 3890 Quid
3467 3829 3494 3879 â€˜?
3523 3843 3660 3881 eam
3692 3828 3865 3882 vitam

2150 3929 2278 3984 quae
2307 3913 2480 3967 nullis
2513 3913 2948 3969 adversitatibus
2979 3916 3047 3968 de
3076 3920 3231 3968 certa
3273 3920 3330 3969 et
3359 3915 3602 3969 honesta
3632 3923 3864 3971 senten-

2148 4003 2228 4056 tia
2257 4003 2611 4071 demovetur,
2643 4003 2927 4057 dubitabit
2948 4003 3157 4074 aliquis
3182 4020 3303 4057 esse
3325 4003 3655 4071 meliorem,
3695 4023 3865 4078 quam

2149 4107 2277 4146 eam
2324 4108 2452 4162 quae
2485 4091 2648 4145 facile
2704 4092 3081 4148 incommodis
3126 4094 3540 4164 temporalibus
3573 4095 3867 4168 frangitur

2147 4183 2319 4251 atque
2347 4181 2739 4235 subvertitur?
2770 4185 2836 4237 E.
2873 4182 3009 4246 Quis
3039 4182 3426 4237 dubitaverit?

2217 4272 2304 4324 29.
2336 4272 2414 4325 Î‘.
2453 4271 2577 4324 Jam
2621 4271 2954 4341 hujusmodi
3003 4272 3171 4343 plura
3217 4289 3334 4327 non
3393 4289 3698 4343 quaeram:
3735 4275 3868 4329 satis

2147 4361 2301 4416 enim
2333 4364 2416 4415 est
2445 4362 2599 4433 quod
2629 4362 2762 4416 istas
2798 4367 3074 4435 tanquam
3105 4365 3347 4434 regulas,
3385 4369 3441 4417 et
3469 4365 3753 4434 quaedam
3782 4368 3865 4421 lu-

2146 4449 2303 4504 mina
2346 4449 2642 4518 virtutum,
2693 4455 2750 4505 et
2807 4468 2940 4506 vera
2993 4456 3047 4507 et
3073 4452 3593 4511 incommutabilia.
3649 4460 3710 4509 et
3753 4457 3867 4509 sive

2146 4538 2372 4610 singula
2446 4540 2561 4594 sive
2617 4542 2996 4596 communiter
3065 4543 3261 4597 adesse
3326 4542 3398 4596 ad
3464 4546 3870 4615 contemplanâ€”

2147 4627 2286 4682 dum
2309 4627 2388 4682 eis
2414 4628 2514 4700 qui
2541 4629 2663 4683 haec
2691 4631 2881 4685 valent
2910 4647 3011 4685 sua
3040 4630 3277 4702 quisque
3307 4630 3536 4685 ratione
3567 4648 3637 4685 ac
3672 4639 3866 4688 mente

2146 4718 2494 4788 conspicere,
2527 4719 2742 4790 pariter
2770 4737 2995 4775 mecum
3019 4720 3176 4775 vides
3199 4720 3717 4794 certissimumque
3750 4741 3866 4778 esse

2145 4807 2422 4862 concedis.
2457 4808 2565 4862 Sed
2596 4825 2730 4863 sane
2761 4826 2956 4880 quaero
2991 4814 3188 4864 utrum
3243 4810 3364 4864 haec
3417 4809 3521 4863 tibi
3550 4810 3869 4867 videantur

2146 4895 2215 4950 ad
2245 4896 2581 4966 sapientiam
2613 4898 2919 4969 pertinere.
2953 4899 3095 4953 Nam
3125 4898 3291 4953 credo
3337 4897 3519 4952 videri
3575 4899 3693 4954 tibi
3737 4917 3869 4955 eum

2146 4984 2246 5056 qui
2277 4984 2621 5056 sapientiam
2649 4992 2938 5042 assecutus
2987 4991 3090 5055 est,
3127 5003 3246 5042 esse
3273 4987 3612 5058 sapientem.
3680 4993 3749 5045 Î•.
3782 4991 3870 5045 á¼¯Î¹

2147 5073 2314 5128 detur
2345 5075 2602 5131 omnino.
2634 5077 2706 5132 Î‘.
2741 5077 2885 5141 Quid
2906 5076 2933 5130 ?
2963 5077 3059 5132 ille
3087 5077 3186 5148 qui
3211 5077 3360 5148 juste
3389 5075 3552 5142 vivit,
3585 5084 3867 5147 possetne

2147 5161 2228 5217 ita
2253 5163 2462 5232 vivere,
2496 5165 2606 5219 nisi
2636 5165 2857 5221 videret
2885 5183 3016 5237 quas
3058 5165 3337 5220 inferiora
3367 5164 3580 5235 quibus
3610 5167 3868 5236 potiori-

2144 5250 2252 5306 bus
2281 5253 2506 5322 subdat,
2539 5258 2594 5309 et
2642 5271 2770 5326 quae
2817 5255 2979 5327 paria
3021 5254 3254 5309 sibimet
3299 5254 3555 5324 copulet,
3589 5249 3674 5309 'et
3735 5273 3867 5327 qua:

2144 5340 2383 5411 propria
2413 5341 2529 5395 suis
2583 5343 2906 5415 quibusque
2960 5343 3310 5398 distribuat?
3365 5343 3432 5396 E.
3467 5343 3596 5396 Non
3645 5349 3864 5415 posset.

2147 5428 2222 5483 A.
2255 5429 2361 5493 Qui
2395 5446 2529 5500 ergo
2563 5430 2687 5485 haec
2735 5431 2906 5498 videt,
2937 5447 3079 5487 num
3127 5447 3257 5485 eum
3295 5430 3537 5501 negabis
3565 5433 3872 5503 sapienter

2148 5517 2343 5573 videre
2363 5517 2390 5572 ?
2411 5521 2477 5575 E.
2512 5520 2637 5575 Non
2666 5536 2835 5594 nego.
2867 5522 2940 5577 A.
2971 5520 3160 5586 Quid?
3187 5520 3280 5578 ille
3310 5518 3411 5591 qui
3439 5520 3866 5591 prudenter-vi-
