4008 6184
114 329 257 380 1257

105 453 215 516 vit,
254 466 449 505 nonne
479 450 641 521 eligit
676 450 1191 520 incorruptionem,
1223 454 1278 506 et
1307 467 1432 505 eam
1463 453 1817 523 corruptioni

106 540 567 611 praeponandam
581 555 700 593 esse
715 539 995 593 decernit?
1008 542 1069 594 Ε.
1090 539 1537 594 Manifestissime
1549 542 1636 595 ‘PA
1648 582 1660 594 .
1676 543 1815 595 Cum

106 646 252 699 ergo
282 630 341 683 id
370 628 529 698 eligit
558 645 671 699 quo
691 631 981 682 convertat
1004 627 1278 694 animum,
1310 629 1464 698 quod
1486 629 1814 699 eligendum

105 734 235 771 esse
267 733 435 771 nemo
466 716 725 786 ambigit,
763 733 905 770 num
947 716 1147 787 negari
1178 721 1364 785 potest
1395 718 1681 787 sapienter
1708 719 1812 771 eli-

104 807 285 876 gere?
313 809 377 860 E.
424 806 585 859 Nullo
616 805 787 859 modo
816 804 1161 874 negaverim.
1192 806 1262 859 A.
1308 806 1447 859 Cum
1479 823 1613 876 ergo
1656 807 1725 860 ad
1754 807 1814 860 id

106 896 267 965 quod
297 894 585 964 sapienter
608 894 769 965 eligit
791 894 1070 948 convertit
1098 893 1376 960 animum,
1404 894 1689 964 sapienter
1706 895 1815 948 uti-

110 1000 227 1054 que
273 983 565 1037 convertit.
619 986 681 1037 E.
725 983 1113 1037 Certissimum
1154 987 1251 1037 est.
1291 985 1364 1038 A.
1407 985 1472 1037 Et
1517 984 1613 1055 qui
1646 984 1715 1038 ab
1747 1000 1813 1037 eo

86 1072 272 1147 .quod
307 1073 593 1143 sapienter
632 1071 811 1142 eligit,
857 1076 913 1125 et
950 1088 1063 1142 quo
1094 1088 1151 1125 se
1194 1071 1480 1143 sapienter
1515 1072 1811 1139 convertit,

110 1161 289 1214 nullis
318 1161 632 1215 terroribus
665 1161 965 1231 poenisque
1006 1161 1329 1231 depellitur,
1370 1161 1654 1231 sapienter
1692 1162 1813 1216 sine

110 1250 292 1303 dubio
334 1249 485 1303 facit.
536 1253 600 1304 Ε.
644 1251 882 1303 Prorsus
925 1250 1045 1303 sine
1079 1250 1271 1304 dubio.
1313 1250 1384 1304 A.
1429 1250 1812 1304 Manifestissi-

111 1355 276 1392 mum
320 1342 401 1391 est
442 1338 618 1409 igitur
658 1355 854 1392 omnes
883 1339 1004 1403 has,
1038 1355 1180 1408 quas
1208 1340 1435 1410 regulas
1481 1339 1728 1392 diximus
1758 1344 1815 1393 et

111 1427 335 1481 lumina
397 1428 694 1493 virtutum,
747 1428 816 1482 ad
871 1428 1207 1498 sapientiam
1261 1427 1587 1497 pertinere:
1632 1444 1812 1497 quan-

110 1517 422 1587 doquidem
471 1520 684 1587 quanto
722 1516 904 1587 magis
934 1516 1175 1587 quisque
1212 1516 1280 1570 ad
1320 1516 1599 1585 agendam
1640 1516 1812 1569 vitam

108 1605 195 1657 eis
224 1605 418 1667 utitur,
453 1609 506 1658 et
534 1605 847 1659 secundum
884 1604 1002 1658 haec
1037 1605 1153 1674 agit
1191 1604 1386 1671 vitam,
1430 1608 1590 1657 tanto
1629 1604 1812 1674 magis

106 1694 252 1747 vivit
281 1693 527 1765 facitque
558 1694 872 1764 sapienter;
909 1709 1079 1746 omne
1121 1696 1311 1747 autem
1342 1693 1494 1764 quod
1527 1693 1813 1762 sapienter

107 1784 197 1848 tit,
231 1799 345 1836 non
389 1786 576 1853 potest
602 1786 753 1836 recte
782 1781 893 1836 dici
924 1798 955 1834 a
985 1780 1265 1851 sapientia
1296 1798 1415 1834 esse
1451 1785 1801 1851 separatum.

112 1874 177 1925 Ε.
214 1871 459 1925 Omnino
492 1870 573 1924 ita
602 1875 704 1924 est.
737 1872 810 1925 A.
843 1870 1023 1934 Quam
1055 1886 1188 1939 ergo
1218 1885 1364 1924 verre
1395 1872 1562 1940 atque
1589 1868 1810 1923 incom-

107 1959 416 2013 mutabiles
438 1964 567 2013 sunt
585 1959 801 2030 regulm
825 1974 1221 2025 numerorum,
1253 1974 1499 2029 quorum
1529 1958 1812 2013 rationem

107 2054 286 2119 atque
314 2048 611 2103 veritatem
650 2046 1198 2101 incommutabiliter
1230 2051 1401 2116 atque
1431 2045 1812 2099 communiter

105 2137 381 2191 omnibus
413 2152 538 2191 eam
578 2135 961 2203 cernentibus,
1014 2138 1221 2205 praesto
1272 2150 1390 2188 esse
1437 2134 1665 2202 dixisti;
1693 2138 1810 2189 tam

103 2231 249 2280 sunt
292 2243 439 2280 verae
485 2229 654 2296 atque
695 2223 1188 2278 incommutabiles
1232 2224 1447 2293 regulae
1493 2223 1807 2292 sapientiae,

104 2316 182 2369 de
208 2314 415 2385 quibus
436 2314 629 2384 paucis
652 2329 804 2367 nunc
822 2312 1157 2382 singillatim
1178 2312 1563 2383 interrogatus
1582 2328 1810 2383 respon-

105 2404 248 2457 disti
300 2420 419 2457 esse
464 2420 625 2456 veras
673 2405 840 2473 atque
890 2401 1236 2470 manifestas,
1284 2418 1490 2472 easque
1542 2401 1809 2456 omnibus

104 2492 212 2563 qui
239 2494 359 2546 haec
388 2492 598 2546 intueri
623 2492 831 2557 valent,
856 2506 1185 2545 communes
1212 2491 1282 2545 ad
1304 2490 1807 2561 contemplandum

107 2582 306 2635 adesse
338 2580 618 2635 concedis.

185 2724 407 2779 CAPUT
448 2725 536 2777 XI.
568 2753 637 2763 —
674 2725 956 2805 Sapientia
992 2727 1042 2777 et
1078 2735 1330 2776 numerus
1366 2736 1438 2775 an
1468 2721 1632 2786 idem,
1666 2736 1738 2774 an

385 2814 612 2866 alterum
642 2812 709 2866 ab
741 2813 907 2866 altero
927 2813 1009 2865 vel
1034 2814 1091 2865 in
1117 2812 1284 2865 alte-ro
1310 2811 1531 2863 emistat.

182 2939 268 2990 30.
311 2938 375 2989 Ε.
428 2934 693 2988 Dubitare
731 2951 847 2988 non
887 2950 1141 3005 possum.
1176 2933 1283 2987 Sed
1319 2930 1631 3001 pervellem
1666 2930 1806 2985 scire

109 3030 306 3079 utrum
336 3041 451 3077 uno
484 3023 676 3095 aliquo
720 3040 926 3094 genere
956 3022 1363 3093 contineantur
1398 3021 1520 3073 hmc
1554 3020 1687 3087 duo,
1718 3037 1804 3074 sa-

107 3114 325 3183 pientia
362 3113 573 3166 scilicet
598 3117 649 3166 et
690 3128 985 3177 numerus,
1030 3110 1165 3181 quia
1202 3110 1505 3179 conjuncta
1542 3109 1715 3162 etiam
1746 3108 1807 3162 in

104 3201 414 3272 Scripturis
445 3201 649 3255 sanctis
682 3200 801 3255 haec
842 3201 1028 3270 posita
1059 3215 1178 3253 esse
1213 3196 1702 3263 commemorasti;
1732 3213 1805 3250 an

107 3294 350 3345 alterum
385 3290 584 3344 existat
616 3290 684 3344 ab
724 3291 921 3357 altero,
953 3292 1051 3342 aut
1082 3289 1323 3341 alterum
1358 3286 1418 3339 in
1459 3286 1638 3340 altero
1670 3302 1803 3339 con-

108 3381 290 3445 sistat,
343 3379 517 3432 veluti
564 3395 837 3433 numerus
867 3394 899 3430 a
929 3376 1223 3447 sapientia,
1264 3376 1352 3430 vel
1387 3376 1447 3429 in
1490 3374 1794 3445 sapientia.

108 3470 255 3523 Nam
286 3466 624 3537 sapientiam
654 3466 891 3519 existere
923 3481 955 3517 a
985 3480 1245 3530 numero,
1281 3466 1377 3517 aut
1408 3462 1712 3516 consistere
1744 3462 1804 3515 in

103 3572 364 3621 numero,
400 3572 515 3608 non
564 3554 748 3607 ausim
795 3554 1017 3607 dicere:
1054 3552 1239 3605 nescio
1292 3551 1442 3605 enim
1492 3551 1800 3621 quomodo,

105 3645 245 3716 quia
275 3645 481 3697 multos
506 3643 639 3696 novi
679 3642 1035 3695 numerarios
1067 3644 1163 3694 aut
1191 3643 1607 3705 numeratores,
1638 3640 1725 3692 vel
1760 3639 1805 3692 si

105 3750 224 3804 quo
250 3732 360 3785 alio
390 3732 620 3785 nomine
653 3730 894 3785 vocandi
924 3732 1075 3797 sunt,
1109 3728 1208 3799 qui
1239 3744 1459 3781 summe
1489 3732 1660 3797 atque
1688 3727 1805 3780 mi-

104 3821 361 3877 rabiliter
399 3824 746 3891 eomputam,
790 3819 1070 3888 sapientes
1108 3821 1298 3871 autem
1338 3832 1674 3886 perpaucos,
1709 3820 1807 3870 aut

105 3911 345 3966 forsitan
389 3909 699 3973 neminem,
738 3908 908 3977 longe
953 3905 1331 3961 venerabilior
1374 3904 1517 3958 mihi
1562 3904 1807 3958 occurrit

106 3999 389 4070 sapientia
410 4015 581 4069 quam
609 4013 900 4051 numerus.
928 3996 998 4050 A.
1024 3996 1165 4050 Rem
1187 3993 1325 4048 dicis
1347 4010 1519 4064 quam
1543 4009 1648 4063 ego
1671 4009 1808 4063 quo-

108 4105 223 4161 que
250 4088 445 4141 mirari
476 4089 644 4141 soleo.
683 4087 825 4140 Nam
864 4100 994 4138 cum
1031 4082 1558 4137 incommutabilem
1596 4082 1805 4135 verita-

107 4182 226 4231 tem
256 4193 627 4230 numerorum
658 4191 881 4228 mecum
912 4174 1033 4244 ipse
1062 4172 1382 4237 considero,
1415 4174 1471 4225 et
1495 4171 1619 4240 ejus
1645 4170 1806 4241 quasi

107 4266 296 4320 cubile
334 4282 397 4319 ac
444 4265 736 4336 penetrale
780 4265 868 4316 vel
913 4261 1208 4333 regionem
1252 4259 1579 4331 quamdam,
1626 4259 1713 4311 vel
1762 4258 1808 4311 si

108 4355 269 4427 quod
297 4354 450 4408 aliud
482 4370 694 4407 nomen
726 4355 923 4422 aptum
966 4350 1211 4404 inveniri
1238 4351 1441 4420 potest,
1475 4364 1587 4419 quo
1618 4346 1807 4401 nomi-

108 4460 316 4498 nemus
347 4442 508 4515 quasi
535 4442 927 4497 habitaculum
957 4439 1245 4511 quoddam
1274 4438 1579 4508 sedemque
1608 4452 1809 4490 nume-

109 4549 339 4599 rorum;
374 4533 541 4602 longe
580 4545 875 4584 removeor
905 4546 938 4582 a
975 4543 1207 4599 corpore
1234 4543 1247 4580 :
1280 4530 1337 4581 et
1366 4526 1663 4580 inveniens
1693 4526 1809 4579 for-

110 4626 258 4675 tasse
297 4620 512 4690 aliquid
549 4620 705 4689 quod
748 4618 997 4688 cogitare
1031 4617 1268 4688 possim,
1309 4631 1427 4669 non
1464 4620 1659 4669 tamen
1706 4614 1809 4667 ali-

112 4708 250 4780 quid
294 4707 591 4763 inveniens
623 4707 771 4777 quod
801 4704 989 4759 verbis
1028 4704 1278 4775 proferre
1308 4701 1609 4771 sufficiam,
1641 4702 1810 4755 redeo

112 4802 386 4867 tanquam
418 4796 655 4848 lassatus
682 4794 742 4847 in
775 4794 896 4848 haec
922 4797 1136 4861 nostra,
1175 4795 1239 4845 ut
1265 4790 1426 4861 loqui
1470 4789 1706 4860 possim,
1758 4792 1814 4843 et

112 4904 181 4941 ea
212 4902 341 4957 qua:
373 4888 505 4938 ante
538 4885 732 4937 oculos
763 4883 869 4936 sita
898 4884 1031 4935 sunt
1076 4880 1216 4943 dico,
1268 4880 1409 4932 sicut
1461 4878 1572 4932 dici
1609 4879 1808 4931 solent.

112 4976 227 5029 Hoc
257 4974 397 5027 mihi
426 4972 630 5027 accidit
654 4972 827 5025 etiam
855 4986 984 5023 cum
1015 4968 1083 5022 de
1114 4966 1389 5037 sapientia
1411 4970 1689 5036 quantum
1717 4981 1812 5017 va-

113 5065 222 5125 leo,
255 5062 688 5133 vigilantissime
728 5064 897 5130 atque
938 5055 1317 5110 intentissima
1346 5054 1553 5124 cogito.
1586 5055 1651 5107 Et
1677 5068 1815 5122 pro-

109 5156 313 5223 pterea
342 5152 591 5204 multum
624 5149 821 5213 miror,
858 5163 987 5200 cum
1016 5146 1138 5199 haec
1169 5144 1282 5198 duo
1319 5142 1433 5195 sint
1461 5143 1521 5195 in
1551 5140 1815 5195 secretis-

112 5241 261 5295 sima
300 5240 731 5307 certissimaque
780 5235 1036 5300 veritate,
1083 5232 1381 5286 accedente
1428 5231 1601 5284 etiam
1656 5229 1814 5283 testi-

110 5328 310 5383 monio
360 5327 805 5397 Scripturarum,
852 5338 964 5393 quo
1020 5319 1463 5375 commemoravi
1518 5318 1815 5387 conjuncte

110 5418 214 5472 illa
243 5416 455 5487 posita;
508 5412 826 5484 plurimum
868 5409 1069 5474 miror,
1100 5413 1165 5462 ut
1210 5407 1348 5473 dixi,
1398 5423 1573 5478 quare
1613 5422 1815 5460 nume-

114 5524 213 5561 rus
238 5505 364 5559 vilis
390 5505 463 5558 sit
504 5500 867 5558 multitudini
914 5497 1235 5563 hominum,
1274 5501 1332 5550 et
1377 5496 1545 5549 chara
1593 5494 1814 5565 sapien-

108 5597 214 5651 tia.
267 5592 376 5648 Sed
424 5592 700 5647 nimirum
750 5588 892 5644 illud
931 5592 1034 5653 est,
1076 5585 1229 5657 quod
1266 5600 1383 5639 una
1422 5583 1686 5653 qumdam
1714 5598 1812 5636 ea-

431 5699 707 5763 PATROL.
757 5695 1003 5761 XXXII.

1546 328 1758 385 LIBER
1800 327 2193 388 SECUNDUS.

3491 341 3624 395 i258

1932 453 2176 526 demque
2202 470 2289 508 res
2311 459 2429 521 est;
2458 459 2851 510 verumtamen
2874 456 3146 527 quoniam
3167 457 3543 515 nihilominus
3564 462 3625 517 in

1929 543 2136 596 divinis
2163 543 2341 597 Libris
2360 544 2429 597 de
2458 544 2735 614 sapientia
2755 545 2980 611 dicitur,
3016 547 3167 616 quod
3204 550 3427 613 attingit
3458 566 3492 602 a
3518 553 3623 618 ﬁne

1926 646 2094 699 usque
2148 631 2222 685 ad
2275 636 2432 701 ﬁnem
2474 634 2712 699 fortiter,
2774 637 2823 687 et
2879 634 3116 703 disponit
3156 640 3337 690 omnia
3383 641 3621 692 suaviter

1929 720 2077 787 (Sap.
2106 736 2220 785 vm,
2255 720 2327 788 1),
2370 736 2436 773 ea
2473 721 2727 790 potentia
2759 738 2872 790 qua
2899 725 3117 788 fortiter
3145 740 3179 777 a
3205 724 3314 794 ﬁne
3350 741 3519 793 usque
3549 727 3623 780 ad

1923 809 2080 874 ﬁnem
2108 811 2355 876 attingit,
2386 825 2661 863 numerus
2692 810 2925 864 fortasse
2964 811 3171 865 dicitur
3198 828 3211 865 :
3247 830 3311 866 ea
3342 831 3473 867 vero
3507 832 3621 885 qua

1926 896 2168 963 disponit
2196 899 2376 950 omnia
2414 900 2671 962 suaviter,
2707 899 2987 969 sapientia
3030 901 3258 971 proprie
3292 902 3413 972 jam
3451 919 3619 956 voca-

1926 987 2059 1049 tur;
2089 999 2218 1037 cum
2250 985 2322 1038 sit
2362 990 2671 1057 utrumque
2702 987 2871 1041 unius
2903 989 3269 1061 ejusdemque
3304 990 3617 1061 sapientize.

1997 1076 2084 1126 3t.
2130 1073 2239 1127 Sed
2270 1073 2403 1144 quia
2438 1075 2594 1129 dedit
2637 1091 2908 1130 numeros
2948 1078 3214 1132 omnibus
3243 1081 3413 1134 rebus
3447 1080 3622 1135 etiam

1925 1160 2158 1226 inﬁmis,
2202 1166 2258 1215 et
2304 1162 2360 1215 in
2410 1162 2524 1216 ﬁne
2572 1179 2766 1217 rerum
2810 1164 3043 1231 locatis;
3090 1170 3145 1219 et
3185 1183 3425 1237 corpora
3466 1169 3620 1222 enim

1925 1249 2117 1302 omnia
2148 1251 2406 1319 quamvis
2437 1250 2499 1304 in
2526 1252 2694 1305 rebus
2720 1256 2971 1307 extrema
3000 1254 3133 1320 sint,
3166 1256 3379 1310 habent
3417 1272 3619 1311 nume-

1926 1352 2017 1389 ros
2046 1353 2208 1403 suos;
2246 1355 2444 1407 sapere
2484 1342 2673 1393 autem
2711 1357 2825 1393 non
2857 1342 3011 1395 dedit
3048 1344 3400 1413 corporibus,
3434 1362 3620 1415 neque

1923 1424 2129 1478 animis
2158 1426 2446 1488 omnibus,
2471 1428 2569 1480 sed
2590 1432 2815 1481 tantum
2844 1430 3235 1497 rationalibus,
3257 1436 3530 1502 tanquam
3561 1434 3620 1487 in

1923 1513 2002 1567 eis
2034 1513 2142 1567 sibi
2184 1516 2375 1569 sedem
2406 1516 2699 1582 locaverit,
2743 1516 2811 1569 de
2856 1534 2969 1586 qua
2998 1518 3263 1587 disponat
3302 1520 3495 1573 omnia
3524 1521 3623 1574 illa

1921 1602 2092 1656 etiam
2126 1602 2329 1657 intima
2364 1604 2572 1675 quibus
2607 1620 2877 1659 numeros
2909 1606 3101 1661 dedit:
3127 1607 3319 1677 itaque
3350 1608 3622 1678 quoniam

1921 1691 1991 1745 de
2021 1693 2355 1761 corporibus
2392 1693 2555 1746 facile
2598 1694 2945 1763 judicamus,
2992 1700 3263 1765 tanquam
3323 1696 3393 1750 de
3452 1697 3623 1751 rebus

1924 1796 2051 1851 quae
2078 1780 2228 1835 infra
2257 1798 2361 1835 nos
2384 1784 2659 1837 ordinata:
2681 1787 2832 1849 sunt,
2857 1784 3064 1853 quibus
3088 1784 3393 1853 impressos
3414 1802 3619 1840 nume-

1920 1885 2015 1922 ros
2040 1868 2185 1923 infra
2205 1886 2307 1923 nos
2330 1887 2448 1924 esse
2470 1872 2784 1937 cernimus;
2804 1875 2859 1925 et
2881 1887 2979 1925 eos
3004 1877 3307 1941 propterea
3333 1874 3499 1928 vilius
3517 1875 3620 1929 ha-

1921 1959 2142 2012 bemus.
2158 1958 2407 2013 Sedcum
2427 1961 3049 2031 roeperimustanquam
3074 1977 3300 2016 sursum
3321 1978 3514 2017 versus
3535 1980 3621 2018 re-

1922 2063 2169 2117 currere,
2193 2048 2517 2103 invenimus
2540 2066 2637 2103 eos
2657 2050 2833 2104 etiam
2852 2054 3075 2103 nostras
3090 2055 3310 2104 mentes
3329 2055 3621 2105 transcen-

1922 2137 2077 2207 dere,
2114 2142 2281 2209 atque
2314 2139 2810 2195 incommutabiles
2838 2139 2900 2193 in
2930 2140 3053 2210 ipsa
3084 2156 3316 2194 manere
3346 2140 3611 2197 veritate.

1921 2228 1987 2281 Et
2016 2227 2151 2297 quia
2171 2244 2367 2298 sapere
2398 2228 2565 2298 pauci
2596 2232 2854 2299 possunt,
2887 2245 3190 2282 numerare
3222 2233 3414 2283 autem
3446 2229 3618 2283 etiam

1919 2315 2105 2368 stultis
2135 2332 2464 2371 concessum
2505 2321 2610 2383 est,
2645 2317 2932 2371 mirantur
2962 2317 3226 2371 homines
3254 2316 3614 2387 sapientiam,

1920 2417 2304 2474 numerosque
2356 2409 2754 2458 contemnunt.
2804 2404 2966 2458 Docti
3018 2409 3210 2458 autem
3255 2409 3313 2459 et
3359 2407 3617 2471 studiosi,

1920 2496 2134 2561 quanto
2163 2492 2503 2546 remotiores
2532 2497 2663 2547 sunt
2686 2510 2717 2545 a
2747 2494 2870 2547 labe
2890 2497 3134 2554 terrena,
3161 2497 3321 2547 tanto
3352 2495 3535 2564 magis
3564 2500 3621 2549 et

1918 2596 2224 2634 numerum
2255 2584 2311 2634 et
2349 2582 2687 2652 sapientiam
2717 2582 2779 2634 in
2810 2582 2934 2651 ipsa
2965 2582 3203 2636 veritate
3249 2587 3615 2650 contuentur,

1918 2674 1975 2722 et
2000 2673 2311 2739 utrumque
2337 2670 2572 2723 charum
2598 2670 2844 2723 habent:
2870 2674 2927 2724 et
2950 2670 3009 2723 in
3032 2671 3153 2739 ejus
3184 2670 3436 2724 veritatis
3458 2687 3615 2724 com-

1916 2757 2210 2826 paratione
2245 2773 2362 2811 non
2401 2757 2480 2810 eis
2529 2773 2735 2811 aurum
2774 2762 2831 2811 et
2861 2763 3185 2827 argentum,
3219 2762 3274 2811 et
3300 2757 3517 2828 [caetera
3548 2759 3617 2812 de

1918 2846 2125 2915 quibus
2146 2846 2407 2900 homines
2427 2846 2719 2912 dimicant,
2742 2848 2841 2900 sed
2861 2847 2969 2915 ipsi
2990 2847 3159 2900 etiam
3181 2846 3457 2899 vilescunt
3482 2845 3614 2899 sibi.

1990 2938 2076 2990 32.
2115 2936 2227 2988 Nec
2254 2935 2481 2989 mireris
2527 2951 2796 2989 numeros
2827 2934 2955 2988 ideo
2992 2933 3223 2987 viluisse
3258 2933 3611 3000 hominibus,

1917 3024 1973 3073 et
2004 3021 2228 3075 charam
2262 3039 2381 3075 esse
2424 3022 2781 3092 sapientiam,
2814 3021 2949 3091 quia
2978 3020 3197 3074 facilius
3226 3025 3465 3090 possunt
3505 3037 3614 3073 nu-

1916 3126 2137 3164 merare
2180 3127 2354 3181 quam
2402 3126 2622 3180 sapere,
2673 3126 2802 3163 cum
2842 3109 3033 3163 videas
3079 3108 3303 3161 charius
3342 3108 3471 3171 illos
3516 3109 3615 3162 ha-

1914 3199 2049 3252 bere
2091 3215 2295 3253 aurum
2345 3215 2519 3270 quam
2563 3200 2761 3252 lumen
2795 3199 3061 3263 lucernae,
3095 3197 3186 3250 cui
3222 3202 3616 3267 comparatum

1918 3304 2122 3341 aurum
2154 3288 2389 3342 ridetur.
2416 3288 2523 3341 Sed
2544 3288 2864 3340 honoratur
2895 3285 3137 3356 amplius
3160 3302 3250 3340 res
3272 3287 3443 3357 longe
3469 3286 3615 3340 infe-

1915 3375 2051 3439 rior,
2085 3377 2222 3447 quia
2252 3378 2544 3430 lucernam
2576 3375 2684 3429 sibi
2705 3380 2760 3429 et
2785 3374 3078 3429 mendicus
3102 3374 3379 3442 accendit,
3410 3390 3615 3428 aurum

1914 3481 2047 3518 vero
2092 3465 2260 3534 pauci
2308 3465 2518 3519 habent
2546 3486 2560 3532 ;
2610 3480 2940 3535 quanquam
2970 3462 3248 3532 sapientia
3280 3463 3427 3516 absit
3456 3467 3521 3516 ut
3549 3462 3610 3515 in

1916 3553 2337 3623 comparatione
2368 3553 2597 3607 numeri
2627 3553 2951 3607 inveniatur
2972 3551 3225 3615 inferior,
3249 3567 3378 3604 cum
3411 3551 3614 3605 eadem

1916 3641 2024 3707 sit;
2076 3641 2170 3695 sed
2230 3642 2460 3694 oculum
2507 3656 2621 3711 quo
2674 3639 2829 3692 cerni
2878 3639 3079 3708 possit,
3124 3637 3367 3707 inquirit
3416 3640 3459 3692 ί.
3504 3638 3613 3692 Sed

1917 3728 2405 3798 quemadmodum
2448 3728 2510 3781 in
2548 3743 2664 3781 uno
2696 3727 2826 3795 igne
2879 3724 3398 3792 consubstantialis,
3447 3728 3510 3778 ut
3537 3724 3615 3778 ita

1919 3817 2125 3883 dicam,
2158 3816 2403 3870 sentitur
2430 3815 2621 3885 fulgor
2650 3818 2706 3869 et
2735 3814 2909 3881 calor,
2944 3829 3049 3867 nec
3081 3813 3335 3882 separari
3367 3813 3437 3867 ab
3468 3812 3613 3866 invi-

1917 3922 2041 3959 cem
2064 3909 2336 3975 possunt;
2370 3909 2563 3958 tamen
2592 3903 2665 3956 ad
2695 3919 2761 3956 ea
2795 3903 2949 3956 calor
2988 3897 3247 3973 pervenit
3278 3917 3407 3971 qua:
3437 3918 3616 3972 prope

1918 3995 2319 4059 admoventur,
2351 3994 2542 4062 fulgor
2567 4008 2701 4045 vero
2732 3991 2906 4045 etiam
2935 3990 3167 4061 longius
3193 3990 3478 4061 latiusque
3509 3991 3617 4045 dif-

1918 4083 2211 4137 funditur:
2246 4082 2323 4136 sic
2378 4080 2771 4151 intelligentia:
2828 4078 3104 4148 potentia,
3164 4094 3293 4148 qua}
3338 4078 3489 4132 inest
3536 4096 3619 4132 sa-

1916 4170 2173 4240 pientiae,
2220 4169 2636 4240 propinquiora
2676 4168 2996 4221 fervescunt
3018 4164 3063 4232 ²,
3105 4165 3277 4219 sicuti
3319 4171 3451 4219 sunt
3489 4166 3618 4219 ani-

1918 4276 2029 4313 mze
2060 4259 2402 4324 rationales;
2438 4274 2504 4311 ea
2552 4272 2687 4310 vero
2730 4272 2857 4326 quae
2899 4253 3213 4309 remotiora
3254 4257 3406 4315 sunt,
3455 4253 3619 4306 sicuti

1920 4363 2175 4417 corpora,
2208 4362 2324 4400 non
2362 4344 2594 4415 attingit
2635 4344 2823 4398 calore
2872 4342 3148 4415 sapiendi,
3187 4342 3287 4395 sed
3328 4340 3621 4410 perfundit

1920 4435 2136 4490 lumine
2159 4449 2561 4488 numerorum:
2587 4433 2742 4503 quod
2772 4432 2877 4486 tibi
2900 4430 3151 4486 fortassis
3180 4429 3486 4482 obscurum
3511 4431 3614 4480 est.

1921 4525 2045 4577 Non
2075 4522 2227 4576 enim
2260 4522 2379 4575 ulla
2405 4520 2646 4576 visibilis
2674 4520 2988 4574 similitudo
3016 4515 3289 4571 invisibili
3319 4515 3404 4569 rei
3432 4518 3621 4585 potest

1924 4611 1989 4666 ad
2023 4626 2255 4665 omnem
2284 4610 2743 4664 convenientiam
2774 4605 3045 4677 coaptari.
3082 4606 3329 4658 Tantum
3359 4603 3503 4658 illud
3534 4608 3620 4659 at-

1921 4702 2114 4766 tende,
2148 4700 2302 4770 quod
2330 4704 2388 4753 et
2415 4697 2721 4770 qumstioni
2758 4711 2930 4766 quam
2961 4693 3321 4765 suscepiruus
3350 4693 3482 4748 satis
3513 4697 3617 4758 est,

1924 4793 1981 4844 et
2019 4788 2424 4843 humilioribus
2462 4788 2637 4841 etiam
2673 4784 2978 4851 mentibus,
3023 4783 3220 4853 quales
3258 4799 3362 4837 nos
3398 4799 3616 4849 sumus,

1925 4894 2044 4932 sese
2075 4877 2417 4943 manifestat,
2452 4875 2585 4946 quia
2613 4873 2720 4927 etsi
2749 4872 2965 4926 clarum
2997 4871 3165 4926 nobis
3199 4888 3319 4926 esse
3350 4888 3466 4925 non
3496 4875 3621 4942 pot-

1925 4971 2012 5020 est
2040 4970 2233 5019 utrum
2271 4965 2333 5019 in
2371 4961 2667 5035 sapientia,
2698 4962 2789 5014 vel
2812 4977 2879 5015 ex
2909 4959 3189 5030 sapientia
3220 4976 3519 5028 numerus,
3546 4976 3619 5013 an

1925 5055 2048 5125 ipsa
2091 5054 2372 5123 sapientia
2419 5068 2487 5105 ex
2538 5065 2799 5116 numero,
2856 5066 2928 5104 an
2984 5049 3046 5103 in
3102 5066 3342 5103 numero
3400 5048 3486 5114 sit,
3550 5044 3637 5100 an”

1924 5147 2240 5212 utrumque
2263 5156 2476 5195 nomen
2509 5138 2678 5192 unius
2706 5138 2789 5191 rei
2816 5138 2998 5208 possit
3022 5138 3273 5204 ostendi;
3306 5136 3446 5190 illud
3476 5139 3625 5189 certe

1926 5231 2294 5284 manifestum
2341 5232 2425 5282 est
2472 5232 2781 5298 utrumque
2814 5243 3014 5281 verum
3044 5243 3184 5294 esse,
3227 5230 3282 5279 et
3309 5224 3623 5278 incommu-

1927 5319 2172 5374 tabiliter
2199 5334 2417 5372 verum.

1993 5405 2163 5452 iEditi
2185 5419 2195 5451 :
2217 5405 2269 5451 Si
2291 5404 2506 5460 oculus,
2529 5414 2639 5465 quo
2659 5405 2798 5453 cerni
2816 5405 2999 5466 possit,
3016 5400 3274 5463 inquirat.
3294 5399 3359 5448 At
3377 5399 3519 5458 Mss.,
3536 5398 3627 5449 sed

1930 5467 2204 5516 oculum...
2245 5466 2487 5526 inquirit.

1928 5590 1956 5639 ζ)
1990 5531 2011 5561 2
2033 5529 2279 5636 [Quatuor
2308 5520 2448 5585 Mss,
2483 5540 2600 5591 qua?
2627 5529 2747 5576 sunt
2769 5528 3032 5589 sapientia:
3056 5524 3439 5588 propinquiora
3462 5520 3631 5586 ferve—

1960 5604 2029 5639 an
2056 5626 2065 5635 .

2789 5687 3214 5767 (Quarantc.)
