4008 6184
443 315 577 367 1259

437 489 660 545 CAPUT
689 487 805 544 XII.
836 514 904 525 —
931 486 1047 538 Una
1065 487 1114 535 et
1134 479 1587 535 incommutabilis
1616 480 1675 530 in
1703 478 1948 531 omnibus
1969 475 2128 529 intel-

561 577 848 644 ligentibus
872 575 1092 635 veritus,
1129 585 1295 638 caque
1325 571 1509 620 nostra
1537 571 1710 619 mente
1733 567 1998 634 superior.

508 701 594 753 33.
622 698 976 767 Quapropter
1019 691 1173 747 nullo
1204 689 1373 744 modo
1426 687 1720 759 negaveris
1754 704 1876 741 esse
1913 686 2129 740 incom-

437 787 768 842 mutabilem
803 783 1122 846 veritatem,
1154 780 1275 834 hmc
1306 778 1500 832 omnia
1527 793 1656 848 qua:
1687 775 2130 830 incommutabi-

439 875 565 930 liter
589 889 718 926 vera
748 875 881 925 sunt
909 870 1337 937 continentem;
1370 882 1543 937 quam
1583 881 1695 919 non
1727 864 1910 936 possis
1940 864 2128 918 dicere

433 969 590 1018 tuam
627 961 713 1014 vel
753 974 962 1024 meam,
1008 957 1094 1010 vel
1139 956 1477 1026 cujusquam
1509 952 1776 1018 hominis,
1811 951 1908 1006 sed
1940 950 2128 1005 omni-

433 1053 538 1107 bus
567 1047 1057 1105 incommutabilia
1087 1061 1216 1099 vera
1245 1043 1628 1108 cernentibus,
1662 1045 1937 1112 tanquam
1966 1039 2128 1094 miris

433 1140 615 1194 modis
665 1143 942 1192 secretum
993 1139 1048 1189 et
1075 1133 1370 1205 publicum
1402 1133 1618 1196 lumen,
1651 1135 1858 1201 praesto
1901 1146 2021 1184 esse
2065 1144 2128 1182 ac

434 1245 493 1283 se
525 1229 778 1299 praebere
818 1224 1230 1280 communiter:
1265 1238 1434 1276 omne
1464 1224 1657 1273 autem
1688 1219 1841 1290 quod
1869 1233 2129 1272 commu-

432 1319 583 1372 niter
629 1315 896 1370 omnibus
935 1310 1407 1366 ratiocinantibus
1456 1313 1626 1379 atque
1671 1306 2130 1376 intelligentibus

432 1408 639 1476 praesto
667 1407 771 1472 est,
799 1403 871 1456 ad
916 1401 1088 1454 ullius
1130 1415 1327 1452 eorum
1373 1397 1603 1468 proprie
1653 1401 1916 1450 naturam
1955 1394 2128 1464 perti-

433 1509 566 1546 nere
589 1492 716 1563 quis
736 1489 984 1545 dixerit?
1011 1486 1317 1542 Meministi
1345 1486 1522 1553 enim,
1547 1489 1608 1538 ut
1633 1484 1855 1554 opinor,
1891 1483 2027 1553 quid
2057 1483 2127 1537 de

435 1579 694 1634 sensibus
721 1577 972 1648 corporis
1001 1577 1172 1644 paulo
1201 1579 1330 1628 ante
1364 1577 1664 1627 tractatum
1694 1572 1794 1637 sit;
1829 1587 1892 1624 ea
1919 1570 2132 1624 scilicet

433 1685 563 1739 quae
593 1668 889 1720 oculorum
931 1666 1015 1718 vel
1060 1663 1289 1717 aurium
1323 1678 1490 1714 sensu
1521 1659 1904 1714 communiter
1937 1659 2126 1727 tangi-

434 1773 582 1823 mus,
615 1753 779 1808 sicuti
810 1757 941 1807 sunt
969 1752 1186 1805 colores
1216 1755 1273 1804 et
1301 1748 1448 1809 soni,
1481 1765 1625 1818 quos
1654 1764 1759 1817 ego
1781 1751 1837 1800 et
1864 1751 1926 1800 tu
1959 1746 2129 1800 simul

433 1845 711 1909 videmus,
763 1843 850 1896 vel
882 1840 1051 1894 simul
1091 1839 1374 1903 audimus,
1418 1852 1534 1890 non
1572 1836 1858 1906 pertinere
1890 1835 1961 1888 ad
1995 1849 2131 1887 ocu-

431 1934 621 1988 lorum
652 1936 978 1986 nostrorum
1008 1927 1306 1982 auriumve
1336 1931 1623 1992 naturam,
1656 1925 1751 1979 sed
1782 1924 1850 1978 ad
1881 1923 2130 1978 sentien-

433 2021 571 2076 dum
620 2019 785 2074 nobis
828 2035 949 2073 esse
987 2016 1333 2072 communia.
1365 2015 1451 2070 Sic
1485 2031 1619 2086 ergo
1646 2013 1818 2068 etiam
1862 2012 1960 2066 illa
2001 2026 2130 2082 qua:

435 2124 542 2178 ego
573 2112 628 2161 et
651 2112 713 2161 tu
738 2105 1120 2161 communiter
1149 2103 1380 2175 proprio
1407 2103 1648 2175 quisque
1678 2104 1879 2156 'mente
1908 2099 2128 2170 conspi-

435 2196 639 2262 cimus,
666 2210 1029 2266 nequaquam
1049 2192 1258 2247 dixeris
1284 2191 1354 2246 ad
1381 2191 1588 2245 mentis
1609 2190 1848 2260 alicujus
1870 2193 2129 2242 nostrum

434 2285 724 2355 pertinere
766 2288 1048 2336 naturam.
1085 2283 1340 2335 Duorum
1371 2279 1527 2333 enim
1573 2278 1721 2332 oculi
1767 2277 1921 2348 quod
1961 2276 2130 2330 simul

439 2373 654 2438 vident,
689 2388 789 2425 nec
817 2372 987 2439 hujus
1014 2386 1117 2423 nec
1142 2369 1296 2422 illius
1323 2369 1512 2422 oculos
1539 2383 1659 2421 esse
1688 2366 1900 2437 poteris
1920 2365 2128 2432 dicere,

439 2461 537 2515 sed
557 2459 773 2530 aliquid
795 2458 1028 2513 tertium
1057 2458 1116 2510 in
1136 2456 1289 2528 quod
1314 2455 1609 2526 utriusque
1631 2455 1956 2509 conferatur
1974 2469 2131 2524 aspe-

437 2551 580 2602 ctus.
613 2550 676 2601 E.
709 2545 1150 2616 Apertissimum
1179 2550 1350 2615 atque
1377 2543 1736 2597 verissimum
1763 2547 1867 2596 est.

511 2638 596 2690 34.
623 2636 695 2690 Α.
730 2635 882 2688 Hanc
911 2650 1047 2704 ergo
1080 2633 1400 2701 veritatem,
1430 2633 1499 2686 de
1530 2648 1643 2703 qua
1665 2632 1784 2702 jam
1816 2631 1916 2685 diu
1946 2629 2130 2700 loqui-

439 2741 592 2794 mur,
621 2729 677 2779 et
705 2724 764 2778 in
791 2740 903 2794 qua
930 2740 1038 2776 una
1069 2726 1184 2776 tam
1215 2722 1396 2776 multa
1420 2720 1817 2791 conspicimus,
1854 2720 2130 2774 excellen-

438 2813 640 2868 tiorem
674 2817 840 2883 putas
869 2826 988 2864 esse
1019 2825 1192 2880 quam
1215 2825 1372 2863 mens
1400 2815 1589 2862 nostra
1620 2813 1725 2876 est,
1747 2824 1820 2862 an
1847 2808 2130 2878 aequalem

439 2903 726 2958 mentibus
769 2899 1000 2966 nostris,
1055 2915 1128 2952 an
1158 2898 1329 2952 etiam
1361 2897 1683 2952 inferiorem
1705 2899 1734 2950 ‘?
1761 2897 1869 2951 Sed
1900 2897 1946 2949 si
1984 2899 2131 2949 esset

438 2991 691 3055 inferior,
712 3005 827 3042 non
851 2987 1160 3042 secundum
1191 2986 1369 3056 illam,
1398 2986 1492 3040 sed
1517 2986 1585 3040 de
1608 2986 2127 3056 illajudicaremus,

441 3081 586 3135 sicut
609 3077 929 3149 judicamus
957 3076 1025 3130 de
1056 3075 1403 3145 corporibus,
1439 3075 1574 3145 quia
1604 3074 1750 3128 infra
1778 3079 1932 3138 sunt,
1960 3078 2014 3128 et
2044 3074 2130 3128 di-

440 3169 620 3223 cimus
649 3181 716 3220 ea
747 3166 1085 3236 plerumque
1118 3180 1230 3217 non
1261 3168 1483 3218 tantum
1514 3163 1591 3217 ita
1617 3179 1736 3217 esse
1765 3163 1853 3217 vel
1885 3179 1999 3216 non
2028 3162 2128 3227 ita,

441 3255 540 3311 sed
567 3256 645 3309 ita
673 3255 758 3308 vel
792 3269 908 3306 non
937 3252 1010 3306 ita
1044 3268 1165 3306 esse
1196 3253 1438 3307 debere:
1486 3251 1565 3305 sic
1599 3255 1654 3305 et
1692 3251 1761 3305 de
1797 3251 2003 3304 animis
2029 3266 2127 3303 no-

443 3343 573 3397 stris
601 3359 716 3397 non
733 3342 914 3396 solum
935 3340 1013 3394 ita
1032 3357 1150 3394 esse
1172 3341 1427 3394 animum
1451 3339 1728 3408 novimus,
1752 3340 1846 3393 sed
1873 3340 2128 3410 plerum-

444 3448 554 3504 que
585 3431 754 3486 etiam
786 3431 863 3485 ita
902 3447 1020 3484 esse
1051 3429 1277 3484 debere.
1323 3430 1389 3483 Et
1415 3429 1483 3482 de
1532 3427 1866 3500 corporibus
1897 3427 2130 3498 quidem

443 3521 523 3576 sic
556 3521 902 3592 judicamus,
955 3535 1082 3573 cum
1138 3518 1402 3580 dicimus,
1453 3517 1634 3572 Minus
1689 3517 1994 3572 candidum
2044 3520 2128 3570 est

443 3627 614 3682 quam
630 3610 853 3676 debuit;
877 3613 996 3675 aut,
1017 3607 1208 3662 minus
1229 3607 1534 3678 quadrum,
1551 3611 1608 3660 et
1629 3606 1807 3660 multa
1823 3605 2086 3659 similiter
2111 3621 2124 3658 :

442 3697 512 3751 de
542 3697 748 3751 animis
775 3713 928 3766 vero,
949 3697 1129 3752 Minus
1149 3700 1314 3767 aptus
1343 3699 1426 3749 est
1441 3711 1614 3766 quam
1641 3695 1808 3748 debet
1834 3711 1846 3760 ;
1876 3697 1994 3757 aut,
2015 3692 2126 3747 mi-

442 3801 550 3838 nus
571 3785 715 3838 lenis
738 3802 751 3850 ;
784 3789 884 3838 aut
910 3784 1100 3838 minus
1126 3783 1454 3850 vehemens,
1484 3782 1628 3836 sicut
1654 3786 1979 3835 nostrorum
2004 3797 2126 3834 mo-

442 3889 569 3926 rum
613 3889 671 3925 se
715 3872 859 3925 ratio
906 3871 1115 3926 tulerit.
1161 3873 1224 3924 Et
1267 3871 1589 3940 judicamus
1644 3871 1766 3924 haec
1814 3870 2126 3924 secundum

443 3959 567 4014 illas
612 3959 912 4013 interiores
953 3959 1180 4028 regulas
1226 3957 1497 4024 veritatis,
1559 3974 1699 4028 quas
1745 3957 2128 4012 communiter

442 4047 774 4102 cernimus:
823 4047 891 4102 de
941 4046 1076 4118 ipsis
1119 4062 1250 4101 vero
1289 4047 1448 4100 nullo
1497 4047 1666 4100 modo
1718 4045 1844 4117 quis
1885 4045 2125 4116 judicat.

443 4137 581 4192 Cum
612 4135 763 4191 enim
795 4135 921 4206 quis
959 4134 1167 4189 dixerit
1195 4139 1406 4189 aeterna
1429 4133 1839 4204 temporalibus
1870 4151 1989 4188 esse
2019 4152 2129 4206 po-

441 4225 604 4294 tiora,
651 4229 748 4280 aut
793 4229 1010 4295 septem
1055 4228 1113 4278 et
1149 4223 1257 4278 tria
1285 4223 1477 4278 decem
1509 4239 1649 4289 esse,
1679 4240 1846 4277 nemo
1880 4223 2018 4277 dicit
2048 4224 2127 4278 ita

439 4332 560 4371 esse
589 4314 870 4381 debuisse,
915 4313 1013 4368 sed
1058 4317 1282 4367 tantum
1331 4313 1410 4367 ita
1455 4329 1573 4368 esse
1603 4329 1970 4383 cognoscens,
2017 4330 2130 4368 non

439 4404 790 4459 examinator
817 4402 1072 4473 corrigit,
1105 4402 1204 4457 sed
1233 4406 1456 4458 tantum
1493 4403 1720 4456 laetatur
1745 4402 2028 4458 inventor.
2066 4401 2125 4457 Si

437 4499 627 4548 autem
660 4497 807 4548 esset
854 4491 1090 4563 aequalis
1138 4491 1426 4545 mentibus
1466 4491 1678 4544 nostris
1730 4492 1851 4545 haec
1899 4490 2124 4558 veritas,

439 4581 728 4637 mutabilis
765 4582 936 4636 etiam
985 4581 1106 4652 ipsa
1135 4584 1299 4636 esset.
1351 4581 1561 4634 Mentes
1590 4580 1745 4634 enim
1775 4585 1982 4634 nostrae
2024 4579 2126 4633 ali-

440 4671 667 4738 quando
699 4685 823 4723 eam
843 4672 971 4740 plus
999 4670 1215 4736 vident,
1243 4669 1552 4740 aliquando
1586 4669 1795 4737 minus,
1829 4673 1886 4723 et
1924 4686 1992 4723 ex
2023 4669 2128 4722 hoc

439 4757 688 4810 fatentur
723 4773 781 4810 se
829 4774 948 4812 esse
993 4759 1328 4813 mutabiles:
1364 4773 1492 4812 cum
1545 4757 1642 4812 illa
1687 4757 1747 4811 in
1794 4775 1853 4811 se
1891 4774 2128 4812 manens

437 4860 543 4899 nec
580 4844 838 4915 proficiat
865 4861 995 4900 cum
1025 4849 1150 4916 plus
1193 4865 1225 4902 a
1273 4846 1435 4901 nobis
1471 4846 1713 4914 videtur,
1756 4863 1860 4900 nec
1903 4845 2128 4900 deﬁciat

438 4949 567 4989 cum
599 4931 810 4998 minus,
855 4935 953 4988 sed
999 4933 1222 5005 integra
1268 4939 1323 4990 et
1351 4935 1702 5006 incorrupta,
1737 4939 1794 4988 et
1823 4951 2126 4988 conversos

438 5019 687 5074 lmtiﬁcet
730 5017 969 5088 lumine,
1025 5024 1081 5074 et
1131 5037 1353 5076 aversos
1396 5021 1597 5093 puniat
1643 5021 1912 5076 caecitate.
1958 5021 2122 5087 Quid,

438 5105 595 5178 quod
621 5104 792 5160 etiam
827 5104 894 5158 de
923 5104 1062 5174 ipsis
1091 5107 1379 5160 mentibus
1404 5107 1611 5162 nostris
1642 5107 2124 5161 secundumillam

429 5195 770 5264 judicamus,
796 5208 927 5247 cum
953 5192 1021 5246 de
1043 5193 1139 5248 illa
1159 5195 1313 5249 nullo
1336 5197 1504 5251 modo
1528 5196 1781 5267 judicare
1802 5193 2124 5267 possimus?

437 5284 689 5338 Dicimus
726 5282 901 5349 enim,
935 5281 1117 5336 Minus
1149 5283 1416 5352 intelligit
1446 5301 1620 5355 quam
1651 5286 1836 5348 debet,
1869 5289 1968 5339 aut
1997 5290 2124 5339 tan-

435 5376 558 5428 tum
600 5377 880 5445 quantum
909 5371 1076 5426 debet
1118 5369 1406 5442 intelligit.
1448 5375 1691 5428 Tantum
1729 5378 1919 5429 autem
1962 5389 2124 5428 mens

435 5461 603 5517 debet
649 5462 991 5534 intelligere,
1034 5464 1313 5533 quantum
1346 5462 1581 5533 propius
1619 5463 1907 5518 admoveri
1951 5468 2122 5535 atque

433 5546 712 5605 inhaerere
768 5551 1022 5622 potuerit
1073 5549 1524 5604 incommutabili
1573 5551 1818 5608 veritati.
1862 5552 2045 5616 Quare
2075 5551 2118 5606 si

1527 303 1620 356 DE
1661 300 1918 356 LIBERO
1959 294 2319 361 ARBITRIO,
2363 293 2414 348 ἓ.
2458 288 2838 347 AUGUSTINI

3813 289 3935 339 tam
3983 269 3991 282 ’

2241 451 2345 490 nec
2373 432 2630 508 inferior,
2664 445 2768 484 nec
2795 427 3032 500 aequalis
3052 430 3154 492 est,
3182 429 3357 482 restat
3382 431 3451 481 ut
3478 427 3554 482 sit
3585 427 3852 499 superior
3874 436 3935 482 at

2237 538 2348 592 que
2381 518 2768 576 excellentior.

2237 663 2462 718 CAPUT
2508 661 2648 715 XIII.
2693 689 2763 700 —
2805 658 3130 714 Exhortatio
3176 657 3251 710 ad
3298 657 3624 726 amplexum
3675 658 3934 714 veritatis.

2761 762 2880 816 qua:
2908 762 3019 800 una
3050 745 3227 799 beatos
3254 747 3414 812 facit.

2307 877 2394 928 35.
2418 870 2798 926 Promiseram
2813 872 3028 938 autem,
3048 868 3094 922 si
3114 867 3448 936 meministi,
3463 883 3563 922 me
3585 866 3704 921 tibi
3729 867 3935 921 demos—

2237 966 2548 1016 straturum
2568 975 2689 1014 esse
2711 958 2925 1029 aliquid
2949 957 3101 1030 quod
3120 957 3190 1010 sit
3212 961 3399 1011 mente
3431 961 3644 1010 nostra
3665 961 3851 1027 atque
3876 973 3930 1010 rs-

2235 1052 2390 1105 tione
2419 1047 2736 1103 sublimius.
2772 1048 2906 1101 Ecce
2935 1046 3038 1100 tibi
3067 1049 3152 1099 est
3174 1044 3298 1115 ipsa
3317 1044 3527 1098 veritas
3556 1060 3571 1096 :
3606 1045 3932 1113 amplectar?

2237 1139 2394 1193 illam
2416 1138 2461 1190 si
2482 1142 2663 1207 potes,
2689 1140 2746 1189 et
2765 1135 2952 1189 fruere
2975 1134 3090 1200 illa,
3117 1138 3173 1188 et
3201 1134 3485 1187 delectare
3507 1132 3576 1185 in
3609 1133 3884 1194 Domino,
3903 1143 3936 1184 et

2237 1227 2393 1281 dabit
2417 1225 2521 1280 tibi
2556 1224 2860 1295 petitiones
2899 1223 3086 1277 cordis
3117 1223 3200 1276 tui
3235 1223 3399 1291 (Psal.
3444 1237 3651 1284 xxxvx,
3703 1222 3783 1286 4).
3827 1221 3934 1283 Qui:

2236 1315 2390 1368 enim
2411 1312 2560 1384 petis
2579 1311 2824 1382 amplius
2846 1326 3019 1382 quam
3034 1314 3099 1364 ut
3116 1311 3312 1364 beatus
3333 1309 3450 1362 sis?
3473 1311 3542 1363 Et
3565 1308 3728 1380 quid
3749 1309 3935 1362 beatius

2238 1419 2304 1457 eo
2329 1402 2428 1473 qui
2455 1401 2663 1455 fruitur
2701 1400 3035 1454 inconcussa
3074 1402 3130 1452 et
3156 1397 3635 1452 incommutabili
3683 1403 3748 1450 et
3794 1399 3936 1450 exui-
3989 1427 3991 1430 ‹

2237 1491 2551 1545 lentissima
2585 1490 2858 1543 veritate?
2879 1490 2965 1541 An
2994 1503 3127 1540 vero
3157 1487 3405 1540 clamant
3444 1485 3743 1539 homines
3786 1485 3936 1537 beatis
3989 1485 3991 1488 ⁴

2238 1596 2295 1634 se
2327 1595 2468 1644 esse,
2502 1593 2633 1632 cum
2671 1578 2908 1648 pulchra
2945 1591 3177 1646 corpora
3218 1590 3430 1645 magno
3478 1573 3797 1627 desiderio
3838 1589 3936 1625 cor.-

2237 1665 2446 1735 cupita,
2492 1664 2607 1718 sive
2648 1665 2980 1735 conjugum,
3028 1664 3140 1716 sive
3180 1663 3353 1716 etiam
3400 1661 3808 1715 meretricum
3853 1676 3938 1712 am-

2237 1752 2566 1823 plexantur;
2599 1756 2655 1805 et
2683 1768 2785 1805 nos
2813 1751 2872 1804 in
2895 1751 3157 1820 amplexu
3182 1749 3436 1803 veritatis
3467 1749 3689 1802 beatos
3718 1764 3843 1801 esse
3869 1748 3940 1800 da-

2237 1840 2524 1894 bitamus‘?
2561 1840 2822 1894 Clamant
2849 1839 3112 1892 homines
3143 1853 3200 1890 se
3231 1838 3426 1890 beatos
3460 1852 3620 1900 esse,
3658 1851 3805 1890 cum
3835 1841 3940 1887 asta

2238 1927 2412 1981 aridis
2449 1927 2706 1981 faucibus
2743 1927 2811 1980 ad
2849 1925 3066 1980 fontem
3105 1924 3518 1978 abundantem’
3543 1923 3939 1992 salubremque

2239 2015 2597 2088 perveniunt,
2630 2019 2729 2068 aut
2758 2014 3069 2068 esurientes
3103 2012 3414 2083 prandium
3456 2027 3784 2065 cosnamve
3815 2028 3940 2064 oms-

2237 2109 2355 2159 tam
2385 2103 2790 2175 copiosamque
2811 2102 3136 2174 reperiunt;
3168 2106 3224 2154 et
3245 2116 3350 2154 nos
3374 2099 3750 2170 negabimus
3783 2100 3940 2153 beatos

2239 2208 2382 2258 esse,
2414 2208 2545 2246 cum
2573 2191 2882 2262 irrigamur
2923 2190 3322 2261 pascimurque
3365 2189 3624 2243 veritate
3646 2192 3677 2244 ?
3715 2188 3940 2243 Solemus

2239 2280 2436 2335 audire
2459 2297 2624 2334 voces
2654 2279 3026 2334 clamantium
3057 2294 3114 2332 se
3145 2278 3358 2338 beatos,
3395 2276 3446 2330 si
3463 2277 3720 2347 jaceant
3753 2278 3813 2331 in

2240 2373 2296 2424 et
2325 2369 2452 2422 aliis
2491 2368 2726 2422 ﬂoribus
2763 2366 2806 2433 ί,
2846 2368 2932 2421 vel
2965 2367 3138 2421 etiam
3176 2365 3494 2436 unguentis
3535 2365 3942 2419 odoratissim‘.‘

2238 2457 2637 2528 perfruantur:
2669 2455 2806 2527 quid
2826 2456 3192 2526 fragrantius,
3215 2453 3353 2526 quid
3364 2453 3707 2523 jucundius
3739 2454 3942 2524 inspira

2237 2546 2393 2600 tione
2419 2545 2669 2600 veritatis
2688 2547 2716 2598 ?
2745 2549 2802 2598 et
2825 2544 3154 2598 dubitamus
3182 2559 3288 2596 nos
3309 2557 3443 2594 cum
3477 2542 3557 2594 ab
3593 2541 3702 2594 illa
3737 2541 3943 2612 inspire-

2237 2650 2385 2698 mur,
2432 2634 2617 2688 dicere
2662 2633 2903 2687 beatos?
2954 2631 3115 2686 Multi
3164 2631 3388 2685 beatam
3441 2629 3634 2683 vitam
3693 2630 3759 2682 in
3811 2639 3940 2682 cant:

2236 2738 2440 2777 vocum
2471 2727 2527 2776 et
2555 2737 2862 2775 nervorum
2910 2725 2966 2774 et
3010 2720 3280 2773 tibiarum
3330 2717 3442 2771 sibi
3486 2719 3882 2779 constituunt,
3909 2725 3944 2768 et

2239 2827 2368 2864 cum
2407 2826 2472 2863 ea
2501 2809 2611 2863 sibi
2641 2809 2868 2875 desunt,
2900 2824 2958 2861 se
2993 2808 3230 2862 miseros
3253 2806 3563 2877 judicant;
3608 2822 3755 2861 cum
3787 2815 3942 2860 autem

2239 2899 2466 2965 adsunt,
2499 2898 2818 2952 efferuntur
2850 2897 3083 2951 laetitia:
3117 2902 3173 2949 et
3211 2911 3313 2948 nos
3355 2910 3491 2948 cum
3525 2897 3840 2949 mentibus
3866 2910 3942 2947 no—

2239 2987 2368 3041 stris
2413 2988 2532 3041 sine
2573 2986 2690 3040 ullo
2725 2985 2988 3056 strepitu,
3019 2990 3083 3039 ut
3113 2984 3189 3038 ita
3221 2983 3429 3049 dicam,
3464 2999 3772 3037 canorum
3816 2991 3864 3037 et
3887 2983 3941 3036 fs-

2237 3075 2489 3130 cundum
2524 3075 2812 3146 quoddam
2842 3073 3136 3128 silentium
3170 3071 3418 3126 veritatis
3463 3071 3768 3137 illabitur,
3800 3073 3937 3125 aliam

2237 3165 2462 3219 beatam
2488 3163 2662 3218 vitam
2686 3162 3018 3234 quaerimus,
3042 3166 3097 3216 et
3115 3165 3230 3214 tam
3255 3164 3406 3214 certa
3435 3164 3494 3214 et
3525 3165 3830 3231 praesente
3852 3174 3938 3212 non

2238 3252 2483 3306 fruimur
2500 3253 2528 3306 ?
2553 3253 2696 3305 Luce
2721 3251 2844 3305 auri
2866 3255 2922 3304 et
2938 3249 3181 3322 argenti,
3204 3249 3327 3302 luce
3351 3264 3744 3320 gemmarum
3768 3253 3820 3302 et
3842 3249 3938 3301 alia

2237 3357 2366 3394 rum
2397 3340 2674 3405 colorum,
2701 3339 2815 3392 sive
2846 3338 3024 3409 ipsius
3046 3337 3184 3391 lucis
3205 3353 3333 3408 quae
3367 3336 3439 3390 ad
3474 3337 3588 3390 hos
3623 3339 3825 3392 oculos
3849 3352 3937 3405 pe:-

2238 3429 2401 3493 tinet,
2435 3428 2549 3482 sive
2577 3427 2638 3482 in
2678 3427 2908 3498 ignibus
2938 3426 3199 3491 terrenis,
3241 3425 3356 3478 sive
3389 3424 3452 3478 in
3485 3425 3682 3478 stellis
3716 3425 3805 3478 vel
3832 3425 3936 3477 lana

2235 3519 2323 3573 vel
2337 3519 2473 3582 sole,
2492 3517 2748 3572 claritate
2772 3522 2828 3571 et
2843 3517 3200 3587 jucunditate
3223 3514 3492 3569 delectati
3507 3515 3815 3578 homines,
3836 3528 3928 3567 ea:

2187 3607 2196 3616 ’
2237 3608 2307 3661 ab
2333 3607 2440 3661 ista
2469 3607 2666 3660 laetitia
2695 3606 2866 3660 nullis
2897 3605 3192 3672 molestiis,
3235 3605 3391 3658 nulla
3423 3604 3772 3675 indigentia
3811 3620 3934 3656 rev-3’

2237 3701 2457 3762 cantur,
2498 3695 2649 3749 beati
2695 3695 2804 3749 sibi
2849 3694 3138 3761 videntur,
3187 3698 3243 3746 et
3281 3698 3526 3764 propter
3569 3694 3705 3746 haec
3749 3706 3932 3762 semper

2235 3786 2433 3839 volunt
2458 3784 2646 3838 vivere
2673 3801 2686 3838 :
2735 3789 2789 3838 et
2838 3799 2938 3837 nos
2969 3783 3028 3837 in
3060 3783 3184 3837 luce
3216 3782 3475 3837 veritatis
3511 3782 3762 3837 beatam
3793 3784 3926 3835 τω

2237 3874 2511 3928 collocare
2539 3876 2696 3926 metu
2721 3873 2870 3926 imus
2887 3873 2917 3925 ?

2309 3964 2548 4018 36.1mo
2583 3977 2714 4032 vero
2763 3960 3039 4032 quoniam
3093 3960 3152 4013 in
3197 3959 3437 4014 veritate
3487 3959 3863 4030 cognoscitur

2236 4055 2466 4106 tenetur
2493 4066 2786 4105 summum
2808 4051 3046 4115 bonum,
3077 4065 3258 4120 eaque
3285 4047 3496 4102 veritas
3528 4048 3828 4118 sapientia
3850 4059 3922 4099 est.

2237 4154 2536 4193 cernamus
2558 4139 2616 4192 in
2640 4155 2726 4202 ea,
2747 4142 3159 4208 teneamusque
3183 4151 3477 4190 summum
3500 4136 3761 4203 bonum,
3786 4149 3927 4205 eoque

2237 4227 2623 4296 perfruamur.
2684 4227 2884 4291 Beatus
2922 4229 3005 4278 est
3060 4225 3272 4296 quippe
3319 4223 3419 4296 qui
3462 4223 3692 4278 fruitur
3741 4238 3927 4278 summ;

2237 4315 2416 4371 bono.
2458 4317 2586 4369 Haec
2625 4314 2780 4369 enim
2826 4315 3033 4368 veritas
3072 4313 3323 4368 ostendit
3361 4311 3567 4366 omnia
3611 4313 3792 4380 bona,
3835 4327 3926 4384 que

2235 4419 2370 4458 vera
2401 4406 2552 4471 sunt,
2587 4420 2716 4475 quae
2743 4402 2853 4457 sibi
2876 4418 2982 4472 pro
3008 4418 3110 4456 suo
3142 4405 3310 4470 captu
3334 4401 3756 4471 intelligentes
3784 4399 3928 4456 hone-

2237 4508 2356 4558 nes,
2388 4492 2476 4546 vel
2525 4492 2771 4562 singula,
2806 4492 2893 4545 vel
2923 4491 3088 4562 plura
3124 4491 3367 4562 eligunt,
3399 4489 3627 4560 quibus
3661 4491 3920 4545 fruantur.

2235 4579 2341 4634 Sed
2371 4578 2855 4650 quemadmodum
2885 4577 2968 4631 illi
2998 4577 3097 4648 qui
3127 4577 3187 4631 in
3212 4578 3333 4630 luce
3367 4575 3506 4629 solis
3535 4577 3784 4648 eligunt
3811 4575 3924 4648 quoi

2235 4669 2479 4723 libenter
2499 4667 2794 4738 aspiciant,
2816 4671 2871 4720 et
2887 4682 2955 4720 eo
2979 4670 3208 4737 aspectu
3223 4664 3603 4719 laetiﬁcantur
3625 4683 3640 4725 :
3669 4666 3735 4720 in
3757 4666 3922 4738 quibi:

2237 4759 2282 4812 si
2303 4757 2399 4829 qui
2425 4758 2570 4812 forte
2600 4756 2814 4810 fuerint
2832 4755 3216 4827 vegetioribus
3237 4755 3508 4823 sanisque
3533 4759 3598 4808 et
3626 4755 3919 4810 fortissimis

2234 4845 2410 4901 oculis
2441 4845 2689 4916 praediti,
2720 4844 2866 4898 nihil
2888 4843 3157 4898 libentius
3183 4859 3354 4914 quam
3379 4841 3579 4912 ipsum
3608 4844 3808 4898 solem
3835 4858 3919 4896 Cet-

2233 4937 2488 4998 tuentur,
2521 4933 2620 5005 qui
2670 4933 2839 4987 etiam
2889 4937 3094 4987 caetera
3133 4931 3339 5002 quibus
3391 4929 3765 4986 inﬁrmiores
3815 4931 3920 4985 ore-

2235 5023 2604 5089 delectantur,
2634 5021 2882 5076 illustrat
2908 5039 2921 5076 :
2953 5021 3032 5075 sic
3059 5021 3223 5074 fortis
3249 5019 3397 5073 acies
3421 5020 3650 5073 mentis
3684 5028 3745 5074 et
3771 5033 3919 5091 vage:

2232 5128 2364 5167 cum
2395 5112 2570 5166 multa
2602 5127 2735 5164 vera
2757 5115 2814 5165 et
2844 5108 3338 5164 incommutabilia
3363 5113 3523 5162 certa
3552 5109 3796 5165 ratione
3825 5123 3919 5163 cor-

2234 5201 2496 5272 spexerit,
2547 5199 2743 5272 dirigit
2791 5216 2850 5254 se
2898 5199 2956 5254 in
2997 5199 3181 5270 ipsam
3228 5197 3558 5263 veritatem,
3599 5215 3722 5270 qua
3759 5201 3922 5254 cuncti

2231 5292 2644 5353 monstrantur,
2684 5286 2850 5358 eique
2900 5286 3187 5342 inhaerens
3233 5291 3534 5356 tamquam
3589 5288 3922 5342 obliviscitur

2232 5381 2455 5444 caetera,
2504 5381 2563 5432 et
2604 5376 2665 5430 in
2712 5376 2812 5431 illa
2859 5376 3028 5430 simul
3067 5374 3333 5430 omnibus
3372 5372 3617 5429 fruitur.
3659 5375 3923 5447 Quidqui:

2233 5500 2389 5618 Loivln
2401 5499 2841 5612 .jacitizptin
2864 5512 3010 5559 rosa,
3025 5501 3077 5551 et
3095 5497 3220 5549 aliis
3235 5496 3487 5557 ﬂoribus.
3514 5499 3603 5548 Er.
3629 5499 3808 5563 Lugd.
3827 5499 3924 5546 Ven.
