4008 6184
70 295 189 347 1261

65 414 215 469 enim
238 411 556 483 jucundum
582 414 669 465 est
698 410 760 465 in
784 410 1002 466 caeteris
1029 410 1199 479 veris,
1228 411 1351 482 ipsa
1380 410 1582 483 utique
1611 410 1754 466 veri—

64 507 175 556 tate
199 501 513 572 jucundum
548 503 650 553 est.

137 594 220 645 37.
275 592 402 643 Haec
454 593 540 643 est
594 588 827 643 libertas
876 592 1091 655 nostra,
1125 605 1254 643 cum
1306 587 1403 642 isti
1458 588 1755 643 subdimur

66 674 286 730 veritati
331 690 344 727 :
389 677 447 727 et
496 672 616 742 ipse
666 675 750 726 est
798 673 943 725 Deus
989 674 1183 725 noster
1222 670 1321 741 qui
1352 687 1452 725 nos
1494 671 1757 725 liberata

67 768 267 829 morte,
314 762 367 816 id
410 765 495 816 est
525 778 556 815 a
585 760 910 814 conditione
937 759 1170 830 peccati.
1203 761 1331 830 Ipsa
1360 759 1513 813 enim
1540 758 1757 813 Veritas

69 854 236 907 etiam
278 852 450 905 homo
480 866 609 905 cum
640 849 972 903 hominibus
1002 850 1259 919 loquens,
1292 847 1371 903 ait
1398 846 1759 903 credentibus

70 942 178 996 sibi
203 959 215 996 :
248 942 308 997 Si
334 941 645 993 manseritis
664 940 723 991 in
742 937 898 991 verbo
919 953 1175 1003 meo,rere
1194 937 1455 1006 discipuli
1477 938 1582 990 mei
1609 938 1757 1001 estis,

70 1038 121 1085 et
155 1030 469 1098 cognoscetis
513 1030 813 1089 veritatem,
855 1030 906 1080 et
932 1028 1132 1081 veritas
1172 1026 1423 1080 liberabit
1451 1040 1542 1080 vos
1585 1025 1757 1095 (Joan.

71 1138 191 1186 vin,
224 1121 308 1184 31,
343 1119 455 1186 32).
490 1115 656 1170 Nulla
686 1115 840 1169 enim
874 1130 935 1169 re
968 1113 1177 1169 fruitur
1218 1114 1411 1169 anima
1436 1130 1567 1168 cum
1594 1113 1759 1167 liber-

72 1213 208 1275 tate,
241 1205 347 1261 nisi
376 1221 489 1277 qua
514 1203 726 1259 fruitur
754 1219 889 1258 cum
914 1202 1234 1258 securitate.

146 1334 363 1390 CAPUT
393 1331 522 1385 XIV.
557 1360 624 1368 —
659 1331 872 1384 Veritas
895 1328 1209 1399 possidetur
1236 1343 1356 1382 cum
1384 1330 1690 1382 securitate.

148 1443 319 1495 Nemo
363 1440 554 1492 autem
605 1451 836 1489 securus
880 1438 964 1488 est
1009 1433 1067 1487 in
1099 1433 1170 1486 iis
1206 1432 1369 1486 bonis
1412 1448 1548 1502 qua:
1576 1434 1765 1501 potest

73 1530 280 1584 invitus
328 1526 609 1579 amittere.
659 1523 963 1577 Veritatem
994 1526 1185 1575 autem
1229 1524 1398 1590 atque
1425 1518 1765 1589 sapientiam

72 1634 245 1673 nemo
276 1614 484 1669 amittit
511 1612 725 1666 invitus
755 1632 767 1666 :
804 1626 921 1664 non
952 1610 1106 1663 enim
1147 1608 1278 1662 locis
1311 1606 1563 1677 separari
1598 1606 1669 1659 ab
1699 1622 1766 1660 ea

72 1708 377 1779 quisquam
406 1704 622 1773 potest;
655 1700 751 1753 sed
783 1714 846 1751 ea
869 1714 998 1768 quae
1028 1696 1233 1751 dicitur
1264 1714 1297 1750 a
1328 1696 1562 1755 veritate
1594 1700 1767 1765 atque

72 1793 356 1865 sapientia
390 1787 696 1859 separatio,
744 1801 1012 1856 perversa
1055 1785 1314 1838 voluntas
1345 1788 1447 1851 est,
1479 1799 1591 1854 qua
1622 1782 1766 1836 infe-

72 1885 229 1937 riora
243 1880 576 1950 diliguntur.
612 1877 789 1929 Nemo
819 1878 1009 1927 autem
1040 1873 1161 1925 vult
1190 1871 1407 1941 aliquid
1438 1871 1769 1924 nolens.Ha-

74 1975 277 2027 bemus
332 1968 510 2038 igitur
565 1981 680 2035 qua
736 1964 995 2017 fruamur
1038 1976 1234 2014 omnes
1263 1959 1562 2030 aequaliter
1600 1964 1768 2029 atque

75 2056 463 2115 communiter
513 2070 525 2107 :
558 2053 733 2106 nullae
765 2054 899 2104 sunt
938 2048 1235 2119 angustiae,
1267 2048 1458 2100 nullus
1482 2047 1543 2100 in
1574 2062 1640 2099 ea
1670 2047 1768 2099 de-

78 2150 279 2203 fectus.
313 2145 521 2199 Omnes
551 2144 832 2195 amatores
869 2154 1000 2190 suos
1024 2137 1183 2189 nullo
1213 2136 1381 2189 modo
1410 2135 1517 2188 sibi
1546 2134 1770 2187 invidos

76 2236 304 2307 recipit,
353 2238 407 2287 et
453 2229 721 2285 omnibus
764 2224 1086 2281 communis
1126 2229 1227 2287 est,
1270 2227 1325 2278 et
1355 2222 1591 2293 singulis
1621 2227 1774 2277 casta

78 2329 187 2379 est.
238 2324 413 2377 Nemo
454 2317 625 2372 alicui
650 2316 787 2371 dicit
818 2332 831 2369 :
866 2315 1108 2381 Recede,
1159 2318 1221 2367 ut
1263 2312 1434 2367 etiam
1478 2327 1583 2382 ego
1615 2326 1770 2364 acce-

78 2414 252 2477 dam;
323 2422 554 2462 remove
624 2420 849 2469 manus,
915 2407 981 2455 ut
1043 2400 1215 2455 etiam
1280 2416 1384 2470 ego
1440 2400 1770 2469 amplectar.

83 2503 298 2555 Omnes
344 2496 642 2558 inhaerent,
689 2492 939 2563 idipsum
988 2505 1185 2543 omnes
1233 2486 1557 2558 tangunt‘.
1605 2487 1775 2541 Cibus

82 2590 211 2660 ejus
240 2586 396 2641 nulla
440 2600 509 2638 ex
545 2584 706 2653 parte
764 2577 1139 2650 discerpitur;
1188 2576 1331 2631 nihil
1380 2576 1447 2630 de
1477 2575 1603 2645 ipsa
1627 2572 1777 2627 bibis

83 2677 244 2751 quod
264 2691 366 2746 ego
396 2688 515 2728 non
542 2670 774 2743 possim.
803 2670 926 2722 Non
950 2667 1106 2721 enim
1127 2666 1195 2721 ab
1223 2666 1346 2735 ejus
1371 2662 1776 2718 communione

84 2769 153 2821 in
182 2765 463 2837 privatum
491 2766 655 2815 tuum
684 2763 873 2813 mutas
904 2756 1147 2827 aliquid;
1179 2755 1277 2809 sed
1310 2754 1461 2825 quod
1491 2756 1554 2806 tu
1579 2751 1648 2805 de
1680 2750 1781 2804 illa

79 2855 262 2925 capis,
292 2857 348 2907 et
387 2850 527 2906 mihi
557 2850 751 2903 manet
777 2846 1086 2916 integrum.
1119 2843 1277 2905 Ouod
1308 2846 1362 2895 te
1392 2840 1635 2910 inspirat
1664 2854 1779 2892 non

82 2946 349 3015 exspecto
378 2945 444 2994 ut
471 2938 743 2993 reddatur
769 2936 865 2989 abs
895 2940 970 3001 te,
1000 2938 1056 2986 et
1075 2931 1153 2985 sic
1182 2947 1286 3002 ego
1307 2928 1554 3000 inspirer
1579 2944 1645 2981 ex
1673 2942 1738 2980 eo
1764 2942 1775 2979 :

81 3049 207 3089 non
236 3030 387 3085 enim
417 3026 634 3099 aliquid
664 3026 786 3096 ejus
816 3023 1125 3093 aliquando
1155 3022 1219 3074 tit
1247 3020 1586 3089 cujusquam
1614 3004 1782 3069 unius

86 3128 194 3177 aut
237 3116 619 3191 quorumdam
659 3112 982 3185 preprium,
1036 3109 1133 3164 sed
1164 3108 1336 3162 simul
1371 3104 1637 3159 omnibus
1666 3107 1784 3156 tota

87 3215 183 3267 est
210 3205 547 3263 communis.

169 3302 253 3354 38.
278 3297 460 3351 Minus
480 3309 616 3363 ergo
642 3308 709 3346 ea
736 3307 863 3362 quae
887 3285 1292 3358 tangimus,vel
1313 3300 1441 3353 quae
1469 3285 1783 3353 gustamus,

88 3386 185 3439 vel
242 3400 367 3455 quae
413 3380 729 3448 olfacimus,
778 3378 911 3432 huic
961 3380 1095 3429 sunt
1138 3372 1363 3427 veritati
1410 3370 1638 3437 similia,
1689 3368 1785 3422 sed

90 3471 282 3542 magis
328 3486 394 3524 ea
432 3484 561 3539 qua:
600 3465 865 3520 audimus
914 3467 969 3517 et
997 3460 1284 3516 cernimus
1315 3475 1329 3512 :
1374 3458 1508 3529 quia
1538 3461 1594 3510 et
1618 3471 1787 3509 omne

90 3562 337 3617 verbum
366 3576 398 3613 a
427 3558 635 3629 quibus
651 3555 898 3619 auditur,
925 3556 1109 3607 totum
1140 3549 1372 3604 auditur
1400 3549 1471 3601 ab
1500 3545 1786 3609 omnibus,

95 3656 158 3706 et
187 3650 356 3703 simul
384 3665 417 3702 a
437 3645 675 3717 singulis
701 3648 919 3707 totum;
947 3645 1002 3694 et
1021 3639 1233 3711 species
1254 3636 1441 3690 omnis
1465 3651 1594 3705 quae
1614 3632 1791 3687 oculis

98 3741 341 3810 adjacet,
372 3742 585 3809 quanta
612 3734 834 3788 videtur
856 3731 924 3784 ab
946 3746 1083 3795 uno,
1108 3732 1266 3781 tanta
1292 3730 1348 3779 et
1372 3725 1442 3778 ab
1467 3723 1578 3777 alio
1600 3722 1788 3776 simul.

98 3829 213 3884 Sed
254 3826 499 3880 multum
537 3824 708 3891 longo
748 3818 1042 3874 intervallo
1075 3819 1206 3870 sunt
1235 3814 1345 3868 ista
1382 3811 1592 3866 similia
1637 3826 1649 3863 :
1693 3825 1797 3863 nec

97 3922 224 3974 tota
250 3915 403 3970 enim
432 3912 602 3967 simul
631 3914 796 3964 sonat
824 3907 1093 3978 quaelibet
1112 3921 1240 3971 vox,
1264 3902 1399 3974 quia
1416 3918 1520 3978 per
1537 3906 1799 3970 tempora

97 4005 361 4061 tenditur
388 4007 446 4057 et
472 3998 822 4072 producitur,
857 4001 915 4050 et
941 3995 1094 4049 aliud
1115 3995 1238 4065 ejus
1267 3991 1426 4061 prius
1455 3986 1799 4057 sonat,aliud

100 4092 423 4168 posterius;
458 4095 514 4144 et
541 4088 754 4160 species
786 4084 973 4139 omnis
1002 4082 1239 4136 visibilis
1263 4085 1540 4149 tanquam
1558 4079 1801 4131 intume-

102 4163 213 4238 scit
250 4196 352 4252 per
402 4180 579 4243 locos,
620 4191 726 4230 nec
755 4173 968 4244 ubique
1010 4175 1130 4225 tota
1171 4172 1271 4222 est.
1320 4169 1385 4221 Et
1426 4170 1577 4219 certe
1608 4163 1803 4218 omnia

103 4273 234 4325 haec
262 4268 599 4323 auferuntur
617 4263 899 4327 invito,~et
919 4256 1226 4330 quominus
1255 4254 1336 4308 eis
1355 4252 1468 4307 frui
1493 4252 1799 4322 possimus,

105 4358 454 4431 quibusdam
475 4353 825 4424 impedimur
841 4346 1137 4419 angustiis.
1163 4346 1305 4398 Nam
1326 4348 1382 4397 et
1400 4342 1448 4396 si
1474 4344 1667 4411 posset
1683 4354 1803 4394 esse

106 4429 456 4517 cujusquam
480 4442 665 4497 suavis
696 4443 893 4495 cantus
923 4434 1386 4506 sempiternus,et
1414 4429 1654 4484 studiosi
1684 4429 1807 4499 ejus

107 4535 376 4593 certatim
396 4534 465 4588 ad
488 4549 617 4587 eum
645 4528 996 4585 audiendum
1011 4522 1646 4588 venirent,coarctarent
1665 4533 1805 4583 sese,

109 4632 291 4696 atque
321 4624 647 4695 pugnarent
689 4620 758 4674 de
798 4615 957 4683 locis,
1009 4616 1223 4684 quanto
1265 4610 1459 4681 plures
1504 4610 1713 4674 essent,
1744 4609 1810 4660 ut

106 4694 369 4772 cantanti
399 4714 545 4765 esset
564 4708 803 4781 quisque
831 4701 1296 4776 prepinquior,et
1323 4697 1382 4751 in
1412 4696 1697 4750 audiendo
1720 4694 1809 4748 ni-

111 4805 200 4860 hil
235 4804 497 4856 tenerent
541 4811 773 4852 manere
803 4808 1015 4857 secum,
1047 4790 1142 4843 sed
1172 4786 1439 4842 omnibus
1467 4784 1698 4839 vocibus
1721 4784 1810 4837 fu-

110 4890 410 4965 gientibus
456 4888 847 4957 tangerentur.
892 4880 1080 4935 Solem
1110 4880 1303 4931 autem
1332 4874 1501 4929 istum
1535 4874 1582 4927 si
1607 4873 1813 4927 vellem

106 4961 353 5046 intueri,
400 4981 569 5048 atque
618 4974 675 5029 id
725 4968 1093 5044 pertinaciter
1138 4980 1392 5036 possem;
1438 4967 1495 5015 et
1524 4961 1584 5015 in
1613 4976 1815 5014 occasu

114 5085 221 5125 me
254 5052 561 5132 desereret,
613 5067 670 5117 et
718 5059 1111 5115 subvelaretur
1139 5052 1357 5117 nubilo,
1384 5054 1440 5105 et
1468 5049 1663 5104 multis
1692 5048 1816 5102 aliis

109 5155 431 5214 obstaculis
446 5154 793 5223 voluptatem
830 5144 1059 5201 videndi
1081 5158 1212 5198 eum
1236 5140 1445 5194 invitus
1471 5138 1813 5191 amitterem.

106 5250 415 5304 Postremo
466 5243 636 5297 etiam
690 5240 735 5293 si
784 5238 1005 5293 adesset
1046 5247 1271 5303 semper
1299 5227 1561 5294 suavitas,
1593 5229 1650 5280 et
1676 5224 1817 5279 lucis

110 5334 365 5400 videnti,
401 5336 456 5387 et
482 5331 635 5386 vocis
656 5325 931 5391 audienti,
955 5323 1090 5395 quid
1110 5333 1381 5391 magnum
1413 5316 1481 5370 ad
1512 5330 1604 5369 me
1632 5329 1821 5384 perve-

110 5425 300 5490 niret,
324 5437 454 5477 cum
485 5418 628 5473 mihi
668 5419 815 5472 esset
842 5426 1146 5467 commune
1172 5423 1303 5463 cum
1334 5402 1576 5459 belluis?
1604 5404 1679 5455 At
1724 5400 1823 5454 illa

193 5556 206 5584 ‘
244 5554 403 5613 Editi,
428 5556 605 5617 ipsam
629 5560 808 5601 omnes
836 5546 1076 5607 tangunt.
1106 5542 1173 5593 At
1196 5541 1342 5597 Mss.,
1371 5536 1614 5600 idipsum.

1465 288 1679 345 LIBER
1730 285 2115 345 SECUNDUS.

3419 290 3556 343 1262

1863 407 2117 464 veritatis
2162 411 2219 463 et
2267 406 2563 478 sapientiae
2592 407 2977 478 pulchritudo,
3001 411 3228 463 tantum
3254 409 3399 465 adsit
3425 426 3556 481 per-

1864 514 2126 553 severans
2146 498 2405 551 voluntas
2425 496 2673 563 fruendi,
2691 513 2796 551 nec
2815 497 3181 551 multitudine
3205 498 3557 552 audientium

1864 587 2185 656 constipata
2210 584 2452 641 secludit
2480 585 2791 651 venientes,
2826 602 2929 638 nec
2956 586 3253 656 peragitur
3280 592 3560 658 tempore,

1865 691 1970 730 nec
2000 676 2210 745 migrat
2236 673 2393 740 locis,
2449 690 2552 727 nec
2595 677 2761 727 nocte
2800 673 3181 744 intercipitur,
3225 691 3329 729 nec
3357 676 3562 730 umbra

1864 761 2289 829 intercluditur,
2326 776 2429 813 nec
2467 760 2729 814 sensibus
2753 760 3007 829 corporis
3029 760 3300 831 subjacet.
3335 763 3413 815 De
3443 765 3559 816 toto

1867 850 2084 905 mundo
2125 849 2195 903 ad
2238 865 2296 902 se
2344 848 2627 902 conversis
2672 847 2771 919 qui
2813 848 3063 918 diligunt
3104 864 3250 915 eam,
3294 849 3560 904 omnibus

1867 938 2130 1009 proxima
2187 942 2291 1005 est,
2348 936 2613 991 omnibus
2659 936 3035 1007 sempiterna;
3080 938 3236 991 nullo
3273 938 3396 991 loco
3454 942 3558 1004 est,

1868 1043 2155 1099 nusquam
2186 1027 2373 1093 deest;
2406 1025 2541 1079 foris
2564 1025 2855 1092 admonet,
2877 1025 3030 1079 intus
3051 1024 3211 1079 docet
3230 1046 3245 1093 ;
3266 1029 3562 1080 cernentes

1870 1132 1929 1170 se
1972 1118 2285 1169 commutat
2330 1130 2526 1167 omnes
2566 1113 2627 1166 in
2675 1112 2901 1179 melius,
2950 1130 2984 1166 a
3028 1114 3187 1167 nullo
3215 1114 3277 1167 in
3315 1114 3564 1168 deterius

1870 1207 2296 1268 commutatur;
2337 1202 2528 1255 nullus
2580 1201 2648 1255 de
2690 1201 2788 1254 illa
2814 1201 3051 1270 judicat,
3090 1202 3285 1256 nullus
3314 1202 3434 1256 sine
3466 1203 3565 1256 illa

1864 1292 2081 1364 judicat
2110 1292 2274 1345 bene.
2312 1291 2392 1343 Ac
2420 1305 2523 1359 per
2551 1290 2658 1342 hoc
2698 1305 2825 1343 eam
2855 1289 3220 1343 manifestum
3247 1294 3329 1343 est
3356 1291 3563 1344 menti-

1871 1380 1977 1434 bus
2006 1379 2235 1441 nostris,
2269 1395 2396 1448 quae
2426 1378 2495 1431 ab
2529 1377 2651 1447 ipsa
2670 1393 2784 1429 una
2815 1377 2964 1431 fiunt
2992 1377 3229 1447 singulae
3259 1380 3562 1448 sapientes,

1873 1471 1931 1522 et
1956 1483 2073 1521 non
2092 1467 2162 1521 de
2191 1466 2333 1537 ipsa,
2369 1465 2462 1519 sed
2502 1481 2604 1534 per
2631 1464 2814 1535 ipsam
2846 1465 2914 1518 de
2939 1466 3155 1519 caeteris
3179 1466 3419 1535 judices,
3444 1467 3566 1520 sine

1875 1554 2229 1610 dubitatione
2260 1571 2380 1608 esse
2411 1553 2715 1624 potiorem.

1876 1644 2098 1698 CAPUT
2132 1644 2242 1697 XV.
2273 1671 2342 1683 —
2362 1644 2525 1695 Deum
2554 1655 2664 1694 esse
2688 1656 2754 1693 ea;
2774 1643 2981 1694 ratione
3001 1642 3124 1706 fuse
3152 1642 3425 1710 empticata
3448 1643 3569 1711 jam

2470 1735 2610 1783 certo
2631 1732 2985 1797 cognoscitur.

1949 1823 2042 1875 39.
2098 1821 2181 1873 Tu
2234 1822 2425 1873 autem
2456 1834 2831 1884 concesseras,
2872 1818 2921 1871 si
2963 1818 3101 1889 quid
3140 1834 3309 1888 supra
3347 1823 3570 1873 mentes

1876 1913 2101 1964 nostras
2129 1924 2248 1961 esse
2280 1910 2683 1975 monstrarem,
2708 1908 2888 1960 Deum
2918 1912 2974 1960 te
3005 1923 3125 1960 esse
3153 1907 3567 1974 confessurum,

1879 1998 1927 2051 si
1940 1998 2125 2051 adhuc
2146 1995 2285 2049 nihil
2310 2000 2454 2049 esset
2468 1993 2746 2065 superius.
2772 1994 2953 2058 Quam
2971 1998 3127 2048 tuam
3150 1996 3570 2049 concessionem

1881 2085 2161 2156 accipiens
2205 2084 2459 2138 dixeram
2502 2083 2634 2136 satis
2664 2099 2807 2151 esse,
2848 2086 2910 2135 ut
2949 2083 3056 2136 hoc
3099 2083 3570 2138 demonstrarem.

1880 2175 1939 2230 Si
1964 2174 2118 2252 enim
2145 2172 2361 2243 aliquid
2392 2175 2476 2226 est
2504 2169 2889 2236 excellentius,
2920 2171 3015 2224 ille
3044 2172 3233 2241 potius
3262 2173 3412 2226 Deus
3440 2177 3525 2226 est
3557 2189 3570 2225 :

1883 2263 1929 2317 si
1960 2268 2151 2316 autem
2181 2278 2300 2315 non
2332 2264 2436 2327 est,
2458 2261 2580 2331 jam
2606 2260 2730 2331 ipsa
2758 2260 2965 2314 veritas
2985 2262 3132 2314 Deus
3152 2265 3257 2316 est.
3292 2262 3418 2315 Sive
3436 2277 3573 2331 ergo

1884 2351 2026 2406 illud
2057 2351 2148 2417 sit,
2180 2350 2295 2403 sive
2326 2365 2444 2403 non
2487 2349 2579 2415 sit,
2615 2350 2793 2401 Deum
2821 2352 3015 2401 tamen
3047 2364 3189 2414 esse,
3220 2364 3431 2419 negare
3460 2365 3577 2403 non

1883 2439 2097 2511 poteris
2121 2456 2134 2493 :
2159 2456 2286 2510 quae
2308 2436 2474 2491 nobis
2500 2440 2621 2490 erat
2639 2436 2707 2489 ad
2730 2436 3125 2490 disserendum
3147 2441 3204 2491 et
3218 2438 3578 2491 tractandum

1887 2528 2126 2599 quazstio
2175 2526 2500 2580 constituta.
2552 2526 2693 2578 Nam
2735 2524 2781 2576 si
2812 2529 2865 2577 te
2895 2525 3000 2578 hoc
3031 2529 3221 2579 movet
3245 2526 3398 2596 quod
3426 2526 3580 2596 apud

1888 2617 2302 2670 sacrosanctam
2333 2610 2690 2682 disciplinam
2715 2610 2921 2665 Christi
2950 2611 3010 2663 in
3039 2612 3213 2665 fidem
3237 2612 3579 2682 recepimus,

1889 2721 2009 2758 esse
2051 2705 2275 2757 Patrem
2323 2699 2658 2770 Sapientiae;
2710 2703 2999 2753 memento
3048 2715 3154 2753 nos
3183 2700 3357 2754 etiam
3386 2701 3491 2754 hoc
3520 2701 3581 2754 in

1889 2792 2063 2847 ﬁdem
2096 2787 2396 2858 accepisse,
2435 2786 2586 2857 quod
2628 2790 2843 2839 aeterno
2889 2786 3039 2839 Patri
3082 2786 3151 2840 sit
3189 2787 3424 2856 mqualis
3453 2804 3581 2857 quae

1889 2880 1959 2933 ab
2004 2880 2126 2949 ipso
2167 2874 2357 2947 genita
2409 2879 2492 2928 est
2531 2873 2843 2943 Sapientia.
2884 2873 3041 2928 Unde
3069 2890 3221 2928 nunc
3250 2874 3395 2927 nihil
3426 2891 3582 2944 quaa-

1890 2966 2131 3020 rendum
2190 2966 2294 3030 est,
2349 2962 2445 3015 sed
2494 2960 2831 3014 inconcussa
2890 2960 3001 3015 ﬁde
3050 2960 3435 3015 retinendum.
3496 2962 3588 3015 Est

1892 3054 2047 3109 enim
2080 3053 2247 3119 Deus,
2284 3053 2339 3104 et
2362 3066 2493 3103 vere
2521 3064 2858 3118 summeque
2890 3053 2994 3103 est.
3027 3049 3189 3112 Quod
3211 3049 3333 3119 jam
3363 3063 3479 3102 non
3508 3065 3588 3103 so.

1892 3143 2010 3197 lum
2042 3139 2448 3207 indubitatum,
2480 3142 2761 3209 quantum
2792 3136 3061 3200 arbitror,
3093 3136 3207 3192 ﬁde
3250 3136 3584 3203 retinemus,

1893 3232 1989 3285 sed
2046 3229 2219 3283 etiam
2269 3232 2435 3289 certa,
2484 3225 2744 3297 quamvis
2786 3226 2970 3279 adhuc
3012 3224 3366 3293 tenuissima,
3407 3227 3589 3280 forma

1895 3317 2237 3390 cognitionis
2258 3315 2623 3385 attingimus;
2645 3314 2799 3384 quod
2824 3314 3126 3386 quaastioni
3166 3319 3440 3384 susceptas
3472 3314 3590 3369 suf-

1897 3407 2035 3472 ficit,
2075 3410 2140 3460 ut
2168 3410 2373 3460 caetera
2400 3421 2529 3475 qua:
2561 3404 2629 3457 ad
2656 3419 2776 3457 rem
2806 3403 3114 3473 pertinent,
3147 3403 3427 3473 explicare
3455 3418 3590 3473 pos-

1899 3496 2077 3549 simus
2127 3511 2141 3547 :
2189 3493 2297 3547 nisi
2326 3493 2465 3563 quid
2492 3492 2667 3547 habes
2695 3492 2963 3545 adversus
2991 3491 3099 3544 ista
3126 3491 3280 3561 quod
3310 3507 3587 3560 opponas.

1899 3586 1975 3639 E.
2010 3585 2124 3654 Ego
2156 3598 2288 3635 vero
2335 3580 2650 3634 incredibili
2685 3579 2940 3641 omnino,
2972 3583 3027 3632 et
3068 3594 3243 3648 quam
3271 3578 3376 3632 tibi
3407 3579 3592 3633 verbis

1902 3671 2185 3741 explicare
2225 3686 2339 3724 non
2382 3684 2634 3739 possum,
2685 3667 2883 3721 latitia
2909 3666 3172 3737 perfusus
3218 3666 3433 3737 accipio
3461 3666 3592 3733 ista,

1903 3765 1957 3816 et
1979 3761 2162 3815 clamo
2192 3775 2311 3813 esse
2342 3757 2673 3812 certissima.
2700 3757 2892 3811 Clamo
2914 3759 3104 3809 autem
3133 3772 3269 3810 voce
3297 3755 3593 3823 interiore,

1904 3866 2019 3921 qua
2047 3847 2303 3902 exaudiri
2333 3846 2499 3917 cupio
2533 3846 2601 3899 ab
2632 3845 2754 3915 ipsa
2782 3843 3037 3911 veritate,
3069 3848 3127 3899 et
3153 3842 3547 3898 illiinhaarere
3582 3859 3595 3895 :

1906 3938 2059 4010 quod
2087 3953 2205 3991 non
2229 3936 2416 3990 solum
2444 3935 2681 4000 bonum,
2714 3933 2813 3987 sed
2839 3932 3011 3987 etiam
3040 3948 3331 3987 summum
3356 3932 3597 3997 bonum,

1907 4032 1964 4082 et
1988 4026 2314 4081 beatiﬁcum
2335 4039 2455 4078 esse
2483 4023 2752 4076 concedo.

1978 4117 2066 4168 40.
2124 4116 2203 4168 Α.
2266 4115 2437 4167 Recte
2492 4128 2657 4177 sane;
2717 4109 2891 4164 etiam
2943 4125 3049 4179 ego
3096 4108 3413 4178 plurimum
3464 4122 3601 4177 gau-

1910 4204 2037 4258 deo.
2109 4202 2237 4267 Sed,
2305 4215 2498 4271 quaaso
2563 4203 2640 4260 te,
2702 4197 2985 4268 numquid
3028 4197 3147 4267 jam
3205 4196 3487 4266 sapientes
3545 4199 3602 4249 et

1911 4290 2065 4345 beati
2094 4290 2327 4343 sumus?
2356 4303 2430 4341 an
2455 4286 2639 4340 adhuc
2674 4286 2960 4340 tendimus
2990 4301 3077 4350 eo,
3110 4288 3172 4338 ut
3199 4283 3260 4337 id
3288 4283 3454 4336 nobis
3483 4298 3603 4336 esse

1912 4374 2246 4447 proveniat?
2297 4375 2373 4429 E.
2434 4374 2510 4428 Eo
2565 4389 2669 4427 nos
2706 4373 2898 4443 potius
2935 4372 3169 4427 tendere
3214 4369 3495 4424 existimo.
3525 4371 3601 4425 A.

1918 4463 2076 4519 Unde
2107 4478 2244 4534 ergo
2276 4462 2383 4516 ista
2405 4462 2864 4533 comprehendis,
2896 4460 3103 4531 quibus
3124 4458 3271 4513 veris
3322 4458 3606 4527 certisque

1917 4551 2164 4622 gaudere
2210 4554 2266 4605 te
2315 4550 2543 4617 clamas,
2587 4554 2645 4604 et
2689 4550 2797 4603 hoc
2844 4548 2915 4601 ad
2954 4545 3289 4617 sapientiam
3316 4544 3608 4616 pertinere

1919 4638 2221 4694 concedis?
2252 4655 2327 4694 an
2356 4639 2661 4710 quisquam
2691 4622 2965 4705 insipiens
2983 4638 3175 4704 potest
3196 4649 3364 4688 nosse
3390 4633 3611 4705 sapien-

1918 4728 2096 4783 tiam?
2130 4728 2205 4781 E.
2238 4726 2524 4791 Quamdiu
2571 4723 2845 4794 insipiens
2876 4725 2973 4785 est,
3008 4737 3125 4775 non
3167 4725 3375 4792 potest.
3406 4723 3484 4777 A.
3525 4722 3609 4775 Tu

1922 4831 2059 4885 ergo
2095 4815 2217 4885 jam
2258 4813 2483 4884 sapiens
2522 4828 2601 4877 es,
2652 4814 2751 4863 aut
2783 4808 3045 4862 nondum
3072 4808 3221 4862 nosti
3249 4807 3610 4879 sapientiam.

1922 4904 1999 4957 E.
2033 4904 2158 4957 Non
2188 4918 2313 4955 sum
2343 4900 2576 4972 quidem
2607 4898 2792 4951 adhuc
2817 4896 3063 4967 sapiens,
3095 4896 3195 4950 sed
3223 4912 3327 4951 nec
3346 4895 3616 4966 insipien-

1926 4995 2044 5046 tem
2092 5007 2183 5045 me
2215 4989 2476 5056 dixerim,
2508 4987 2568 5039 in
2598 4989 2880 5056 quantum
2911 4984 3043 5038 novi
3069 4983 3436 5055 sapientiam;
3470 4998 3614 5053 quo-

1927 5079 2085 5133 niam
2135 5083 2191 5133 et
2232 5080 2385 5132 certa
2432 5079 2562 5129 sunt
2590 5074 2696 5128 ista
2737 5090 2866 5144 quae
2896 5072 3048 5140 novi,
3081 5077 3137 5127 et
3179 5073 3251 5127 ad
3281 5070 3617 5142 sapientiam

1925 5168 2239 5239 pertinere,
2291 5180 2503 5234 negare
2550 5179 2668 5217 non
2712 5178 2966 5233 possum.
3013 5162 3086 5216 A.
3137 5160 3251 5222 Dic,
3298 5175 3490 5230 quaeso
3542 5162 3617 5222 te,

1929 5272 2124 5311 nonne
2182 5253 2450 5308 fateberis
2502 5267 2635 5305 eum
2680 5251 2782 5321 qui
2826 5266 2948 5305 non
2994 5253 3077 5303 est
3107 5249 3314 5319 justus,
3345 5246 3623 5316 injustum

1932 5359 2087 5410 esse;
2120 5347 2173 5397 et
2200 5340 2299 5412 qui
2330 5357 2447 5394 non
2490 5344 2575 5393 est
2610 5339 2882 5409 prudens,
2928 5335 3352 5407 imprudentem
3390 5347 3537 5395 esse;
3570 5334 3628 5385 et

1933 5432 2037 5505 qui
2068 5447 2185 5485 non
2230 5435 2316 5484 est
2357 5434 2701 5500 temperans,
2736 5422 3252 5496 intemperantem?
3283 5437 3357 5475 an
3383 5418 3633 5474 dubitari

1938 5522 2008 5576 de
2055 5520 2145 5575 his
2189 5518 2409 5589 aliquid
2440 5519 2665 5588 potest?
2706 5517 2781 5570 E.
2824 5517 3026 5569 Fateor
3055 5510 3372 5579 hominem,
3405 5509 3633 5580 quando
