4036 6182
413 335 548 390 i263

403 456 594 527 justus
623 467 741 507 non
761 454 868 518 est,
902 449 1180 522 injustum
1208 464 1358 506 esse:
1387 448 1494 501 hoc
1520 447 1693 500 etiam
1723 447 1790 501 de
1820 446 2102 516 prudente

410 549 468 598 et
505 544 859 612 temperante
908 537 1319 608 responderim.
1363 537 1434 590 A.
1482 536 1594 590 Cur
1623 551 1758 604 ergo
1791 539 1846 588 et
1875 533 2103 605 quando

409 631 638 702 sapiens
684 645 800 683 non
846 632 949 696 est,
1003 642 1120 680 non
1155 625 1227 678 sit
1267 623 1583 693 insipiens?
1609 625 1684 677 E.
1723 625 1833 677 Hoc
1875 637 2104 694 quoque

408 721 609 785 fateor,
661 717 889 788 quando
937 714 1177 785 quisque
1223 712 1449 782 sapiens
1497 727 1614 764 non
1661 715 1766 779 est,
1821 727 1948 764 eum
1984 725 2105 764 esse

408 807 794 877 insipientem.
854 804 925 857 Α.
970 803 1128 856 Nunc
1171 816 1308 871 ergo
1360 806 1423 854 tu
1481 799 1618 870 quid
1663 801 1874 854 horum
1903 801 1999 854 es?
2026 800 2102 854 E.

409 894 722 959 Quodlibet
771 892 977 945 horum
1026 906 1119 943 me
1169 889 1438 960 appelles,
1491 889 1750 942 nondum
1782 887 1964 942 audeo
2013 903 2106 941 me

408 984 594 1038 dicere
634 979 979 1051 sapientem;
1024 981 1081 1032 et
1121 994 1184 1031 ex
1228 976 1299 1030 iis
1329 993 1458 1047 quae
1488 976 1762 1044 concessi,
1791 975 1955 1029 video
1986 991 2105 1030 esse

406 1085 760 1140 consequens
794 1071 860 1122 ut
905 1083 996 1121 me
1044 1065 1413 1137 insipientem
1444 1080 1563 1119 non
1591 1063 1850 1119 dubitem
1898 1065 2102 1119 dicere.

409 1161 480 1215 A.
535 1157 701 1212 Novit
730 1173 866 1226 ergo
898 1154 1175 1224 insipiens
1205 1153 1566 1225 sapientiam.
1599 1154 1722 1207 Non
1756 1152 1932 1219 enim,
1965 1152 2109 1206 sicut

403 1250 527 1319 jam
556 1247 771 1301 dictum
815 1249 918 1312 est,
952 1248 1138 1298 certus
1180 1248 1327 1297 esset
1354 1243 1496 1296 velle
1528 1259 1586 1296 se
1617 1259 1736 1296 esse
1767 1242 2106 1312 sapientem,

408 1338 584 1407 idque
615 1339 899 1406 oportere,
933 1331 1043 1386 nisi
1069 1332 1226 1386 notio
1253 1330 1545 1402 sapientiai
1576 1331 1754 1384 menti
1784 1331 1906 1400 ejus
1935 1331 2110 1384 inhae-

409 1428 579 1490 reret,
612 1423 757 1476 sicut
781 1437 978 1475 earum
1013 1436 1206 1473 rerum
1236 1419 1306 1474 de
1335 1420 1538 1491 quibus
1573 1419 1904 1489 singillatim
1930 1419 2107 1472 inter-

410 1516 641 1583 rogatus
672 1508 1034 1580 respondisti,
1076 1523 1204 1579 quas
1250 1508 1322 1562 ad
1352 1508 1534 1578 ipsam
1557 1507 1897 1577 sapientiam
1928 1507 2109 1578 perti-

411 1605 821 1670 nent,quarum
851 1596 1178 1667 cognitione
1207 1596 1430 1650 laetatus
1460 1612 1538 1650 es.
1571 1597 1737 1649 E.Ita
1762 1601 1848 1648 est
1862 1600 1927 1649 ut
1948 1596 2103 1650 dicis.

412 1689 636 1744 CAPUT
681 1687 812 1740 XVI.
863 1715 932 1725 ——
984 1686 1266 1754 Sapientia
1294 1685 1550 1738 studiosis
1579 1687 1667 1737 sui
1694 1684 2109 1753 inquisitoribus

482 1792 592 1831 sese
618 1777 676 1829 in
712 1777 807 1828 via
839 1773 1090 1839 ostendit,
1124 1775 1362 1828 numeris
1391 1773 1638 1827 videlicet
1676 1775 1868 1842 cuique
1897 1774 1979 1827 rei
2003 1775 2107 1826 im~

475 1867 705 1935 pressis.

480 1958 570 2008 41.
602 1954 672 2008 Α.
707 1951 851 2015 Quid
872 1950 1051 2021 igitur
1078 1949 1231 2004 aliud
1256 1949 1479 2020 agimus
1509 1965 1639 2004 cum
1665 1949 1960 2004 studemus
1990 1965 2109 2004 esse

411 2043 718 2114 sapientes,
749 2039 860 2094 nisi
897 2043 962 2093 ut
1007 2041 1221 2109 quanta
1253 2055 1558 2109 possumus
1589 2038 1899 2102 alacritate,
1950 2039 2019 2093 ad
2050 2037 2109 2092 id

412 2131 566 2203 quod
623 2134 812 2184 mente
851 2127 1258 2198 contingimus,
1317 2132 1497 2182 totam
1549 2128 1800 2182 animam
1854 2131 2109 2181 nostram

413 2217 838 2290 quodammodo
871 2215 1226 2286 colligamus,
1261 2219 1316 2270 et
1342 2232 1625 2286 ponamus
1657 2216 1758 2286 ibi,
1791 2220 1960 2287 atque
1990 2220 2108 2269 sta-

411 2309 604 2363 biliter
643 2307 979 2376 inﬁgamus;
1032 2308 1094 2357 ut
1130 2320 1247 2359 non
1284 2305 1406 2375 jam
1447 2305 1668 2375 privato
1713 2321 1816 2358 suo
1867 2305 2111 2375 gaudeat

413 2396 564 2468 quod
586 2393 899 2465 implicavit
928 2393 1098 2446 rebus
1127 2395 1577 2455 transeuntibus,
1600 2393 1697 2446 sed
1729 2397 1898 2447 exuta
1928 2392 2110 2446 omni-

413 2485 519 2538 bus
548 2488 877 2554 temporum
921 2485 981 2534 et
1016 2481 1270 2534 locorum
1302 2480 1693 2535 affectionibus
1721 2480 2112 2551 apprehendat

414 2573 472 2626 id
497 2571 648 2642 quod
670 2585 852 2625 unum
877 2572 1048 2639 atque
1069 2567 1222 2622 idem
1251 2584 1478 2638 semper
1498 2571 1621 2623 est?
1638 2568 1793 2623 Sicut
1817 2569 1971 2622 enim
1993 2573 2111 2622 tota

413 2660 532 2714 vita
570 2657 822 2728 corporis
872 2661 958 2710 est
995 2655 1208 2716 anima,
1257 2655 1338 2709 sic
1374 2657 1539 2710 beata
1564 2655 1680 2710 vita
1724 2656 1932 2710 animae
1963 2658 2111 2710 Deus

413 2751 516 2803 est.
548 2746 710 2810 Quod
739 2745 878 2799 dum
910 2745 1157 2815 agimus,
1190 2745 1369 2798 donec
1403 2761 1766 2815 peragamus,
1807 2744 1868 2798 in
1895 2745 1986 2799 via
2011 2762 2108 2798 su-

411 2850 559 2889 mus.
594 2835 660 2888 Et
685 2833 834 2904 quod
885 2831 1008 2885 istis
1034 2831 1182 2886 veris
1222 2835 1278 2885 et
1306 2832 1474 2886 certis
1504 2833 1686 2900 bonis,
1720 2834 1980 2904 quamvis
2009 2834 2107 2888 ad-

410 2924 522 2978 huc
551 2923 612 2977 in
639 2923 748 2976 hoc
775 2921 1078 2975 tenebroso
1125 2919 1330 2974 itinere
1379 2921 1826 2991 coruscantibus,
1859 2923 2108 2993 gaudere

409 3026 744 3066 concessum
788 3014 892 3079 est,
919 3009 1048 3064 vide
1077 3013 1274 3063 utrum
1301 3009 1410 3063 hoc
1443 3009 1516 3064 sit
1546 3011 1697 3081 quod
1719 3011 1995 3081 scriptum
2025 3016 2110 3066 est

409 3101 478 3154 de
504 3099 801 3170 sapientia,
845 3097 981 3169 quid
1032 3103 1164 3168 agat
1191 3114 1320 3152 cum
1353 3099 1702 3153 amatoribus
1732 3099 1847 3153 suis
1877 3117 2007 3154 cum
2037 3101 2106 3155 ad

411 3204 538 3243 eam
585 3187 844 3255 veniunt,
883 3190 940 3239 et
983 3201 1109 3240 eam
1138 3191 1405 3257 qurerunt
1439 3204 1452 3241 :
1484 3187 1694 3241 dictum
1729 3192 1812 3242 est
1839 3189 2014 3256 enim,
2043 3191 2107 3243 In

407 3279 513 3331 viis
542 3275 779 3330 ostendet
808 3289 863 3328 se
889 3275 1003 3328 illis
1033 3275 1303 3339 hilariter,
1329 3282 1378 3328 et
1405 3278 1550 3330 omni
1567 3277 1914 3345 providentia
1935 3293 2109 3332 oecur-

413 3371 496 3420 ret
514 3366 628 3420 illis
650 3365 799 3435 (Sap.
830 3379 905 3430 vr,
937 3363 1039 3432 l7).
1069 3362 1310 3434 Quoquo
1336 3364 1492 3418 enim
1509 3369 1564 3418 te
1584 3365 2105 3437 verteris,vestigiis

408 3453 770 3526 quibusdam,
818 3468 946 3522 quas
992 3451 1260 3525 operibus
1309 3452 1425 3506 suis
1482 3453 1791 3524 impressit,
1850 3456 2106 3526 loquitur

405 3541 527 3606 tibi,
576 3544 632 3594 et
679 3544 736 3594 te
776 3539 834 3592 in
867 3539 1146 3594 exteriora
1175 3540 1548 3607 relabentem,
1580 3541 1718 3612 ipsis
1748 3543 2099 3598 exteriorum

403 3629 603 3692 formis
651 3629 801 3682 intro
832 3632 1084 3695 revocat;
1117 3632 1182 3682 ut
1214 3628 1495 3700 quidquid
1525 3634 1580 3684 te
1607 3630 1852 3685 delectat
1879 3630 1940 3685 in
1975 3648 2100 3686 cor-

403 3735 565 3791 pore,
599 3722 655 3772 et
680 3734 785 3788 per
829 3733 1129 3788 corporeos
1161 3717 1327 3771 illicit
1363 3734 1582 3787 sensus,
1625 3719 1813 3773 videas
1845 3737 1963 3774 esse
1994 3738 2101 3775 nu-

403 3822 716 3872 merosum,
764 3810 822 3860 et
863 3822 1086 3876 quaeras
1116 3807 1267 3860 unde
1299 3807 1388 3872 sit,
1423 3811 1480 3860 et
1506 3807 1567 3860 in
1599 3807 1849 3877 teipsum
1879 3810 2097 3874 redeas,

403 3902 576 3967 atque
599 3895 884 3965 intelligas
914 3900 969 3948 te
994 3895 1049 3948 id
1089 3895 1243 3965 quod
1270 3894 1502 3965 attingis
1532 3897 1789 3951 sensibus
1819 3899 2096 3968 corporis,

403 3985 646 4056 probare
668 3988 767 4037 aut
795 3983 1122 4052 improbare
1144 3998 1260 4037 non
1277 3998 1466 4053 posse,
1488 3983 1600 4036 nisi
1623 3985 1775 4054 apud
1805 3989 1858 4038 te
1887 3986 2099 4041 habeas

402 4073 674 4146 quasdam
696 4070 1140 4142 pulchritudinis
1161 4072 1337 4142 leges,
1361 4072 1433 4126 ad
1463 4088 1605 4143 quas
1619 4073 1832 4128 referas
1854 4091 2097 4147 quaeque

398 4163 638 4234 pulchra
666 4159 840 4215 sentis
870 4159 1136 4215 exterius.

467 4254 558 4308 42.
613 4253 840 4305 Intuere
898 4249 1104 4305 coelum
1156 4253 1214 4303 et
1257 4251 1471 4303 terram
1521 4252 1580 4304 et
1620 4265 1801 4320 mare,
1853 4254 1908 4305 et
1937 4267 2095 4322 qum-

397 4355 643 4412 cumque
702 4339 764 4392 in
823 4337 903 4392 eis
949 4339 1036 4392 vel
1087 4337 1333 4408 desuper
1387 4337 1631 4409 fulgent,
1685 4340 1772 4393 vel
1827 4339 2095 4395 deorsum

396 4432 608 4500 repunt
651 4428 739 4482 vel
787 4427 982 4481 volant
1023 4427 1110 4480 vel
1160 4431 1388 4494 natant;
1434 4427 1650 4481 formas
1694 4427 1928 4496 habent,
1961 4429 2096 4501 quia

396 4533 666 4572 numeros
705 4515 919 4570 habent
968 4532 982 4570 :
1029 4514 1216 4570 adime
1269 4515 1384 4568 illis
1439 4515 1580 4582 haec,
1637 4515 1780 4571 nihil
1828 4523 2016 4574 erunt.
2047 4521 2095 4572 Α

395 4623 511 4678 quo
553 4622 690 4676 ergo
740 4609 894 4665 sunt,
935 4603 1047 4658 nisi
1077 4621 1111 4658 a
1139 4620 1253 4675 quo
1281 4619 1594 4673 numerus;
1626 4605 2093 4677 quandoquidem

393 4695 453 4749 in
497 4698 720 4747 tantum
748 4692 861 4747 illis
890 4697 973 4747 est
1009 4709 1150 4760 esse,
1199 4692 1260 4746 in
1290 4696 1569 4764 quantum
1600 4709 1907 4748 numerosa
1936 4697 2094 4750 esse?

396 4783 461 4837 Et
505 4781 762 4836 omnium
807 4780 1042 4852 quidem
1080 4781 1401 4835 formarum
1452 4797 1861 4852 corporearum
1905 4784 2090 4838 artifi-

392 4887 484 4927 ces
511 4869 776 4926 homines
804 4870 866 4923 in
891 4873 1010 4924 arte
1031 4870 1243 4924 habent
1267 4885 1557 4938 numeros,
1592 4870 1799 4942 quibus
1822 4877 2091 4942 coaptant

392 4976 570 5033 opera
623 4974 726 5013 sua
782 4974 796 5011 ε
847 4962 904 5012 et
951 4958 1172 5012 tamdiu
1222 4974 1426 5013 manus
1479 4963 1650 5030 atque
1707 4959 2089 5018 instrumenta

389 5048 451 5102 in
479 5046 804 5103 fabricando
834 5050 1087 5110 movent,
1123 5046 1302 5101 donec
1331 5046 1473 5102 illud
1502 5047 1657 5119 quod
1690 5047 1972 5102 formatur
2001 5050 2085 5104 fo-

386 5135 487 5205 ris,
512 5137 583 5192 ad
604 5151 732 5190 eam
753 5151 881 5207 qua:
905 5134 1058 5188 intus
1091 5139 1176 5189 est
1202 5135 1390 5190 lucem
1419 5152 1794 5192 numerorum
1817 5137 2083 5206 relatum,

389 5228 667 5298 quantum
685 5227 871 5295 potest
891 5223 1159 5293 impetret
1181 5223 1954 5297 absolutionem,placeatque
1981 5243 2086 5294 per

385 5315 760 5385 interpretem
789 5327 1018 5368 sensum
1049 5311 1275 5368 interno
1299 5313 1482 5382 judici
1508 5330 1785 5384 supernos
1813 5330 2083 5368 numeros

387 5403 652 5459 intuenti.
702 5403 901 5467 Quaere
949 5401 1157 5456 deinde
1188 5402 1416 5457 artiﬁcis
1459 5403 1639 5474 ipsius
1665 5404 1924 5457 membra
1954 5403 2081 5474 quis

384 5495 639 5560 moveat;
667 5507 940 5547 numerus
970 5490 1079 5546 erit
1108 5508 1122 5546 :
1155 5507 1290 5546 nam
1319 5496 1623 5547 moventur
1650 5492 1822 5546 etiam
1852 5492 1949 5546 illa
1978 5508 2082 5546 nu-

384 5595 622 5636 merose.
656 5582 723 5635 Et
751 5581 798 5635 si
828 5580 1090 5636 detrahas
1121 5580 1190 5636 de
1209 5580 1475 5636 manibus
1501 5597 1664 5652 opus,
1701 5584 1755 5635 et
1783 5581 1854 5637 de
1883 5580 2076 5636 animo

1503 325 1597 380 DE
1636 322 1897 379 LIBERO
1935 321 2295 389 ARBITRIO,
2339 319 2390 375 S.
2435 317 2818 376 AUGUSTINI

3783 319 3922 371 1264

2214 443 2592 498 intentionem
2639 441 2972 508 fabricandi,
3018 443 3325 512 motusque
3371 441 3469 495 ille
3517 441 3917 496 membrorum

2212 533 2280 587 ad
2312 533 2745 587 delectationem
2773 532 3073 597 referatur,
3106 529 3329 584 saltatio
3359 530 3670 585 vocabitur.
3710 532 3916 594 Quaere

2213 638 2349 691 ergo
2406 622 2546 694 quid
2600 622 2659 675 in
2711 621 3009 675 saltatione
3067 619 3336 686 delectet;
3391 620 3763 690 respondebit
3819 621 3918 673 tibi

2214 727 2484 765 numerus
2515 728 2528 765 :
2562 713 2696 765 Ecce
2723 726 2869 764 sum.
2902 709 3122 779 Inspice
3144 709 3264 779 jam
3290 709 3789 779 pulchritudinem
3809 708 3918 761 for-

2212 799 2351 854 mati
2379 799 2662 870 corporis;
2707 797 2935 853 numeri
2966 801 3235 852 tenentur
3264 798 3324 850 in
3353 797 3498 850 loco.
3531 796 3754 867 Inspice
3786 797 3916 866 pul-

2213 889 2599 956 chritudinem
2643 886 3073 942 mobilitatisin
3119 902 3383 957 corpore;
3423 885 3649 939 numeri
3681 901 3914 939 versan-

2211 980 2307 1031 tur
2334 977 2392 1030 in
2423 981 2703 1048 tempore.
2739 979 2896 1031 Intra
2937 975 3010 1029 ad
3054 979 3234 1029 artem
3264 975 3415 1029 unde
3444 974 3540 1028 isti
3571 975 3913 1048 procedunt,

2214 1082 2405 1138 quaere
2428 1066 2488 1120 in
2520 1083 2586 1120 ea
2604 1069 2830 1136 tempus
2851 1068 2906 1119 et
2926 1065 3145 1131 locum;
3170 1080 3466 1134 nunquam
3497 1045 3913 1134 crit,n’usquam

2215 1154 2349 1220 erit;
2382 1153 2519 1207 vivit
2548 1154 2607 1208 in
2638 1170 2704 1208 ea
2731 1158 2926 1207 tamen
2956 1168 3231 1206 numerus
3267 1169 3279 1206 :
3312 1167 3417 1205 nec
3441 1153 3562 1222 ejus
3591 1151 3756 1222 regio
3791 1169 3914 1223 spa-

2214 1245 2426 1300 tiorum
2457 1250 2559 1312 est,
2593 1261 2696 1299 nec
2726 1248 2862 1298 aetas
2891 1243 3146 1311 dierum;
3181 1247 3236 1297 et
3263 1242 3544 1297 discendae
3575 1242 3686 1296 arti
3721 1247 3914 1296 tamen

2217 1349 2348 1389 cum
2395 1349 2454 1388 se
2503 1333 2954 1401 accommodant,
2999 1332 3100 1404 qui
3134 1347 3193 1386 se
3239 1325 3482 1385 artiﬁces
3521 1331 3647 1385 fieri
3693 1332 3914 1395 volunt,

2217 1439 2422 1494 corpus
2468 1439 2634 1477 suum
2680 1438 2785 1493 per
2815 1423 2939 1475 loca
2981 1427 3038 1475 et
3081 1424 3340 1491 tempora
3371 1425 3617 1486 movent,
3653 1420 3913 1474 animum

2215 1527 2348 1564 vero
2376 1526 2479 1581 per
2504 1514 2764 1580 tempora
2792 1526 2804 1564 :
2839 1525 3059 1563 accessu
3084 1509 3298 1580 quippe
3319 1508 3594 1579 temporis
3613 1508 3915 1578 peritiores

2216 1600 2379 1655 ﬁunt.
2428 1599 2784 1654 Transcende
2827 1615 2963 1670 ergo
3006 1603 3063 1652 et
3111 1598 3369 1651 animum
3418 1597 3668 1662 artificis,
3710 1602 3773 1652 ut
3802 1615 3915 1651 nu-

2217 1703 2442 1742 merum
2489 1688 2902 1757 sempiternum
2951 1686 3172 1752 videas;
3214 1685 3333 1755 jam
3381 1685 3488 1739 tibi
3531 1685 3822 1755 sapientia
3850 1687 3916 1740 de

2215 1776 2341 1846 ipsa
2385 1775 2654 1830 interiore
2685 1776 2816 1830 sede
2845 1774 3105 1845 fulgebit,
3149 1778 3207 1827 et
3235 1773 3303 1827 de
3332 1773 3452 1843 ipso
3485 1774 3793 1828 secretario
3825 1792 3916 1828 ve-

2215 1865 2398 1920 ritatis
2444 1881 2458 1919 :
2497 1881 2626 1935 quin
2668 1863 2717 1918 si
2755 1863 2938 1918 adhuc
2967 1861 3388 1932 languidiorem
3423 1868 3721 1931 aspectum
3751 1869 3915 1917 tuum

2217 1953 2558 2019 reverberat,
2604 1952 2754 2007 refer
2796 1953 3022 2005 oculum
3064 1951 3272 2007 mentis
3317 1951 3378 2004 in
3422 1950 3581 2004 illam
3610 1950 3787 2018 viam,
3819 1951 3913 2005 ubi

2218 2058 2276 2097 se
2332 2041 2668 2097 ostendebat
2709 2040 2986 2095 hilariter.
3033 2041 3313 2095 Memento
3364 2055 3497 2093 sane
3545 2039 3839 2095 distulisse
3863 2046 3913 2095 te

2215 2130 2492 2186 visionem
2525 2146 2698 2202 quam
2729 2129 2932 2184 fortior
2963 2129 3269 2200 saniorque
3297 2133 3540 2198 repetas.

2286 2221 2375 2276 43.
2423 2221 2517 2274 Vua
2548 2219 2646 2290 qui
2685 2218 3089 2288 derelinquunt
3130 2222 3180 2272 te
3209 2217 3433 2283 ducem,
3475 2221 3533 2271 et
3560 2217 3836 2271 oberrant
3858 2217 3914 2270 in

2216 2308 2465 2379 vestigiis
2494 2309 2627 2375 tuis,
2660 2307 2760 2379 qui
2787 2311 2960 2362 nutus
2990 2311 3120 2360 tuos
3163 2321 3269 2376 pro
3299 2311 3354 2360 te
3381 2311 3594 2372 amant,
3628 2311 3684 2361 et
3712 2306 3914 2360 oblivi-

2218 2399 2452 2449 scuntur
2472 2396 2608 2467 quid
2634 2396 2860 2462 innuas,
2885 2411 2916 2450 ο
2939 2394 3274 2450 suavissima
3297 2395 3390 2449 lux
3415 2398 3673 2465 purgata:
3705 2395 3916 2448 mentis

2219 2484 2523 2554 sapientia!
2585 2501 2701 2539 non
2760 2484 2914 2538 enim
2971 2500 3154 2538 cessas
3203 2483 3444 2538 innuere
3492 2483 3657 2537 nobis
3700 2500 3835 2554 quae
3866 2490 3917 2536 et

2219 2577 2432 2642 quanta
2485 2572 2588 2642 sis;
2652 2577 2709 2627 et
2761 2577 2936 2627 nutus
2991 2573 3075 2626 tui
3125 2575 3257 2626 sunt
3309 2588 3478 2626 omne
3519 2577 3915 2626 creaturarum

2219 2661 2407 2716 decus.
2438 2662 2504 2715 Et
2525 2660 2725 2715 artifex
2757 2661 2912 2715 enim
2937 2660 3365 2731 quodammodo
3391 2660 3581 2714 innuit
3611 2661 3918 2730 spectatori

2218 2749 2407 2820 operis
2437 2750 2525 2803 sui
2565 2750 2635 2804 de
2680 2750 2804 2820 ipsa
2847 2749 3037 2820 operis
3069 2749 3516 2820 pulchritudine,
3547 2765 3620 2802 ne
3651 2749 3736 2802 ibi
3767 2753 3920 2803 totus

2217 2836 2450 2904 haereat,
2496 2837 2595 2892 sed
2641 2837 2887 2908 speciem
2927 2838 3180 2908 corporis
3222 2836 3480 2890 fabricati
3509 2835 3587 2889 sic
3616 2842 3921 2907 percurrat

2217 2925 2410 2992 oculis,
2460 2927 2526 2979 ut
2571 2924 2631 2978 in
2678 2941 2805 2979 eam
2849 2925 2946 2996 qui
2996 2924 3355 2979 fabricaverit
3381 2930 3639 2978 recurrat
3684 2925 3916 2978 affectu.

2216 3013 2439 3069 Similes
2467 3017 2660 3068 autem
2700 3017 2833 3069 sunt
2865 3014 3214 3077 hominibus,
3251 3013 3351 3085 qui
3379 3030 3443 3068 ea
3474 3030 3605 3084 quae
3633 3013 3775 3067 facis
3813 3031 3916 3084 pro

2215 3105 2269 3157 te
2296 3107 2509 3170 amant,
2533 3102 2631 3174 qui
2657 3119 2787 3157 cum
2813 3103 3052 3157 audiunt
3071 3103 3323 3174 aliquem
3349 3102 3660 3156 facundum
3692 3103 3913 3172 sapien-

2217 3195 2350 3256 tem,
2404 3193 2540 3246 dum
2571 3192 2744 3246 nimis
2793 3191 3126 3246 suavitatem
3155 3192 3303 3245 vocis
3335 3191 3476 3261 ejus,
3508 3196 3564 3246 et
3596 3196 3915 3246 structuras

2215 3279 2562 3351 syllabarum
2616 3283 2746 3351 apte
2775 3280 3086 3334 locatarum
3141 3279 3303 3333 avide
3346 3279 3606 3346 audiunt,
3640 3280 3914 3333 amittunt

2215 3369 2627 3423 sententiarum
2656 3369 3068 3440 principatum,
3105 3368 3265 3438 cujus
3294 3367 3391 3421 illa
3420 3369 3594 3422 verba
3631 3373 3912 3439 tanquam

2213 3457 2376 3527 signa
2402 3461 2739 3512 sonuerunt.
2776 3458 2867 3510 Va:
2894 3456 2994 3527 qui
3020 3472 3079 3510 se
3118 3459 3383 3510 avertunt
3405 3472 3436 3508 a
3466 3455 3684 3510 lumine
3719 3461 3841 3521 tuo,
3861 3463 3912 3510 et

2213 3546 2544 3600 obscuritati
2599 3563 2717 3600 suae
2763 3546 3003 3600 dulciter
3045 3545 3354 3599 inhaerent!
3411 3545 3708 3615 Tanquam
3756 3546 3912 3599 enim

2212 3634 2444 3689 dorsum
2474 3635 2545 3689 ad
2573 3639 2629 3689 te
2659 3639 2955 3705 ponentes,
2988 3633 3048 3687 in
3077 3633 3290 3687 carnali
3316 3649 3486 3703 opere
3507 3634 3664 3686 velut
3693 3633 3756 3687 in
3787 3651 3910 3688 um-

2209 3722 2312 3777 bra
2341 3739 2442 3777 sua
2471 3723 2818 3794 deﬁguntur,
2866 3727 2921 3776 et
2947 3727 3140 3777 tamen
3173 3723 3344 3776 etiam
3386 3721 3466 3776 ibi
3496 3723 3651 3792 quod
3678 3738 3780 3776 eos
3809 3724 3910 3777 de-

2208 3811 2396 3881 lectat,
2428 3813 2613 3867 adhuc
2647 3813 2861 3866 habent
2896 3812 2963 3866 de
2994 3811 3490 3882 circumfulgentia
3518 3811 3660 3864 lucis
3705 3816 3823 3865 tua:
3871 3811 3910 3865 ί.

2207 3899 2316 3954 Sed
2345 3900 2545 3954 umbra
2594 3900 2732 3954 dum
2773 3904 3019 3969 amatur,
3049 3899 3470 3970 languidiorem
3509 3899 3646 3954 facit
3673 3902 3909 3954 oculum

2207 3987 2404 4054 animi,
2455 3992 2511 4040 et
2556 3987 2953 4042 invalidiorem
2985 3988 3053 4042 ad
3082 3988 3485 4058 perferendum
3532 3994 3911 4059 conspectum

2205 4080 2389 4132 tuum.
2439 4078 2747 4147 Propterea
2789 4077 2974 4147 magis
3014 4077 3312 4147 magisque
3346 4077 3519 4131 homo
3547 4077 3911 4141 tenebratur,

2205 4165 2343 4220 dum
2391 4169 2638 4220 sectatur
2668 4165 2938 4220 libentius
2968 4164 3251 4236 quidquid
3278 4164 3660 4220 inﬁrmiorem
3695 4167 3912 4221 tolera-

2203 4253 2374 4308 bilius
2421 4253 2652 4325 excipit.
2693 4255 2767 4308 Ex
2795 4270 2908 4326 quo
2939 4253 3144 4324 incipit
3173 4271 3292 4308 non
3330 4270 3495 4324 posse
3524 4254 3722 4309 videre
3754 4258 3913 4327 quod

2204 4359 2426 4397 summa
2469 4347 2569 4410 est,
2616 4347 2674 4397 et
2711 4344 2928 4398 malum
2957 4347 3161 4414 putare
3192 4343 3472 4414 quidquid
3500 4343 3646 4398 fallit
3684 4343 3914 4415 impro-

2200 4431 2416 4496 vidum,
2468 4435 2567 4486 aut
2615 4431 2776 4486 illicit
2818 4432 3081 4503 indigum
3123 4435 3166 4500 ’,
3209 4435 3307 4487 aut
3334 4437 3564 4502 captum
3595 4435 3911 4498 excruciat,

2201 4535 2333 4573 cum
2363 4535 2429 4573 ea
2456 4535 2561 4590 pro
2608 4519 2811 4574 merito
2841 4520 3093 4590 patiatur
3138 4521 3448 4576 aversionis
3475 4538 3615 4590 suae,
3648 4527 3709 4576 et
3742 4525 3911 4595 quid-

2201 4608 2339 4680 quid
2361 4609 2584 4679 justum
2615 4613 2717 4678 est,
2749 4609 2968 4663 malum
2997 4625 3118 4664 esse
3140 4626 3261 4664 non
3287 4610 3484 4681 possit.

2267 4699 2356 4752 44.
2403 4697 2459 4752 Si
2489 4713 2622 4769 ergo
2653 4697 2934 4768 quidquid
2970 4699 3244 4753 mutabile
3267 4698 3575 4770 aspexeris,
3607 4701 3701 4754 vel
3735 4718 3912 4756 sensu

2197 4785 2474 4857 corporis,
2504 4787 2592 4840 vel
2617 4786 2794 4840 animi
2825 4787 3280 4842 consideratione
3322 4803 3521 4858 capere
3552 4804 3675 4842 non
3719 4798 3908 4860 potes,

2195 4873 2307 4927 nisi
2338 4873 2530 4945 aliqua
2551 4890 2927 4928 numerorum
2973 4875 3157 4929 forma
3186 4880 3466 4942 teneatur,
3500 4893 3617 4947 qua
3647 4878 3910 4933 detracta

2194 4959 2254 5014 in
2283 4960 2429 5014 nihil
2458 4961 2699 5028 recidat;
2734 4962 2854 5016 noli
2898 4962 3176 5028 dubitare,
3213 4968 3278 5017 ut
3312 4963 3420 5018 ista
3449 4966 3763 5021 mutabilia
3793 4983 3910 5022 non

2193 5047 2649 5120 intercipiantur,
2681 5051 2781 5105 sed
2811 5050 3088 5106 dimensis
3127 5051 3392 5120 motibus,
3424 5057 3480 5106 et
3508 5053 3787 5111 distincta
3813 5073 3910 5110 va-

2192 5137 2395 5192 rietate
2434 5138 2770 5206 formarum,
2823 5140 2988 5210 quasi
3018 5139 3295 5210 quosdam
3325 5157 3520 5195 versus
3561 5146 3907 5214 temporum

2191 5231 2491 5298 peragant,
2520 5244 2638 5283 esse
2665 5228 2915 5298 aliquam
2936 5229 3178 5283 formam
3205 5233 3476 5284 aeternam
3503 5234 3560 5284 et
3576 5230 3908 5288 incommu-

2189 5315 2458 5385 tabilem;
2487 5333 2616 5388 quas
2655 5333 2843 5388 neque
2873 5317 3233 5373 contineatur
3261 5323 3318 5373 et
3347 5317 3511 5390 quasi
3539 5319 3910 5376 diffundatur

2252 5467 2269 5533 ξ
2298 5466 2419 5533 Mss.
2440 5465 2635 5529 plures.
2656 5463 2830 5533 adhuc
2850 5467 3002 5518 habet
3022 5467 3581 5533 depcireuinfulgentia
3598 5470 3748 5521 lucis
3774 5477 3906 5523 tua).

2249 5528 2271 5594 ξ
2310 5528 2590 5594 ΔΜνεεέςνιιοῐι
2626 5529 2780 5592 pauci
2824 5543 2946 5579 cum
2996 5528 3766 5594 antiquioribus'editionibus,
3800 5537 3906 5585 aut

2187 5587 2339 5642 illicit
2360 5587 2656 5654 indignum".
