4036 6182
238 265 371 317 1265

227 386 388 450 locis,
416 401 606 457 neque
624 385 971 456 potendatur
985 388 1154 456 atque
1169 385 1416 440 varietur
1426 386 1803 457 temporibus,
1818 402 1923 457 per

227 490 403 546 quam
434 476 636 527 cuncta
672 472 779 527 ista
812 474 1045 527 formari
1080 476 1322 540 valeant,
1356 480 1411 529 et
1448 492 1551 545 pro
1584 492 1684 530 suo
1716 491 1923 546 genere

226 563 468 634 implere
498 568 669 633 atque
699 578 867 632 agere
897 562 1248 630 locorumac
1274 569 1598 633 temporum
1631 580 1921 618 numeros.

224 654 450 709 CAPUT
502 653 661 707 XVII.
692 682 759 691 —
805 654 1018 707 Bonum
1060 657 1109 705 et
1162 652 1426 721 perfectio
1472 667 1815 723 quaecumque
1854 668 1923 708 ea:

952 743 1059 795 Deo
1087 745 1185 794 est.

293 831 384 882 45.
412 828 610 883 Omnis
654 828 808 882 enim
838 844 927 882 res
960 829 1264 896 mutabilis,
1297 828 1470 883 etiam
1500 829 1817 884 formabilis
1847 831 1922 885 sit

223 934 453 972 necesse
485 922 585 971 est.
639 917 793 971 Sicut
822 922 1016 971 autem
1045 918 1316 971 mutabile
1348 918 1589 972 dicimus
1620 920 1771 989 quod
1803 935 1924 973 mu-

224 1006 335 1060 tari
371 1009 575 1076 potest,
618 1004 698 1058 ita
737 1005 1037 1059 formabile
1068 1006 1217 1076 quod
1248 1007 1479 1060 formari
1511 1011 1697 1077 potest
1726 1008 1922 1078 appel-

222 1093 482 1147 laverim.
539 1093 706 1147 Nulla
756 1096 947 1147 autem
996 1110 1084 1147 res
1133 1095 1377 1147 formare
1421 1095 1665 1165 seipsam
1694 1100 1919 1165 potest:

225 1183 363 1254 quia
394 1182 549 1235 nulla
577 1198 666 1235 res
696 1186 883 1251 potest
910 1182 1043 1236 dare
1095 1182 1204 1236 sibi
1253 1183 1404 1254 quod
1452 1200 1568 1237 non
1616 1185 1823 1251 habet;
1868 1189 1924 1239 et

226 1272 427 1342 utique
450 1275 513 1324 ut
542 1271 750 1324 habeat
786 1271 1054 1340 formam,
1086 1272 1364 1326 formatur
1394 1272 1629 1343 aliquid.
1672 1273 1923 1343 Quapro-

223 1369 352 1431 pter
386 1359 655 1431 quzelibet
682 1376 771 1413 res
793 1359 839 1413 si
870 1376 1042 1430 quam
1072 1360 1245 1415 habet
1262 1360 1524 1428 formam,
1554 1378 1669 1416 non
1696 1362 1747 1415 ei
1779 1378 1922 1431 opus

226 1454 311 1503 est
339 1449 592 1519 accipere
624 1449 778 1519 quod
818 1449 1027 1515 habet;
1072 1449 1119 1503 si
1149 1465 1261 1520 qua
1281 1466 1413 1503 vero
1446 1466 1563 1503 non
1595 1450 1767 1503 habet
1803 1450 1920 1503 for-

225 1555 404 1607 mam,
438 1554 554 1593 non
581 1541 765 1608 potest
794 1555 825 1591 a
845 1554 903 1591 se
936 1536 1187 1606 accipere
1219 1538 1370 1607 quod
1401 1553 1515 1590 non
1543 1538 1732 1593 habet.
1759 1538 1923 1591 Nulla

226 1643 361 1698 ergo
392 1643 500 1693 res,
534 1632 600 1680 ut
646 1626 915 1695 diximus,
946 1626 1193 1679 formare
1224 1642 1283 1679 se
1315 1630 1519 1696 potest.
1557 1626 1703 1690 Quid
1730 1630 1922 1680 autem

224 1716 469 1786 amplius
508 1716 576 1769 de
606 1714 986 1769 mutabilitate
1018 1714 1270 1785 corporis
1314 1718 1369 1768 et
1416 1715 1593 1767 animi
1620 1715 1921 1769 dicamus?

222 1806 483 1876 superius
514 1805 668 1859 enim
711 1805 845 1858 satis
876 1805 1089 1859 dictum
1124 1809 1224 1859 est.
1262 1804 1570 1858 Conﬁcitur
1596 1804 1809 1875 itaque,
1861 1808 1924 1859 ut

223 1900 280 1949 et
300 1910 504 1965 corpus
534 1898 589 1947 et
618 1893 843 1946 animus
872 1894 1061 1947 forma
1100 1892 1349 1963 quadam
1378 1891 1834 1946 incommutabili
1865 1897 1921 1946 et

223 2000 445 2054 semper
473 1986 739 2036 manente
788 1983 1128 2035 formentur.
1166 1982 1266 2036 Cui
1296 1982 1495 2035 formae
1542 1981 1755 2035 dictum
1787 1986 1870 2034 est
1905 1998 1916 2035 :

221 2074 458 2129 Mutabis
486 2089 548 2127 ea
580 2079 632 2128 ct
658 2072 1065 2137 mutabuntur;
1108 2077 1167 2125 tu
1196 2076 1379 2127 autem
1422 2072 1563 2124 idem
1604 2073 1719 2139 ipse
1764 2087 1837 2137 es,
1871 2076 1922 2126 et

223 2163 365 2219 anni
411 2165 492 2217 tui
531 2178 635 2215 non
670 2160 925 2231 deﬁcient
985 2160 1151 2230 (Psal.
1195 2176 1265 2228 ει,
1315 2163 1403 2226 27,
1437 2160 1551 2229 28).
1579 2162 1772 2213 Annos
1798 2159 1921 2213 sine

224 2252 464 2314 defectu,
500 2268 601 2321 pro
634 2249 952 2304 aeternitate
982 2248 1170 2319 posuit
1198 2248 1531 2320 prephetica
1568 2248 1797 2301 locutio.
1843 2249 1920 2302 De

225 2342 329 2394 hac
356 2340 493 2393 item
522 2341 707 2393 forma
743 2339 957 2392 dictum
993 2343 1095 2405 est,
1147 2338 1301 2408 quod
1351 2337 1411 2390 in
1441 2336 1626 2407 seipsa
1682 2352 1920 2390 manens

224 2429 462 2482 innovet
482 2428 673 2481 omnia
706 2427 862 2498 (Sap.
896 2444 1008 2489 vni,
1043 2428 1150 2495 ‘27).
1187 2426 1327 2481 Hinc
1356 2426 1527 2479 etiam
1550 2426 1921 2495 comprehen-

224 2518 380 2572 ditur
427 2517 621 2571 omnia
679 2516 1032 2585 providentia
1062 2515 1391 2586 gubernari.
1424 2515 1481 2568 Si
1511 2514 1667 2568 enim
1726 2514 1920 2567 omnia

225 2623 357 2677 quae
386 2610 538 2672 sunt,
569 2606 748 2659 forma
779 2604 1006 2673 penitus
1037 2605 1320 2658 subtracta
1352 2604 1508 2657 nulla
1524 2608 1711 2669 erunt,
1741 2603 1920 2657 forma

225 2694 351 2763 ipsa
378 2693 875 2758 incommutabilis,
908 2708 1010 2762 per
1036 2709 1210 2763 quam
1234 2691 1533 2746 mutabilia
1562 2696 1762 2746 cuncta
1792 2692 1921 2746 sub-

225 2784 453 2849 sistunt,
487 2789 552 2836 ut
578 2783 892 2836 formarum
938 2797 1168 2834 suarum
1198 2780 1453 2835 numeris
1481 2781 1831 2850 impleantur
1867 2784 1921 2833 et

223 2876 494 2941 aguntur,
527 2872 652 2941 ipsa
678 2875 764 2925 est
794 2886 993 2924 eorum
1023 2869 1377 2940 providentia
1402 2885 1414 2923 :
1456 2885 1574 2922 non
1630 2868 1785 2922 enim
1815 2868 1923 2921 ista

223 2964 429 3026 essent,
464 2960 509 3013 si
559 2959 659 3013 illa
713 2976 831 3013 non
886 2963 1051 3013 esset.
1115 2959 1345 3011 Intuens
1393 2972 1528 3025 ergo
1578 2962 1631 3009 et
1662 2956 1918 3009 conside-

223 3066 358 3103 rans
386 3048 712 3102 universam
766 3052 1105 3112 creaturam,
1140 3046 1486 3116 quicumque
1532 3044 1641 3097 iter
1684 3044 1802 3114 agit
1850 3044 1921 3097 ad

223 3135 585 3206 sapientiam,
617 3135 783 3190 sentit
813 3134 1151 3205 sapientiam
1181 3134 1241 3186 in
1267 3132 1357 3186 via
1386 3149 1443 3185 se
1488 3131 1594 3184 sibi
1625 3131 1920 3185 ostendere

225 3223 503 3290 hilariter,
555 3228 609 3276 et
660 3223 721 3277 in
777 3223 937 3277 omni
966 3220 1323 3293 providentia
1356 3236 1651 3275 occurrere
1681 3219 1786 3273 sibi
1820 3236 1831 3273 :
1866 3224 1923 3273 et

224 3318 383 3366 tanto
415 3312 653 3366 alacrius
683 3312 923 3366 ardescit
949 3310 1099 3365 viam
1139 3311 1310 3365 istam
1356 3325 1653 3380 peragere,
1707 3313 1921 3379 quanto

224 3405 283 3455 et
311 3400 433 3471 ipsa
459 3400 549 3455 via
572 3417 675 3471 per
702 3401 858 3454 illam
888 3400 1129 3470 pulchra
1160 3404 1264 3465 est,
1310 3399 1381 3453 ad
1432 3414 1605 3469 quam
1651 3401 1923 3451 exaestuat

223 3490 544 3562 pervenire.

294 3582 384 3633 46.
419 3579 503 3632 Tu
535 3580 727 3632 autem
772 3576 816 3630 si
845 3579 1056 3646 praeter
1095 3575 1153 3629 id
1184 3575 1333 3646 quod
1355 3579 1441 3629 est
1467 3580 1521 3629 et
1541 3591 1656 3629 non
1686 3573 1840 3640 vivit,
1867 3581 1924 3629 et

224 3663 282 3718 id
314 3665 470 3734 quod
501 3668 583 3717 est
609 3668 665 3717 et
693 3663 831 3717 vivit
857 3680 1043 3733 neque
1067 3662 1356 3733 intelligit,
1390 3667 1446 3716 et
1472 3663 1532 3716 id
1561 3663 1717 3734 quod
1746 3666 1829 3715 est
1869 3668 1925 3715 et

224 3752 359 3806 vivit
386 3758 440 3806 et
467 3752 760 3822 intelligit,
782 3752 1063 3807 inveneris
1094 3752 1322 3822 aliquod
1354 3752 1506 3805 aliud
1536 3756 1923 3805 creaturarum

224 3858 441 3912 genus;
478 3846 612 3895 tunc
643 3842 787 3896 aude
820 3841 1006 3896 dicere
1062 3841 1295 3912 aliquod
1320 3841 1536 3895 bonum
1577 3858 1717 3907 esse,
1771 3841 1923 3911 quod

223 3947 342 3985 non
363 3930 434 3984 sit
463 3947 531 3985 ex
558 3932 690 3985 Deo.
721 3931 853 3985 Tria
881 3931 1035 3984 enim
1054 3932 1177 3985 haec
1205 3930 1428 3985 duobus
1467 3930 1639 3983 etiam
1670 3929 1919 3984 nomini-
1972 3980 1975 3981 ν

225 4021 331 4074 bus
359 4019 647 4074 enuntiari
686 4025 945 4090 possunt,
980 4021 1026 4073 si
1057 4020 1417 4089 appellentur
1448 4034 1654 4087 corpus
1685 4024 1741 4072 et
1768 4018 1919 4085 vita:

226 4108 363 4179 quia
392 4114 449 4162 et
472 4108 567 4162 illa
600 4125 730 4180 qua}
761 4113 985 4163 tantum
1010 4108 1165 4173 vivit,
1200 4123 1386 4177 neque
1418 4106 1706 4176 intelligit,
1741 4108 1925 4177 qualis

227 4201 311 4250 est
340 4212 632 4265 pecorum,
667 4201 723 4250 et
751 4198 874 4251 haec
923 4211 1050 4265 quae
1078 4194 1369 4264 intelligit,
1415 4194 1580 4247 sicuti
1618 4199 1702 4248 est
1731 4195 1925 4249 homi—

228 4301 388 4351 num,
411 4285 725 4339 rectissime
756 4284 870 4338 vita
920 4283 1143 4337 dicitur.
1178 4284 1308 4336 Hcec
1339 4286 1529 4336 autem
1556 4282 1691 4351 duo,
1731 4283 1790 4337 id
1822 4289 1923 4350 est,

228 4391 431 4444 corpus
490 4379 547 4428 et
602 4374 735 4439 vita,
791 4388 921 4443 quae
961 4371 1191 4443 quidem
1254 4376 1527 4425 creaturas
1582 4370 1928 4440 deputantur

230 4466 382 4533 (nam
413 4470 466 4517 et
497 4462 776 4518 Creatoris
801 4460 979 4532 ipsius
1009 4460 1121 4513 vita
1138 4459 1364 4527 dicitur,
1394 4463 1450 4513 et
1477 4476 1542 4512 ea
1565 4475 1792 4513 summa
1811 4459 1926 4512 vita

230 4552 329 4618 est)
358 4568 371 4605 :
404 4551 524 4605 ista:
552 4550 729 4622 igitur
749 4551 877 4605 duae
907 4554 1181 4603 creatura)
1212 4564 1415 4619 corpus
1445 4552 1502 4602 et
1517 4547 1631 4601 vita
1653 4548 1925 4618 quoniam

228 4639 554 4695 formabilia
619 4644 768 4706 sunt,
846 4638 1009 4692 sicuti
1078 4637 1338 4707 superius
1397 4636 1545 4690 dicta
1587 4638 1922 4702 docuerunt,

230 4729 551 4799 amissaque
581 4728 817 4783 omnino
866 4728 1049 4782 forma
1096 4726 1158 4780 in
1201 4726 1443 4779 nihilum
1483 4725 1762 4793 recidunt,
1793 4725 1924 4779 satis

230 4817 540 4871 ostendunt
570 4834 627 4870 se
686 4832 751 4870 ex
798 4817 898 4870 illa
950 4816 1137 4869 forma
1185 4814 1512 4880 subsistere,
1545 4830 1674 4884 quae
1700 4830 1927 4885 semper

228 4905 510 4976 ejusmodi
525 4909 626 4959 est.
646 4905 1030 4969 Quamobrem
1055 4907 1516 4974 quantacumque
1534 4902 1702 4971 bona,
1726 4919 1924 4972 quam-

229 4995 313 5049 vis
342 5010 571 5063 magna,
606 4993 865 5063 quamvis
917 4992 1176 5055 minima,
1232 4991 1344 5045 nisi
1385 5007 1453 5044 ex
1496 4992 1608 5044 Deo
1651 5006 1770 5044 esse
1812 5007 1925 5045 non

230 5087 493 5155 possunt.
529 5082 677 5145 Quid
702 5081 855 5135 enim
886 5082 1071 5151 majus
1096 5080 1157 5134 in
1186 5080 1462 5134 creaturis
1483 5095 1656 5150 quam
1684 5078 1799 5133 vita
1838 5079 1925 5132 in-

232 5172 521 5242 telligens,
556 5175 653 5223 aut
686 5170 821 5240 quid
854 5170 1044 5224 minus
1088 5174 1275 5241 potest
1303 5184 1423 5223 esse
1472 5184 1645 5239 quam
1674 5184 1880 5237 corpus
1901 5169 1927 5222 ?

231 5262 369 5327 Quae
421 5258 843 5330 quantumlibet
897 5258 1181 5327 deﬁciant,
1230 5262 1285 5312 et
1334 5273 1401 5312 eo
1448 5257 1685 5311 tendant
1730 5262 1927 5311 utnon

234 5350 365 5415 sint,
400 5354 594 5403 tamen
650 5347 866 5418 aliquid
910 5347 1109 5402 formae
1156 5347 1268 5401 illis
1299 5350 1575 5412 remanet,
1604 5350 1667 5399 ut
1698 5362 1927 5417 quoquo

239 5439 409 5494 modo
441 5439 573 5493 sint.
606 5436 893 5507 Quidquid
927 5442 1119 5491 autem
1145 5436 1347 5490 formae
1386 5435 1635 5506 cuipiam
1665 5435 1749 5488 rei
1795 5436 1929 5488 deli-

240 5528 413 5584 cienti
442 5532 697 5583 remanet
720 5548 735 5596 ;
756 5544 822 5583 ex
852 5526 951 5581 illa
969 5525 1155 5582 forma
1182 5530 1265 5581 est
1287 5541 1417 5597 qua:
1448 5523 1627 5580 nescit
1665 5524 1924 5590 deﬁcere,

1664 262 1876 318 LIBER
1919 261 2304 321 SECUNDUS.

3600 279 3736 330 1266

2036 391 2343 459 motusque
2370 387 2523 459 ipsos
2550 406 2746 446 rerum
2774 391 3159 448 deﬁcientium
3190 394 3276 449 vel
3306 396 3730 466 proﬁcientium

2037 478 2309 532 excedere
2339 494 2711 534 numerorum
2750 498 2985 537 suorum
3035 484 3190 554 leges
3218 500 3336 538 non
3365 484 3518 540 sinit.
3553 486 3729 551 Quid-

2036 566 2174 636 quid
2229 566 2408 637 igitur
2462 566 2750 622 laudabile
2802 571 3119 626 advertitur
3147 572 3208 627 in
3252 590 3447 629 rerum
3501 580 3725 643 natura,

2034 654 2147 707 sive
2174 655 2380 725 exigua
2417 656 2531 710 sive
2563 658 2753 727 ampla
2772 658 2939 713 laude
2969 660 3204 730 dignum
3220 662 3529 731 judicetur,
3545 664 3613 719 ad
3634 681 3728 719 ex-

2035 743 2498 798 cellentissimam
2528 750 2583 800 et
2611 746 2960 801 ineffabilem
2985 748 3213 803 laudem
3251 751 3613 807 referendum
3646 758 3732 808 est

2035 831 2391 886 Conditoris:
2429 832 2540 886 nisi
2568 834 2705 904 quid
2730 835 2904 889 habes
2934 837 3006 890 ad
3043 838 3189 891 haec.

2036 918 2259 973 CAPUT
2291 921 2476 974 XVIII.
2509 951 2577 960 —
2604 923 2801 977 Libera
2828 925 3077 979 voluntas
3126 928 3351 982 tametsi
3403 930 3477 981 ad
3527 930 3728 982 malum

2175 1024 2332 1062 usum
2360 1010 2599 1065 converti
2628 1014 2821 1080 possit,
2856 1016 2915 1066 in
2941 1014 3088 1068 bonis
3118 1016 3456 1070 numeranda
3480 1022 3577 1070 est.

2105 1098 2169 1151 47
2181 1138 2193 1151 .
2225 1100 2291 1152 Ε.
2322 1098 2466 1151 Satis
2496 1099 2638 1153 mihi
2664 1116 3003 1170 persuasum
3033 1119 3153 1157 esse
3183 1103 3382 1170 fateor,
3442 1109 3497 1159 et
3526 1121 3729 1175 quem-

2039 1185 2346 1239 admodum
2366 1188 2733 1242 manifestum
2754 1190 2872 1255 ﬁat,
2898 1195 3178 1260 quantum
3208 1192 3269 1245 in
3294 1192 3398 1246 hac
3426 1192 3540 1246 vita
3559 1198 3731 1264 atque

2032 1274 2183 1327 inter
2212 1275 2374 1341 tales,
2404 1276 2600 1345 quales
2632 1292 2735 1330 nos
2759 1293 2975 1345 sumus,
3008 1284 3217 1348 potest,
3272 1282 3451 1335 Deum
3482 1298 3624 1349 esse,
3675 1287 3733 1336 et

2034 1377 2101 1416 ex
2137 1363 2251 1417 Deo
2284 1379 2405 1417 esse
2430 1364 2623 1419 omnia
2651 1365 2832 1419 bona:
2867 1368 3334 1438 quandoquidem
3364 1371 3557 1424 omnia
3601 1388 3731 1442 qua:

2033 1455 2186 1520 sunt,
2218 1451 2333 1505 sive
2357 1468 2487 1523 quae
2517 1452 2853 1524 intelligunt
2880 1460 2935 1509 et
2962 1456 3160 1511 vivunt
3185 1462 3241 1511 et
3265 1463 3419 1527 sunt,
3458 1459 3573 1513 sive
3602 1476 3731 1529 quae

2031 1543 2257 1594 tantum
2285 1539 2483 1595 vivunt
2516 1546 2572 1595 et
2598 1546 2747 1610 sunt,
2780 1543 2894 1597 sive
2922 1561 3050 1614 quae
3074 1548 3295 1599 tantum
3329 1551 3482 1613 sunt,
3515 1563 3582 1601 ex
3613 1549 3727 1602 Deo

2033 1633 2185 1683 sunt.
2214 1629 2375 1683 Nunc
2396 1629 2520 1699 jam
2544 1631 2771 1685 tertiam
2792 1633 3167 1703 quaestionem
3191 1633 3501 1701 videamus,
3533 1640 3730 1691 utrum

2034 1716 2287 1787 expediri
2317 1718 2515 1787 possit,
2542 1719 2691 1773 inter
2720 1720 2873 1773 bona
2902 1737 3022 1775 esse
3048 1724 3462 1777 numerandam
3491 1723 3730 1780 liberam

2032 1806 2411 1859 voluntatem.
2450 1806 2572 1869 Quo
2604 1808 3010 1874 demonstrato,
3040 1809 3161 1863 sine
3194 1810 3551 1865 dubitatione
3593 1829 3727 1867 con-

2033 1894 2230 1948 cedam
2271 1896 2454 1949 Deum
2484 1895 2702 1949 dedisse
2735 1896 2899 1950 nobis
2930 1913 3074 1963 eam,
3112 1898 3350 1969 darique
3382 1901 3726 1970 oportuisse.

2032 1984 2106 2038 A.
2137 1985 2285 2037 Bene
2332 1983 2645 2038 meministi
2691 1986 3002 2055 proposita,
3043 1992 3100 2042 et
3122 1988 3432 2043 secundam
3462 1991 3729 2059 qutestio-

2032 2088 2167 2125 nem
2190 2072 2313 2142 jam
2366 2072 2703 2141 explicatam
2752 2073 3055 2143 vigilanter
3111 2076 3597 2132 animadvertisti:
3634 2079 3731 2133 sed

2031 2160 2223 2215 videre
2279 2161 2525 2214 debuisti
2578 2161 2753 2215 etiam
2805 2162 2972 2215 istam
3029 2164 3257 2218 tertiam
3297 2165 3423 2234 jam
3454 2167 3722 2222 solutam.

2033 2248 2343 2317 Propterea
2398 2248 2611 2318 quippe
2659 2248 2764 2303 tibi
2821 2248 2998 2303 videri
3029 2250 3275 2321 dixeras,
3307 2252 3429 2305 dari
3486 2269 3601 2307 non
3632 2254 3731 2308 de-

2030 2334 2221 2389 buisse
2252 2335 2498 2389 liberum
2528 2336 2832 2389 voluntatis
2860 2338 3181 2407 arbitrium,
3214 2340 3365 2409 quod
3390 2356 3456 2393 eo
3486 2342 3729 2412 quisque

2032 2428 2246 2493 peccat.
2281 2423 2381 2477 Cui
2412 2424 2714 2477 sententia:
2739 2428 2853 2477 tum
2884 2440 3013 2478 cum
3045 2442 3150 2495 ego
3184 2426 3527 2493 intulissem,
3579 2434 3729 2483 recte

2032 2512 2156 2566 ﬁeri
2183 2529 2294 2566 non
2308 2529 2495 2581 posse,
2519 2512 2629 2565 nisi
2652 2513 2853 2566 eodem
2866 2513 3044 2567 libero
3058 2514 3361 2569 voluntatis
3375 2516 3611 2570 arbitrio
3632 2518 3728 2586 (α),

2032 2605 2202 2670 atque
2234 2601 2303 2654 ad
2334 2600 2393 2655 id
2447 2600 2636 2670 potius
2682 2600 2788 2654 hoc
2836 2603 3015 2656 Deum
3046 2603 3267 2656 dedisse
3306 2620 3727 2672 asseverarem;

2031 2690 2375 2759 respondisti
2428 2690 2667 2743 liberam
2714 2690 3068 2744 voluntatem
3124 2691 3206 2745 ita
3258 2693 3426 2746 nobis
3484 2694 3608 2747 dari
3637 2695 3731 2748 de-

2032 2778 2239 2844 buisse,
2276 2783 2336 2831 ut
2384 2778 2610 2849 justitia
2641 2778 2772 2832 data
2801 2784 2903 2843 est,
2939 2795 3051 2849 qua
3083 2796 3250 2834 nemo
3280 2780 3389 2833 nisi
3419 2784 3568 2835 recte
3596 2787 3727 2852 pot-

2032 2872 2117 2921 est
2140 2868 2245 2921 uti.
2279 2867 2416 2931 Quae
2437 2866 2731 2937 responsio
2752 2871 2849 2921 tua
2877 2867 2936 2921 in
2954 2872 3140 2922 tantos
3165 2868 3434 2922 circuitus
3464 2870 3730 2939 disputa-

2032 2956 2206 3009 tionis
2235 2972 2338 3009 nos
2375 2956 2458 3008 ire
2514 2955 2811 3026 compulit,
2863 2956 3071 3027 quibus
3118 2957 3221 3010 tibi
3267 2958 3644 3027 probaremus
3675 2964 3731 3013 et

2033 3045 2252 3114 majora
2281 3048 2335 3097 et
2361 3043 2583 3098 minora
2615 3044 2764 3098 bona
2795 3060 2912 3098 non
2960 3061 3081 3099 esse
3112 3045 3223 3098 nisi
3274 3061 3340 3099 ex
3387 3047 3522 3099 Deo.
3570 3045 3730 3110 Quod

2033 3150 2148 3187 non
2177 3138 2295 3187 tam
2332 3133 2575 3188 dilucide
2606 3133 2826 3187 ostendi
2870 3139 3078 3204 posset,
3110 3133 3220 3186 nisi
3249 3134 3408 3203 prius
3461 3135 3729 3189 adversus

2034 3222 2332 3293 opiniones
2357 3222 2549 3293 impia:
2562 3221 2966 3293 stultitiae,qua
2995 3222 3130 3276 dicit
3158 3222 3436 3292 insipiens
3471 3223 3530 3277 in
3561 3224 3728 3277 corde

2033 3328 2157 3378 suo,
2190 3314 2309 3369 Non
2354 3316 2430 3365 est
2452 3314 2587 3365 Deus
2619 3310 2782 3382 (Psal.
2810 3328 2930 3379 xui,
2966 3313 3033 3379 1),
3086 3312 3518 3381 qualiscumque
3571 3311 3639 3365 de
3670 3328 3729 3365 re

2034 3404 2191 3455 tanta
2219 3417 2321 3471 pro
2346 3400 2579 3453 modulo
2629 3404 2826 3453 nostro
2856 3399 2999 3454 inita
3027 3399 3194 3467 ratio,
3228 3399 3429 3454 eodem
3461 3400 3584 3470 ipso
3616 3402 3729 3454 Deo

2034 3489 2095 3542 in
2123 3493 2239 3542 tam
2270 3489 2589 3559 periculoso
2618 3487 2823 3541 itinere
2854 3488 3018 3542 nobis
3040 3488 3378 3559 epitulante,
3419 3488 3480 3541 in
3512 3488 3729 3558 aliquid

2000 3577 2399 3631 .manifestum
2454 3576 2865 3630 intenderetur.
2900 3576 3037 3640 Quae
3089 3576 3202 3630 duo
3251 3581 3462 3637 tamen,
3513 3576 3571 3630 id
3623 3582 3726 3643 est,

2038 3667 2216 3719 Deum
2247 3681 2388 3731 esse,
2431 3668 2487 3717 et
2517 3664 2710 3717 omnia
2739 3664 2889 3717 bona
2939 3680 3008 3717 ex
3038 3664 3163 3733 ipso
3195 3681 3335 3731 esse,
3397 3680 3728 3735 quanquam

2034 3754 2368 3807 inconcussa
2396 3752 2507 3805 ﬁde
2528 3751 2702 3805 etiam
2731 3756 2898 3806 antea
2922 3756 3273 3819 tenerentur,
3300 3753 3379 3807 sic
3400 3758 3592 3807 tamen
3621 3758 3730 3807 tra-

2034 3845 2183 3895 ctata
2228 3844 2381 3908 sunt,
2432 3842 2495 3891 ut
2534 3839 2638 3892 hoc
2667 3855 2895 3910 quoque
2924 3840 3179 3907 tertium,
3218 3840 3369 3894 inter
3412 3841 3563 3894 bona
3609 3857 3729 3895 esse

2035 3929 2451 3984 numerandam
2482 3927 2718 3982 liberam
2739 3929 3112 3996 voluntatem,
3141 3928 3598 4007 manifestissime
3629 3946 3726 4000 ap-

2033 4024 2251 4092 pareat.

2105 4112 2191 4163 48.
2240 4108 2366 4162 Iam
2414 4106 2570 4160 enim
2624 4105 2919 4175 superiore
2962 4106 3346 4176 disputatione
3376 4106 3729 4176 patefactum

2036 4203 2138 4263 est,
2171 4194 2535 4265 constititque
2566 4194 2715 4248 inter
2741 4211 2868 4261 nos,
2898 4199 3161 4249 naturam
3187 4194 3437 4264 corporis
3458 4195 3729 4249 inferiore

2036 4286 2216 4355 gradu
2245 4301 2365 4338 esse
2387 4299 2560 4355 quam
2590 4281 2769 4336 animi
2799 4287 3084 4349 naturam,
3118 4299 3180 4336 ac
3208 4298 3314 4352 per
3341 4283 3445 4335 hoc
3471 4282 3728 4337 animum

2030 4375 2220 4443 majus
2250 4374 2467 4428 bonum
2500 4387 2617 4425 esse
2669 4387 2842 4442 quam
2874 4387 3096 4442 corpus.
3132 4370 3191 4424 Si
3221 4387 3355 4440 ergo
3385 4370 3444 4424 in
3476 4373 3729 4440 corporis

2036 4462 2201 4516 bonis
2240 4461 2561 4515 invenimus
2610 4461 2802 4532 aliqua
2849 4461 3056 4532 quibus
3086 4476 3205 4513 non
3256 4463 3406 4513 recte
3436 4460 3522 4513 uti
3552 4460 3727 4514 homo

2036 4549 2232 4621 possit,
2263 4566 2367 4605 nec
2396 4555 2587 4604 tamen
2616 4555 2920 4621 propterea
2949 4548 3191 4603 dicimus
3221 4563 3337 4601 non
3368 4563 3434 4600 ea
3467 4547 3589 4601 dari
3623 4548 3727 4601 de-

2037 4638 2247 4706 buisse,
2277 4639 2549 4709 quoniam
2580 4655 2701 4693 esse
2740 4638 3083 4693 conﬁtemur
3111 4638 3259 4691 bona
3287 4656 3301 4701 ;
3333 4635 3468 4706 quid
3516 4635 3728 4689 mirum

2037 4728 2085 4782 si
2115 4733 2169 4782 et
2193 4729 2253 4782 in
2285 4728 2474 4782 animo
2505 4733 2640 4781 sunt
2667 4729 2932 4798 quaedam
2961 4727 3134 4795 bona,
3169 4724 3377 4794 quibus
3409 4724 3582 4778 etiam
3612 4740 3729 4778 non

2037 4820 2187 4871 recte
2216 4816 2301 4871 uti
2325 4816 2628 4886 possimus,
2660 4815 2757 4869 sed
2787 4814 2921 4885 quia
2936 4815 3088 4868 bona
3109 4818 3259 4880 sunt,
3282 4829 3401 4867 non
3420 4817 3731 4884 potuerunt

2038 4906 2158 4962 dari
2200 4905 2311 4959 nisi
2333 4905 2400 4959 ab
2431 4905 2528 4958 illo
2558 4921 2591 4957 a
2637 4920 2750 4974 quo
2780 4908 2913 4958 sunt
2943 4903 3137 4957 omnia
3163 4901 3342 4957 bona?
3385 4901 3551 4957 Vides
3572 4900 3728 4955 enim

2038 4999 2317 5065 quantum
2345 4993 2482 5048 boni
2505 4992 2650 5046 desit
2679 4992 2902 5062 corpori
2928 4992 3021 5046 cui
3060 4992 3267 5046 desunt
3294 5007 3520 5058 manus,
3564 4994 3622 5043 et
3649 4992 3729 5042 ta-

2038 5098 2171 5136 men
2208 5081 2474 5135 manibus
2522 5079 2671 5133 male
2718 5079 2896 5133 utitur
2926 5079 3026 5150 qui
3065 5080 3144 5134 eis
3171 5082 3439 5151 Operatur
3467 5077 3555 5132 vel
3583 5092 3730 5129 saeva

2038 5172 2124 5225 vel
2154 5169 2361 5240 turpia.
2390 5168 2520 5223 Sine
2546 5167 2786 5239 pedibus
2821 5168 3071 5240 aliquem
3119 5169 3166 5222 si
3190 5167 3489 5238 aspiceres,
3521 5164 3729 5219 fatere-

2037 5260 2115 5314 ris
2144 5260 2334 5314 deesse
2363 5256 2679 5328 integritati
2707 5258 2963 5327 corporis
3000 5256 3314 5329 plurimum
3366 5255 3585 5307 bonum
3619 5270 3632 5319 ;
3676 5258 3731 5307 et

2039 5355 2231 5403 tamen
2260 5364 2393 5402 eum
2441 5346 2542 5416 qui
2570 5346 2641 5401 ad
2671 5346 2993 5401 nocendum
3022 5345 3290 5415 cuipiam,
3342 5343 3431 5396 vel
3476 5341 3728 5411 seipsum

2039 5436 2530 5493 dehonestandum
2560 5434 2802 5505 pedibus
2841 5438 3113 5501 uteretur,
3161 5432 3309 5487 male
3354 5431 3439 5485 uti
3484 5429 3729 5502 pedibus

2101 5532 2172 5591 (α)
2210 5530 2324 5579 Vid.
2362 5532 2584 5581 Retract.
2620 5531 2710 5580 lib.
2745 5535 2792 5593 1,
2818 5545 2931 5594 cap.
2953 5533 2999 5587 9,
3030 5543 3084 5578 n.
3107 5532 3153 5578 3.
