4036 6182
411 258 430 308 1
441 256 541 306 267

405 395 525 434 non
556 391 816 447 negares.
864 374 1052 430 Oculis
1105 375 1253 428 hanc
1295 374 1480 426 lucem
1521 370 1802 439 videmus,
1859 371 2104 424 formas-

411 483 521 539 que
551 463 990 519 internoscimus
1019 477 1364 532 corporum;
1421 459 1595 530 idque
1652 463 1708 512 et
1753 457 2106 529 speciosissi-

411 570 571 608 mum
602 557 687 606 est
710 551 771 606 in
802 556 999 605 nostro
1029 565 1288 619 corpore,
1319 547 1471 602 unde
1495 547 1555 601 in
1593 547 1821 619 fastigio
1853 546 2108 618 quodam

415 641 708 713 dignitatis
752 641 875 694 haec
929 637 1189 692 membra
1230 637 1414 691 locata
1452 641 1624 704 sunt;
1659 641 1716 690 et
1745 637 1816 691 ad
1865 636 2108 689 salutem

414 731 708 797 tuendam,
759 729 1051 797 multaque
1082 725 1192 779 alia
1238 725 1366 779 vita:
1409 725 1710 779 commoda
1756 724 1929 778 refert
1975 739 2111 777 usus

416 821 738 875 oculorum:
766 816 942 870 oculis
970 820 1164 869 tamen
1191 815 1454 885 plerique
1483 815 1757 883 pleraque
1788 816 1966 883 agunt
1994 816 2114 866 tur-

415 908 582 978 piter,
617 910 673 959 et
700 921 797 958 eos
834 903 1078 957 militare
1127 907 1337 973 cogunt
1366 902 1610 956 libidini.
1655 901 1888 955 Etvides
1929 915 2114 970 quan-

418 1001 542 1050 tum
567 994 785 1048 bonum
815 991 959 1046 desit
991 991 1050 1044 in
1091 992 1254 1061 facie,
1295 991 1342 1044 si
1373 990 1523 1044 oculi
1566 990 1786 1044 desint:
1838 1006 1968 1043 cum
2014 1005 2116 1042 au-

420 1087 536 1137 tem
586 1081 812 1150 adsunt,
843 1080 972 1150 quis
1017 1081 1120 1132 hos
1153 1079 1330 1148 dedit,
1362 1079 1475 1132 nisi
1520 1079 1807 1132 bonorum
1857 1077 2120 1131 omnium

422 1168 663 1239 largitor
715 1169 906 1222 Deus?
959 1167 1454 1232 Quemadmodum
1488 1183 1623 1238 ergo
1669 1167 1779 1220 ista
1813 1167 2023 1237 probas
2061 1166 2122 1218 in

425 1273 688 1328 corpore,
714 1260 770 1310 et
813 1272 927 1310 non
967 1255 1193 1309 intuens
1237 1272 1332 1310 eos
1379 1255 1478 1327 qui
1525 1256 1670 1309 male
1719 1255 1810 1308 his
1861 1257 2121 1320 utuntur,

425 1347 626 1400 laudas
663 1345 827 1398 illum
859 1344 957 1416 qui
987 1345 1108 1398 haec
1137 1343 1293 1398 dedit
1315 1344 1505 1398 bona:
1538 1343 1617 1397 sic
1648 1343 1887 1396 liberam
1919 1343 2125 1396 volun-

429 1439 602 1488 tatem
634 1433 755 1486 sine
787 1449 900 1504 qua
931 1449 1099 1485 nemo
1136 1435 1324 1502 potest
1355 1435 1503 1485 recte
1559 1431 1764 1500 vivere,
1808 1435 2035 1502 oportet
2073 1434 2129 1484 et

429 1523 668 1588 bonum,
701 1525 758 1575 et
784 1520 1056 1574 divinitus
1083 1521 1300 1588 datum,
1333 1524 1388 1573 et
1413 1519 1605 1592 potius
1635 1537 1730 1574 eos
1774 1519 2130 1574 damnandos

435 1610 536 1682 qui
564 1610 672 1664 hoc
713 1611 863 1664 bono
907 1611 1056 1662 male
1090 1613 1347 1676 utuntur,
1388 1625 1560 1679 quam
1593 1625 1724 1663 eum
1755 1609 1854 1680 qui
1911 1607 2132 1663 dederit

435 1701 572 1754 dare
608 1715 720 1753 non
749 1699 1013 1753 debuisse
1045 1698 1293 1752 fatearis.

506 1789 595 1842 49.
630 1790 694 1841 Ε.
729 1787 890 1840 Prius
919 1802 1054 1856 ergo
1097 1787 1302 1840 vellem
1333 1791 1397 1840 ut
1428 1785 1567 1839 mihi
1595 1786 1867 1857 probares
1900 1785 2134 1856 aliquod

437 1876 655 1929 bonum
681 1891 800 1928 esse
837 1875 1079 1930 liberam
1116 1876 1493 1942 voluntatem,
1528 1879 1585 1928 et
1616 1890 1722 1946 ego
1761 1875 2134 1929 concederem

441 1965 619 2018 Deum
650 1963 808 2016 illam
840 1963 1060 2018 dedisse
1091 1963 1274 2030 nobis,
1319 1963 1456 2035 quia
1493 1963 1676 2016 fateor
1701 1979 1767 2017 ex
1801 1964 1912 2016 Deo
1942 1961 2136 2016 omnia

437 2053 592 2106 bona
611 2068 754 2106 esse.
789 2053 859 2106 A.
891 2053 1048 2105 Itane
1070 2052 1302 2106 tandem
1326 2067 1443 2104 non
1466 2050 1699 2122 probavi
1721 2050 1827 2104 tibi
1849 2054 2004 2105 tanto
2019 2066 2137 2104 mo-

438 2140 637 2194 limine
667 2140 976 2212 superioris
1004 2139 1423 2211 disputationis,
1465 2157 1595 2194 cum
1627 2156 1860 2194 omnem
1889 2141 2138 2210 speciem

439 2228 802 2299 formamque
833 2229 1086 2298 corporis
1117 2246 1148 2282 a
1177 2244 1401 2282 summa
1428 2229 1688 2283 omnium
1709 2245 1902 2283 rerum
1933 2229 2137 2295 forma,

441 2316 501 2369 id
544 2321 629 2370 est
675 2334 708 2371 a
735 2317 990 2385 veritate,
1022 2317 1327 2370 subsistere
1372 2317 1650 2386 fatereris,
1682 2321 1738 2371 et
1770 2318 1983 2372 bonum
2018 2333 2139 2371 esse

445 2405 827 2458 concederes?
857 2407 998 2458 Nam
1027 2410 1084 2459 et
1107 2406 1341 2474 capillos
1369 2411 1595 2459 nostros
1636 2411 1965 2460 numeratos
1996 2422 2136 2474 esse,

446 2489 570 2560 ipsa
599 2490 662 2542 in
691 2492 995 2562 Evangelio
1036 2493 1288 2564 loquitur
1315 2494 1531 2547 Veritas
1564 2495 1782 2563 (Matth.
1813 2512 1866 2560 x,
1918 2495 2026 2565 30).
2061 2496 2140 2548 De

449 2579 674 2632 numeri
701 2583 892 2633 autem
929 2581 1276 2648 summitate,
1314 2585 1370 2636 et
1413 2599 1443 2635 a
1473 2583 1586 2635 fine
1634 2599 1813 2654 usque
1855 2583 1926 2638 ad
1964 2583 2138 2637 ﬁnem

445 2669 817 2738 pertendente
837 2669 1112 2739 potentia,
1131 2685 1259 2739 quae
1280 2670 1451 2724 locuti
1468 2670 1766 2740 fuerimus,
1782 2671 1989 2726 excidit
2006 2671 2141 2727 tibi?

445 2757 583 2820 Quae
612 2757 788 2826 igitur
813 2757 921 2812 ista
950 2763 1035 2811 est
1071 2763 1230 2812 tanta
1259 2760 1618 2829 perversitas,
1652 2761 1884 2832 capillos
1914 2765 2140 2816 nostros

445 2845 703 2915 quamvis
728 2846 877 2899 inter
907 2847 1112 2917 exigua
1144 2852 1201 2900 et
1231 2847 1469 2901 omnino
1518 2849 1915 2920 abjectissima,
1946 2855 2140 2905 tamen

442 2933 594 2987 inter
620 2935 770 2988 bona
798 2950 1125 3004 numerare,
1173 2951 1278 2990 nec
1331 2935 1589 2991 invenire
1641 2938 1751 2991 cui
1782 2938 1999 2992 auctori
2037 2938 2139 2992 tri-

441 3021 694 3076 buantur
717 3022 828 3076 nisi
848 3023 1133 3077 bonorum
1163 3025 1423 3078 omnium
1454 3026 1735 3080 conditori
1767 3028 1903 3094 Deo,
1927 3026 2063 3097 quia
2084 3011 2140 3081 et

445 3109 694 3163 maxima
719 3115 775 3163 et
803 3109 1044 3164 minima
1065 3112 1218 3165 bona
1247 3112 1314 3166 ab
1346 3113 1444 3167 illo
1475 3119 1627 3180 sunt,
1651 3131 1685 3167 a
1709 3131 1823 3185 quo
1854 3121 1938 3169 est
1967 3131 2140 3170 omne

443 3197 697 3265 bonum;
729 3203 785 3251 et
832 3198 1092 3252 dubitare
1150 3197 1442 3255 delibera
1494 3203 1811 3270 voluntate,
1856 3204 1978 3257 sine
2027 3221 2139 3275 qua

445 3289 594 3338 recte
623 3285 737 3338 vivi
766 3301 880 3338 non
931 3303 1096 3356 posse
1143 3288 1482 3356 concedunt,
1534 3289 1705 3343 etiam
1745 3291 1845 3361 qui
1892 3291 2137 3361 pessime

441 3372 684 3426 vivunt?
706 3375 772 3427 Et
793 3378 944 3427 certe
973 3391 1128 3428 nunc
1155 3377 1456 3447 responde,
1491 3393 1706 3448 qumso,
1739 3379 1878 3449 quid
1901 3379 2138 3435 tibime-

444 3461 554 3516 lius
575 3478 695 3516 esse
725 3462 982 3518 videatur
1009 3463 1066 3518 in
1096 3464 1283 3532 nobis,
1307 3465 1429 3520 sine
1471 3483 1583 3537 quo
1615 3472 1764 3522 recte
1789 3469 1900 3522 vivi
1931 3475 2136 3540 potest,

443 3566 519 3604 an
548 3551 668 3604 sine
697 3565 812 3622 quo
850 3557 1000 3607 recte
1029 3552 1140 3606 vivi
1185 3569 1302 3607 non
1329 3559 1534 3624 potest.
1569 3558 1635 3611 E.
1671 3557 1915 3628 Jamjam
1945 3574 2134 3628 parce,

444 3655 636 3710 quaeso
662 3660 676 3707 ;
705 3641 881 3710 pudet
910 3641 1194 3697 caecitatis.
1247 3643 1382 3707 Quis
1413 3643 1568 3697 enim
1600 3645 1854 3716 ambigat
1881 3647 1938 3700 id
1968 3647 2137 3718 longe

445 3743 566 3781 esse
592 3728 976 3798 praestantius,
998 3729 1120 3783 sine
1147 3746 1259 3800 quo
1287 3735 1435 3785 recta
1456 3732 1569 3785 vita
1596 3733 1754 3787 nulla
1775 3735 1902 3788 est?
1919 3735 1986 3788 A.
2013 3736 2138 3789 Jam

443 3830 580 3885 ergo
609 3819 671 3868 tu
689 3815 920 3886 negabis
949 3817 1169 3870 luscum
1200 3817 1496 3872 hominem
1522 3825 1674 3873 recte
1710 3837 1874 3891 posse
1904 3822 2137 3877 vivere?

443 3905 513 3958 E.
544 3903 706 3969 Absit
733 3907 848 3956 tam
879 3903 1145 3957 immanis
1168 3906 1434 3959 amentia.
1464 3907 1534 3960 A.
1571 3907 1714 3961 Cum
1739 3925 1877 3978 ergo
1918 3909 1980 3963 in
2012 3927 2136 3964 cor-

443 4005 583 4059 pore
642 3991 869 4043 oculum
915 3992 1187 4046 concedas
1235 4009 1355 4046 esse
1407 3993 1644 4064 aliquod
1715 3995 1956 4067 bonum,
2021 4015 2136 4069 quo

445 4076 653 4130 amisso
680 4081 871 4131 tamen
898 4079 967 4132 ad
992 4083 1143 4133 recte
1183 4080 1487 4135 viVendum
1516 4099 1632 4136 non
1657 4082 2003 4155 impeditur;
2041 4103 2136 4141 vo-

443 4165 630 4219 luntas
658 4165 836 4220 libera
860 4166 963 4221 tibi
1003 4167 1288 4222 videbitur
1313 4170 1538 4224 nullum
1566 4170 1802 4240 bonum,
1855 4171 1976 4228 sine
2025 4191 2138 4246 qua

441 4257 592 4307 recte
623 4269 793 4308 nemo
821 4254 1008 4309 vivit?

515 4344 602 4397 50.
636 4343 880 4398 Intueris
904 4344 1056 4398 enim
1083 4345 1386 4416 justitiam,
1418 4364 1530 4419 qua
1556 4365 1728 4404 nemo
1766 4350 1916 4404 male
1940 4350 2137 4404 utitur:

443 4430 573 4484 Haec
601 4429 752 4485 inter
776 4447 997 4486 summa
1024 4433 1176 4488 bona
1205 4451 1334 4506 quae
1356 4435 1415 4489 in
1444 4436 1569 4507 ipso
1601 4442 1733 4492 sunt
1759 4438 1995 4492 homine
2026 4455 2136 4492 nu-

441 4523 716 4585 meratur,
763 4536 1075 4592 omnesque
1100 4523 1336 4578 virtutes
1365 4525 1543 4580 animi
1573 4526 1780 4598 quibus
1819 4527 1944 4597 ipsa
1985 4532 2138 4581 recta

440 4607 558 4660 vita
587 4612 643 4661 et
669 4608 911 4663 honesta
931 4615 1168 4664 constat.
1194 4613 1335 4665 Nam
1364 4628 1551 4684 neque
1598 4615 1919 4684 prudentia,
1950 4631 2136 4686 neque

442 4695 792 4765 fortitudine,
823 4712 1010 4768 neque
1039 4700 1417 4768 temperantia
1445 4703 1592 4754 male
1644 4701 1772 4772 quis
1825 4703 2041 4757 utitur:
2074 4703 2135 4757 in

441 4783 531 4837 his
560 4783 714 4837 enim
737 4785 1024 4855 omnibus,
1057 4787 1203 4841 sicut
1247 4788 1307 4842 in
1327 4788 1452 4861 ipsa
1475 4789 1647 4844 etiam
1674 4806 1847 4861 quam
1889 4796 1952 4845 tu
1981 4808 2131 4846 com-

442 4871 770 4926 memorasti
787 4872 1025 4942 justitia,
1057 4880 1207 4929 recta
1228 4877 1374 4930 ratio
1404 4877 1578 4949 viget,
1609 4877 1730 4932 sine
1757 4895 1873 4949 qua
1897 4879 2134 4934 virtutes

442 4976 563 5014 esse
593 4975 708 5014 non
754 4965 1009 5030 possunt.
1047 4964 1213 5018 Recta
1235 4969 1424 5019 autem
1449 4965 1668 5020 ratione
1688 4967 1835 5020 male
1852 4966 1937 5020 uti
1962 4983 2132 5022 nemo

441 5052 648 5119 potest.

441 5136 669 5192 CAPUT
713 5139 842 5194 XIX.
895 5169 964 5180 —
1005 5143 1153 5196 Bona
1202 5157 1422 5211 magna,
1473 5145 1727 5213 minima,
1761 5148 1812 5199 et
1838 5145 2036 5200 media.
2071 5148 2135 5201 In

913 5229 1103 5284 mediis
1131 5235 1372 5284 censetur
1412 5232 1651 5287 libertas.

512 5315 624 5368 Ista
653 5331 788 5387 ergo
808 5331 1020 5387 magna
1033 5317 1185 5371 bona
1204 5323 1338 5372 sunt
1365 5335 1379 5372 :
1402 5320 1496 5374 sed
1526 5319 1856 5375 meminisse
1878 5325 1933 5376 te
1963 5337 2132 5393 opor-

439 5406 542 5473 tet,
570 5420 686 5459 non
715 5405 900 5459 solum
929 5421 1158 5477 magna,
1191 5407 1290 5462 sed
1330 5407 1501 5462 etiam
1549 5408 1788 5463 minima
1816 5410 1965 5464 bona
2016 5427 2133 5466 non

441 5506 563 5547 esse
593 5508 778 5565 posse,
801 5493 912 5547 nisi
933 5494 1002 5548 ab
1031 5493 1131 5547 illo
1161 5512 1193 5549 a
1212 5511 1326 5566 quo
1342 5499 1474 5548 sunt
1502 5497 1697 5551 omnia
1725 5497 1896 5560 bona,
1924 5499 2031 5553 hoc
2051 5505 2137 5554 est

1500 248 1593 302 DE
1637 247 1895 302 LIBERO
1934 247 2291 314 ARBITRIO,
2336 248 2371 302 S
2433 245 2817 301 AUGUSTINI

2223 372 2358 426 Deo.
2388 371 2450 424 Id
2474 369 2629 424 enim
2661 369 2922 444 superior
2966 368 3279 440 disputatio
3311 370 3608 440 persuasit,
3629 371 3712 426 cui
3725 373 3858 429 toties

2213 464 2448 529 tamque
2477 458 2643 512 laetus
2672 473 2933 513 assensus
2963 475 3044 513 es.
3075 457 3325 513 Virtutes
3342 457 3720 530 igiturquibus
3745 469 3857 515 recte

2217 547 2444 614 vivitur,
2469 563 2679 617 magna
2707 548 3000 602 bonasunt
3031 562 3046 600 :
3080 546 3296 617 species
3309 551 3501 601 autem
3527 549 3859 618 quorumlibet

2218 650 2540 706 corporum,
2573 634 2692 717 sine
2728 634 2934 704 q'i‘mus
2963 638 3114 688 recte
3143 633 3254 688 vivi
3282 639 3486 705 potest,
3513 635 3734 689 minima
3746 638 3861 690 bona

2221 727 2352 777 sunt
2383 735 2395 776 :
2431 723 2704 794 potentias
2733 739 2864 776 vero
2893 722 3070 776 animi
3092 721 3214 778 sine
3258 723 3469 793 quibus
3488 728 3634 778 recte
3663 724 3758 778 vivi
3777 742 3861 780 non

2221 814 2429 883 potest,
2445 811 2634 865 media
2647 812 2795 866 bona
2810 816 2963 866 sunt.
2987 811 3302 867 Virtutibus
3327 827 3498 866 nemo
3531 811 3672 866 male
3696 813 3858 866 utitur:

2225 899 2440 955 caeteris
2453 904 2644 954 autem
2657 899 2840 965 bonis,
2868 897 2929 953 id
2953 902 3058 965 est,
3088 897 3293 952 mediis
3322 903 3377 952 et
3403 898 3671 966 minimis,
3693 916 3787 953 non
3803 917 3862 953 so-

2223 989 2347 1044 lum
2375 989 2540 1055 bene,
2573 987 2673 1042 sed
2701 988 2875 1041 etiam
2902 988 3050 1041 male
3081 987 3325 1058 quisque
3357 987 3443 1040 uti
3467 991 3662 1058 potest.
3694 989 3749 1040 Et
3767 987 3859 1041 ideo

2227 1077 2435 1131 virtute
2459 1093 2630 1132 nemo
2653 1078 2799 1132 male
2825 1077 3023 1144 utitur,
3050 1075 3186 1148 quia
3216 1093 3360 1148 opus
3379 1075 3600 1130 virtutis
3627 1081 3703 1130 est
3722 1075 3860 1128 bonus

2229 1183 2367 1221 usus
2396 1166 2658 1235 istorum,
2705 1165 2913 1238 quibus
2956 1165 3127 1219 etiam
3158 1182 3274 1220 non
3317 1165 3463 1222 bene
3492 1164 3576 1218 uti
3603 1181 3861 1234 possumus.

3754 257 3855 308 1'268

2235 1256 2413 1310 Nemo
2427 1259 2619 1309 autem
2631 1255 2775 1309 bene
2790 1255 3003 1310 utendo
3017 1255 3164 1309 male
3179 1253 3374 1308 utitur.
3385 1255 3570 1318 Quare
3584 1253 3863 1306 abundantia

2235 1343 2636 1416 etmagnitudo
2647 1343 2918 1399 bonitatis
2934 1344 3032 1398 Dei
3048 1359 3167 1398 non
3184 1344 3373 1398 solum
3393 1359 3622 1414 magna,
3641 1342 3726 1396 sed
3743 1342 3864 1395 etiam

2235 1433 2424 1487 media
2453 1437 2507 1487 et
2536 1431 2775 1488 minima
2799 1433 2951 1488 bona
2981 1448 3099 1487 esse
3128 1432 3411 1504 praestitit.
3447 1432 3618 1501 Magis
3646 1430 3866 1484 laudanda

2238 1525 2322 1576 est
2349 1522 2571 1578 bonitas
2596 1522 2718 1592 ejus
2747 1521 2806 1575 in
2835 1521 3061 1592 magnis
3111 1537 3286 1592 quam
3323 1521 3386 1575 in
3415 1519 3636 1586 mediis,
3661 1523 3712 1573 et
3735 1518 3865 1588 magis

2238 1610 2299 1665 in
2327 1609 2534 1664 mediis
2564 1625 2738 1682 quam
2767 1609 2827 1664 in
2852 1609 3106 1664 minimis
3131 1609 3325 1664 bonis:
3352 1609 3457 1664 sed
3477 1608 3652 1680 magis
3671 1608 3722 1661 in
3740 1606 3868 1660 omni-

2239 1700 2343 1754 bus
2371 1715 2545 1770 quam
2571 1699 2618 1752 si
2649 1715 2762 1753 non
2796 1699 2992 1753 omnia
3020 1699 3333 1753 tribuisset.

2314 1785 2408 1836 51.
2447 1781 2520 1835 E.
2549 1781 2866 1836 Assentior.
2899 1781 3006 1836 Sed
3026 1781 3168 1834 illud
3199 1797 3292 1834 me
3321 1785 3536 1850 movet,
3566 1778 3798 1851 quoniam
3822 1776 3866 1829 de

2243 1871 2423 1924 libera
2467 1871 2756 1924 voluntate
2787 1870 3026 1941 quaestio
3052 1874 3154 1936 est,
3213 1874 3269 1923 et
3301 1870 3559 1924 videmus
3586 1869 3744 1940 ipsam
3769 1867 3866 1920 bene

2243 1960 2328 2015 uti
2365 1960 2582 2014 cmteris
2610 1960 2698 2013 vel
2731 1975 2846 2013 non
2876 1960 3041 2026 bene,
3075 1960 3370 2030 quomodo
3430 1964 3488 2013 et
3518 1960 3634 2030 ipsa
3660 1959 3783 2012 inter
3804 1954 3868 2008 illa

2244 2048 2451 2120 quibus
2472 2048 3060 2102 utimurnumeranda
3079 2048 3169 2104 sit.
3185 2048 3258 2103 A.
3283 2048 3582 2113 Quomodo
3606 2047 3769 2102 omnia
3780 2062 3865 2118 qua

2248 2138 2315 2191 ad
2364 2137 2661 2191 scientiam
2704 2136 3118 2207 cognoscimus,
3149 2136 3374 2191 ratione
3419 2136 3794 2208 cognoscimus,
3833 2137 3868 2185 et

2247 2231 2440 2280 tamen
2485 2225 2658 2280 etiam
2715 2226 2838 2296 ipsa
2891 2225 3037 2280 ratio
3090 2226 3189 2280 illa
3245 2232 3581 2281 numeratur
3647 2240 3755 2296 qua:
3808 2238 3868 2275 ra-

2248 2315 2402 2368 tione
2431 2313 2844 2385 coguoscimus.
2875 2317 2964 2368 An
2995 2314 3203 2369 oblitus
3245 2332 3324 2382 es,
3367 2331 3497 2369 cum
3557 2327 3868 2386 quaereremus

2250 2421 2377 2474 qua:
2403 2405 2626 2457 ratione
2653 2408 3088 2474 cognoscantur,
3121 2403 3451 2457 confessum
3488 2408 3541 2456 te
3571 2403 3723 2457 fuisse
3747 2400 3865 2453 etiam

2249 2492 2530 2546 rationem
2552 2491 2774 2546 ratione
2793 2491 3091 2563 cognosci?
3115 2491 3240 2545 Noli
3260 2508 3401 2563 ergo
3433 2491 3620 2546 mirari
3646 2489 3686 2542 si
3711 2487 3866 2542 caeteris

2248 2596 2351 2652 per
2378 2580 2614 2635 liberam
2646 2581 2998 2634 voluntatem
3027 2580 3265 2650 utimur,
3299 2581 3474 2635 etiam
3504 2580 3621 2650 ipsa
3643 2578 3789 2633 libera
3807 2589 3868 2626 vo-

2248 2671 2466 2724 luntate
2495 2685 2599 2740 per
2615 2685 2740 2722 eam
2771 2668 2952 2739 ipsam
2982 2669 3066 2723 uti
3093 2686 3198 2723 nos
3214 2686 3388 2740 posse
3405 2687 3418 2737 ;
3437 2674 3500 2724 ut
3523 2663 3865 2741 quodammodo

2249 2775 2307 2812 se
2334 2758 2455 2829 ipse
2505 2761 2698 2812 utatur
2726 2759 2986 2812 voluntas
3025 2774 3154 2829 qum
3194 2758 3380 2812 utitur
3411 2757 3640 2821 caeteris,
3670 2755 3784 2808 sicut
3806 2767 3865 2804 se-

2247 2847 2430 2918 ipsam
2463 2845 2750 2917 cognoscit
2781 2845 2942 2913 ratio,
2976 2863 3104 2917 quae
3135 2846 3430 2917 cognoscit
3468 2851 3522 2900 et
3548 2851 3742 2900 caetera.
3769 2842 3863 2895 Nam

2249 2941 2304 2991 et
2330 2937 2609 2990 memoria
2639 2952 2754 2989 non
2786 2936 2970 2989 solum
3004 2940 3210 2989 caetera
3248 2936 3470 3002 omnia,
3513 2951 3632 3007 quae
3668 2928 3864 2986 memini-

2248 3040 2376 3078 mus
2405 3023 2836 3095 comprehendit
2861 3041 2874 3091 ;
2899 3025 2994 3078 sed
3008 3024 3180 3078 etiam
3209 3025 3369 3095 quod
3406 3040 3522 3078 non
3552 3017 3856 3077 obliviscimur

2247 3129 2351 3167 nos
2379 3113 2589 3167 habere
2609 3112 2970 3180 memoriam,
2995 3112 3119 3184 ipsa
3135 3128 3193 3166 se
3222 3113 3504 3166 memoria
3522 3104 3859 3184 quodammodo

2247 3205 2402 3255 tenet
2432 3201 2490 3255 in
2524 3202 2704 3268 nobis,
2738 3218 2867 3272 quae
2902 3218 3017 3255 non
3050 3203 3236 3256 solum
3291 3203 3558 3270 aliorum,
3611 3198 3694 3253 sed
3739 3194 3854 3249 etiam

2247 3291 2335 3344 sui
2365 3289 2644 3357 meminit,
2679 3291 2766 3344 vel
2803 3291 2994 3361 potius
3032 3307 3136 3346 nos
3187 3294 3244 3346 et
3271 3296 3481 3347 caetera
3508 3295 3562 3345 et
3601 3289 3754 3360 ipsam
3789 3295 3855 3352 per

2246 3379 2429 3451 ipsam
2453 3377 2839 3434 meminimus.

2319 3472 2404 3523 52.
2436 3468 2704 3522 Voluntas
2726 3484 2861 3538 ergo
2893 3485 3022 3539 quas
3061 3461 3319 3523 medium
3338 3469 3554 3524 bonum
3577 3470 3664 3531 est,
3693 3460 3854 3518 cumin~

2246 3557 2428 3611 haeret
2451 3557 2906 3612 incommutabili
2935 3557 3109 3628 bono,
3138 3558 3306 3628 eique
3335 3556 3622 3612 communi
3655 3568 3746 3608 non
3765 3563 3852 3620 pro-

2244 3645 2390 3716 prio,
2426 3645 2588 3701 sicuti
2626 3651 2711 3700 est
2751 3646 2850 3701 illa
2890 3647 2960 3701 de
2991 3663 3106 3718 qua
3133 3646 3386 3701 multum
3428 3645 3598 3701 locuti
3626 3655 3798 3704 sumus,
3817 3641 3851 3687 εἰ

2245 3733 2390 3788 nihil
2422 3734 2593 3804 digne
2625 3735 2891 3801 diximus,
2927 3735 3162 3802 veritas;
3195 3739 3354 3789 tenet
3383 3736 3554 3789 homo
3586 3733 3770 3787 beatam
3798 3723 3850 3775 vi-

2244 3826 2396 3877 tam:
2431 3839 2611 3892 eaque
2640 3822 2764 3893 ipsa
2790 3823 2903 3877 vita
2933 3823 3120 3891 beata,
3151 3823 3210 3877 id
3253 3827 3340 3876 est
3380 3821 3554 3877 animi
3588 3817 3767 3874 affectio
3793 3812 3850 3865 in-

2243 3911 2514 3965 haerentis
2543 3911 2996 3966 incommutabili
3026 3912 3201 3980 bono,
3253 3914 3550 3984 proprium
3583 3916 3634 3964 et
3673 3906 3849 3978 primum

2245 4005 2328 4055 est
2357 3999 2604 4054 hominis
2633 4000 2870 4054 bonum.
2905 4002 2969 4055 In
2987 4016 3053 4056 eo
3084 4007 3217 4056 sunt
3247 4002 3427 4056 etiam
3456 4001 3674 4056 virtutes
3697 4005 3850 4050 omnes,

2244 4089 2454 4160 quibus
2482 4090 2630 4143 male
2656 4089 2742 4143 uti
2767 4105 2936 4144 nemo
2965 4094 3166 4160 potest.
3202 4091 3347 4145 Nam
3368 4092 3490 4146 haec
3533 4083 3754 4161 quamvis
3773 4093 3850 4132 ma-

2243 4177 2445 4248 gnain
2499 4177 2732 4232 homine
2781 4182 2836 4232 et
2889 4179 3076 4249 prima
3130 4179 3264 4245 sint,
3319 4179 3548 4250 propria
3593 4181 3752 4231 tamen
3773 4178 3850 4251 εἶξε

2244 4246 2686 4330 uniuscujusque
2716 4246 2984 4326 hominis,
3030 4275 3144 4313 non
3185 4246 3531 4326 communia,
3563 4255 3679 4311 satis
3705 4246 3850 4338 intelli-

2243 4347 2418 4418 gitur.
2447 4347 2689 4402 Veritate
2720 4347 2875 4402 enim
2906 4351 3076 4419 atque
3107 4347 3409 4418 sapientia,
3451 4362 3574 4418 quas
3612 4346 3851 4398 communis

2243 4440 2328 4490 est
2379 4435 2666 4502 omnibus,
2720 4451 2918 4489 omnes
2961 4435 3243 4507 sapientes
3283 4440 3340 4490 et
3365 4434 3517 4490 beati
3550 4433 3695 4494 ﬁunt,
3727 4425 3849 4479 inhw'

2242 4525 2422 4579 rendo
2451 4525 2554 4579 illi.
2583 4525 2941 4580 Beatitudine
2971 4530 3162 4580 autem
3185 4526 3417 4580 alterius
3443 4520 3674 4579 hominis
3697 4529 3786 4571 non
3812 4509 3851 4562 lil

2242 4613 2384 4668 alter
2410 4613 2608 4668 beatus
2636 4630 2650 4680 ;
2683 4613 2818 4684 quia
2852 4618 2908 4668 et
2935 4630 3066 4668 cum
3112 4631 3245 4668 eum
3273 4614 3530 4668 imitatur
3558 4616 3615 4664 ut
3654 4607 3730 4670 sit,
3765 4598 3850 4692 inde

2242 4702 2461 4774 appetit
2490 4703 2690 4757 beatus
2721 4701 2846 4758 ﬁeri
2878 4703 3028 4758 unde
3055 4702 3220 4758 illum
3251 4703 3461 4758 factum
3498 4700 3657 4764 videt,
3684 4695 3761 4748 illa
3783 4702 3849 4740 SCI-

2242 4792 2372 4846 licet
2419 4791 2876 4847 incommutabili
2932 4792 3340 4865 communique
3414 4790 3657 4845 veritate.
3713 4782 3848 4846 Neque

2240 4879 2546 4951 prudentia
2566 4880 2902 4952 cujusquam
2933 4881 3000 4934 ﬁt
3029 4881 3279 4951 prudens
3307 4879 3472 4946 alius,
3503 4882 3596 4931 aut
3620 4869 3756 4928 fortis

2242 4967 2508 5035 titudine,
2528 4973 2624 5023 aut
2651 4973 2976 5040 temperans
2988 4969 3384 5040 temperantia,
3400 4973 3495 5023 aut
3499 4955 3848 5040 justusjllslitl'c1

2240 5056 2490 5110 hominis
2519 5038 3417 5128 alteriusquisquam—efﬁcitur;
3469 5055 3562 5110 sed
3606 5038 3849 5118 coaptalld0

2240 5145 2497 5199 animum
2527 5144 2610 5198 illi
2639 5145 3204 5201 iucommutabilibus
3245 5147 3456 5217 regulis
3504 5137 3849 5199 luminibusque

2238 5233 2536 5301 virtutum,
2559 5250 2689 5306 quae
2718 5233 3232 5306 incorruptibiliter
3260 5235 3454 5290 vivunt
3471 5233 3528 5287 in
3550 5231 3660 5301 ipsa
3676 5219 3849 5316 veritati

2241 5303 2633 5394 sapientiaque
2662 5303 2973 5387 communi,
3007 5322 3216 5394 quibus
3245 5332 3300 5379 et
3321 5324 3414 5378 ille
3433 5315 3688 5391 coeptantit
3705 5303 3850 5404 ei?“

2243 5412 2520 5478 animum,
2555 5428 2727 5483 quem
2749 5412 2870 5466 istis
2901 5411 3206 5468 virtutibus
3235 5412 3531 5486 praeditum
3559 5404 3654 5461 sibi
3677 5399 3734 5454 ad
3758 5399 3845 5447 iml'

2239 5500 2477 5554 tandum
2510 5501 2825 5572 proposuit.
