4008 6184
165 274 191 323 ί
212 272 311 323 269

242 394 333 445 53.
369 389 643 445 Voluntas
664 404 801 459 ergo
830 387 1130 443 adhaerens
1147 389 1439 443 communi
1469 392 1641 461 atque
1660 388 1865 443 incom-

159 477 443 532 mutabili
497 477 668 538 bono,
716 476 985 547 impetrat
1013 476 1201 546 prima
1244 482 1302 531 et
1348 493 1559 547 magna
1616 476 1865 531 hominis

148 566 339 632 bona,
370 581 500 618 cum
531 564 655 635 ipsa
676 563 749 617 sit
779 564 1031 618 medium
1053 565 1339 635 quoddam
1376 566 1614 619 bonum.
1652 566 1864 619 Volun-

139 658 249 708 tas
271 659 466 708 autem
500 670 696 707 aversa
730 654 803 707 ab
826 652 1277 707 incommutabili
1302 658 1356 707 et
1379 654 1672 707 communi
1692 653 1860 719 bono,

141 747 217 798 et
246 758 518 797 conversa
548 743 615 797 ad
630 742 929 813 proprium
957 742 1195 807 bonum,
1220 746 1319 795 aut
1360 741 1433 795 ad
1465 741 1734 808 exterius,
1766 746 1865 795 aut

144 832 230 886 ad
281 830 541 896 inferius,
587 835 802 900 peccat.
837 831 922 885 Ad
970 829 1270 900 proprium
1320 828 1689 893 convertitur,
1731 845 1863 883 cum

146 937 285 974 suae
314 919 613 989 potestatis
657 919 780 973 vult
826 935 984 985 esse;
1035 919 1103 972 ad
1135 918 1401 983 exterius,
1436 934 1567 972 cum
1615 917 1862 972 aliorum

140 1008 416 1079 propria,
449 1008 537 1061 vel
576 1024 952 1079 quaecumque
982 1007 1053 1061 ad
1098 1023 1156 1061 se
1204 1024 1317 1061 non
1343 1006 1658 1077 pertinent,
1685 1022 1859 1077 cogo-

139 1113 315 1151 scere
338 1096 558 1163 studet;
618 1096 689 1150 ad
738 1096 1000 1162 inferius,
1051 1111 1180 1149 cum
1206 1096 1559 1165 voluptatem
1601 1094 1860 1165 corporis

140 1186 371 1257 diligit:
416 1191 589 1256 atque
629 1185 709 1238 ita
737 1185 910 1239 homo
941 1184 1239 1255 superbus,
1274 1188 1328 1237 et
1357 1184 1630 1245 curiosus,
1688 1192 1745 1236 et
1773 1184 1857 1237 la-

140 1275 343 1328 scivus
372 1274 626 1337 effectus,
660 1273 939 1345 excipitur
968 1273 1037 1326 ab
1075 1271 1187 1326 alia
1217 1271 1351 1339 vita,
1382 1287 1510 1342 qua:
1539 1271 1599 1325 in
1621 1287 1857 1341 compa-

138 1364 376 1417 ratione
419 1361 728 1434 superioris
760 1362 890 1416 vitae
919 1377 1073 1415 mors
1103 1365 1221 1427 est;
1263 1376 1392 1430 quae
1421 1365 1612 1414 tamen
1641 1358 1861 1430 regitur

138 1450 653 1506 administratione
681 1449 887 1505 divina:
910 1448 1296 1520 providentiae,
1340 1464 1467 1519 quae
1487 1448 1753 1517 congruis
1774 1463 1857 1501 se-

137 1541 322 1595 dibus
372 1540 603 1594 ordinat
633 1536 840 1599 omnia,
880 1544 937 1591 et
966 1553 1068 1606 pro
1100 1535 1318 1589 meritis
1365 1552 1467 1589 sua
1500 1534 1707 1605 cuique
1737 1535 1852 1589 dis-

138 1629 376 1683 tribuit.
402 1630 483 1682 Ita
513 1627 577 1681 ﬁt
604 1632 669 1680 ut
697 1642 883 1697 neque
930 1625 1029 1679 illa
1049 1624 1213 1677 ‘bona
1242 1639 1370 1694 quas
1417 1640 1450 1676 a
1490 1621 1855 1692 peccantibus

134 1719 529 1784 appetuntur,
559 1714 676 1767 ullo
703 1713 875 1766 modo
898 1713 1048 1765 mala
1071 1712 1203 1777 sint,
1235 1727 1421 1782 neque
1448 1711 1571 1781 ipsa
1587 1711 1851 1765 voluntas

138 1803 353 1866 libera,
383 1817 555 1872 quam
575 1801 635 1854 in
656 1800 823 1855 bonis
842 1799 1184 1871 quibusdam
1205 1799 1409 1853 mediis
1432 1799 1851 1853 numerandam

136 1907 276 1946 esse
307 1889 725 1960 comperimus;
756 1889 853 1943 sed
884 1888 1103 1941 malum
1140 1887 1212 1941 sit
1251 1886 1467 1941 aversio
1499 1888 1621 1957 ejus
1650 1888 1722 1941 ab
1767 1887 1851 1941 in-

134 1978 545 2034 commutabili
572 1978 745 2043 bono,
790 1981 845 2031 et
887 1975 1179 2030 conversio
1208 1976 1280 2029 ad
1323 1975 1624 2029 mutabilia
1656 1977 1847 2030 bona:

135 2086 282 2140 qua:
307 2072 497 2122 tamen
527 2065 743 2120 aversio
775 2071 945 2135 atque
974 2064 1285 2129 conversio,
1310 2064 1582 2135 quoniam
1612 2081 1729 2118 non
1759 2081 1849 2119 eo-

130 2158 323 2228 gitur,
348 2156 447 2210 sed
478 2160 563 2209 est
591 2154 931 2220 voluntaria,
966 2153 1142 2223 digna
1174 2156 1231 2207 et
1256 2153 1413 2223 justa
1442 2169 1569 2207 eam
1602 2153 1848 2208 miseriae

132 2262 318 2317 poena
346 2243 736 2314 subsequitur.

218 2334 445 2388 CAPUT
478 2334 583 2387 ΧΧ.
608 2362 676 2371 -—
706 2335 792 2386 Ea:
822 2332 936 2385 Deo
963 2346 1070 2385 non
1098 2336 1177 2386 est
1205 2336 1378 2386 motus
1408 2332 1519 2399 ille,
1546 2346 1649 2401 quo
1676 2346 1773 2386 vo-

355 2424 539 2477 luntas
578 2421 646 2474 ab
687 2420 1114 2474 incommutabili
1162 2420 1293 2473 bono
1340 2421 1625 2474 avertitur.

214 2512 299 2564 54.
335 2509 443 2564 Sed
472 2512 534 2562 tu
556 2508 795 2562 fortasse
815 2500 1160 2577 quaesiturus
1182 2523 1263 2577 es,
1284 2506 1558 2578 quoniam
1581 2510 1846 2561 movetur

130 2599 402 2653 voluntas
449 2612 581 2650 cum
611 2612 668 2649 se
707 2594 910 2649 avertit
953 2596 1023 2649 ab
1052 2595 1515 2650 incommutabili
1563 2596 1715 2650 bono
1772 2597 1840 2651 ad

129 2685 417 2741 mutabile
444 2685 683 2749 bonum,
716 2684 868 2738 unde
891 2682 943 2736 ei
964 2682 1070 2737 iste
1100 2688 1291 2737 motus
1312 2683 1513 2737 existat
1539 2684 1683 2754 ~,_qui
1714 2700 1844 2753 pro-

128 2776 287 2830 fecto
321 2773 507 2827 malus
536 2776 641 2841 est,
672 2770 1173 2826 tametsivoluntas
1203 2772 1400 2839 libera,
1430 2772 1566 2842 quia
1587 2772 1713 2826 sine
1744 2772 1843 2826 illa

136 2879 248 2918 nec
306 2866 456 2915 recte
511 2860 625 2915 vivi
679 2864 887 2931 potest,
948 2860 1009 2913 in
1056 2859 1221 2914 bonis
1262 2860 1622 2915 numeranda
1660 2860 1751 2914 sit.
1783 2861 1842 2915 Si

137 2950 299 3006 enim
326 2954 515 3004 motus
541 2950 668 3015 iste,
718 2949 777 3003 id
809 2953 894 3003 est
929 2948 1145 3002 aversio
1185 2948 1493 3003 voluntatis
1533 2965 1566 3001 a
1597 2948 1839 3003 Domino

134 3042 276 3105 Deo,
306 3038 427 3092 sine
459 3036 815 3093 dubitatione
860 3041 1156 3107 peccatum
1200 3041 1303 3103 est,
1350 3052 1490 3091 num
1537 3052 1839 3107 possumus

134 3132 431 3183 auctorem
468 3126 685 3196 peccati
735 3127 916 3180 Deum
967 3124 1201 3180 dicere?
1244 3126 1365 3179 Non
1412 3124 1521 3179 erit
1566 3141 1701 3195 ergo
1732 3125 1837 3180 iste

133 3221 327 3271 motus
360 3232 427 3269 ex
458 3216 590 3269 Deo.
629 3214 787 3268 Unde
816 3213 992 3283 igitur
1020 3212 1173 3267 erit?
1202 3214 1285 3267 Ita
1315 3213 1594 3284 quaerenti
1621 3213 1747 3283 tibi,
1789 3214 1835 3267 si

128 3304 512 3375 respondeam
542 3301 760 3357 nescire
793 3317 906 3368 me,
934 3301 1171 3356 fortasse
1202 3300 1312 3355 eris
1342 3301 1595 3356 tristior:
1628 3302 1727 3356 sed
1757 3306 1836 3357 ta-

131 3409 272 3447 men
309 3407 439 3445 vera
486 3389 907 3461 responderim.
958 3390 1098 3445 Sciri
1128 3388 1282 3444 enim
1315 3406 1430 3443 non
1460 3394 1649 3460 potest
1678 3391 1832 3461 quod

127 3481 279 3536 nihil
328 3485 431 3535 est.
480 3480 564 3533 Tu
592 3478 1120 3548 tantum"pietatem
1148 3478 1545 3532 inconcussam
1573 3483 1725 3543 tene,
1769 3483 1833 3532 ut

127 3569 356 3624 nullum
400 3566 503 3622 tibi
536 3567 755 3621 bonum
785 3567 873 3620 vel
900 3565 1191 3634 sentienti,
1231 3566 1319 3619 vel
1351 3565 1712 3634 intelligenti,
1744 3568 1829 3621 vel

129 3674 367 3729 quoquo
399 3656 567 3710 modo
599 3655 875 3725 cogitanti
898 3658 1155 3709 occurrat
1175 3654 1331 3724 quod
1353 3670 1469 3707 non
1499 3652 1570 3707 sit
1600 3669 1665 3707 ex
1692 3655 1825 3710 Deo.

131 3748 219 3801 Ita
248 3745 405 3799 enim
442 3744 604 3798 nulla
632 3748 839 3798 natura
867 3742 1112 3797 occurrit
1155 3757 1285 3813 quas
1315 3757 1433 3796 non
1464 3742 1537 3795 sit
1578 3757 1643 3795 ex
1690 3743 1823 3796 Deo.

1633 265 1845 323 LIBER
1884 266 2208 321 TERTIUS.

3542 268 3677 319 1270

1976 389 2218 444 Omnem
2260 387 2472 459 quippe
2503 401 2626 439 rem
2667 385 2767 439 ubi
2807 401 3133 439 mensuram
3179 390 3235 441 et
3277 403 3585 443 numerum
3614 395 3671 445 et

1973 477 2237 531 ordinem
2266 474 2494 541 videris,
2527 476 2642 528 Deo
2674 472 2873 527 artifici
2922 474 3173 528 tribuere
3233 491 3304 531 ne
3355 478 3655 532 cunctaris.

1975 566 2132 619 Unde
2160 568 2353 619 autem
2374 564 2480 617 ista
2510 562 2734 633 penitus
2760 562 3091 629 detraxeris,
3124 563 3271 617 nihil
3303 565 3539 619 omnino
3574 582 3664 620 re-

1970 652 2226 707 manebit
2252 669 2266 706 :
2299 652 2435 722 quia
2464 650 2567 704 etsi
2596 650 2932 703 remanserit
2962 652 3152 722 aliqua
3195 652 3396 706 formae
3428 653 3666 723 alicujus

1968 740 2279 806 inchoatio,
2304 738 2402 793 ubi
2432 755 2617 809 neque
2648 754 2979 793 mensuram
3012 755 3198 809 neque
3229 757 3538 796 numerum
3571 760 3665 796 ne-

1972 846 2082 899 que
2116 829 2377 882 ordinem
2430 826 2704 893 invenias,
2764 827 2896 897 quia
2953 827 3300 899 ubicumque
3343 829 3451 883 ista
3507 836 3662 893 sunt,

1966 916 2150 970 forma
2182 916 2428 986 perfecta
2478 919 2589 981 est;
2627 920 2850 985 oportet
2896 916 3119 969 auferas
3162 918 3334 971 etiam
3364 918 3547 988 ipsam
3576 920 3668 972 in-

1966 1005 2330 1059 choationem
2362 1005 2576 1070 formae,
2606 1020 2733 1074 quas
2766 1009 3039 1071 tanquam
3087 1006 3348 1059 materies
3397 1007 3465 1061 ad
3496 1008 3663 1076 perti-

1966 1093 2230 1148 ciendum
2277 1093 2568 1162 subjacere
2616 1092 2840 1146 videtur
2872 1093 3092 1149 artifici.
3153 1094 3211 1147 Si
3258 1094 3413 1149 enim
3459 1096 3659 1150 formae

1963 1181 2234 1253 perfectio
2263 1182 2479 1235 bonum
2511 1186 2611 1246 est,
2662 1183 3005 1235 nonnullum
3052 1183 3175 1251 jam
3207 1184 3422 1237 bonum
3470 1189 3556 1238 est
3609 1189 3664 1239 et

1960 1273 2161 1327 formae
2184 1271 2492 1327 inchoatio.
2538 1272 2642 1337 Ita,
2691 1272 2940 1325 detracto
2999 1273 3225 1343 penitus
3275 1275 3430 1327 omni
3482 1275 3655 1341 bono,

1964 1377 2079 1414 non
2109 1360 2343 1430 quidem
2376 1359 2661 1425 nonnihil,
2698 1360 2797 1413 sed
2828 1360 3063 1415 omnino
3094 1362 3237 1415 nihil
3264 1364 3585 1418 remanebit
3615 1366 3654 1417 ί.

1962 1449 2142 1504 Omne
2186 1453 2381 1502 autem
2409 1449 2628 1501 bonum
2667 1464 2735 1500 ex
2768 1449 2881 1501 Deo
2907 1464 2919 1502 :
2980 1450 3137 1502 nulla
3168 1466 3305 1519 ergo
3335 1455 3541 1505 natura
3571 1457 3657 1506 est

1961 1553 2091 1608 qua:
2119 1552 2238 1591 non
2268 1536 2341 1591 sit
2370 1553 2431 1590 ex
2466 1538 2606 1591 Deo.
2647 1537 2828 1590 Motus
2857 1552 2989 1605 ergo
3013 1536 3107 1589 ille
3140 1537 3469 1605 aversionis,
3502 1540 3655 1608 quod

1958 1626 2209 1680 fatemur
2239 1642 2359 1679 esse
2377 1630 2696 1695 peccatum,
2720 1623 2991 1694 quoniam
3010 1624 3318 1678 defectivus
3340 1630 3529 1680 motus
3550 1631 3652 1690 est,

1960 1715 2146 1768 omnis
2174 1718 2365 1768 autem
2396 1714 2647 1768 defectus
2700 1729 2764 1767 ex
2805 1712 2983 1766 nihilo
3037 1717 3140 1777 est,
3175 1712 3297 1767 vide
3328 1730 3441 1783 quo
3486 1714 3659 1783 perti-

1958 1807 2110 1870 neat,
2140 1808 2195 1857 et
2226 1803 2298 1856 ad
2320 1804 2501 1856 Deum
2528 1818 2647 1855 non
2676 1800 2965 1871 pertinere
2996 1817 3066 1854 ne
3096 1801 3318 1855 dubites
3347 1801 3388 1853 ³.
3428 1801 3537 1864 Qui
3567 1808 3653 1856 ta-

1956 1908 2091 1945 men
2120 1890 2369 1945 defectus
2400 1889 2675 1959 quoniam
2707 1893 2791 1943 est
2837 1888 3208 1951 voluntarius,
3258 1889 3317 1942 in
3348 1894 3541 1943 nostra
3569 1895 3655 1945 est

1954 1980 2174 2050 positus
2198 1982 2498 2050 potestate.
2524 1978 2582 2032 Si
2612 1977 2769 2031 enim
2799 1980 2967 2032 times
2997 1978 3180 2043 illum,
3207 1982 3432 2048 oportet
3462 1982 3525 2032 ut
3552 1994 3654 2033 no-

1956 2069 2052 2136 lis;
2079 2069 2125 2122 si
2148 2073 2339 2122 autem
2364 2068 2530 2134 nolis,
2573 2083 2691 2121 non
2721 2067 2843 2122 erit.
2865 2067 3010 2131 Quid
3040 2083 3175 2137 ergo
3199 2067 3451 2121 securius
3478 2084 3651 2137 quam

1957 2174 2078 2213 esse
2104 2157 2163 2210 in
2195 2172 2262 2210 ea
2284 2155 2418 2221 vita,
2452 2155 2553 2210 ubi
2584 2172 2698 2209 non
2729 2155 2909 2224 possit
2927 2154 3032 2208 tibi
3064 2154 3320 2208 invenire
3349 2156 3501 2225 quod
3538 2172 3654 2209 non

1952 2247 2035 2302 vis
2054 2246 2081 2299 ?
2105 2246 2215 2301 Sed
2240 2244 2516 2316 quoniam
2548 2259 2663 2298 non
2693 2243 2837 2298 sicut
2875 2243 3048 2297 homo
3092 2247 3291 2313 sponte
3319 2243 3539 2310 cecidit,
3573 2244 3652 2298 ita

1952 2336 2122 2391 etiam
2146 2335 2361 2404 {sponte
2386 2349 2619 2403 surgere
2653 2336 2873 2402 potest;
2911 2336 3232 2401 porrectam
3276 2331 3441 2386 nobis
3479 2333 3646 2387 desu-

1953 2440 2059 2494 per
2087 2423 2381 2476 dexteram
2416 2420 2536 2487 Dei,
2579 2420 2637 2474 id
2669 2430 2753 2473 est
2800 2420 3107 2473 Dominum
3150 2423 3411 2473 nostrum
3458 2420 3650 2473 Jesum

1962 2512 2270 2578 Christum,
2314 2510 2427 2564 ﬁde
2466 2508 2634 2563 ﬁrma
2682 2512 2978 2562 teneamus
3010 2508 3102 2576 (a),
3156 2511 3213 2560 et
3264 2511 3649 2578 exspectemus

1951 2604 2106 2653 certa
2136 2614 2256 2667 spe,
2288 2602 2344 2652 et
2377 2597 2652 2651 charitate
2688 2596 2912 2650 ardenti
2964 2595 3371 2649 desideremus.
3405 2595 3463 2650 Si
3511 2597 3647 2666 quid

1949 2692 2143 2741 autem
2154 2687 2221 2741 de
2234 2686 2454 2756 origine
2468 2684 2683 2756 peccati
2707 2684 3036 2755 diligentius
3068 2686 3440 2755 quaerendum
3462 2688 3647 2742 adhuc

1950 2781 2118 2845 putas
2146 2776 2297 2843 (nam
2331 2777 2566 2827 omnino
2594 2788 2699 2841 ego
2722 2773 2843 2842 jam
2873 2789 3016 2842 opus
3046 2788 3166 2825 esse
3197 2789 3311 2827 non
3350 2774 3642 2846 arbitror):

1950 2864 1997 2917 si
2023 2862 2161 2934 quid
2195 2867 2389 2916 tamen
2414 2866 2601 2931 putas,
2634 2860 2693 2914 in
2724 2861 2894 2914 aliam
2922 2860 3366 2931 disputationem
3388 2861 3646 2916 differen-

1951 2952 2089 3006 dum
2121 2955 2223 3005 est.
2242 2954 2308 3007 E.
2342 2952 2561 3021 Sequor
2589 2965 2725 3003 sane
2748 2950 3099 3004 voluntatem
3129 2953 3308 3017 tuam,
3334 2954 3397 3003 ut
3415 2951 3473 3003 in
3497 2955 3643 3004 tem-

1947 3056 2055 3111 pus
2084 3039 2261 3106 aliud,
2294 3039 2447 3110 quod
2480 3038 2610 3092 hinc
2639 3038 2903 3101 moverit,
2936 3037 3289 3092 differamus.
3331 3040 3473 3092 Nam
3500 3038 3642 3093 illud

1946 3128 2053 3182 tibi
2097 3144 2211 3182 non
2256 3127 2652 3193 concesserim,
2702 3131 2770 3181 ut
2810 3126 2946 3180 satis
2990 3126 3112 3197 jam
3164 3126 3297 3181 inde
3322 3127 3640 3198 quaesitum

1944 3221 2130 3286 putes.

2010 3395 2023 3426 ί
2052 3393 2174 3441 Mss.
2200 3393 2434 3455 plerique
2451 3398 2511 3456 et~
2522 3394 2844 3456 antiquiores
2868 3392 3124 3456 editiones
3144 3397 3323 3442 carent
3341 3393 3632 3456 bisgverbis,

1938 3466 2049 3503 non
2071 3454 2287 3516 quidem
2318 3454 2591 3513 nonnihil,
2623 3454 2730 3512 sed,
2768 3469 2886 3517 quae
2916 3455 3002 3503 hic
3022 3468 3294 3504 servamus
3324 3468 3387 3503 ex
3414 3454 3540 3503 Lov.

2003 3535 2024 3568 ²
2045 3534 2169 3581 Bad.
2189 3538 2240 3582 et
2257 3535 2340 3581 Er.
2360 3534 2555 3582 omissa
2578 3534 2861 3595 negatione
2876 3533 3089 3591 habent,
3110 3533 3179 3581 ad
3198 3536 3361 3582 Deum
3368 3533 3636 3596 pertinere

1937 3607 2047 3644 non
2068 3596 2299 3658 dubites.
2318 3596 2533 3658 Pinguis
2554 3608 2716 3653 error,
2743 3596 2831 3657 qui
2862 3609 2925 3643 ex
2956 3596 3076 3643 Mss.
3103 3598 3154 3644 et
3181 3595 3293 3658 ipso
3310 3595 3637 3645 ex’contextu

1938 3658 2194 3705 sermonis
2223 3656 2493 3706 refellitur.

2000 3754 2078 3817 (a)
2102 3754 2218 3810 Vid.
2250 3755 2475 3803 Retract.
2503 3753 2592 3803 lib.
2618 3758 2663 3813 1,
2690 3766 2803 3817 cap.
2830 3755 2878 3813 9,
2912 3766 2964 3803 n.
2999 3756 3044 3802 4.

1200 4016 1712 4139 LIBER
1804 4016 2561 4141 TERTIUS.
3123 4050 3141 4075 ‘

200 4249 259 4295 In
289 4245 671 4317 quoquaeritur
694 4244 837 4316 unde
858 4243 946 4293 ille
967 4247 1144 4317 motus
1163 4242 1355 4317 existat
1376 4256 1480 4314 quo
1510 4243 1756 4314 voluntas
1776 4244 2277 4317 abincommut‘ab‘ili
2298 4244 2438 4317 bono
2463 4243 2716 4317 deflectit;
2734 4257 3003 4317 an_s_ecum
3032 4243 3257 4290 invicem
3286 4241 3635 4317 pugnentpei

136 4301 468 4372 prmscienti'a
494 4308 557 4357 de
586 4307 861 4372 hominum
894 4306 1138 4372 peccatis,
1158 4309 1222 4372 et
1248 4301 1529 4372 hominum
1572 4306 1890 4372 ipsorum_in
1927 4306 2191 4367 peccando
2216 4305 2449 4372 libertas.
2481 4306 2602 4372 Mox
2632 4301 2926 4372 ostenditur
2962 4301 3302 4372 nequaquam
3323 4301 3385 4351 id’
3406 4301 3635 4372 Creatori

132 4366 501 4439 deputandum
528 4370 670 4439 quod
700 4368 756 4439 in
786 4366 1027 4417 creatura
1052 4366 1270 4439 fieri
1292 4380 1502 4439 necesse
1526 4366 1622 4426 est,
1656 4371 1713 4415 ut
1742 4366 2019 4439 voluntate
2028 4366 2523 4439 _peccantium_ﬁat;
2553 4370 2623 4439 et.
2646 4381 2857 4439 prorsus
2879 4368 2941 4439 de
2976 4370 3247 4439 creaturas,
3276 4378 3394 4439 quae
3425 4366 3635 4439 peccato

129 4424 365 4481 obnoxia
395 4432 478 4488 sit,
506 4424 852 4494 productione
877 4443 948 4494 ac
969 4428 1585 4494 suppliciolaudandum
1612 4424 1743 4494 Lesse
1784 4430 1968 4477 Deum.
2004 4424 2135 4477 Hinc
2174 4429 2237 4476 ad
2270 4428 2489 4494 originis
2513 4424 2675 4494 "vitia:
2690 4430 2937 4494 perducta
2965 4424 3319 4494 disputatione
3345 4424 3637 4494 declaretur

132 4486 585 4557 quemadmodum
617 4506 679 4541 ea
703 4492 841 4540 haud
876 4486 1155 4557 injuste-in
1181 4490 1307 4539 Adae
1338 4490 1918 4557 poste_ros_demanent;
1946 4495 2106 4557 utque
2136 4486 2490 4557 propter—haec
2518 4490 2631 4554 ipsa
2662 4486 2921 4540 immerito
2942 4486 3218 4552 peccantes
3244 4486 3636 4537 excusationem

134 4552 465 4605 obtendant:
498 4555 745 4618 deinceps
774 4566 901 4603 vero
927 4552 1263 4602 difﬁcultates
1293 4552 1566 4602 nOnnullaa
1590 4552 1694 4639 huc
1726 4552 2043 4615 pertinentes
2071 4552 2386 4602 enodantur.

126 4800 358 4858 CAPUT
388 4802 683 4857 PRIMUM.
718 4831 786 4842 —
822 4802 969 4857 Unde
997 4803 1072 4856 sit
1110 4806 1283 4857 motus
1329 4802 1421 4856 ille
1450 4816 1552 4869 quo
1583 4802 1833 4857 voluntas

493 4891 725 4958 deﬂectit
754 4891 820 4945 ab
854 4891 1284 4945 incommutabili
1327 4891 1478 4944 bono.

210 4982 256 5032 1.
286 4980 348 5033 Ε.
390 4977 673 5041 Quoniam
726 4978 863 5032 satis
920 4976 1064 5031 mihi
1111 4978 1481 5031 manifestum
1533 4981 1636 5044 est,
1685 4977 1835 5031 inter

129 5068 304 5127 bona,
334 5069 391 5118 et
420 5081 487 5119 ea
531 5064 768 5135 quidem
800 5082 914 5119 non
945 5065 1207 5132 minima,
1256 5066 1673 5120 numerandam
1715 5082 1835 5119 esse

138 5155 384 5210 liberam
412 5151 784 5217 voluntatem,
802 5168 867 5205 ex
890 5168 1003 5221 quo
1021 5152 1194 5206 etiam
1222 5152 1388 5206 fateri
1418 5153 1681 5223 cogimur
1710 5170 1838 5207 eam

133 5240 412 5299 divinitus
443 5240 636 5294 datam
662 5255 802 5306 esse,
832 5240 1071 5310 darique
1100 5240 1449 5311 oportuisse:
1474 5242 1595 5311 jam
1644 5242 1690 5296 si
1735 5258 1836 5312 op-

130 5334 449 5404 portunum
478 5328 785 5396 existimas,
818 5327 985 5398 cupio
1036 5345 1139 5399 per
1191 5335 1245 5384 te
1300 5346 1639 5401 cognoscere
1686 5333 1836 5385 unde

132 5420 233 5475 ille
280 5422 469 5473 motus
522 5416 742 5484 existat,
808 5433 922 5489 quo
978 5416 1107 5487 ipsa
1161 5419 1420 5473 voluntas
1477 5419 1752 5473 avertitur
1805 5435 1837 5472 a

136 5506 431 5562 communi
454 5511 631 5578 atque
651 5505 1110 5563 incommutabili
1130 5505 1303 5574 bono,
1324 5510 1380 5563 et
1409 5508 1479 5563 ad
1490 5507 1723 5579 propria
1749 5508 1835 5561 vel

1947 4801 2134 4855 aliena
2162 4802 2249 4855 vel
2278 4801 2500 4867 intima,
2532 4804 2701 4868 atque
2723 4796 2914 4850 omnia
2943 4794 3374 4849 commutabilia
3400 4810 3635 4849 conver-

1947 4888 2085 4944 titur
2113 4888 2318 4945 bona‘.
2343 4892 2419 4943 Α.
2444 4887 2591 4952 Quid
2609 4885 2764 4941 enim
2786 4900 2924 4956 opus
2950 4889 3035 4939 est
3063 4884 3172 4939 hoc
3195 4883 3337 4938 scire
3355 4885 3385 4937 ?
3414 4886 3476 4938 E.
3496 4884 3638 4948 Quia

1946 4977 1994 5031 si
2023 4978 2103 5032 ita
2131 4978 2262 5033 data
2283 4982 2386 5042 est,
2419 4981 2478 5030 ut
2499 4976 2821 5029 naturalem
2852 4974 3056 5028 habeat
3071 4972 3243 5027 istum
3260 4975 3502 5036 motum,
3516 4971 3637 5041 jam

1919 5067 2279 5135 ,necessitate
2311 5065 2381 5119 ad
2421 5065 2544 5119 haec
2577 5061 2961 5128 convertitur;
2995 5078 3180 5133 neque
3205 5062 3319 5115 ulla
3340 5060 3507 5128 culpa
3544 5058 3637 5112 de-

1943 5154 2221 5225 prehendi
2242 5156 2447 5224 potest,
2477 5152 2574 5206 ubi
2593 5156 2798 5205 natura
2831 5149 3252 5221 necessitasque
3282 5145 3633 5203 dominatur.

1945 5247 2021 5297 A.
2053 5244 2313 5297 Placetne
2335 5240 2439 5295 tibi
2461 5241 2567 5295 iste
2589 5245 2795 5303 motus,
2820 5256 2892 5293 an
2912 5238 3219 5309 displicet?
3246 5240 3311 5292 E.
3345 5233 3630 5304 Displicet.

1945 5335 2021 5385 Α.
2077 5330 2464 5402 Reprehendis
2493 5346 2630 5400 ergo
2679 5345 2829 5384 eum.
2894 5330 2959 5384 E.
3014 5327 3215 5397 Utique
3255 5320 3632 5393 reprehendo.

2010 5455 2026 5487 ι
2048 5452 2170 5562 Ἰέεε
2192 5453 2315 5500 Mss.
2331 5488 2343 5509 ,
2366 5453 2531 5515 atque
2550 5453 2767 5501 omnino
2791 5446 3190 5501 commutabilia
3208 5445 3540 5496 convertitur
3555 5442 3633 5492 bo-

2010 5529 2033 5562 :.
2108 5522 2235 5562 eote.

1946 5527 2033 5563 na.
2063 5522 2235 5563 ﬂecte.
