4036 6182
351 237 477 289 12⁸71

349 357 428 410 Α.
475 349 864 422 Reprehendis
911 348 1089 419 igitur
1131 347 1309 401 animi
1347 350 1569 400 motum
1614 343 2041 413 inculpabilem.

350 445 416 498 E.
452 437 864 509 Inculpabilem
917 435 1093 491 animi
1138 440 1363 488 motum
1391 449 1509 487 non
1537 433 1918 503 reprehendo,
1950 431 2045 485 sed

354 529 543 586 nescio
573 543 647 581 an
676 527 794 580 ulla
841 525 1007 595 culpa
1045 523 1136 590 sit,
1169 522 1363 576 relicto
1395 521 1848 575 incommutabili
1897 521 2046 574 bono

354 621 426 673 ad
455 612 881 672 commutabilia
912 610 1181 666 converti.
1213 611 1285 664 A.
1319 609 1708 681 Reprehendis
1739 625 1874 679 ergo
1898 607 2048 679 quod

354 701 560 755 nescis.
581 703 647 754 E.
688 699 817 754 Noli
845 699 1016 753 verbo
1052 714 1345 769 premere:
1379 698 1458 752 ita
1496 698 1652 752 enim
1685 697 1815 752 dixi.
1854 697 2050 751 Nescio

357 806 431 844 an
461 789 578 843 ulla
605 789 771 859 culpa
794 788 886 854 sit,
919 792 984 841 ut
1010 786 1257 857 intelligi
1284 786 1566 841 voluerim
1587 786 1707 840 sine
1736 786 1909 840 dubio
1932 786 2049 839 cul-

357 894 491 949 pam
519 894 662 932 esse.
705 878 846 930 Nam
874 877 984 930 hoc
1014 877 1188 930 verbo
1237 875 1390 945 quod
1446 874 1584 944 dixi,
1637 874 1856 940 Nescio,
1919 873 2051 927 satis

357 968 610 1038 profecto
639 965 791 1019 irrisi
821 963 1239 1019 dubitationem
1269 964 1337 1018 de
1368 979 1430 1016 re
1461 962 1772 1016 manifesta.
1816 963 1886 1016 A.
1917 961 2052 1015 Vide

359 1056 499 1127 quid
531 1056 602 1109 sit
633 1053 946 1108 certissima
993 1053 1217 1120 veritas,
1269 1068 1398 1122 quae
1448 1056 1502 1104 te
1548 1051 1732 1121 coegit
1771 1056 1890 1104 tam
1941 1050 2050 1104 cito

361 1143 613 1200 oblivisci
664 1143 818 1214 quod
846 1143 1015 1212 paulo
1046 1145 1175 1195 ante
1205 1141 1413 1195 dixisti.
1464 1139 1522 1194 Si
1552 1140 1704 1192 enim
1733 1145 1940 1192 natura
1966 1138 2054 1191 vel

361 1231 690 1288 necessitate
733 1231 836 1285 iste
890 1235 1078 1284 motus
1134 1229 1341 1298 existit,
1396 1227 1694 1298 culpabilis
1749 1243 1868 1281 esse
1898 1227 2055 1280 nullo

361 1325 525 1393 pacto
555 1324 782 1391 potest:
829 1323 892 1372 tu
924 1334 1056 1372 vero
1089 1333 1210 1372 esse
1235 1316 1581 1386 culpabilem
1625 1315 1705 1369 ita
1728 1315 2056 1368 ﬁrmissime

361 1418 543 1477 tenes,
574 1413 638 1463 ut
667 1407 1081 1464 dubitationem
1111 1407 1180 1460 de
1218 1406 1324 1459 hac
1348 1421 1408 1459 re
1438 1410 1557 1459 tam
1586 1409 1738 1458 certa
1766 1405 1939 1458 etiam
1977 1403 2056 1456 ir-

364 1498 665 1553 ridendam
693 1495 1001 1566 putaveris.
1034 1495 1146 1548 Cur
1184 1510 1318 1564 ergo
1349 1493 1452 1547 tibi
1499 1494 1586 1546 vel
1633 1492 2055 1558 afﬁrmandum,

367 1587 455 1640 vel
482 1590 634 1639 certe
667 1601 796 1638 cum
821 1583 1014 1654 aliqua
1036 1582 1390 1636 dubitatione
1421 1581 1723 1636 dicendum
1744 1580 1928 1635 visum
1951 1585 2057 1648 est,

365 1675 521 1746 quod
570 1673 865 1744 perspicue
907 1672 1112 1726 falsum
1157 1687 1277 1724 esse
1325 1669 1447 1739 ipse
1496 1669 1828 1724 convincis?
1859 1669 2061 1723 Dixisti

368 1763 559 1818 enim:
592 1761 650 1815 Si
687 1761 766 1814 ita
804 1760 936 1814 data
969 1763 1051 1813 est
1080 1759 1342 1812 voluntas
1371 1758 1573 1824 libera,
1635 1763 1697 1812 ut
1739 1758 2061 1811 naturalem

366 1850 576 1904 habeat
603 1848 777 1902 istum
798 1852 1040 1913 motum,
1072 1847 1193 1916 jam
1220 1847 1552 1901 necessitate
1600 1847 1670 1900 ad
1698 1847 1820 1900 haec
1836 1861 2064 1900 convcr-

365 1935 506 1989 titur
529 1953 541 2002 ;
573 1951 760 2005 neque
780 1936 898 1988 ulla
923 1936 1092 2004 culpa
1114 1935 1470 2004 deprehendi
1488 1939 1694 2006 potest,
1730 1934 1831 1989 ubi
1857 1939 2064 1988 natura

370 2022 786 2094 necessitasque
815 2024 1161 2078 dominatur.
1196 2024 1360 2078 Nullo
1381 2024 1549 2078 modo
1581 2029 1773 2077 autem
1803 2022 2064 2077 dubitare

370 2113 616 2167 debuisti
648 2129 766 2166 non
812 2129 931 2166 esse
962 2112 1044 2167 ita
1081 2113 1290 2177 datam,
1345 2113 1574 2182 quando
1612 2112 1787 2166 istum
1845 2116 2066 2166 motum

373 2201 716 2271 culpabilem
744 2217 865 2255 esse
893 2218 1009 2254 non
1042 2201 1295 2256 dubitas.
1333 2203 1398 2254 E.
1435 2202 1548 2270 Ego
1597 2201 1785 2271 ipsum
1844 2205 2066 2255 motum

371 2289 716 2358 culpabilem
747 2289 885 2356 dixi,
908 2294 965 2342 et
993 2289 1122 2344 ideo
1153 2288 1298 2343 mihi
1324 2289 1641 2360 displicere,
1673 2294 1729 2343 et
1757 2291 2068 2360 reprehen-

375 2377 629 2431 dendum
649 2393 769 2431 esse
789 2377 1050 2432 dubitare
1072 2393 1186 2430 non
1204 2393 1439 2447 possum
1465 2377 1746 2431 :animam
1780 2395 1913 2431 vero
1937 2395 2066 2449 qua“:

375 2465 483 2520 isto
511 2470 674 2519 motu
713 2466 782 2519 ab
825 2465 1285 2520 incommutabili
1315 2466 1466 2520 bono
1518 2466 1584 2519 ad
1643 2467 2070 2520 commutabilia

375 2553 717 2617 detrahitur,
745 2571 891 2624 nego
919 2569 1040 2608 esse
1071 2554 1434 2625 culpandam,
1467 2554 1514 2608 si
1547 2555 1668 2625 ejus
1706 2557 1911 2609 natlﬂ‘a
1941 2555 2069 2610 talis

377 2645 481 2709 est,
511 2647 574 2696 ut
603 2659 669 2696 eo
701 2642 1018 2696 necessario
1043 2648 1360 2697 moveatur.

449 2733 502 2786 2.
530 2732 601 2786 Α.
633 2732 803 2802 Cujus
833 2735 919 2785 est
953 2731 1057 2785 iste
1089 2736 1298 2798 motus,
1349 2746 1522 2802 quem
1552 2730 1805 2800 profecto
1836 2732 2070 2803 culpan-

379 2819 518 2873 dum
539 2835 660 2872 esse
692 2817 996 2872 concedis?
1017 2821 1079 2872 E.
1102 2820 1165 2871 In
1190 2819 1381 2872 animo
1414 2834 1547 2872 eum
1565 2819 1751 2886 video,
1785 2821 1881 2875 sed
1909 2823 2071 2892 cujus

379 2907 454 2961 sit
475 2906 682 2962 nescio.
711 2909 789 2962 Α.
824 2905 1112 2977 Numquid
1143 2922 1318 2976 negas
1365 2923 1431 2961 eo
1463 2911 1621 2960 motu
1656 2908 1915 2962 animum
1947 2926 2069 2963 mo-

376 2995 547 3048 veri?
579 2998 641 3049 E.
678 2995 804 3048 Non
829 2998 1092 3065 nego.A.
1118 2995 1299 3065 Negas
1331 3011 1466 3066 ergo
1497 3000 1721 3049 motum
1752 3014 1864 3067 quo
1887 3014 2074 3052 move-

379 3088 473 3136 tur
489 3083 655 3152 lapis,
686 3086 908 3136 motum
940 3099 1059 3136 esse
1079 3083 1286 3152 lapidis
1307 3081 1333 3135 ?
1361 3084 1556 3154 Neque
1588 3084 1744 3138 enim
1767 3085 1927 3138 illum
1949 3086 2072 3140 dico

383 3175 627 3238 motum,
667 3185 781 3240 quo
819 3185 946 3223 eum
987 3187 1090 3232 nos
1114 3187 1431 3236 movemus,
1469 3173 1554 3224 vel
1577 3173 1769 3242 aliqua
1806 3173 1859 3225 vi
1887 3173 2074 3226 aliena

383 3264 664 3324 movetur,
686 3257 861 3311 veluti
890 3273 1020 3312 cum
1063 3257 1125 3311 in
1154 3260 1360 3312 coelum
1383 3260 1610 3328 jacitur,
1643 3261 1740 3315 sed
1786 3277 1919 3315 eum
1959 3278 2072 3332 quo

383 3346 454 3400 ad
477 3350 688 3400 terram
713 3349 855 3400 nutu
881 3362 982 3399 suo
1009 3345 1192 3415 vergit
1219 3351 1275 3400 et
1310 3346 1479 3402 cadit.
1513 3350 1578 3401 E.
1635 3349 1758 3402 Non
1801 3349 2071 3420 equidem

382 3449 531 3504 nego
561 3439 780 3488 motum
809 3450 923 3504 quo
952 3433 1032 3488 ita
1061 3439 1124 3488 ut
1144 3433 1282 3488 dicis
1311 3434 1636 3501 inclinatur,
1689 3441 1747 3491 et
1784 3437 1901 3491 ima
1927 3439 2077 3508 petit

383 3527 626 3583 motum,
681 3539 802 3576 esse
828 3522 1048 3593 lapidis,
1108 3523 1204 3576 sed
1252 3525 1591 3578 naturalem.
1627 3525 1684 3579 Si
1737 3530 1932 3580 autem
1970 3527 2076 3581 hoc

384 3609 554 3663 modo
586 3609 758 3663 etiam
781 3609 944 3664 illum
962 3613 1180 3664 motum
1200 3610 1371 3664 habet
1387 3611 1598 3678 anima,
1626 3613 1878 3683 profecto
1903 3613 2075 3669 etiam

382 3697 505 3769 ipse
536 3697 812 3752 naturalis
841 3703 956 3766 est;
983 3714 1088 3753 nec
1117 3715 1182 3752 ex
1228 3715 1293 3752 eo
1336 3700 1489 3770 quod
1517 3701 1852 3756 naturaliter
1879 3718 2078 3758 move-

383 3789 498 3851 tur,
520 3790 670 3840 recte
686 3787 1000 3855 vituperari
1023 3792 1242 3858 potest:
1267 3789 1400 3859 quia
1421 3789 1644 3843 etiamsi
1669 3791 1739 3844 ad
1761 3792 2075 3860 perniciem

385 3877 666 3939 movetur,
705 3879 925 3928 naturae
955 3879 1146 3928 tamen
1181 3892 1299 3930 suae
1329 3877 1661 3931 necessitate
1691 3879 2074 3948 compellitur.

385 3963 560 4014 Porro
581 3961 716 4030 quia
742 3961 917 4014 istum
945 3966 1166 4016 motum
1193 3979 1308 4017 non
1337 3963 1665 4018 dubitamus
1687 3982 1806 4019 esse
1828 3968 2077 4038 culpabi-

385 4048 520 4115 lem,
555 4049 889 4102 omnimodo
944 4051 1274 4121 negandum
1322 4056 1407 4106 est
1453 4069 1572 4106 esse
1623 4056 1977 4123 naturalem;
2022 4062 2078 4112 et

384 4137 512 4190 ideo
543 4153 659 4190 non
688 4143 773 4191 est
801 4137 1003 4192 similis
1049 4138 1134 4193 illi
1160 4141 1341 4194 motui
1371 4157 1483 4212 quo
1514 4143 1850 4196 naturaliter
1883 4161 2074 4200 move-

384 4231 480 4279 tur
518 4226 683 4295 lapis.
730 4228 808 4280 A.
850 4227 1156 4297 Egimusne
1187 4229 1403 4299 aliquid
1435 4231 1825 4302 superioribus
1855 4233 2076 4288 duabus

385 4311 907 4382 disputationibus?
933 4317 1000 4368 Ε.
1029 4314 1260 4384 Egimus
1284 4332 1438 4370 sane.
1471 4319 1546 4370 A.
1583 4317 1760 4372 Credo
1786 4335 1920 4390 ergo
1952 4337 2098 4376 me-,

385 4402 618 4456 minisse
651 4407 726 4468 te,
759 4401 822 4455 in
859 4401 1046 4471 prima
1085 4402 1465 4472 disputatione
1495 4405 1628 4458 satis
1659 4421 1779 4461 esse
1811 4424 2072 4478 comper-

384 4493 530 4556 tum,
571 4490 731 4544 nulla
776 4506 836 4543 re
882 4489 1008 4544 ﬁeri
1058 4496 1312 4545 mentem
1368 4508 1586 4546 servam
1631 4493 1901 4563 libidinis,
1964 4497 2074 4550 nisi

383 4578 618 4648 propria
647 4579 936 4633 voluntate
970 4580 1174 4649 (supra,
1209 4580 1302 4633 lib.
1340 4583 1386 4646 1,
1420 4596 1538 4648 cap.
1578 4585 1663 4648 11,
1694 4599 1750 4636 n.
1776 4584 1864 4654 2-1)
1893 4601 1904 4638 :
1937 4601 2072 4639 nam

385 4681 572 4733 neque
602 4682 634 4719 a
658 4667 969 4737 superiore,
993 4683 1181 4738 neque
1207 4667 1275 4720 ab
1297 4667 1504 4738 aequali
1527 4683 1652 4720 eam
1673 4685 1835 4738 posse
1867 4672 1937 4726 ad
1966 4672 2071 4727 hoc

385 4753 630 4808 dedecus
657 4753 804 4824 cogi,
837 4755 972 4825 quia
998 4755 1275 4824 injustum
1307 4761 1421 4822 est;
1457 4771 1646 4828 neque
1679 4757 1748 4811 ab
1777 4758 2070 4828 inferiore,

385 4842 522 4914 quia
549 4858 666 4896 non
690 4847 896 4912 potest.
921 4844 1111 4898 Restat
1140 4843 1396 4916 igiturgut
1421 4845 1543 4914 ejus
1575 4844 1646 4898 sit
1668 4847 1938 4916 proprius
1968 4848 2073 4903 iste

383 4936 590 4994 motus,
615 4947 728 5002 quo
751 4932 978 4986 fruendi
1008 4933 1356 4987 voluntatem
1381 4933 1451 4987 ad
1479 4938 1801 4988 creaturam
1831 4951 1864 4988 a
1902 4936 2073 4990 Crea-

376 5025 505 5075 tore
536 5020 852 5075 convertit:
894 5021 993 5091 qui
1032 5026 1220 5076 motus
1252 5021 1299 5074 si
1328 5023 1510 5092 culpae
1552 5022 1859 5092 deputatur
1905 5025 2072 5096 (unde

384 5108 484 5180 qui
511 5108 747 5174 dubitat,
789 5107 1052 5162 irrisione
1085 5108 1292 5179 dignus
1329 5109 1433 5164 tibi
1465 5109 1616 5163 visus
1648 5113 1774 5179 est),
1824 5128 1942 5166 non
1990 5119 2074 5168 est

383 5195 582 5268 utique
603 5195 898 5263 naturalis,
931 5197 1029 5251 sed
1057 5197 1440 5267 voluntarius;
1470 5198 1532 5252 in
1562 5215 1743 5270 eoque
1765 5200 1968 5255 similis
1989 5206 2073 5256 est

380 5285 466 5340 illi
490 5286 678 5342 motui
706 5302 822 5358 quo
853 5287 1121 5340 deorsum
1142 5302 1335 5341 versus
1355 5287 1499 5356 lapis
1520 5288 1718 5354 fertur,
1753 5289 1902 5360 quod
1929 5289 2072 5344 sicut

382 5374 486 5428 iste
514 5375 780 5446 proprius
810 5375 915 5446 esti
932 5375 1156 5446 lapidis,
1189 5374 1267 5428 sic
1296 5375 1391 5429 ille
1419 5375 1634 5430 animi:
1658 5382 2071 5433 verumtamem

382 5461 441 5516 in
471 5479 538 5518 eo
569 5463 878 5531 dissimilis,
919 5464 1073 5535 quod
1113 5464 1172 5517 in
1227 5468 1508 5535 potestate
1556 5480 1673 5518 non
1712 5467 1883 5521 habet
1927 5467 2071 5537 lapis

1439 226 1533 280 DE
1574 224 1833 278 LIBERO
1873 221 2230 288 ARBITRIO,
2272 221 2327 275 S.
2369 217 2755 274 AUGUSTINI
3724 217 3864 267 1272

2152 341 2415 396 cohibere
2443 343 2665 394 motum
2678 355 2791 412 quo
2815 339 2994 393 fertur
3013 338 3281 404 inferius;
3313 338 3542 392 animus
3557 355 3698 394 vero
3719 340 3865 394 dum

2153 447 2271 484 non
2299 431 2439 497 vult,
2481 445 2602 483 non
2630 428 2709 483 ita
2757 433 3039 494 movetur,
3074 431 3140 480 ut
3178 426 3567 497 superioribus
3615 428 3866 482 desertis

2152 518 2426 572 inferiora
2472 515 2770 587 deligat‘;
2823 520 2879 570 et
2924 515 3053 569 ideo
3099 514 3278 586 lapidi
3320 516 3598 570 naturalis
3645 521 3735 570 est
3775 516 3866 571 ille

2155 611 2366 672 motus,
2389 606 2581 660 animo
2604 622 2734 659 vero
2763 606 2862 656 ista
2895 603 3277 658 voluntarius.
3318 604 3458 658 Hinc
3485 609 3571 658 est
3597 605 3767 675 quod
3797 606 3870 658 la-

2155 696 2350 766 pidem
2379 694 2424 748 si
2451 694 2580 765 quis
2605 693 2752 747 dicat
2780 709 3034 763 peccare,
3070 692 3224 763 quod
3245 693 3498 764 pondere
3533 710 3641 746 suo
3677 694 3870 748 tendit

2155 783 2214 836 in
2246 781 2466 847 intima,
2500 796 2616 834 non
2649 779 2834 834 dicam
2875 779 2997 850 ipso
3036 778 3224 848 lapide
3275 779 3559 849 stolidior,
3592 780 3703 833 sed
3732 798 3868 850 pro-

2155 871 2301 926 fecto
2334 870 2568 924 demens
2591 867 2916 938 judicatur:
2958 866 3215 920 animum
3245 883 3377 921 vero
3407 868 3628 938 peccati
3663 871 3867 938 argui-

2157 975 2305 1025 mus,
2339 974 2469 1012 cum
2508 973 2641 1010 eum
2674 955 3064 1011 convincimus
3097 955 3487 1026 superioribus
3519 957 3774 1010 desertis
3808 959 3870 1009 ad

2157 1047 2464 1102 fruendum
2492 1045 2761 1099 inferiora
2789 1060 3145 1114 praeponere.
3182 1045 3508 1113 Propterea,
3534 1045 3684 1115 quid
3719 1062 3868 1115 opus

2160 1139 2244 1190 est
2286 1149 2542 1206 qumrere
2585 1133 2734 1187 unde
2776 1132 2880 1186 iste
2919 1135 3111 1185 motus
3155 1131 3377 1198 existat,
3437 1149 3551 1202 quo
3594 1134 3874 1186 voluntas

2163 1222 2434 1277 avertitur
2456 1222 2524 1274 ab
2554 1219 3014 1274 incommutabili
3043 1219 3193 1272 bono
3227 1219 3296 1272 ad
3328 1220 3750 1274 commutabile
3784 1221 3878 1274 bo-

2163 1328 2323 1378 num,
2359 1326 2489 1364 cum
2519 1325 2650 1364 eum
2675 1308 2904 1363 nonnisi
2935 1307 3132 1375 animi,
3167 1312 3222 1361 et
3261 1308 3683 1372 voluntarium,
3720 1316 3783 1362 et
3809 1310 3874 1363 ob

2162 1400 2270 1454 hoc
2315 1399 2660 1470 culpabilem
2710 1415 2832 1453 esse
2869 1399 3182 1466 fateamur;
3223 1398 3524 1470 omnisque
3557 1399 3630 1453 de
3675 1400 3792 1453 hac
3820 1417 3878 1453 re

2165 1488 2463 1558 disciplina
2490 1487 2646 1541 utilis
2677 1488 2748 1542 ad
2774 1487 2834 1541 id
2863 1488 3064 1553 valeat,
3103 1489 3164 1539 ut
3213 1504 3278 1541 eo
3326 1493 3485 1541 motu
3536 1487 3878 1559 improbata

2165 1582 2335 1648 atque
2391 1577 2662 1644 cohibito,
2719 1578 3073 1631 voluntatem
3129 1581 3380 1630 nostram
3435 1577 3506 1630 ad
3560 1577 3881 1630 fruendum

2168 1666 2516 1737 sempiterno
2573 1667 2744 1734 bono,
2794 1683 2828 1737 a_
2885 1666 3050 1736 lapsu
3097 1665 3508 1736 temporalium
3576 1672 3886 1720 converta~

2169 1772 2299 1810 mus
2332 1757 2411 1826 (a)
2433 1757 2461 1810 ?

2242 1848 2292 1899 3.
2321 1845 2396 1898 E.
2431 1843 2626 1911 Video,
2649 1846 2705 1898 et
2732 1841 3180 1913 quodammodo,
3208 1843 3409 1913 'tango,
3453 1847 3508 1896 et
3538 1847 3717 1896 teneo
3752 1859 3886 1897 vera

2173 1949 2293 1987 esse
2324 1948 2451 2004 qua:
2481 1932 2617 1986 dicis
2644 1948 2656 1986 :
2682 1948 2796 1985 non
2821 1931 2974 1985 enim
3010 1931 3325 2002 quidquam
3357 1936 3474 1984 tam
3501 1931 3675 1985 ﬁrme
3709 1937 3882 2002 atque

2171 2020 2370 2074 intime
2402 2021 2603 2088 sentio,
2623 2037 2798 2092 quam
2828 2037 2919 2074 me
2941 2021 3152 2074 habere
3178 2021 3552 2086 voluntatem,
3578 2038 3773 2091 eaque
3795 2038 3886 2074 me

2172 2110 2388 2164 moveri
2414 2111 2487 2165 ad
2525 2109 2742 2181 aliquid
2778 2110 3122 2176 fruendum;
3158 2109 3296 2180 quid
3337 2114 3529 2162 autem
3560 2127 3770 2164 meum
3804 2112 3886 2164 di-

2174 2215 2318 2265 cam,
2338 2215 2570 2269 prorsus
2590 2216 2706 2253 non
2722 2198 2972 2266 invenio,
2998 2199 3044 2252 si
3074 2199 3332 2252 voluntas
3355 2214 3468 2268 qua
3498 2201 3629 2252 volo
3668 2205 3731 2253 et
3754 2202 3889 2253 nolo

2175 2303 2292 2341 non
2323 2291 2406 2341 est
2435 2303 2592 2341 mea:
2628 2293 2976 2358 quapropter
3003 2286 3094 2340 cui
3125 2286 3492 2340 tribuendum
3514 2293 3622 2351 est,
3661 2288 3715 2340 si
3748 2288 3889 2358 quid

2174 2391 2279 2446 per
2302 2375 2460 2429 illam
2477 2376 2623 2429 male
2653 2375 2818 2442 facio,
2855 2375 2966 2429 nisi
2995 2375 3138 2429 mihi
3159 2379 3186 2429 ‘3
3200 2377 3338 2430 Cum
3358 2374 3508 2428 enim
3523 2375 3724 2428 bonus
3742 2376 3890 2428 Deus

2179 2480 2269 2518 me
2309 2463 2526 2529 fecerit,
2560 2480 2663 2518 nec
2687 2464 2833 2518 bene
2865 2463 3081 2535 aliquid
3107 2464 3312 2517 faciam
3346 2462 3458 2517 nisi
3481 2480 3588 2533 per
3616 2465 3891 2518 volunta-

2178 2557 2318 2621 tem,
2351 2552 2418 2606 ad
2447 2552 2554 2605 hoc
2580 2551 2774 2623 potius
2801 2553 2991 2607 datam
3023 2569 3146 2607 esse
3179 2569 3210 2606 a
3248 2553 3397 2607 bono
3423 2554 3561 2618 Deo,
3597 2554 3746 2606 satis
3791 2570 3892 2623 ap-

2179 2645 2356 2712 paret.
2404 2641 2584 2694 Motus
2614 2645 2806 2695 autem
2837 2657 2950 2712 quo
2984 2641 3096 2694 huc
3125 2646 3220 2695 aut
3257 2641 3393 2702 illuc
3434 2641 3707 2694 voluntas
3756 2658 3893 2695 con-

2179 2729 2435 2799 vertitur,
2467 2728 2574 2782 nisi
2604 2729 3136 2797 essetvoluntarius,
3168 2733 3338 2802 atque
3358 2731 3419 2783 in
3436 2734 3636 2783 nostra
3656 2731 3894 2800 pesitus

2180 2822 2480 2889 potestate,
2508 2833 2696 2888 neque
2725 2818 3044 2873 laudandus
3075 2834 3206 2872 cum
3229 2819 3296 2872 ad
3331 2818 3654 2888 superiora,
3693 2835 3889 2890 neque

2181 2906 2492 2976 culpandus
2539 2906 2712 2960 homo
2765 2911 2911 2961 esset
2953 2922 3085 2960 cum
3133 2907 3204 2960 ad
3254 2907 3530 2961 inferiora
3577 2907 3894 2978 detorquet

2183 2995 2344 3067 quasi
2375 2995 2680 3066 quemdam
2706 2995 2997 3050 cardinem
3028 2995 3373 3062 voluntatis;
3416 3012 3609 3066 neque
3641 2998 3890 3050 omnino

2182 3084 2503 3138 monendus
2559 3075 2704 3138 esset
2741 3088 2805 3138 ut
2850 3084 2970 3137 istis
3001 3085 3270 3155 neglectis
3307 3089 3521 3138 aeterna
3562 3086 3745 3139 vellet
3779 3087 3891 3139 adi-

2183 3172 2342 3244 pisci,
2377 3177 2546 3242 atque
2576 3177 2636 3225 ut
2659 3172 2807 3225 male
2831 3173 3008 3227 nollet
3035 3174 3246 3244 vivere,
3277 3174 3442 3228 vellet
3472 3178 3669 3227 autem
3717 3175 3882 3228 bene.

2184 3261 2299 3313 Hoc
2321 3263 2515 3313 autem
2544 3259 2900 3314 monendum
2932 3275 3046 3314 non
3078 3276 3198 3314 esse
3249 3260 3560 3326 hominem,
3619 3261 3887 3332 quisquis

2185 3347 2487 3410 existimat,
2517 3349 2584 3403 de
2614 3348 2917 3403 hominum
2939 3365 3180 3403 numero
3209 3349 3682 3403 exterminandus
3707 3356 3818 3404 est.

2185 3436 2410 3491 CAPUT
2439 3437 2507 3491 II.
2540 3466 2609 3478 —
2633 3437 2740 3491 Dci
2763 3440 3105 3507 praescientia
3135 3438 3393 3506 quomodo
3424 3439 3658 3492 liberam
3689 3442 3887 3492 volun-

2257 3529 2419 3580 tatem
2464 3526 2808 3594 peccantibus
2873 3542 2980 3582 non
3039 3530 3276 3596 auferat,
3325 3530 3560 3597 ,quavstio
3615 3528 3888 3596 plurimus

2255 3619 2528 3682 torquens.

2253 3705 2306 3756 4.
2341 3702 2476 3765 Quae
2506 3717 2636 3755 cum
2667 3701 2745 3757 ita
2787 3701 2920 3770 sint,
2967 3702 3328 3758 inetl‘abiliter
3368 3720 3459 3758 me
3491 3710 3708 3768 movet,
3748 3722 3889 3775 quo-

2185 3790 2358 3844 modo
2387 3789 2514 3844 ﬁeri
2545 3791 2726 3860 possit
2748 3795 2883 3846 utet
2915 3794 3062 3846 Deus
3091 3793 3360 3862 prmscius
3398 3793 3469 3847 sit
3497 3795 3773 3849 omnium
3805 3796 3885 3848 fu-

2185 3885 2465 3946 turorum,
2499 3883 2553 3932 et
2579 3895 2685 3933 nos
2709 3880 2865 3934 nulla
2895 3881 3226 3935 necessitate
3256 3897 3574 3951 peccemus.
3614 3883 3886 3954 Quisquis

2186 3967 2341 4020 enim
2371 3967 2578 4021 dixerit
2605 3967 2772 4021 aliter
2803 3968 3029 4022 evenire
3054 3985 3221 4039 posse
3251 3969 3469 4040 aliquid
3514 3987 3589 4042 qu
3602 3988 3699 4025 am
3742 3973 3886 4026 Deus

2185 4059 2317 4110 ante
2331 4055 2634 4126 praescivit,
2649 4055 3067 4126 praescientiam
3091 4057 3190 4111 Dei
3204 4058 3492 4112 destruere
3515 4059 3886 4114 insanissima

2183 4144 2474 4214 impietate
2504 4145 2757 4200 molitur.
2791 4146 3170 4216 Quapropter,
3203 4146 3250 4200 si
3279 4147 3566 4218 praescivit
3593 4150 3751 4203 Deus
3777 4167 3888 4220 pec-

2185 4237 2440 4286 caturum
2482 4248 2602 4287 esse
2657 4232 2911 4303 primum
2968 4234 3281 4304 hominem,
3330 4237 3482 4307 quod
3541 4253 3781 4291 necesse
3812 4244 3888 4290 est

2185 4321 2456 4375 concedat
2483 4320 2626 4375 mihi
2682 4321 2938 4393 quisquis
2977 4339 3205 4378 mecum
3238 4325 3497 4379 omnium
3540 4325 3882 4380 futurorum

2184 4410 2487 4479 praescium
2506 4410 2716 4464 fatetur
2736 4413 2914 4466 Deum
2940 4428 2954 4478 ;
2983 4411 3030 4464 si
3063 4427 3199 4483 ergo
3225 4413 3306 4467 ita
3326 4417 3430 4482 est,
3457 4429 3577 4468 non
3606 4415 3740 4468 dico
3778 4432 3890 4469 non

2189 4513 2320 4552 eum
2339 4498 2568 4565 faceret,
2597 4499 2814 4553 bonum
2843 4500 2992 4554 enim
3022 4501 3175 4568 fecit,
3208 4517 3310 4555 nec
3340 4501 3537 4556 obesse
3566 4503 3889 4574 quidquam

2191 4587 2301 4640 Deo
2349 4590 2538 4656 posset
2574 4592 2870 4658 peccatum
2908 4589 3030 4658 ejus
3077 4605 3249 4659 quem
3285 4589 3504 4644 bonum
3537 4590 3667 4661 ipse
3718 4593 3888 4646 fecit:

2184 4674 2300 4728 imo
2351 4674 2412 4728 in
2462 4691 2575 4745 quo
2631 4674 2891 4730 faciendo
2948 4676 3261 4732 bonitatem
3307 4694 3471 4732 suam
3524 4681 3883 4736 ostenderat.

2184 4763 2428 4817 ostendit
2456 4763 2627 4817 etiam
2647 4764 2709 4820 in
2736 4765 3030 4836 puniendo
3054 4767 3364 4838 justitiam,
3390 4772 3447 4823 et
3486 4768 3550 4822 in
3588 4770 3890 4825 liberanda

2183 4851 2676 4906 misericordiam:
2727 4870 2846 4907 non
2893 4855 3085 4926 itaque
3126 4857 3272 4923 dico,
3307 4874 3422 4911 non
3451 4873 3586 4912 eum
3637 4859 3885 4920 faceret;

2183 4940 2282 4994 sed
2319 4940 2428 4994 hoc
2457 4939 2601 5005 dico,
2637 4942 2910 5012 quoniam
2935 4950 3303 5014 peccaturum
3341 4963 3462 5000 esse
3491 4948 3886 5017 praesciverat,

2181 5044 2410 5082 necesse
2455 5033 2575 5082 erat
2619 5029 2677 5085 id
2713 5031 2856 5092 ﬁeri,
2909 5033 3060 5102 quod
3103 5033 3363 5088 futurum
3396 5051 3517 5089 esse
3545 5038 3890 5106 praesciebat

2183 5117 2350 5172 Deus.
2372 5117 2664 5181 Quomodo
2682 5124 2767 5174 est
2787 5119 2965 5190 igitur
2993 5121 3254 5176 voluntas
3274 5123 3452 5178 libera
3482 5124 3584 5178 ubi
3613 5130 3740 5180 tam
3766 5127 3890 5181 ine-

2181 5205 2428 5259 vitabilis
2453 5212 2687 5277 apparet
2717 5209 3025 5264 necessitas
3047 5211 3076 5263 ?

2252 5296 2303 5347 5.
2333 5296 2412 5349 Α.
2444 5295 2687 5348 Pulsasti
2717 5296 3118 5352 vehementer:
3152 5297 3541 5353 misericordia
3571 5300 3678 5354 Dei
3716 5303 3890 5366 adsit,

2246 5401 2257 5432 ¹
2287 5400 2345 5446 In
2376 5402 2493 5448 octo
2523 5400 2666 5459 Mss.,
2693 5399 2952 5463 inferiora
2985 5403 3199 5466 diligat.
3232 5405 3308 5453 Ita
3334 5405 3493 5455 etiam
3525 5406 3654 5456 Bad.

2242 5477 2315 5540 (α)
2344 5478 2459 5527 Vid.
2484 5480 2708 5530 Retract.
2746 5481 2834 5530 lib.
2861 5487 2904 5538 1,
2936 5497 3050 5546 cap.
3072 5485 3119 5544 9,
3155 5498 3209 5532 n.
3234 5486 3282 5533 3.
